4014 6338
521 374 621 436 39!

524 487 667 544 tibus
693 484 933 557 plaudat;
958 493 1116 555 atque
1141 484 1232 549 ita,
1256 482 1342 538 ubi
1370 483 1590 540 molesta
1617 481 1832 538 dilectio
1849 491 1934 538 est
1951 523 1964 546 ,
1986 483 2106 536 nul-

521 574 634 634 lum
661 578 958 632 membrum
988 575 1216 641 laeditur,
1253 574 1391 628 unde
1409 563 1586 628 autem
1609 573 1867 640 deterret,
1895 574 2034 627 salus
2054 583 2107 628 et

521 669 628 724 vita
668 669 1011 740 periclitatur.
1051 667 1167 722 Non
1214 675 1340 720 tunc
1384 665 1608 719 benefici
1641 680 1843 732 sumus,
1888 679 2009 718 cum
2051 662 2104 717 id

520 762 662 834 quod
685 777 716 817 a
737 761 888 817 nobis
905 762 1098 830 petitur
1114 757 1358 823 facimus,
1383 757 1478 812 sed
1500 773 1621 812 cum
1639 757 1690 812 id
1716 758 1936 812 facimus
1961 755 2102 826 quod

518 871 624 911 non
653 854 798 911 obsit
839 852 1161 924 petentibus.
1189 849 1322 906 Nam
1349 852 1600 921 pleraque
1639 866 1742 905 non
1767 848 1944 904 dando
1974 864 2100 918 pro-

516 963 720 1015 sumus,
747 955 802 1004 et
826 959 1141 1002 noceremus
1169 945 1214 999 si
1244 943 1598 999 dedissemus.
1630 943 1779 998 Unde
1809 943 1938 996 illud
1972 957 2098 1011 pro-

515 1040 754 1095 verbium
784 1055 798 1094 :
829 1037 937 1092 Nec
956 1051 1121 1107 puero
1139 1035 1390 1106 gladium.
1420 1033 1496 1088 Tu
1523 1050 1658 1100 vero,
1689 1034 1849 1104 inquit
1878 1032 2093 1098 Tullius,

517 1149 577 1188 ne
601 1130 748 1186 unico
775 1129 976 1202 quidem
1009 1128 1136 1198 filio.
1169 1128 1286 1196 Quo
1339 1127 1480 1182 enim
1507 1141 1824 1196 quemquam
1868 1126 2097 1180 maxime

512 1225 798 1296 diligimus,
819 1237 885 1279 eo
913 1222 1084 1276 minus
1110 1222 1160 1276 ei
1183 1219 1459 1284 debemus,
1484 1219 1535 1272 in
1567 1218 1757 1288 quibus
1787 1232 1978 1287 magno
2000 1232 2097 1287 pe-

514 1317 682 1372 riculo
705 1324 974 1387 peccatur,
1006 1314 1362 1369 committere.
1389 1311 1457 1364 Et
1483 1309 1551 1364 de
1578 1309 1796 1376 divitiis,
1829 1309 1885 1363 ni
1913 1309 2083 1376 fallor,

511 1424 632 1465 cum
664 1408 780 1464 haec
796 1414 998 1478 ageret,
1028 1405 1360 1475 loquebatur.
1389 1401 1621 1456 Proinde
1650 1417 1768 1471 qua:
1800 1401 2097 1470 periculose

512 1501 653 1556 male
673 1499 939 1554 utentibus
958 1495 1381 1560 committuntur,
1401 1493 1682 1547 salubriter
1697 1493 1854 1546 etiam
1871 1492 2094 1562 plerum-

509 1606 614 1662 que
642 1589 1011 1646 detrahuntur.
1058 1584 1246 1641 Medici
1274 1600 1393 1639 cum
1420 1583 1600 1638 vident
1623 1582 2093 1665 secandamuren-

510 1681 742 1752 damque
773 1678 1104 1750 putredinem
1124 1718 1139 1742 ,
1170 1691 1312 1747 saepe
1341 1674 1595 1729 adversus
1615 1674 1808 1728 multas
1833 1672 2093 1743 lacrymas

510 1771 929 1829 misericorditer
953 1769 1359 1825 obsurdescunt.
1415 1765 1472 1821 Si
1503 1767 1709 1835 quoties
1736 1763 1960 1833 parvuli,
2007 1762 2093 1818 vel

507 1867 666 1922 etiam
683 1862 1039 1936 grandiusculi
1063 1861 1272 1916 veniam
1302 1866 1582 1929 peccantes
1605 1856 1871 1927 deprecati
1887 1871 2088 1921 sumus,

507 1961 670 2016 toties
695 1973 726 2012 a
752 1956 1061 2029 parentibus
1103 1954 1188 2010 vel
1225 1952 1493 2024 magistris
1536 1952 1946 2021 accepissemus,
1973 1951 2092 2021 quis

505 2061 749 2108 nostrum
791 2047 1099 2104 tolerandas
1125 2045 1422 2102 crevisset?
1451 2044 1569 2113 quis
1607 2043 1806 2114 aliquid
1841 2043 1967 2097 utile
2005 2042 2089 2096 di-

503 2143 755 2200 dicisset?
787 2141 1124 2211 providenter
1153 2140 1274 2202 ista,
1317 2154 1421 2192 non
1465 2136 1754 2192 crudeliter
1801 2136 1950 2190 fiunt.
1981 2134 2078 2201 Ne,

505 2233 794 2305 quaeso,,in
809 2231 907 2285 hac
927 2246 1085 2286 causa
1106 2230 1236 2284 nihil
1259 2227 1401 2282 aliud
1420 2227 1681 2292 intendas,
1706 2227 1807 2281 nisi
1827 2227 2080 2296 quemad-

503 2327 718 2383 modum
746 2324 886 2394 apud
917 2338 1014 2378 nos
1041 2322 1243 2378 efficias
1268 2320 1407 2390 quod
1449 2319 1652 2388 rogaris
1675 2333 1705 2371 a
1736 2319 1838 2372 tuis
1869 2337 1882 2372 :
1912 2319 2088 2374 omnia

503 2433 632 2473 vero
674 2416 954 2486 diligenter
977 2411 1276 2469 considera.
1305 2410 1362 2464 Si
1404 2409 1674 2479 praiterita
1710 2409 1951 2479 ncgligis,
1973 2424 2090 2478 qua:

504 2507 619 2563 fieri
648 2507 754 2577 jam
797 2504 996 2561 infecta
1042 2519 1146 2558 non
1179 2509 1419 2572 possunt,
1469 2500 1795 2568 aliquantum
1843 2499 2086 2567 prospice

503 2601 560 2657 in
586 2611 890 2672 posterum;
917 2613 1022 2652 non
1045 2595 1168 2667 quid
1185 2594 1418 2665 cupiant,
1434 2593 1522 2662 qui
1554 2602 1604 2646 te
1621 2600 1824 2662 rogant,
1844 2591 1938 2645 sed
1965 2590 2088 2660 quid

503 2695 584 2750 eis
609 2692 856 2762 expediat
884 2690 1168 2761 prudenter
1187 2685 1421 2741 attende.
1452 2684 1564 2738 Non
1592 2699 1721 2738 sane
1750 2682 1977 2738 fideliter
1995 2695 2088 2736 eos

500 2801 682 2843 amare
701 2784 1085 2848 convincimur,
1119 2781 1164 2835 si
1208 2777 1313 2834 hoc
1344 2777 1513 2832 solum
1548 2777 1833 2839 intuemur,
1865 2790 1950 2839 ne,
1982 2788 2086 2827 non

501 2875 743 2933 faciendo
785 2874 926 2946 quod
969 2881 1216 2944 poscunt,
1267 2869 1536 2923 minuatur
1573 2865 1711 2935 quod
1749 2880 1992 2919 amamur
2019 2864 2086 2918 ab

503 2968 601 3026 eis.
629 2969 697 3023 Et
723 2967 812 3022 ubi
837 2977 938 3030 est,
977 2963 1116 3035 quod
1148 2971 1204 3017 et
1227 2970 1420 3014 vestrae
1449 2958 1641 3012 litterae
1690 2957 1833 3009 illum
1866 2954 2084 3008 laudant

505 3060 694 3132 patria:
742 3067 1006 3113 rectorem
1037 3053 1130 3125 qui
1161 3051 1342 3122 populi
1388 3049 1612 3103 utilitate
1652 3048 1819 3116 magis
1847 3043 2089 3100 consulat

504 3168 666 3225 quam
694 3148 993 3206 voluntati?

569 3244 796 3303 CAPUT
825 3241 909 3297 ΙΙΙ.
937 3271 1008 3283 -—
1033 3240 1086 3296 8.
1121 3237 1269 3292 Nihil
1311 3238 1546 3298 interest,
1587 3229 1782 3300 inquis,
1829 3228 1976 3298 quale
2010 3228 2086 3280 vi-

496 3337 673 3394 deatur
738 3351 843 3388 esse
899 3340 1160 3404 peccatum
1220 3345 1337 3382 cum
1400 3323 1713 3394 indulgentia
1780 3320 2085 3391 postulatur.

497 3432 662 3488 Recte
693 3431 793 3484 hoc
818 3427 1025 3482 diceres
1054 3425 1098 3479 si
1123 3424 1190 3480 de
1217 3420 1517 3493 puniendis,
1548 3433 1652 3473 non
1675 3415 1741 3471 de
1761 3412 2088 3484 corrigendis

497 3522 800 3578 hominibus
844 3525 1110 3590 ageretur.
1153 3515 1305 3571 Absit
1341 3513 1482 3568 enim
1513 3526 1542 3564 a
1572 3508 1733 3564 corde
1759 3505 2085 3571 christiano,

497 3623 556 3669 ut
600 3612 816 3667 libidine
863 3607 1150 3664 ulciscendi
1198 3607 1264 3660 ad
1305 3619 1517 3676 ptenam
1548 3602 1802 3671 cujusque
1830 3601 2084 3668 rapiatur.

495 3705 650 3760 Absit
680 3711 734 3757 ut
758 3702 810 3756 in
829 3698 1144 3756 dimittendo
1169 3696 1360 3766 cuique
1387 3701 1686 3764 peccatum,
1715 3699 1806 3744 aut
1825 3705 1928 3743 non
1948 3702 2086 3757 prae-

497 3797 677 3853 veniat
705 3810 893 3866 preces
922 3791 1158 3862 rogantis
1179 3833 1195 3856 ,
1227 3798 1319 3844 aut
1346 3798 1492 3844 certe
1519 3785 1768 3840 continuo
1795 3784 2086 3852 subsequa-

497 3898 582 3945 tur
631 3905 644 3942 :
695 3887 786 3942 sed
830 3885 930 3942 hoc
969 3885 1152 3954 utique
1177 3897 1244 3938 ne
1265 3882 1437 3936 oderit
1465 3879 1764 3942 hominem,
1795 3891 1860 3931 ne
1890 3876 2085 3930 malum

495 3994 595 4052 pro
632 3979 773 4034 malo
808 3977 1098 4042 retribuat,
1131 3991 1198 4029 ne
1227 3972 1455 4028 nocendi
1481 3971 1836 4025 inllammctur
1859 3968 2084 4037 ardore,

493 4088 563 4129 ne
610 4071 842 4130 vindicta
883 4069 1043 4126 etiam
1084 4067 1200 4138 lege
1239 4066 1414 4120 debita
1459 4063 1603 4133 pasci
1634 4061 1935 4126 desideret;
1980 4075 2085 4115 non

493 4175 670 4222 autem
717 4179 784 4218 ne
822 4161 1097 4226 consulat,
1145 4175 1214 4214 ne
1259 4155 1578 4227 prospiciat,
1625 4169 1692 4208 ne
1730 4161 2085 4221 compescata

493 4258 666 4314 malis.
697 4256 837 4312 Fieri
863 4255 1004 4310 enim
1034 4260 1209 4323 potest
1239 4261 1298 4304 ut
1324 4247 1691 4304 vehementius
1713 4243 2047 4299 adversando
2066 4283 2081 4310 ,

494 4347 920 4404 emendationem
948 4345 1173 4414 quisque
1199 4340 1429 4410 negligat
1450 4335 1679 4392 hominis
1700 4349 1856 4404 quem
1874 4333 2086 4404 gravius

491 4438 626 4504 odit,
658 4445 712 4492 et
737 4435 991 4491 nonnulla
1015 4433 1255 4487 molestia
1273 4429 1460 4485 reddat
1474 4426 1769 4483 coercendo
1786 4425 2082 4491 meliorem,

494 4545 652 4603 quem
681 4529 909 4603 maxime
935 4526 1124 4595 diligit.

489 4599 530 4662 -—
563 4623 618 4678 9.
671 4621 800 4676 Nam
843 4599 890 4674 εἶ
938 4615 1259 4686 paenitentia,
1302 4613 1438 4668 sicut
1465 4610 1684 4676 scribis,
1736 4609 1970 4677 impetrat
1997 4621 2079 4660 ve-

494 4717 666 4783 niam,
711 4724 760 4769 et
800 4722 978 4784 purgat
1006 4708 1282 4764 admissum
1338 4721 1356 4759 :
1407 4703 1501 4759 sed
1547 4703 1633 4757 illa
1690 4717 1806 4772 qua:
1859 4701 1908 4754 in
1961 4713 2082 4754 vera

492 4809 749 4880 religione
788 4806 991 4876 agitur,
1029 4817 1145 4873 quae
1181 4799 1416 4854 futurum
1438 4795 1697 4866 judicium
1727 4793 1820 4847 Dei
1850 4791 2079 4861 cogitat;

491 4917 598 4958 non
627 4902 713 4956 illa
739 4916 855 4971 qua:
876 4898 941 4952 ad
969 4898 1154 4951 horam
1181 4891 1486 4974 hominibus
1504 4931 1518 4957 ,
1551 4898 1642 4944 aut
1669 4887 1969 4951 exhibetur,
1993 4893 2083 4939 aut

491 4996 708 5069 fingitur
727 5035 742 5061 ,
771 5007 876 5048 non
905 5000 1011 5045 uta
1038 4988 1230 5043 delicto
1256 4984 1432 5038 anima
1461 4990 1708 5053 purgetur
1728 4981 1780 5034 in
1803 4987 2078 5042 aeternum,

489 5087 584 5145 sed
633 5095 688 5141 ut
733 5083 946 5140 interim
990 5097 1019 5136 a
1063 5078 1309 5150 praesenti
1355 5083 1500 5130 metu
1545 5072 1800 5126 molestia:
1844 5071 1946 5123 vita
1975 5069 2082 5124 cito

492 5181 727 5253 peritura
755 5177 1025 5232 liberetur.
1055 5172 1188 5227 Hinc
1218 5178 1300 5225 est
1326 5167 1469 5238 quod
1495 5165 1804 5220 Christianis
1826 5162 2084 5218 confiten-

491 5275 632 5329 tibus
662 5280 820 5341 atque
841 5263 1278 5337 deprecantibus,
1304 5259 1393 5331 qui
1423 5258 1616 5312 delicto
1645 5257 1732 5311 illo
1754 5255 1960 5309 fuerant
1978 5255 2081 5309 im-

490 5366 672 5438 plicati
695 5387 709 5428 ;
732 5363 818 5418 vel
845 5375 948 5415 non
980 5353 1338 5413 succurrendo
1367 5367 1568 5407 arsura:
1597 5351 1839 5406 ecclesize
1861 5391 1875 5416 ,
1905 5349 1987 5404 vel
2014 5348 2082 5404 de

489 5452 920 5514 sceleratissimis
944 5449 1145 5519 rapinis
1170 5444 1367 5515 aliquid
1405 5443 1693 5497 auferendo
1713 5484 1728 5507 ,
1759 5441 2081 5510 ptenitentite

491 5549 740 5605 dolorem
775 5545 1104 5600 fructuosum
1131 5552 1250 5594 esse
1275 5533 1624 5599 credidimus,
1653 5534 1836 5602 eisque
1862 5531 1930 5586 ad
1958 5547 2081 5587 cor-

495 5641 792 5698 rectionem
821 5635 1069 5693 sufficere
1092 5629 1508 5689 existimavimus
1529 5669 1542 5694 ,
1571 5627 1711 5697 quod
1741 5627 1875 5682 inest
1901 5627 2078 5682 cordi-

491 5732 595 5792 bus
613 5744 798 5787 eorum
825 5727 989 5794 fides,
1022 5740 1124 5796 qua
1149 5721 1488 5780 considerare
1515 5728 1730 5790 possent
1755 5720 1876 5790 quid
1905 5719 1972 5774 de
1996 5719 2078 5774 di-

488 5823 619 5885 .Vino
659 5821 857 5897 judicio
898 5818 1180 5893 formidare
1220 5814 1495 5872 deberent.
1536 5813 1667 5883 Qua:
1702 5822 1876 5870 autem
1905 5813 2076 5885 paeni-

1671 353 1742 433 ‘s.
1783 369 2152 432 AUGUSTINI
2189 369 2490 430 EPlSCOPl

2214 485 2376 538 tentia
2419 500 2609 541 sanare
2655 496 2829 557 potest
2871 503 3002 558 eos,
3044 491 3133 561 qui
3172 489 3371 546 fontem
3409 493 3580 563 ipsum
3623 494 3802 555 indul-

2211 579 2400 647 gentiae
2439 595 2544 634 non
2583 581 2754 636 solum
2781 598 3069 654 agnoscere
3095 585 3395 655 negligunt,
3429 603 3611 641 verum
3637 591 3801 648 etiam

2209 669 2430 727 irridere
2468 687 2530 727 ac
2567 673 2941 743 hlasphemare
2969 691 3075 730 non
3103 676 3390 732 desinunt?
3415 688 3467 733 et
3492 691 3676 736 contra
3701 683 3800 740 hos

2207 769 2383 816 tamen
2429 763 2732 819 inimicitias
2772 767 2823 819 in
2863 767 3023 823 corde
3062 782 3167 823 non
3195 777 3520 835 retinemus,
3552 773 3698 842 quod
3724 774 3801 830 illi

2203 862 2350 923 patet
2375 869 2439 909 ac
2465 855 2663 909 nudum
2693 865 2807 922 est,
2835 857 2986 927 cujus
3014 866 3068 912 et
3095 858 3147 912 in
3179 861 3425 928 praesenti
3450 870 3504 914 et
3537 861 3586 914 in
3620 861 3830 938 futurat

2204 949 2306 1002 vita
2345 957 2400 1002 et
2424 949 2672 1004 timemus
2692 950 2949 1020 judicium
2969 993 2983 1016 ,
3013 959 3065 1005 et
3085 966 3361 1021 speramus
3387 953 3662 1008 auxilium.
3691 955 3799 1011 Sed

2202 1038 2523 1094 arbitramur
2560 1055 2657 1094 nos
2696 1042 2854 1095 etiam
2891 1057 2985 1111 pro
3012 1043 3140 1111 ipsis
3163 1043 3359 1112 aliquid
3391 1044 3671 1112 providere
3693 1087 3708 1111 ,
3744 1047 3791 1101 si

2202 1128 2445 1185 homines
2489 1131 2577 1201 qui
2600 1133 2763 1186 Deum
2797 1149 2901 1187 non
2935 1135 3152 1195 timent,
3183 1134 3378 1203 aliquid
3409 1135 3658 1202 timeant,
3689 1152 3800 1206 quo

2200 1235 2305 1274 non
2349 1237 2533 1275 eorum
2574 1223 2795 1277 laedatur
2828 1224 3062 1290 utilitas,
3104 1223 3196 1278 sed
3239 1225 3444 1278 vanitas
3468 1227 3796 1296 castigelur;

2200 1327 2267 1365 ne
2296 1313 2363 1366 ab
2389 1314 2465 1367 eis
2498 1314 2636 1368 Deus
2662 1315 2774 1384 ipse
2795 1331 2950 1384 quem
2978 1325 3267 1384 spernunt,
3299 1319 3455 1370 noxia
3483 1319 3796 1384 securitate,

2197 1403 2567 1459 audacioribus
2607 1403 2770 1459 factis“
2797 1405 3010 1475 gravius
3045 1405 3377 1474 offendatur,
3404 1417 3457 1461 et
3483 1424 3550 1463 ne
3578 1409 3698 1463 aliis
3728 1411 3798 1465 ad

2199 1493 2545 1562 imitandum,
2589 1495 2773 1550 eadem
2814 1496 2926 1566 ipsa
2963 1498 3220 1552 securitas
3249 1497 3416 1552 multo
3443 1499 3800 1569 perniciosius

2198 1597 2541 1655 preponatur.
2580 1587 2816 1658 Denique
2854 1603 2950 1658 pro
2975 1587 3163 1660 quibus
3188 1590 3282 1644 abs
3309 1599 3359 1645 te
3389 1605 3660 1660 rogamur,
3698 1607 3799 1649 nos

2196 1692 2293 1746 pro
2316 1679 2419 1732 illis
2449 1680 2612 1734 Deum
2629 1696 2876 1752 r0gamus
2891 1680 2972 1738 uti
2992 1695 3084 1736 eos
3108 1681 3175 1736 ad
3192 1696 3250 1736 se
3276 1692 3567 1748 convertat,
3603 1693 3660 1738 ut
3690 1683 3800 1738 fide

2196 1767 2458 1822 mundans
2485 1770 2645 1824 corda
2674 1786 2858 1825 eorum
2879 1811 2894 1836 ,
2926 1786 3171 1826 veracem
3206 1786 3268 1825 ac
3311 1769 3584 1827 salubrem
3629 1786 3797 1843 agere

2196 1860 2561 1927 ptenitentiam
2584 1860 2794 1916 doceat.

2268 1951 2356 2006 l0.
2403 1951 2542 2006 Ecce
2571 1963 2770 2022 quanto
2799 1968 2893 2008 eos
2912 1994 2927 2021 ,
2956 1953 3147 2024 quibus
3178 1967 3275 2009 nos
3303 1954 3579 2010 arbitraris
3610 1956 3796 2024 irasci,

2194 2057 2326 2113 pace
2354 2053 2442 2099 tua
2466 2045 2689 2100 dixerim
2706 2087 2722 2114 ,
2750 2046 3047 2100 ordinatius
3076 2061 3234 2115 quam
3257 2055 3308 2100 tu
3327 2088 3343 2113 ,
3367 2047 3650 2118 utiliusque
3671 2048 3797 2103 dili-

2193 2135 2365 2205 gimus
2384 2178 2398 2203 ,
2433 2151 2529 2205 pro
2558 2137 2749 2207 quibus
2779 2146 2831 2192 et
2861 2137 2925 2190 ad
2957 2137 3200 2191 evitanda
3221 2133 3380 2190 'tanto
3403 2137 3606 2207 majora
3628 2139 3796 2206 mala,

2194 2237 2248 2283 et
2283 2230 2350 2284 ad
2388 2229 2761 2298 consequenda
2802 2239 2952 2284 tanto
2987 2229 3187 2299 majora
3218 2229 3391 2297 bona,
3421 2230 3795 2299 deprecamur.

2195 2319 2337 2386 Quos
2367 2321 2525 2374 etiam
2558 2329 2611 2374 tu
2632 2363 2647 2387 ,
2676 2323 2720 2376 si
2751 2337 2815 2376 ex
2846 2321 2938 2375 Dei
2967 2322 3171 2376 caelesti
3199 2335 3424 2376 munere
3455 2336 3563 2376 non
3592 2338 3657 2377 ex
3694 2322 3797 2376 ho-

2192 2411 2396 2464 minum
2444 2420 2659 2466 terreno
2706 2427 2854 2466 more
2901 2413 3184 2481 diligeres,
3234 2411 3618 2482 Sinceriterque
3661 2412 3799 2470 mihi

2192 2501 2516 2556 rescriberes
2544 2502 2686 2571 quod
2715 2518 2834 2556 cum
2864 2512 2914 2556 te
2941 2503 3007 2556 ad
3039 2502 3530 2572 exsuperantissimi
3559 2502 3652 2556 Dei
3676 2503 3798 2556 cul-

2196 2602 2304 2646 tum
2350 2594 2766 2664 religionemque
2804 2595 3182 2664 compcllerem
3205 2635 3218 2659 ,
3265 2594 3492 2649 libenter
3518 2595 3756 2648 audieris
3779 2637 3795 2663 ,

2193 2702 2298 2741 non
2328 2687 2499 2741 solum
2531 2687 2644 2741 haec
2665 2687 2742 2742 eis
2769 2697 2980 2756 optares
3001 2728 3015 2753 ,
3046 2689 3139 2742 sed
3177 2686 3257 2740 eis
3287 2687 3350 2740 ad
3384 2686 3495 2740 haec
3517 2687 3630 2757 ipse
3649 2703 3799 2757 pra:-

2193 2777 2323 2831 ires.
2355 2778 2442 2831 Sic
2473 2794 2630 2832 onme
2658 2777 2798 2847 apud
2823 2794 2920 2832 nos
2949 2787 3049 2832 tua:
3076 2778 3348 2847 petitionis
3377 2778 3646 2846 negotium
3671 2791 3798 2833 cum

2191 2886 2385 2941 magno
2423 2879 2477 2925 ct
2514 2887 2643 2925 sano
2682 2871 2870 2941 gaudio
2911 2871 3166 2925 finiretur.
3207 2871 3294 2925 Sic
3334 2870 3482 2924 illam
3517 2870 3798 2927 caelestem

2191 2962 2414 3031 patriam
2436 3003 2450 3026 ,
2483 2977 2637 3031 quam
2666 2978 2787 3016 cum
2814 2961 3120 3016 intuendam
3142 2977 3260 3015 esse
3282 2960 3585 3026 suaderem,
3612 2960 3794 3016 libens

2195 3061 2246 3107 te
2271 3054 2539 3122 accepisse
2561 3054 2738 3108 dixisti
2761 3094 2774 3120 ,
2805 3070 2872 3108 ex
2903 3053 3056 3122 hujus
3080 3054 3239 3108 etiam
3261 3093 3276 3118 ,
3298 3068 3414 3122 qua:
3438 3061 3488 3107 te
3505 3053 3798 3107 carnaliter

2192 3148 2412 3217 genuit,
2455 3163 2579 3201 vera
2608 3156 2661 3201 et
2693 3148 2774 3216 pia
2803 3146 3088 3201 dilectione
3117 3145 3471 3215 promcrcris;
3502 3161 3631 3199 vere
3655 3161 3797 3201 con—

2193 3239 2374 3292 sulens
2397 3239 2496 3292 tuis
2524 3252 2627 3290 nou
2650 3238 2716 3291 ad
2737 3238 3020 3291 vanitatem
3047 3236 3240 3289 laetitia:
3267 3236 3571 3304 temporalis
3599 3252 3703 3290 nec
3725 3237 3796 3294 ad

2193 3329 2558 3399 impunitatem
2605 3329 3102 3399 perniciosissimam
3151 3329 3369 3383 sceleris
3389 3370 3403 3396 ,
3436 3328 3531 3384 sed
3559 3327 3626 3382 ad
3659 3345 3793 3400 gra-

2194 3421 2320 3474 tiam
2351 3421 2688 3491 sempiterna:
2715 3420 3001 3475 felicitatis.

2264 3515 2350 3568 11.
2401 3514 2575 3569 Habes
2621 3514 2894 3583 expositas
2940 3514 2991 3567 in
3034 3512 3133 3569 hac
3170 3527 3329 3568 causa
3359 3513 3707 3582 cogitationes
3737 3521 3794 3568 et

2192 3617 2313 3660 vota
2344 3608 2574 3675 pectoris
2606 3607 2731 3662 mei.
2763 3606 2898 3672 Quid
2930 3615 3106 3661 autem
3139 3606 3302 3661 lateat
3324 3607 3376 3660 in
3407 3605 3630 3659 consilio
3656 3605 3788 3671 Dei,

2191 3696 2392 3762 fateor,
2427 3697 2586 3752 homo
2615 3714 2731 3753 sum
2753 3741 2766 3765 ,
2798 3699 2981 3753 nescio
3013 3716 3026 3752 :
3062 3697 3312 3768 quidquid
3344 3696 3472 3750 illud
3493 3705 3608 3760 est,
3631 3696 3685 3750 id
3706 3705 3794 3752 est

2187 3787 2384 3858 justius
2405 3829 2418 3852 ,
2468 3797 2625 3858 atque
2675 3789 2964 3857 sapientius
2984 3829 2998 3853 ,
3039 3795 3095 3842 et
3121 3787 3424 3841 firmissime
3452 3785 3747 3840 stabilitum
3770 3827 3790 3853 ,

2193 3879 2591 3947 incomparabili
2635 3879 2949 3933 excellentia
2987 3894 3093 3947 pra:
3119 3877 3368 3932 omnibus
3393 3876 3656 3930 mentibus
3686 3875 3793 3930 ho-

2191 3971 2413 4024 minum.
2446 3969 2639 4024 Verum
2671 3980 2752 4026 est
2789 3971 2982 4039 quippe
3021 3970 3156 4039 quod
3191 3971 3381 4039 legitur
3407 3969 3458 4022 in
3484 3967 3658 4022 Libris
3685 3982 3793 4022 no-

2189 4055 2315 4117 Stris
2333 4105 2348 4130 ,
2395 4063 2575 4116 Multa:
2621 4063 2944 4133 cogitationes
2968 4071 3081 4117 sunt
3107 4063 3160 4114 in
3189 4062 3341 4115 corde
3363 4061 3453 4113 viri
3471 4102 3486 4126 ,
3518 4059 3794 4113 consilium

2190 4166 2357 4209 autem
2371 4153 2578 4208 Domini
2591 4164 2754 4208 manet
2769 4156 2819 4209 in
2835 4165 3073 4209 wternum
3093 4153 3275 4224 (Prov.
3303 4152 3534 4226 11x31).
3553 4153 3794 4208 Proinde

2190 4245 2313 4316 quid
2328 4256 2531 4315 lenlpus
2551 4245 2754 4310 afferat,
2770 4245 2892 4314 quid
2905 4245 3058 4299 nobis
3075 4243 3333 4299 facultatis
3348 4252 3439 4298 aut
3456 4243 3795 4300 difficultatis

2188 4340 2536 4409 oriatur,quid
2556 4350 2824 4409 postremo
2845 4340 3125 4394 voluntatis
3138 4355 3201 4394 ex
3219 4355 3395 4394 rerum
3413 4339 3788 4408 prresentium,

2189 4432 2269 4485 vel
2300 4435 2653 4495 correctione,
2681 4433 2759 4486 vel
2791 4445 2910 4500 Spe,
2934 4432 3106 4488 subito
3123 4432 3292 4502 possit
3315 4433 3568 4499 existere,
3601 4445 3790 4488 utrum

2189 4523 2330 4577 Deus
2371 4523 2448 4576 sic
2487 4523 2789 4594 indignetur
2827 4525 2908 4579 bis
2947 4523 3095 4579 factis
3120 4566 3134 4590 ,
3163 4533 3220 4579 ut
3245 4541 3304 4580 ea
3324 4567 3338 4590 ,
3369 4541 3525 4595 quam
3551 4535 3748 4595 petunt
3770 4569 3786 4591 ,

2187 4613 2500 4683 impunitate
2525 4615 2691 4685 magis
2713 4615 3051 4684 severiusque
3079 4617 3384 4685 puniantur,
3417 4629 3482 4668 an
3505 4616 3595 4670 illo
3617 4615 3790 4673 modo

2187 4720 2294 4776 quo
2315 4704 2468 4758 nobis
2501 4707 2672 4774 placet
2692 4705 3016 4760 coercendos
3038 4705 3451 4761 misericorditer
3463 4705 3694 4776 judicet,
3715 4724 3788 4764 an

2187 4794 2359 4866 aliqua
2383 4795 2596 4851 duriore
2614 4837 2628 4862 ,
2659 4796 2752 4850 sed
2777 4796 3070 4851 salubriore
3090 4813 3274 4851 eorum
3299 4797 3633 4865 praecedente
3654 4813 3789 4853 cor-

2186 4889 2436 4956 rectione,
2464 4905 2560 4944 nec
2580 4890 2645 4943 ad
2666 4889 2961 4954 hominum,
2984 4890 3076 4944 sed
3097 4890 3164 4943 ad
3187 4905 3334 4944 suam
3355 4879 3790 4949 misericordiam

2185 4982 2360 5036 veraci
2408 4983 2754 5036 conversione
2797 4981 3051 5051 quidquid
3087 4981 3306 5036 terroris
3342 4983 3786 5053 prae-parabatur,

2186 5082 2391 5128 avertat
2419 5084 2471 5128 et
2500 5083 2772 5128 convertat
2799 5073 2851 5126 in
2879 5073 3125 5143 gaudium
3149 5115 3163 5140 ,
3190 5074 3298 5144 jam
3326 5077 3472 5129 novit
3496 5076 3608 5145 ipse
3630 5117 3646 5142 ,
3681 5094 3791 5134 nos

2186 5179 2359 5221 autem
2380 5167 2700 5235 ignoramus.
2715 5165 2849 5233 Quid
2871 5182 2997 5236 ergo
3016 5166 3104 5221 hic
3123 5177 3242 5222 ante
3270 5178 3494 5237 tempus,
3518 5168 3657 5222 inter
3683 5187 3792 5224 nos

2186 5274 2282 5328 ego
2326 5270 2377 5312 et
2417 5258 2725 5312 Prtestantia
2759 5268 2844 5311 tua
2876 5258 3067 5313 frustra
3087 5259 3420 5314 laboremus?
3443 5258 3794 5329 Seponamus

2188 5348 2457 5417 paululum
2487 5363 2663 5401 curam
2692 5348 2843 5418 cujus
2873 5347 3003 5402 hora
3032 5365 3138 5402 non
3169 5357 3250 5404 est
3269 5391 3283 5416 ,
3315 5361 3368 5404 et
3391 5351 3529 5420 quod
3557 5366 3790 5420 semper

2187 5443 2375 5507 instat,
2418 5441 2462 5495 si
2499 5441 2702 5510 placet,
2741 5456 2978 5512 agamus.
3007 5442 3217 5497 Nullum
3249 5444 3391 5498 enim
3421 5453 3623 5514 tempus
3650 5455 3743 5499 est
3769 5490 3786 5514 ,

2184 5551 2287 5605 quo
2317 5551 2423 5588 non
2455 5535 2637 5589 deceat
2665 5544 2718 5591 et
2745 5545 2988 5604 oporteat
3015 5553 3202 5608 agere,
3239 5537 3379 5594 unde
3413 5541 3522 5593 Deo
3556 5539 3792 5608 placere

2185 5630 2481 5700 possimus;
2525 5629 2665 5700 quod
2706 5629 2759 5683 in
2788 5630 2886 5685 hac
2913 5631 3019 5683 vita
3051 5646 3216 5700 usque
3239 5630 3449 5686 adeam
3480 5635 3791 5701 perfectio-

2183 5736 2306 5775 nem
2335 5721 2574 5792 impleri,
2625 5730 2682 5776 ut
2724 5721 2924 5776 nullum
2966 5723 3182 5777 onmiuo
3228 5733 3497 5791 peccatum
3543 5723 3672 5778 insit
3722 5727 3788 5783 in

2183 5811 2400 5869 homine
2437 5820 2530 5869 aut
2568 5826 2675 5868 non
2717 5822 2923 5883 potest,
2963 5821 3052 5869 aut
3090 5813 3228 5871 forte
3259 5813 3606 5873 diflicilimum
3632 5828 3726 5874 est
3763 5837 3787 5877 :
