  <div class='ocr_page' id='page_1' title='image "/cluster/home/n/w/nwhite01/storage/ocr_20150623/33/hvd.32044015471451/202.png"; bbox 0 0 4122 6350; ppageno 0'>
   <div class='ocr_carea' id='block_1_1' title="bbox 255 360 398 445">
    <p class='ocr_par' dir='ltr' id='par_1_1' title="bbox 255 360 398 445">
     <span class='ocr_line' id='line_1_1' title="bbox 255 360 398 445; baseline 0.035 -31"><span class='ocrx_word' id='word_1_1' title='bbox 255 360 398 445; x_wconf 62' lang='lat' dir='ltr'><strong>sua</strong></span> 
     </span>
    </p>
   </div>
   <div class='ocr_carea' id='block_1_2' title="bbox 302 467 1874 544">
    <p class='ocr_par' dir='ltr' id='par_1_2' title="bbox 302 467 1874 544">
     <span class='ocr_line' id='line_1_2' title="bbox 302 467 1874 544; baseline -0.006 -15"><span class='ocrx_word' id='word_1_2' title='bbox 302 474 437 530; x_wconf 88' lang='lat' dir='ltr'><strong>unde</strong></span> <span class='ocrx_word' id='word_1_3' title='bbox 466 472 702 544; x_wconf 64' lang='lat' dir='ltr'><strong>praecisis</strong></span> <span class='ocrx_word' id='word_1_4' title='bbox 727 472 972 528; x_wconf 75' lang='lat' dir='ltr'><strong>clunibus</strong></span> <span class='ocrx_word' id='word_1_5' title='bbox 998 469 1335 526; x_wconf 74' lang='lat' dir='ltr'><strong>dilationibus</strong></span> <span class='ocrx_word' id='word_1_6' title='bbox 1356 511 1372 535; x_wconf 93' lang='lat'><strong>,</strong></span> <span class='ocrx_word' id='word_1_7' title='bbox 1403 467 1468 522; x_wconf 92' lang='lat' dir='ltr'><strong>ad</strong></span> <span class='ocrx_word' id='word_1_8' title='bbox 1495 470 1633 522; x_wconf 86' lang='lat' dir='ltr'><strong>illius</strong></span> <span class='ocrx_word' id='word_1_9' title='bbox 1656 467 1874 536; x_wconf 77' lang='lat' dir='ltr'><strong>gratiam</strong></span> 
     </span>
    </p>
   </div>
   <div class='ocr_carea' id='block_1_3' title="bbox 301 558 1873 636">
    <p class='ocr_par' dir='ltr' id='par_1_3' title="bbox 301 558 1873 636">
     <span class='ocr_line' id='line_1_3' title="bbox 301 558 1873 636; baseline -0.008 -13"><span class='ocrx_word' id='word_1_10' title='bbox 301 564 708 636; x_wconf 75' lang='lat' dir='ltr'><strong>confugiendum</strong></span> <span class='ocrx_word' id='word_1_11' title='bbox 734 574 815 620; x_wconf 91' lang='lat' dir='ltr'><strong>est</strong></span> <span class='ocrx_word' id='word_1_12' title='bbox 833 605 848 630; x_wconf 91' lang='lat'><strong>,</strong></span> <span class='ocrx_word' id='word_1_13' title='bbox 873 564 957 618; x_wconf 93' lang='lat' dir='ltr'><strong>cui</strong></span> <span class='ocrx_word' id='word_1_14' title='bbox 986 563 1260 616; x_wconf 84' lang='lat' dir='ltr'><strong>verissime</strong></span> <span class='ocrx_word' id='word_1_15' title='bbox 1278 561 1381 615; x_wconf 91' lang='lat' dir='ltr'><strong>dici</strong></span> <span class='ocrx_word' id='word_1_16' title='bbox 1409 568 1582 629; x_wconf 90' lang='lat' dir='ltr'><strong>potest</strong></span> <span class='ocrx_word' id='word_1_17' title='bbox 1599 558 1739 628; x_wconf 86' lang='lat' dir='ltr'><strong>quod</strong></span> <span class='ocrx_word' id='word_1_18' title='bbox 1758 574 1873 612; x_wconf 89' lang='lat' dir='ltr'><strong>car-</strong></span> 
     </span>
    </p>
   </div>
   <div class='ocr_carea' id='block_1_4' title="bbox 303 650 1874 718">
    <p class='ocr_par' dir='ltr' id='par_1_4' title="bbox 303 650 1874 718">
     <span class='ocr_line' id='line_1_4' title="bbox 303 650 1874 718; baseline -0.006 -8"><span class='ocrx_word' id='word_1_19' title='bbox 303 657 443 710; x_wconf 90' lang='lat' dir='ltr'><strong>mine</strong></span> <span class='ocrx_word' id='word_1_20' title='bbox 467 653 765 710; x_wconf 88' lang='lat' dir='ltr'><strong>adulatorio</strong></span> <span class='ocrx_word' id='word_1_21' title='bbox 803 657 982 708; x_wconf 90' lang='lat' dir='ltr'><strong>nescio</strong></span> <span class='ocrx_word' id='word_1_22' title='bbox 1018 653 1102 707; x_wconf 86' lang='lat' dir='ltr'><strong>cui</strong></span> <span class='ocrx_word' id='word_1_23' title='bbox 1128 652 1287 707; x_wconf 89' lang='lat' dir='ltr'><strong>nobili</strong></span> <span class='ocrx_word' id='word_1_24' title='bbox 1314 651 1466 718; x_wconf 80' lang='lat' dir='ltr'><strong>dixit,</strong></span> <span class='ocrx_word' id='word_1_25' title='bbox 1493 650 1580 718; x_wconf 85' lang='lat' dir='ltr'><strong>qui</strong></span> <span class='ocrx_word' id='word_1_26' title='bbox 1608 659 1781 702; x_wconf 86' lang='lat' dir='ltr'><strong>tamen</strong></span> <span class='ocrx_word' id='word_1_27' title='bbox 1808 662 1874 701; x_wconf 79' lang='lat' dir='ltr'><strong>ex</strong></span> 
     </span>
    </p>
   </div>
   <div class='ocr_carea' id='block_1_5' title="bbox 302 739 1874 818">
    <p class='ocr_par' dir='ltr' id='par_1_5' title="bbox 302 739 1874 818">
     <span class='ocr_line' id='line_1_5' title="bbox 302 739 1874 818; baseline -0.008 -15"><span class='ocrx_word' id='word_1_28' title='bbox 302 749 516 803; x_wconf 77' lang='lat' dir='ltr'><strong>Cumzeo</strong></span> <span class='ocrx_word' id='word_1_29' title='bbox 535 789 548 812; x_wconf 94' lang='lat'><strong>,</strong></span> <span class='ocrx_word' id='word_1_30' title='bbox 579 758 824 818; x_wconf 83' lang='lat' dir='ltr'><strong>tanquam</strong></span> <span class='ocrx_word' id='word_1_31' title='bbox 855 763 918 800; x_wconf 79' lang='lat' dir='ltr'><strong>ex</strong></span> <span class='ocrx_word' id='word_1_32' title='bbox 940 747 1247 816; x_wconf 86' lang='lat' dir='ltr'><strong>prophetico</strong></span> <span class='ocrx_word' id='word_1_33' title='bbox 1271 743 1507 799; x_wconf 86' lang='lat' dir='ltr'><strong>carmine</strong></span> <span class='ocrx_word' id='word_1_34' title='bbox 1525 756 1584 796; x_wconf 88' lang='lat' dir='ltr'><strong>se</strong></span> <span class='ocrx_word' id='word_1_35' title='bbox 1608 739 1874 809; x_wconf 85' lang='lat' dir='ltr'><strong>accepisse</strong></span> 
     </span>
    </p>
   </div>
   <div class='ocr_carea' id='block_1_6' title="bbox 264 842 716 915">
    <p class='ocr_par' dir='ltr' id='par_1_6' title="bbox 264 842 716 915">
     <span class='ocr_line' id='line_1_6' title="bbox 264 842 716 915; baseline -0.007 -19"><span class='ocrx_word' id='word_1_36' title='bbox 264 903 276 915; x_wconf 56' lang='grc'><em>,</em></span> <span class='ocrx_word' id='word_1_37' title='bbox 302 842 576 896; x_wconf 75' lang='lat' dir='ltr'><strong>confessus</strong></span> <span class='ocrx_word' id='word_1_38' title='bbox 598 850 680 895; x_wconf 88' lang='lat' dir='ltr'><strong>est</strong></span> <span class='ocrx_word' id='word_1_39' title='bbox 702 857 716 893; x_wconf 89' lang='lat'><strong>:</strong></span> 
     </span>
    </p>
   </div>
   <div class='ocr_carea' id='block_1_7' title="bbox 430 970 1686 1037">
    <p class='ocr_par' dir='ltr' id='par_1_7' title="bbox 430 970 1686 1037">
     <span class='ocr_line' id='line_1_7' title="bbox 430 970 1686 1037; baseline -0.005 -14"><span class='ocrx_word' id='word_1_40' title='bbox 430 981 488 1023; x_wconf 82' lang='lat' dir='ltr'><strong>re</strong></span> <span class='ocrx_word' id='word_1_41' title='bbox 510 973 652 1032; x_wconf 87' lang='lat' dir='ltr'><strong>duce,</strong></span> <span class='ocrx_word' id='word_1_42' title='bbox 677 974 718 1023; x_wconf 90' lang='lat' dir='ltr'><strong>si</strong></span> <span class='ocrx_word' id='word_1_43' title='bbox 741 985 835 1037; x_wconf 86' lang='lat' dir='ltr'><strong>qua</strong></span> <span class='ocrx_word' id='word_1_44' title='bbox 856 979 1053 1023; x_wconf 88' lang='lat' dir='ltr'><strong>manent</strong></span> <span class='ocrx_word' id='word_1_45' title='bbox 1072 971 1274 1023; x_wconf 77' lang='lat' dir='ltr'><strong>sceleris</strong></span> <span class='ocrx_word' id='word_1_46' title='bbox 1293 971 1497 1034; x_wconf 85' lang='lat' dir='ltr'><strong>vestigia</strong></span> <span class='ocrx_word' id='word_1_47' title='bbox 1518 970 1686 1030; x_wconf 83' lang='lat' dir='ltr'><strong>nostri,</strong></span> 
     </span>
    </p>
   </div>
   <div class='ocr_carea' id='block_1_8' title="bbox 425 1054 1504 1118">
    <p class='ocr_par' dir='ltr' id='par_1_8' title="bbox 425 1054 1504 1118">
     <span class='ocr_line' id='line_1_8' title="bbox 425 1054 1504 1118; baseline -0.004 -14"><span class='ocrx_word' id='word_1_48' title='bbox 425 1057 562 1104; x_wconf 80' lang='lat' dir='ltr'><strong>Irrita</strong></span> <span class='ocrx_word' id='word_1_49' title='bbox 585 1062 822 1118; x_wconf 84' lang='lat' dir='ltr'><strong>perpetua</strong></span> <span class='ocrx_word' id='word_1_50' title='bbox 843 1055 1036 1105; x_wconf 88' lang='lat' dir='ltr'><strong>solvent</strong></span> <span class='ocrx_word' id='word_1_51' title='bbox 1057 1054 1309 1104; x_wconf 77' lang='lat' dir='ltr'><strong>formidine</strong></span> <span class='ocrx_word' id='word_1_52' title='bbox 1333 1062 1504 1103; x_wconf 90' lang='lat' dir='ltr'><strong>terras.</strong></span> 
     </span>
    </p>
   </div>
   <div class='ocr_carea' id='block_1_9' title="bbox 1155 1135 1595 1202">
    <p class='ocr_par' dir='ltr' id='par_1_9' title="bbox 1155 1135 1595 1202">
     <span class='ocr_line' id='line_1_9' title="bbox 1155 1135 1595 1202; baseline 0.005 -20"><span class='ocrx_word' id='word_1_53' title='bbox 1155 1135 1314 1202; x_wconf 73' lang='lat' dir='ltr'><strong>(Virg.</strong></span> <span class='ocrx_word' id='word_1_54' title='bbox 1337 1135 1497 1199; x_wconf 85' lang='lat' dir='ltr'><strong>Eclog.</strong></span> <span class='ocrx_word' id='word_1_55' title='bbox 1523 1135 1595 1199; x_wconf 77' lang='grc'><strong>4.)</strong></span> 
     </span>
    </p>
   </div>
   <div class='ocr_carea' id='block_1_10' title="bbox 306 1279 1874 1352">
    <p class='ocr_par' dir='ltr' id='par_1_10' title="bbox 306 1279 1874 1352">
     <span class='ocr_line' id='line_1_10' title="bbox 306 1279 1874 1352; baseline -0.003 -15"><span class='ocrx_word' id='word_1_56' title='bbox 306 1281 415 1337; x_wconf 82' lang='lat' dir='ltr'><strong>Hoc</strong></span> <span class='ocrx_word' id='word_1_57' title='bbox 441 1283 584 1337; x_wconf 91' lang='lat' dir='ltr'><strong>enim</strong></span> <span class='ocrx_word' id='word_1_58' title='bbox 606 1281 757 1346; x_wconf 87' lang='lat' dir='ltr'><strong>duce,</strong></span> <span class='ocrx_word' id='word_1_59' title='bbox 781 1281 964 1336; x_wconf 89' lang='lat' dir='ltr'><strong>solutis</strong></span> <span class='ocrx_word' id='word_1_60' title='bbox 985 1281 1230 1336; x_wconf 89' lang='lat' dir='ltr'><strong>omnibus</strong></span> <span class='ocrx_word' id='word_1_61' title='bbox 1249 1281 1584 1352; x_wconf 84' lang='lat' dir='ltr'><strong>dimissisque</strong></span> <span class='ocrx_word' id='word_1_62' title='bbox 1613 1279 1840 1350; x_wconf 85' lang='lat' dir='ltr'><strong>peccatis</strong></span> <span class='ocrx_word' id='word_1_63' title='bbox 1858 1321 1874 1345; x_wconf 92' lang='lat'><strong>,</strong></span> 
     </span>
    </p>
   </div>
   <div class='ocr_carea' id='block_1_11' title="bbox 310 1372 1879 1444">
    <p class='ocr_par' dir='ltr' id='par_1_11' title="bbox 310 1372 1879 1444">
     <span class='ocr_line' id='line_1_11' title="bbox 310 1372 1879 1444; baseline -0.001 -16"><span class='ocrx_word' id='word_1_64' title='bbox 310 1374 406 1428; x_wconf 93' lang='lat' dir='ltr'><strong>hac</strong></span> <span class='ocrx_word' id='word_1_65' title='bbox 432 1375 515 1427; x_wconf 89' lang='lat' dir='ltr'><strong>via</strong></span> <span class='ocrx_word' id='word_1_66' title='bbox 542 1375 605 1428; x_wconf 89' lang='lat' dir='ltr'><strong>ad</strong></span> <span class='ocrx_word' id='word_1_67' title='bbox 634 1374 905 1428; x_wconf 60' lang='lat' dir='ltr'><strong>caelestem</strong></span> <span class='ocrx_word' id='word_1_68' title='bbox 938 1374 1158 1442; x_wconf 88' lang='lat' dir='ltr'><strong>patriam</strong></span> <span class='ocrx_word' id='word_1_69' title='bbox 1201 1376 1505 1443; x_wconf 90' lang='lat' dir='ltr'><strong>pervenitur</strong></span> <span class='ocrx_word' id='word_1_70' title='bbox 1525 1415 1542 1440; x_wconf 92' lang='lat'><strong>,</strong></span> <span class='ocrx_word' id='word_1_71' title='bbox 1587 1375 1737 1444; x_wconf 87' lang='lat' dir='ltr'><strong>cujus</strong></span> <span class='ocrx_word' id='word_1_72' title='bbox 1786 1372 1879 1427; x_wconf 89' lang='lat' dir='ltr'><strong>ha-</strong></span> 
     </span>
    </p>
   </div>
   <div class='ocr_carea' id='block_1_12' title="bbox 310 1463 1875 1540">
    <p class='ocr_par' dir='ltr' id='par_1_12' title="bbox 310 1463 1875 1540">
     <span class='ocr_line' id='line_1_12' title="bbox 310 1463 1875 1540; baseline -0.001 -23"><span class='ocrx_word' id='word_1_73' title='bbox 310 1465 558 1517; x_wconf 86' lang='lat' dir='ltr'><strong>bitatione</strong></span> <span class='ocrx_word' id='word_1_74' title='bbox 597 1479 716 1518; x_wconf 92' lang='lat' dir='ltr'><strong>cum</strong></span> <span class='ocrx_word' id='word_1_75' title='bbox 763 1478 880 1518; x_wconf 87' lang='lat' dir='ltr'><strong>eam</strong></span> <span class='ocrx_word' id='word_1_76' title='bbox 929 1463 1020 1517; x_wconf 87' lang='lat' dir='ltr'><strong>tibi</strong></span> <span class='ocrx_word' id='word_1_77' title='bbox 1065 1463 1342 1517; x_wconf 90' lang='lat' dir='ltr'><strong>amandam</strong></span> <span class='ocrx_word' id='word_1_78' title='bbox 1367 1505 1383 1530; x_wconf 90' lang='lat'><strong>,</strong></span> <span class='ocrx_word' id='word_1_79' title='bbox 1413 1475 1663 1534; x_wconf 88' lang='lat' dir='ltr'><strong>quantum</strong></span> <span class='ocrx_word' id='word_1_80' title='bbox 1691 1464 1834 1540; x_wconf 73' lang='lat' dir='ltr'><strong>potui</strong></span> <span class='ocrx_word' id='word_1_81' title='bbox 1859 1503 1875 1528; x_wconf 97' lang='lat'><strong>,</strong></span> 
     </span>
    </p>
   </div>
   <div class='ocr_carea' id='block_1_13' title="bbox 307 1555 1546 1620">
    <p class='ocr_par' dir='ltr' id='par_1_13' title="bbox 307 1555 1546 1620">
     <span class='ocr_line' id='line_1_13' title="bbox 307 1555 1546 1620; baseline 0 -11"><span class='ocrx_word' id='word_1_82' title='bbox 307 1555 762 1620; x_wconf 89' lang='lat' dir='ltr'><strong>commendarem,</strong></span> <span class='ocrx_word' id='word_1_83' title='bbox 817 1555 1103 1610; x_wconf 88' lang='lat' dir='ltr'><strong>admodum</strong></span> <span class='ocrx_word' id='word_1_84' title='bbox 1154 1556 1442 1611; x_wconf 74' lang='lat' dir='ltr'><strong>delectatus</strong></span> <span class='ocrx_word' id='word_1_85' title='bbox 1465 1572 1546 1612; x_wconf 84' lang='lat' dir='ltr'><strong>es.</strong></span> 
     </span>
    </p>
   </div>
   <div class='ocr_carea' id='block_1_14' title="bbox 377 1645 1879 1718">
    <p class='ocr_par' dir='ltr' id='par_1_14' title="bbox 377 1645 1879 1718">
     <span class='ocr_line' id='line_1_14' title="bbox 377 1645 1879 1718; baseline 0.001 -18"><span class='ocrx_word' id='word_1_86' title='bbox 377 1645 606 1702; x_wconf 82' lang='lat' dir='ltr'><strong>CAPUT</strong></span> <span class='ocrx_word' id='word_1_87' title='bbox 632 1645 803 1699; x_wconf 86' lang='lat' dir='ltr'><strong>IV.—</strong></span> <span class='ocrx_word' id='word_1_88' title='bbox 819 1647 904 1700; x_wconf 73' lang='grc'><strong>12.</strong></span> <span class='ocrx_word' id='word_1_89' title='bbox 933 1646 1037 1703; x_wconf 89' lang='lat' dir='ltr'><strong>Sed</strong></span> <span class='ocrx_word' id='word_1_90' title='bbox 1063 1648 1185 1717; x_wconf 90' lang='lat' dir='ltr'><strong>quia</strong></span> <span class='ocrx_word' id='word_1_91' title='bbox 1210 1647 1385 1702; x_wconf 81' lang='lat' dir='ltr'><strong>dixisti</strong></span> <span class='ocrx_word' id='word_1_92' title='bbox 1401 1649 1540 1718; x_wconf 87' lang='lat' dir='ltr'><strong>quod</strong></span> <span class='ocrx_word' id='word_1_93' title='bbox 1555 1663 1738 1703; x_wconf 88' lang='lat' dir='ltr'><strong>omnes</strong></span> <span class='ocrx_word' id='word_1_94' title='bbox 1761 1663 1879 1702; x_wconf 90' lang='lat' dir='ltr'><strong>eam</strong></span> 
     </span>
    </p>
   </div>
   <div class='ocr_carea' id='block_1_15' title="bbox 310 1734 1881 1808">
    <p class='ocr_par' dir='ltr' id='par_1_15' title="bbox 310 1734 1881 1808">
     <span class='ocr_line' id='line_1_15' title="bbox 310 1734 1881 1808; baseline 0.002 -18"><span class='ocrx_word' id='word_1_95' title='bbox 310 1737 452 1806; x_wconf 81' lang='lat' dir='ltr'><strong>leges</strong></span> <span class='ocrx_word' id='word_1_96' title='bbox 491 1734 716 1791; x_wconf 83' lang='lat' dir='ltr'><strong>diversis</strong></span> <span class='ocrx_word' id='word_1_97' title='bbox 757 1737 856 1791; x_wconf 91' lang='lat' dir='ltr'><strong>viis</strong></span> <span class='ocrx_word' id='word_1_98' title='bbox 891 1745 946 1791; x_wconf 93' lang='lat' dir='ltr'><strong>et</strong></span> <span class='ocrx_word' id='word_1_99' title='bbox 975 1737 1272 1792; x_wconf 86' lang='lat' dir='ltr'><strong>tramitibus</strong></span> <span class='ocrx_word' id='word_1_100' title='bbox 1295 1749 1576 1808; x_wconf 88' lang='lat' dir='ltr'><strong>appetant;</strong></span> <span class='ocrx_word' id='word_1_101' title='bbox 1604 1755 1790 1794; x_wconf 89' lang='lat' dir='ltr'><strong>vereor</strong></span> <span class='ocrx_word' id='word_1_102' title='bbox 1813 1753 1881 1793; x_wconf 73' lang='lat' dir='ltr'><strong>ire</strong></span> 
     </span>
    </p>
   </div>
   <div class='ocr_carea' id='block_1_16' title="bbox 309 1824 1878 1908">
    <p class='ocr_par' dir='ltr' id='par_1_16' title="bbox 309 1824 1878 1908">
     <span class='ocr_line' id='line_1_16' title="bbox 309 1824 1878 1908; baseline 0.001 -27"><span class='ocrx_word' id='word_1_103' title='bbox 309 1824 444 1883; x_wconf 80' lang='lat' dir='ltr'><strong>forte</strong></span> <span class='ocrx_word' id='word_1_104' title='bbox 462 1869 477 1894; x_wconf 93' lang='lat'><strong>,</strong></span> <span class='ocrx_word' id='word_1_105' title='bbox 505 1843 623 1882; x_wconf 93' lang='lat' dir='ltr'><strong>cum</strong></span> <span class='ocrx_word' id='word_1_106' title='bbox 652 1837 806 1898; x_wconf 89' lang='lat' dir='ltr'><strong>putas</strong></span> <span class='ocrx_word' id='word_1_107' title='bbox 829 1829 986 1883; x_wconf 88' lang='lat' dir='ltr'><strong>etiam</strong></span> <span class='ocrx_word' id='word_1_108' title='bbox 1016 1829 1156 1883; x_wconf 86' lang='lat' dir='ltr'><strong>illam</strong></span> <span class='ocrx_word' id='word_1_109' title='bbox 1193 1831 1349 1894; x_wconf 88' lang='lat' dir='ltr'><strong>viam,</strong></span> <span class='ocrx_word' id='word_1_110' title='bbox 1378 1831 1432 1908; x_wconf 87' lang='lat' dir='ltr'><strong>in</strong></span> <span class='ocrx_word' id='word_1_111' title='bbox 1462 1847 1562 1901; x_wconf 89' lang='lat' dir='ltr'><strong>qua</strong></span> <span class='ocrx_word' id='word_1_112' title='bbox 1589 1827 1728 1886; x_wconf 90' lang='lat' dir='ltr'><strong>nunc</strong></span> <span class='ocrx_word' id='word_1_113' title='bbox 1747 1848 1878 1886; x_wconf 89' lang='lat' dir='ltr'><strong>con-</strong></span> 
     </span>
    </p>
   </div>
   <div class='ocr_carea' id='block_1_17' title="bbox 309 1919 1879 1992">
    <p class='ocr_par' dir='ltr' id='par_1_17' title="bbox 309 1919 1879 1992">
     <span class='ocr_line' id='line_1_17' title="bbox 309 1919 1879 1992; baseline 0.004 -19"><span class='ocrx_word' id='word_1_114' title='bbox 309 1919 522 1974; x_wconf 86' lang='lat' dir='ltr'><strong>stitutus</strong></span> <span class='ocrx_word' id='word_1_115' title='bbox 550 1935 642 1985; x_wconf 88' lang='lat' dir='ltr'><strong>es,</strong></span> <span class='ocrx_word' id='word_1_116' title='bbox 674 1935 740 1976; x_wconf 90' lang='lat' dir='ltr'><strong>eo</strong></span> <span class='ocrx_word' id='word_1_117' title='bbox 770 1921 983 1976; x_wconf 89' lang='lat' dir='ltr'><strong>tendere</strong></span> <span class='ocrx_word' id='word_1_118' title='bbox 1003 1962 1017 1987; x_wconf 89' lang='lat'><strong>,</strong></span> <span class='ocrx_word' id='word_1_119' title='bbox 1049 1923 1244 1992; x_wconf 80' lang='lat' dir='ltr'><strong>pigrior</strong></span> <span class='ocrx_word' id='word_1_120' title='bbox 1268 1923 1340 1976; x_wconf 87' lang='lat' dir='ltr'><strong>sis</strong></span> <span class='ocrx_word' id='word_1_121' title='bbox 1366 1924 1429 1976; x_wconf 89' lang='lat' dir='ltr'><strong>ad</strong></span> <span class='ocrx_word' id='word_1_122' title='bbox 1457 1939 1573 1978; x_wconf 91' lang='lat' dir='ltr'><strong>eam</strong></span> <span class='ocrx_word' id='word_1_123' title='bbox 1601 1925 1879 1980; x_wconf 86' lang='lat' dir='ltr'><strong>tenendam</strong></span> 
     </span>
    </p>
   </div>
   <div class='ocr_carea' id='block_1_18' title="bbox 307 2013 1882 2088">
    <p class='ocr_par' dir='ltr' id='par_1_18' title="bbox 307 2013 1882 2088">
     <span class='ocr_line' id='line_1_18' title="bbox 307 2013 1882 2088; baseline 0.004 -24"><span class='ocrx_word' id='word_1_124' title='bbox 307 2027 426 2082; x_wconf 62' lang='lat' dir='ltr'><strong>quae</strong></span> <span class='ocrx_word' id='word_1_125' title='bbox 468 2013 592 2067; x_wconf 88' lang='lat' dir='ltr'><strong>illuc</strong></span> <span class='ocrx_word' id='word_1_126' title='bbox 615 2013 726 2067; x_wconf 88' lang='lat' dir='ltr'><strong>sola</strong></span> <span class='ocrx_word' id='word_1_127' title='bbox 755 2014 1008 2082; x_wconf 84' lang='lat' dir='ltr'><strong>perducit.</strong></span> <span class='ocrx_word' id='word_1_128' title='bbox 1039 2013 1142 2069; x_wconf 89' lang='lat' dir='ltr'><strong>Sed</strong></span> <span class='ocrx_word' id='word_1_129' title='bbox 1171 2031 1350 2070; x_wconf 87' lang='lat' dir='ltr'><strong>rursus</strong></span> <span class='ocrx_word' id='word_1_130' title='bbox 1374 2017 1590 2072; x_wconf 88' lang='lat' dir='ltr'><strong>verbum</strong></span> <span class='ocrx_word' id='word_1_131' title='bbox 1616 2018 1754 2088; x_wconf 87' lang='lat' dir='ltr'><strong>quod</strong></span> <span class='ocrx_word' id='word_1_132' title='bbox 1787 2035 1882 2087; x_wconf 91' lang='lat' dir='ltr'><strong>po-</strong></span> 
     </span>
    </p>
   </div>
   <div class='ocr_carea' id='block_1_19' title="bbox 310 2103 1883 2174">
    <p class='ocr_par' dir='ltr' id='par_1_19' title="bbox 310 2103 1883 2174">
     <span class='ocr_line' id='line_1_19' title="bbox 310 2103 1883 2174; baseline 0.003 -18"><span class='ocrx_word' id='word_1_133' title='bbox 310 2103 457 2157; x_wconf 88' lang='lat' dir='ltr'><strong>suisti</strong></span> <span class='ocrx_word' id='word_1_134' title='bbox 485 2103 768 2174; x_wconf 78' lang='lat' dir='ltr'><strong>diligenter</strong></span> <span class='ocrx_word' id='word_1_135' title='bbox 793 2105 1071 2159; x_wconf 87' lang='lat' dir='ltr'><strong>attendens</strong></span> <span class='ocrx_word' id='word_1_136' title='bbox 1093 2146 1106 2168; x_wconf 92' lang='lat'><strong>,</strong></span> <span class='ocrx_word' id='word_1_137' title='bbox 1132 2106 1313 2160; x_wconf 89' lang='lat' dir='ltr'><strong>videor</strong></span> <span class='ocrx_word' id='word_1_138' title='bbox 1335 2107 1462 2160; x_wconf 89' lang='lat' dir='ltr'><strong>mihi</strong></span> <span class='ocrx_word' id='word_1_139' title='bbox 1497 2118 1636 2162; x_wconf 89' lang='lat' dir='ltr'><strong>tuam</strong></span> <span class='ocrx_word' id='word_1_140' title='bbox 1661 2123 1763 2160; x_wconf 91' lang='lat' dir='ltr'><strong>non</strong></span> <span class='ocrx_word' id='word_1_141' title='bbox 1787 2107 1883 2161; x_wconf 90' lang='lat' dir='ltr'><strong>im-</strong></span> 
     </span>
    </p>
   </div>
   <div class='ocr_carea' id='block_1_20' title="bbox 310 2188 1878 2266">
    <p class='ocr_par' dir='ltr' id='par_1_20' title="bbox 310 2188 1878 2266">
     <span class='ocr_line' id='line_1_20' title="bbox 310 2188 1878 2266; baseline 0.002 -19"><span class='ocrx_word' id='word_1_142' title='bbox 310 2194 566 2262; x_wconf 87' lang='lat' dir='ltr'><strong>pudenter</strong></span> <span class='ocrx_word' id='word_1_143' title='bbox 607 2196 815 2265; x_wconf 88' lang='lat' dir='ltr'><strong>aperire</strong></span> <span class='ocrx_word' id='word_1_144' title='bbox 859 2196 1173 2250; x_wconf 89' lang='lat' dir='ltr'><strong>sententiam</strong></span> <span class='ocrx_word' id='word_1_145' title='bbox 1221 2213 1234 2250; x_wconf 74' lang='grc' dir='ltr'>ε</span> <span class='ocrx_word' id='word_1_146' title='bbox 1282 2188 1452 2266; x_wconf 83' lang='lat' dir='ltr'><strong>neque</strong></span> <span class='ocrx_word' id='word_1_147' title='bbox 1491 2199 1630 2252; x_wconf 89' lang='lat' dir='ltr'><strong>enim</strong></span> <span class='ocrx_word' id='word_1_148' title='bbox 1671 2198 1878 2262; x_wconf 78' lang='lat' dir='ltr'><strong>dixisti,</strong></span> 
     </span>
    </p>
   </div>
   <div class='ocr_carea' id='block_1_21' title="bbox 311 2287 1886 2357">
    <p class='ocr_par' dir='ltr' id='par_1_21' title="bbox 311 2287 1886 2357">
     <span class='ocr_line' id='line_1_21' title="bbox 311 2287 1886 2357; baseline 0.002 -17"><span class='ocrx_word' id='word_1_149' title='bbox 311 2301 466 2356; x_wconf 88' lang='lat' dir='ltr'><strong>quam</strong></span> <span class='ocrx_word' id='word_1_150' title='bbox 515 2302 705 2341; x_wconf 88' lang='lat' dir='ltr'><strong>onmes</strong></span> <span class='ocrx_word' id='word_1_151' title='bbox 748 2287 892 2357; x_wconf 85' lang='lat' dir='ltr'><strong>leges</strong></span> <span class='ocrx_word' id='word_1_152' title='bbox 933 2287 1156 2342; x_wconf 84' lang='lat' dir='ltr'><strong>diversis</strong></span> <span class='ocrx_word' id='word_1_153' title='bbox 1197 2288 1296 2342; x_wconf 90' lang='lat' dir='ltr'><strong>viis</strong></span> <span class='ocrx_word' id='word_1_154' title='bbox 1335 2298 1388 2344; x_wconf 91' lang='lat' dir='ltr'><strong>et</strong></span> <span class='ocrx_word' id='word_1_155' title='bbox 1419 2289 1712 2343; x_wconf 85' lang='lat' dir='ltr'><strong>tramitibus</strong></span> <span class='ocrx_word' id='word_1_156' title='bbox 1741 2304 1886 2343; x_wconf 90' lang='lat' dir='ltr'><strong>asse-</strong></span> 
     </span>
    </p>
   </div>
   <div class='ocr_carea' id='block_1_22' title="bbox 312 2378 1883 2450">
    <p class='ocr_par' dir='ltr' id='par_1_22' title="bbox 312 2378 1883 2450">
     <span class='ocr_line' id='line_1_22' title="bbox 312 2378 1883 2450; baseline 0.003 -21"><span class='ocrx_word' id='word_1_157' title='bbox 312 2385 572 2446; x_wconf 82' lang='lat' dir='ltr'><strong>quuntur,</strong></span> <span class='ocrx_word' id='word_1_158' title='bbox 618 2387 708 2431; x_wconf 91' lang='lat' dir='ltr'><strong>aut</strong></span> <span class='ocrx_word' id='word_1_159' title='bbox 754 2378 1074 2443; x_wconf 88' lang='lat' dir='ltr'><strong>ostendunt,</strong></span> <span class='ocrx_word' id='word_1_160' title='bbox 1116 2387 1206 2432; x_wconf 87' lang='lat' dir='ltr'><strong>aut</strong></span> <span class='ocrx_word' id='word_1_161' title='bbox 1247 2380 1546 2446; x_wconf 89' lang='lat' dir='ltr'><strong>inveniunt,</strong></span> <span class='ocrx_word' id='word_1_162' title='bbox 1589 2391 1679 2434; x_wconf 88' lang='lat' dir='ltr'><strong>aut</strong></span> <span class='ocrx_word' id='word_1_163' title='bbox 1709 2381 1883 2450; x_wconf 87' lang='lat' dir='ltr'><strong>ingre-</strong></span> 
     </span>
    </p>
   </div>
   <div class='ocr_carea' id='block_1_23' title="bbox 311 2465 1888 2541">
    <p class='ocr_par' dir='ltr' id='par_1_23' title="bbox 311 2465 1888 2541">
     <span class='ocr_line' id='line_1_23' title="bbox 311 2465 1888 2541; baseline 0.003 -20"><span class='ocrx_word' id='word_1_164' title='bbox 311 2468 554 2537; x_wconf 86' lang='lat' dir='ltr'><strong>diuntur,</strong></span> <span class='ocrx_word' id='word_1_165' title='bbox 600 2465 689 2523; x_wconf 85' lang='lat' dir='ltr'><strong>aut</strong></span> <span class='ocrx_word' id='word_1_166' title='bbox 727 2469 998 2534; x_wconf 85' lang='lat' dir='ltr'><strong>obtinent,</strong></span> <span class='ocrx_word' id='word_1_167' title='bbox 1026 2481 1116 2524; x_wconf 90' lang='lat' dir='ltr'><strong>aut</strong></span> <span class='ocrx_word' id='word_1_168' title='bbox 1143 2470 1338 2541; x_wconf 85' lang='lat' dir='ltr'><strong>aliquid</strong></span> <span class='ocrx_word' id='word_1_169' title='bbox 1365 2471 1654 2541; x_wconf 86' lang='lat' dir='ltr'><strong>ejusmodi,</strong></span> <span class='ocrx_word' id='word_1_170' title='bbox 1686 2473 1778 2528; x_wconf 92' lang='lat' dir='ltr'><strong>sed</strong></span> <span class='ocrx_word' id='word_1_171' title='bbox 1807 2473 1888 2526; x_wconf 89' lang='lat' dir='ltr'><strong>di-</strong></span> 
     </span>
    </p>
   </div>
   <div class='ocr_carea' id='block_1_24' title="bbox 313 2559 1884 2634">
    <p class='ocr_par' dir='ltr' id='par_1_24' title="bbox 313 2559 1884 2634">
     <span class='ocr_line' id='line_1_24' title="bbox 313 2559 1884 2634; baseline 0.002 -21"><span class='ocrx_word' id='word_1_172' title='bbox 313 2559 480 2613; x_wconf 89' lang='lat' dir='ltr'><strong>cendo</strong></span> <span class='ocrx_word' id='word_1_173' title='bbox 500 2600 514 2624; x_wconf 91' lang='lat'><strong>,</strong></span> <span class='ocrx_word' id='word_1_174' title='bbox 545 2568 782 2630; x_wconf 84' lang='lat' dir='ltr'><strong>appetunt</strong></span> <span class='ocrx_word' id='word_1_175' title='bbox 803 2603 816 2625; x_wconf 87' lang='lat'><strong>,</strong></span> <span class='ocrx_word' id='word_1_176' title='bbox 848 2561 1040 2614; x_wconf 89' lang='lat' dir='ltr'><strong>librato</strong></span> <span class='ocrx_word' id='word_1_177' title='bbox 1065 2562 1256 2624; x_wconf 90' lang='lat' dir='ltr'><strong>verbo,</strong></span> <span class='ocrx_word' id='word_1_178' title='bbox 1287 2571 1445 2632; x_wconf 89' lang='lat' dir='ltr'><strong>atque</strong></span> <span class='ocrx_word' id='word_1_179' title='bbox 1466 2579 1744 2634; x_wconf 88' lang='lat' dir='ltr'><strong>perpenso,</strong></span> <span class='ocrx_word' id='word_1_180' title='bbox 1781 2580 1884 2617; x_wconf 91' lang='lat' dir='ltr'><strong>non</strong></span> 
     </span>
    </p>
   </div>
   <div class='ocr_carea' id='block_1_25' title="bbox 314 2651 1882 2724">
    <p class='ocr_par' dir='ltr' id='par_1_25' title="bbox 314 2651 1882 2724">
     <span class='ocr_line' id='line_1_25' title="bbox 314 2651 1882 2724; baseline 0.003 -21"><span class='ocrx_word' id='word_1_181' title='bbox 314 2651 645 2721; x_wconf 86' lang='lat' dir='ltr'><strong>adeptionem</strong></span> <span class='ocrx_word' id='word_1_182' title='bbox 688 2654 1026 2722; x_wconf 80' lang='lat' dir='ltr'><strong>signiﬁcasti,</strong></span> <span class='ocrx_word' id='word_1_183' title='bbox 1062 2654 1153 2708; x_wconf 89' lang='lat' dir='ltr'><strong>sed</strong></span> <span class='ocrx_word' id='word_1_184' title='bbox 1177 2653 1501 2724; x_wconf 85' lang='lat' dir='ltr'><strong>adipiscendi</strong></span> <span class='ocrx_word' id='word_1_185' title='bbox 1525 2656 1882 2724; x_wconf 85' lang='lat' dir='ltr'><strong>cupiditatem.</strong></span> 
     </span>
    </p>
   </div>
   <div class='ocr_carea' id='block_1_26' title="bbox 315 2743 1886 2818">
    <p class='ocr_par' dir='ltr' id='par_1_26' title="bbox 315 2743 1886 2818">
     <span class='ocr_line' id='line_1_26' title="bbox 315 2743 1886 2818; baseline 0.003 -20"><span class='ocrx_word' id='word_1_186' title='bbox 315 2743 387 2798; x_wconf 82' lang='lat' dir='ltr'><strong>Ita</strong></span> <span class='ocrx_word' id='word_1_187' title='bbox 415 2760 516 2798; x_wconf 90' lang='lat' dir='ltr'><strong>nec</strong></span> <span class='ocrx_word' id='word_1_188' title='bbox 543 2745 689 2800; x_wconf 86' lang='lat' dir='ltr'><strong>illam</strong></span> <span class='ocrx_word' id='word_1_189' title='bbox 716 2760 832 2816; x_wconf 74' lang='lat' dir='ltr'><strong>quae</strong></span> <span class='ocrx_word' id='word_1_190' title='bbox 863 2762 986 2801; x_wconf 86' lang='lat' dir='ltr'><strong>vera</strong></span> <span class='ocrx_word' id='word_1_191' title='bbox 1013 2755 1126 2813; x_wconf 88' lang='lat' dir='ltr'><strong>est,</strong></span> <span class='ocrx_word' id='word_1_192' title='bbox 1158 2749 1456 2813; x_wconf 83' lang='lat' dir='ltr'><strong>exclusisti,</strong></span> <span class='ocrx_word' id='word_1_193' title='bbox 1489 2765 1587 2802; x_wconf 91' lang='lat' dir='ltr'><strong>nec</strong></span> <span class='ocrx_word' id='word_1_194' title='bbox 1614 2749 1743 2802; x_wconf 88' lang='lat' dir='ltr'><strong>alias</strong></span> <span class='ocrx_word' id='word_1_195' title='bbox 1766 2765 1886 2818; x_wconf 74' lang='lat' dir='ltr'><strong>qua:</strong></span> 
     </span>
    </p>
   </div>
   <div class='ocr_carea' id='block_1_27' title="bbox 318 2834 1886 2910">
    <p class='ocr_par' dir='ltr' id='par_1_27' title="bbox 318 2834 1886 2910">
     <span class='ocr_line' id='line_1_27' title="bbox 318 2834 1886 2910; baseline 0.003 -21"><span class='ocrx_word' id='word_1_196' title='bbox 318 2834 459 2890; x_wconf 57' lang='lat' dir='ltr'><strong>falsae</strong></span> <span class='ocrx_word' id='word_1_197' title='bbox 495 2847 616 2890; x_wconf 90' lang='lat' dir='ltr'><strong>sunt</strong></span> <span class='ocrx_word' id='word_1_198' title='bbox 634 2877 651 2901; x_wconf 92' lang='lat'><strong>,</strong></span> <span class='ocrx_word' id='word_1_199' title='bbox 687 2835 977 2902; x_wconf 79' lang='lat' dir='ltr'><strong>admisisti,</strong></span> <span class='ocrx_word' id='word_1_200' title='bbox 1006 2847 1061 2892; x_wconf 88' lang='lat' dir='ltr'><strong>et</strong></span> <span class='ocrx_word' id='word_1_201' title='bbox 1085 2839 1170 2891; x_wconf 90' lang='lat' dir='ltr'><strong>illa</strong></span> <span class='ocrx_word' id='word_1_202' title='bbox 1192 2839 1382 2908; x_wconf 85' lang='lat' dir='ltr'><strong>quippe</strong></span> <span class='ocrx_word' id='word_1_203' title='bbox 1407 2841 1606 2909; x_wconf 88' lang='lat' dir='ltr'><strong>appetit</strong></span> <span class='ocrx_word' id='word_1_204' title='bbox 1625 2856 1742 2910; x_wconf 74' lang='lat' dir='ltr'><strong>qua:</strong></span> <span class='ocrx_word' id='word_1_205' title='bbox 1765 2856 1886 2909; x_wconf 90' lang='lat' dir='ltr'><strong>per-</strong></span> 
     </span>
    </p>
   </div>
   <div class='ocr_carea' id='block_1_28' title="bbox 317 2927 1888 2999">
    <p class='ocr_par' dir='ltr' id='par_1_28' title="bbox 317 2927 1888 2999">
     <span class='ocr_line' id='line_1_28' title="bbox 317 2927 1888 2999; baseline 0.003 -20"><span class='ocrx_word' id='word_1_206' title='bbox 317 2927 485 2991; x_wconf 84' lang='lat' dir='ltr'><strong>ducit,</strong></span> <span class='ocrx_word' id='word_1_207' title='bbox 512 2942 611 2981; x_wconf 91' lang='lat' dir='ltr'><strong>nec</strong></span> <span class='ocrx_word' id='word_1_208' title='bbox 639 2927 875 2996; x_wconf 88' lang='lat' dir='ltr'><strong>perducit</strong></span> <span class='ocrx_word' id='word_1_209' title='bbox 901 2928 1074 2982; x_wconf 90' lang='lat' dir='ltr'><strong>omnis</strong></span> <span class='ocrx_word' id='word_1_210' title='bbox 1101 2945 1216 2998; x_wconf 76' lang='lat' dir='ltr'><strong>qua:</strong></span> <span class='ocrx_word' id='word_1_211' title='bbox 1246 2928 1346 2984; x_wconf 88' lang='lat' dir='ltr'><strong>hoc</strong></span> <span class='ocrx_word' id='word_1_212' title='bbox 1369 2931 1600 2998; x_wconf 91' lang='lat' dir='ltr'><strong>appetit;</strong></span> <span class='ocrx_word' id='word_1_213' title='bbox 1624 2947 1727 2999; x_wconf 86' lang='lat' dir='ltr'><strong>quo</strong></span> <span class='ocrx_word' id='word_1_214' title='bbox 1747 2931 1888 2999; x_wconf 88' lang='lat' dir='ltr'><strong>quis-</strong></span> 
     </span>
    </p>
   </div>
   <div class='ocr_carea' id='block_1_29' title="bbox 316 3017 1887 3086">
    <p class='ocr_par' dir='ltr' id='par_1_29' title="bbox 316 3017 1887 3086">
     <span class='ocr_line' id='line_1_29' title="bbox 316 3017 1887 3086; baseline 0.003 -18"><span class='ocrx_word' id='word_1_215' title='bbox 316 3017 431 3086; x_wconf 80' lang='lat' dir='ltr'><strong>quis</strong></span> <span class='ocrx_word' id='word_1_216' title='bbox 460 3017 783 3086; x_wconf 89' lang='lat' dir='ltr'><strong>perducitur,</strong></span> <span class='ocrx_word' id='word_1_217' title='bbox 807 3018 919 3071; x_wconf 89' lang='lat' dir='ltr'><strong>sine</strong></span> <span class='ocrx_word' id='word_1_218' title='bbox 943 3017 1044 3070; x_wconf 88' lang='lat' dir='ltr'><strong>ulla</strong></span> <span class='ocrx_word' id='word_1_219' title='bbox 1066 3017 1389 3073; x_wconf 85' lang='lat' dir='ltr'><strong>dubitatione</strong></span> <span class='ocrx_word' id='word_1_220' title='bbox 1411 3023 1594 3073; x_wconf 89' lang='lat' dir='ltr'><strong>beatus</strong></span> <span class='ocrx_word' id='word_1_221' title='bbox 1615 3031 1716 3075; x_wconf 88' lang='lat' dir='ltr'><strong>est.</strong></span> <span class='ocrx_word' id='word_1_222' title='bbox 1742 3020 1887 3075; x_wconf 86' lang='lat' dir='ltr'><strong>Beati</strong></span> 
     </span>
    </p>
   </div>
   <div class='ocr_carea' id='block_1_30' title="bbox 317 3106 1890 3181">
    <p class='ocr_par' dir='ltr' id='par_1_30' title="bbox 317 3106 1890 3181">
     <span class='ocr_line' id='line_1_30' title="bbox 317 3106 1890 3181; baseline 0.003 -22"><span class='ocrx_word' id='word_1_223' title='bbox 317 3117 490 3160; x_wconf 90' lang='lat' dir='ltr'><strong>autem</strong></span> <span class='ocrx_word' id='word_1_224' title='bbox 521 3121 704 3161; x_wconf 89' lang='lat' dir='ltr'><strong>omnes</strong></span> <span class='ocrx_word' id='word_1_225' title='bbox 731 3121 848 3162; x_wconf 90' lang='lat' dir='ltr'><strong>esse</strong></span> <span class='ocrx_word' id='word_1_226' title='bbox 877 3106 1147 3174; x_wconf 87' lang='lat' dir='ltr'><strong>volmnus,</strong></span> <span class='ocrx_word' id='word_1_227' title='bbox 1180 3109 1282 3163; x_wconf 89' lang='lat' dir='ltr'><strong>hoc</strong></span> <span class='ocrx_word' id='word_1_228' title='bbox 1309 3119 1420 3177; x_wconf 90' lang='lat' dir='ltr'><strong>est,</strong></span> <span class='ocrx_word' id='word_1_229' title='bbox 1447 3111 1762 3181; x_wconf 90' lang='lat' dir='ltr'><strong>appetimns,</strong></span> <span class='ocrx_word' id='word_1_230' title='bbox 1793 3125 1890 3164; x_wconf 92' lang='lat' dir='ltr'><strong>nec</strong></span> 
     </span>
    </p>
   </div>
   <div class='ocr_carea' id='block_1_31' title="bbox 322 3202 1888 3274">
    <p class='ocr_par' dir='ltr' id='par_1_31' title="bbox 322 3202 1888 3274">
     <span class='ocr_line' id='line_1_31' title="bbox 322 3202 1888 3274; baseline 0.001 -22"><span class='ocrx_word' id='word_1_231' title='bbox 322 3211 495 3254; x_wconf 91' lang='lat' dir='ltr'><strong>tamen</strong></span> <span class='ocrx_word' id='word_1_232' title='bbox 531 3215 718 3256; x_wconf 82' lang='lat' dir='ltr'><strong>oinnes</strong></span> <span class='ocrx_word' id='word_1_233' title='bbox 747 3203 832 3271; x_wconf 89' lang='lat' dir='ltr'><strong>qui</strong></span> <span class='ocrx_word' id='word_1_234' title='bbox 865 3202 1103 3258; x_wconf 86' lang='lat' dir='ltr'><strong>volumus</strong></span> <span class='ocrx_word' id='word_1_235' title='bbox 1128 3217 1443 3274; x_wconf 90' lang='lat' dir='ltr'><strong>possumus,</strong></span> <span class='ocrx_word' id='word_1_236' title='bbox 1475 3202 1574 3256; x_wconf 89' lang='lat' dir='ltr'><strong>hoc</strong></span> <span class='ocrx_word' id='word_1_237' title='bbox 1603 3211 1716 3269; x_wconf 80' lang='lat' dir='ltr'><strong>est,</strong></span> <span class='ocrx_word' id='word_1_238' title='bbox 1749 3202 1888 3270; x_wconf 88' lang='lat' dir='ltr'><strong>quod</strong></span> 
     </span>
    </p>
   </div>
   <div class='ocr_carea' id='block_1_32' title="bbox 321 3292 1888 3366">
    <p class='ocr_par' dir='ltr' id='par_1_32' title="bbox 321 3292 1888 3366">
     <span class='ocr_line' id='line_1_32' title="bbox 321 3292 1888 3366; baseline 0.002 -23"><span class='ocrx_word' id='word_1_239' title='bbox 321 3292 616 3362; x_wconf 83' lang='lat' dir='ltr'><strong>appetimus</strong></span> <span class='ocrx_word' id='word_1_240' title='bbox 657 3292 1012 3362; x_wconf 85' lang='lat' dir='ltr'><strong>adipiscimur.</strong></span> <span class='ocrx_word' id='word_1_241' title='bbox 1046 3296 1136 3351; x_wconf 83' lang='lat' dir='ltr'><strong>Ille</strong></span> <span class='ocrx_word' id='word_1_242' title='bbox 1162 3311 1287 3366; x_wconf 87' lang='lat' dir='ltr'><strong>ergo</strong></span> <span class='ocrx_word' id='word_1_243' title='bbox 1311 3295 1616 3364; x_wconf 85' lang='lat' dir='ltr'><strong>adipiscitur</strong></span> <span class='ocrx_word' id='word_1_244' title='bbox 1640 3293 1731 3365; x_wconf 86' lang='lat' dir='ltr'><strong>qui</strong></span> <span class='ocrx_word' id='word_1_245' title='bbox 1753 3295 1888 3347; x_wconf 86' lang='lat' dir='ltr'><strong>viam</strong></span> 
     </span>
    </p>
   </div>
   <div class='ocr_carea' id='block_1_33' title="bbox 324 3385 1892 3458">
    <p class='ocr_par' dir='ltr' id='par_1_33' title="bbox 324 3385 1892 3458">
     <span class='ocr_line' id='line_1_33' title="bbox 324 3385 1892 3458; baseline 0.003 -22"><span class='ocrx_word' id='word_1_246' title='bbox 324 3394 462 3437; x_wconf 85' lang='lat' dir='ltr'><strong>tenet</strong></span> <span class='ocrx_word' id='word_1_247' title='bbox 499 3399 603 3438; x_wconf 92' lang='lat' dir='ltr'><strong>non</strong></span> <span class='ocrx_word' id='word_1_248' title='bbox 637 3385 806 3440; x_wconf 90' lang='lat' dir='ltr'><strong>solum</strong></span> <span class='ocrx_word' id='word_1_249' title='bbox 833 3402 933 3456; x_wconf 89' lang='lat' dir='ltr'><strong>qua</strong></span> <span class='ocrx_word' id='word_1_250' title='bbox 961 3387 1010 3442; x_wconf 92' lang='lat' dir='ltr'><strong>id</strong></span> <span class='ocrx_word' id='word_1_251' title='bbox 1032 3389 1262 3457; x_wconf 80' lang='lat' dir='ltr'><strong>appetit,</strong></span> <span class='ocrx_word' id='word_1_252' title='bbox 1289 3388 1380 3444; x_wconf 85' lang='lat' dir='ltr'><strong>sed</strong></span> <span class='ocrx_word' id='word_1_253' title='bbox 1406 3403 1504 3458; x_wconf 90' lang='lat' dir='ltr'><strong>qua</strong></span> <span class='ocrx_word' id='word_1_254' title='bbox 1526 3389 1682 3443; x_wconf 90' lang='lat' dir='ltr'><strong>etiam</strong></span> <span class='ocrx_word' id='word_1_255' title='bbox 1711 3402 1892 3456; x_wconf 83' lang='lat' dir='ltr'><strong>perve-</strong></span> 
     </span>
    </p>
   </div>
   <div class='ocr_carea' id='block_1_34' title="bbox 323 3477 1893 3548">
    <p class='ocr_par' dir='ltr' id='par_1_34' title="bbox 323 3477 1893 3548">
     <span class='ocr_line' id='line_1_34' title="bbox 323 3477 1893 3548; baseline 0.001 -20"><span class='ocrx_word' id='word_1_256' title='bbox 323 3477 492 3542; x_wconf 89' lang='lat' dir='ltr'><strong>nitur,</strong></span> <span class='ocrx_word' id='word_1_257' title='bbox 539 3479 844 3547; x_wconf 91' lang='lat' dir='ltr'><strong>relinquens</strong></span> <span class='ocrx_word' id='word_1_258' title='bbox 882 3479 1016 3533; x_wconf 92' lang='lat' dir='ltr'><strong>alios</strong></span> <span class='ocrx_word' id='word_1_259' title='bbox 1054 3480 1104 3532; x_wconf 95' lang='lat' dir='ltr'><strong>in</strong></span> <span class='ocrx_word' id='word_1_260' title='bbox 1137 3479 1410 3534; x_wconf 88' lang='lat' dir='ltr'><strong>itineribus</strong></span> <span class='ocrx_word' id='word_1_261' title='bbox 1435 3477 1745 3548; x_wconf 88' lang='lat' dir='ltr'><strong>appetendi,</strong></span> <span class='ocrx_word' id='word_1_262' title='bbox 1779 3477 1893 3532; x_wconf 86' lang='lat' dir='ltr'><strong>sine</strong></span> 
     </span>
    </p>
   </div>
   <div class='ocr_carea' id='block_1_35' title="bbox 324 3566 1892 3638">
    <p class='ocr_par' dir='ltr' id='par_1_35' title="bbox 324 3566 1892 3638">
     <span class='ocr_line' id='line_1_35' title="bbox 324 3566 1892 3638; baseline 0.001 -19"><span class='ocrx_word' id='word_1_263' title='bbox 324 3567 424 3621; x_wconf 84' lang='lat' dir='ltr'><strong>line</strong></span> <span class='ocrx_word' id='word_1_264' title='bbox 450 3567 798 3638; x_wconf 87' lang='lat' dir='ltr'><strong>adipiscendi.</strong></span> <span class='ocrx_word' id='word_1_265' title='bbox 824 3569 1080 3636; x_wconf 86' lang='lat' dir='ltr'><strong>Quoniam</strong></span> <span class='ocrx_word' id='word_1_266' title='bbox 1110 3585 1209 3624; x_wconf 89' lang='lat' dir='ltr'><strong>nec</strong></span> <span class='ocrx_word' id='word_1_267' title='bbox 1236 3585 1385 3623; x_wconf 85' lang='lat' dir='ltr'><strong>error</strong></span> <span class='ocrx_word' id='word_1_268' title='bbox 1411 3576 1554 3623; x_wconf 85' lang='lat' dir='ltr'><strong>esset</strong></span> <span class='ocrx_word' id='word_1_269' title='bbox 1576 3568 1618 3622; x_wconf 91' lang='lat' dir='ltr'><strong>si</strong></span> <span class='ocrx_word' id='word_1_270' title='bbox 1645 3566 1774 3622; x_wconf 90' lang='lat' dir='ltr'><strong>nihil</strong></span> <span class='ocrx_word' id='word_1_271' title='bbox 1797 3582 1892 3636; x_wconf 84' lang='lat' dir='ltr'><strong>ap-</strong></span> 
     </span>
    </p>
   </div>
   <div class='ocr_carea' id='block_1_36' title="bbox 327 3661 1894 3731">
    <p class='ocr_par' dir='ltr' id='par_1_36' title="bbox 327 3661 1894 3731">
     <span class='ocr_line' id='line_1_36' title="bbox 327 3661 1894 3731; baseline 0.002 -20"><span class='ocrx_word' id='word_1_272' title='bbox 327 3670 622 3728; x_wconf 83' lang='lat' dir='ltr'><strong>peteretnr,</strong></span> <span class='ocrx_word' id='word_1_273' title='bbox 669 3676 768 3715; x_wconf 89' lang='lat' dir='ltr'><strong>nec</strong></span> <span class='ocrx_word' id='word_1_274' title='bbox 812 3663 856 3716; x_wconf 89' lang='lat' dir='ltr'><strong>si</strong></span> <span class='ocrx_word' id='word_1_275' title='bbox 895 3662 1124 3731; x_wconf 89' lang='lat' dir='ltr'><strong>appetita</strong></span> <span class='ocrx_word' id='word_1_276' title='bbox 1149 3664 1342 3717; x_wconf 89' lang='lat' dir='ltr'><strong>veritas</strong></span> <span class='ocrx_word' id='word_1_277' title='bbox 1372 3673 1657 3716; x_wconf 84' lang='lat' dir='ltr'><strong>teneretur.</strong></span> <span class='ocrx_word' id='word_1_278' title='bbox 1683 3661 1739 3716; x_wconf 91' lang='lat' dir='ltr'><strong>Si</strong></span> <span class='ocrx_word' id='word_1_279' title='bbox 1767 3677 1894 3715; x_wconf 90' lang='lat' dir='ltr'><strong>vero</strong></span> 
     </span>
    </p>
   </div>
   <div class='ocr_carea' id='block_1_37' title="bbox 326 3754 1892 3824">
    <p class='ocr_par' dir='ltr' id='par_1_37' title="bbox 326 3754 1892 3824">
     <span class='ocr_line' id='line_1_37' title="bbox 326 3754 1892 3824; baseline 0.001 -20"><span class='ocrx_word' id='word_1_280' title='bbox 326 3754 559 3808; x_wconf 86' lang='lat' dir='ltr'><strong>diversas</strong></span> <span class='ocrx_word' id='word_1_281' title='bbox 584 3755 696 3808; x_wconf 89' lang='lat' dir='ltr'><strong>vias</strong></span> <span class='ocrx_word' id='word_1_282' title='bbox 722 3754 792 3808; x_wconf 83' lang='lat' dir='ltr'><strong>ita</strong></span> <span class='ocrx_word' id='word_1_283' title='bbox 821 3754 1016 3820; x_wconf 82' lang='lat' dir='ltr'><strong>dixisti,</strong></span> <span class='ocrx_word' id='word_1_284' title='bbox 1043 3763 1098 3809; x_wconf 91' lang='lat' dir='ltr'><strong>ut</strong></span> <span class='ocrx_word' id='word_1_285' title='bbox 1122 3770 1226 3808; x_wconf 90' lang='lat' dir='ltr'><strong>non</strong></span> <span class='ocrx_word' id='word_1_286' title='bbox 1250 3755 1598 3824; x_wconf 83' lang='lat' dir='ltr'><strong>intelligamus</strong></span> <span class='ocrx_word' id='word_1_287' title='bbox 1620 3754 1892 3820; x_wconf 88' lang='lat' dir='ltr'><strong>adversas,</strong></span> 
     </span>
    </p>
   </div>
   <div class='ocr_carea' id='block_1_38' title="bbox 328 3843 1893 3915">
    <p class='ocr_par' dir='ltr' id='par_1_38' title="bbox 328 3843 1893 3915">
     <span class='ocr_line' id='line_1_38' title="bbox 328 3843 1893 3915; baseline 0.003 -21"><span class='ocrx_word' id='word_1_288' title='bbox 328 3844 460 3897; x_wconf 83' lang='lat' dir='ltr'><strong>sicut</strong></span> <span class='ocrx_word' id='word_1_289' title='bbox 502 3843 728 3899; x_wconf 86' lang='lat' dir='ltr'><strong>dicimus</strong></span> <span class='ocrx_word' id='word_1_290' title='bbox 765 3845 967 3899; x_wconf 87' lang='lat' dir='ltr'><strong>diversa</strong></span> <span class='ocrx_word' id='word_1_291' title='bbox 1012 3856 1307 3915; x_wconf 70' lang='lat' dir='ltr'><strong>prmcepta,</strong></span> <span class='ocrx_word' id='word_1_292' title='bbox 1347 3862 1465 3915; x_wconf 70' lang='lat' dir='ltr'><strong>quae</strong></span> <span class='ocrx_word' id='word_1_293' title='bbox 1507 3855 1679 3900; x_wconf 89' lang='lat' dir='ltr'><strong>tamen</strong></span> <span class='ocrx_word' id='word_1_294' title='bbox 1719 3844 1893 3899; x_wconf 85' lang='lat' dir='ltr'><strong>omnia</strong></span> 
     </span>
    </p>
   </div>
   <div class='ocr_carea' id='block_1_39' title="bbox 330 3935 1896 4004">
    <p class='ocr_par' dir='ltr' id='par_1_39' title="bbox 330 3935 1896 4004">
     <span class='ocr_line' id='line_1_39' title="bbox 330 3935 1896 4004; baseline 0 -17"><span class='ocrx_word' id='word_1_295' title='bbox 330 3935 516 3988; x_wconf 87' lang='lat' dir='ltr'><strong>bonam</strong></span> <span class='ocrx_word' id='word_1_296' title='bbox 542 3936 803 3990; x_wconf 73' lang='lat' dir='ltr'><strong>mdiﬁcent</strong></span> <span class='ocrx_word' id='word_1_297' title='bbox 830 3936 987 3989; x_wconf 89' lang='lat' dir='ltr'><strong>vitam</strong></span> <span class='ocrx_word' id='word_1_298' title='bbox 1008 3977 1024 4002; x_wconf 90' lang='lat'><strong>,</strong></span> <span class='ocrx_word' id='word_1_299' title='bbox 1056 3936 1156 3989; x_wconf 88' lang='lat' dir='ltr'><strong>alia</strong></span> <span class='ocrx_word' id='word_1_300' title='bbox 1186 3937 1253 3991; x_wconf 88' lang='lat' dir='ltr'><strong>de</strong></span> <span class='ocrx_word' id='word_1_301' title='bbox 1282 3938 1522 3991; x_wconf 86' lang='lat' dir='ltr'><strong>castitate</strong></span> <span class='ocrx_word' id='word_1_302' title='bbox 1544 3977 1558 4001; x_wconf 91' lang='lat'><strong>,</strong></span> <span class='ocrx_word' id='word_1_303' title='bbox 1590 3937 1688 3989; x_wconf 89' lang='lat' dir='ltr'><strong>alia</strong></span> <span class='ocrx_word' id='word_1_304' title='bbox 1715 3936 1782 3990; x_wconf 91' lang='lat' dir='ltr'><strong>de</strong></span> <span class='ocrx_word' id='word_1_305' title='bbox 1804 3951 1896 4004; x_wconf 87' lang='lat' dir='ltr'><strong>pa-</strong></span> 
     </span>
    </p>
   </div>
   <div class='ocr_carea' id='block_1_40' title="bbox 330 4026 1897 4096">
    <p class='ocr_par' dir='ltr' id='par_1_40' title="bbox 330 4026 1897 4096">
     <span class='ocr_line' id='line_1_40' title="bbox 330 4026 1897 4096; baseline 0.001 -18"><span class='ocrx_word' id='word_1_306' title='bbox 330 4027 508 4081; x_wconf 88' lang='lat' dir='ltr'><strong>tientia</strong></span> <span class='ocrx_word' id='word_1_307' title='bbox 528 4070 542 4093; x_wconf 89' lang='lat'><strong>,</strong></span> <span class='ocrx_word' id='word_1_308' title='bbox 587 4028 687 4082; x_wconf 87' lang='lat' dir='ltr'><strong>alia</strong></span> <span class='ocrx_word' id='word_1_309' title='bbox 726 4026 793 4083; x_wconf 90' lang='lat' dir='ltr'><strong>de</strong></span> <span class='ocrx_word' id='word_1_310' title='bbox 830 4027 960 4094; x_wconf 87' lang='lat' dir='ltr'><strong>lide,</strong></span> <span class='ocrx_word' id='word_1_311' title='bbox 992 4026 1090 4081; x_wconf 87' lang='lat' dir='ltr'><strong>alia</strong></span> <span class='ocrx_word' id='word_1_312' title='bbox 1120 4027 1186 4082; x_wconf 88' lang='lat' dir='ltr'><strong>de</strong></span> <span class='ocrx_word' id='word_1_313' title='bbox 1211 4028 1600 4092; x_wconf 85' lang='lat' dir='ltr'><strong>misericordia,</strong></span> <span class='ocrx_word' id='word_1_314' title='bbox 1631 4036 1685 4081; x_wconf 92' lang='lat' dir='ltr'><strong>et</strong></span> <span class='ocrx_word' id='word_1_315' title='bbox 1710 4027 1752 4080; x_wconf 91' lang='lat' dir='ltr'><strong>si</strong></span> <span class='ocrx_word' id='word_1_316' title='bbox 1780 4042 1897 4096; x_wconf 63' lang='lat' dir='ltr'><strong>quin</strong></span> 
     </span>
    </p>
   </div>
   <div class='ocr_carea' id='block_1_41' title="bbox 333 4118 1899 4187">
    <p class='ocr_par' dir='ltr' id='par_1_41' title="bbox 333 4118 1899 4187">
     <span class='ocr_line' id='line_1_41' title="bbox 333 4118 1899 4187; baseline 0.003 -20"><span class='ocrx_word' id='word_1_317' title='bbox 333 4126 452 4169; x_wconf 87' lang='lat' dir='ltr'><strong>sunt</strong></span> <span class='ocrx_word' id='word_1_318' title='bbox 502 4127 691 4172; x_wconf 58' lang='lat' dir='ltr'><strong>caetera</strong></span> <span class='ocrx_word' id='word_1_319' title='bbox 716 4133 732 4183; x_wconf 91' lang='lat'><strong>;</strong></span> <span class='ocrx_word' id='word_1_320' title='bbox 775 4133 878 4172; x_wconf 90' lang='lat' dir='ltr'><strong>non</strong></span> <span class='ocrx_word' id='word_1_321' title='bbox 905 4118 1076 4173; x_wconf 89' lang='lat' dir='ltr'><strong>solum</strong></span> <span class='ocrx_word' id='word_1_322' title='bbox 1107 4119 1370 4187; x_wconf 89' lang='lat' dir='ltr'><strong>appetitur</strong></span> <span class='ocrx_word' id='word_1_323' title='bbox 1399 4118 1496 4172; x_wconf 92' lang='lat' dir='ltr'><strong>viis</strong></span> <span class='ocrx_word' id='word_1_324' title='bbox 1523 4127 1577 4171; x_wconf 91' lang='lat' dir='ltr'><strong>et</strong></span> <span class='ocrx_word' id='word_1_325' title='bbox 1602 4119 1899 4172; x_wconf 85' lang='lat' dir='ltr'><strong>tramitibus</strong></span> 
     </span>
    </p>
   </div>
   <div class='ocr_carea' id='block_1_42' title="bbox 332 4207 1899 4278">
    <p class='ocr_par' dir='ltr' id='par_1_42' title="bbox 332 4207 1899 4278">
     <span class='ocr_line' id='line_1_42' title="bbox 332 4207 1899 4278; baseline 0.003 -20"><span class='ocrx_word' id='word_1_326' title='bbox 332 4207 397 4259; x_wconf 89' lang='lat' dir='ltr'><strong>ita</strong></span> <span class='ocrx_word' id='word_1_327' title='bbox 423 4207 644 4261; x_wconf 84' lang='lat' dir='ltr'><strong>diversis</strong></span> <span class='ocrx_word' id='word_1_328' title='bbox 671 4209 754 4261; x_wconf 88' lang='lat' dir='ltr'><strong>illa</strong></span> <span class='ocrx_word' id='word_1_329' title='bbox 784 4210 976 4277; x_wconf 88' lang='lat' dir='ltr'><strong>patria,</strong></span> <span class='ocrx_word' id='word_1_330' title='bbox 1007 4223 1186 4262; x_wconf 88' lang='lat' dir='ltr'><strong>vermn</strong></span> <span class='ocrx_word' id='word_1_331' title='bbox 1216 4208 1373 4263; x_wconf 89' lang='lat' dir='ltr'><strong>etiam</strong></span> <span class='ocrx_word' id='word_1_332' title='bbox 1398 4209 1676 4278; x_wconf 88' lang='lat' dir='ltr'><strong>reperitur.</strong></span> <span class='ocrx_word' id='word_1_333' title='bbox 1700 4208 1827 4262; x_wconf 85' lang='lat' dir='ltr'><strong>Nam</strong></span> <span class='ocrx_word' id='word_1_334' title='bbox 1848 4217 1899 4262; x_wconf 81' lang='lat' dir='ltr'><strong>et</strong></span> 
     </span>
    </p>
   </div>
   <div class='ocr_carea' id='block_1_43' title="bbox 334 4295 1895 4369">
    <p class='ocr_par' dir='ltr' id='par_1_43' title="bbox 334 4295 1895 4369">
     <span class='ocr_line' id='line_1_43' title="bbox 334 4295 1895 4369; baseline 0.002 -21"><span class='ocrx_word' id='word_1_335' title='bbox 334 4299 380 4348; x_wconf 74' lang='lat' dir='ltr'><strong>in</strong></span> <span class='ocrx_word' id='word_1_336' title='bbox 427 4295 713 4366; x_wconf 90' lang='lat' dir='ltr'><strong>Scripturis</strong></span> <span class='ocrx_word' id='word_1_337' title='bbox 758 4299 952 4353; x_wconf 88' lang='lat' dir='ltr'><strong>sanctis</strong></span> <span class='ocrx_word' id='word_1_338' title='bbox 997 4308 1051 4353; x_wconf 93' lang='lat' dir='ltr'><strong>et</strong></span> <span class='ocrx_word' id='word_1_339' title='bbox 1080 4299 1176 4352; x_wconf 76' lang='lat' dir='ltr'><strong>via:</strong></span> <span class='ocrx_word' id='word_1_340' title='bbox 1221 4299 1496 4369; x_wconf 82' lang='lat' dir='ltr'><strong>leguntur,</strong></span> <span class='ocrx_word' id='word_1_341' title='bbox 1529 4309 1582 4354; x_wconf 91' lang='lat' dir='ltr'><strong>et</strong></span> <span class='ocrx_word' id='word_1_342' title='bbox 1607 4300 1686 4352; x_wconf 90' lang='lat' dir='ltr'><strong>via</strong></span> <span class='ocrx_word' id='word_1_343' title='bbox 1720 4317 1732 4352; x_wconf 94' lang='lat'><strong>:</strong></span> <span class='ocrx_word' id='word_1_344' title='bbox 1765 4299 1895 4365; x_wconf 73' lang='lat' dir='ltr'><strong>vim,</strong></span> 
     </span>
    </p>
   </div>
   <div class='ocr_carea' id='block_1_44' title="bbox 333 4388 1902 4459">
    <p class='ocr_par' dir='ltr' id='par_1_44' title="bbox 333 4388 1902 4459">
     <span class='ocr_line' id='line_1_44' title="bbox 333 4388 1902 4459; baseline 0.001 -20"><span class='ocrx_word' id='word_1_345' title='bbox 333 4388 462 4440; x_wconf 83' lang='lat' dir='ltr'><strong>sicut</strong></span> <span class='ocrx_word' id='word_1_346' title='bbox 510 4388 634 4441; x_wconf 90' lang='lat' dir='ltr'><strong>illud</strong></span> <span class='ocrx_word' id='word_1_347' title='bbox 678 4399 755 4442; x_wconf 88' lang='lat' dir='ltr'><strong>est</strong></span> <span class='ocrx_word' id='word_1_348' title='bbox 776 4430 791 4454; x_wconf 91' lang='lat'><strong>,</strong></span> <span class='ocrx_word' id='word_1_349' title='bbox 833 4388 1031 4443; x_wconf 81' lang='lat' dir='ltr'><strong>Docebo</strong></span> <span class='ocrx_word' id='word_1_350' title='bbox 1069 4389 1264 4459; x_wconf 78' lang='lat' dir='ltr'><strong>iniquos</strong></span> <span class='ocrx_word' id='word_1_351' title='bbox 1297 4390 1401 4442; x_wconf 78' lang='lat' dir='ltr'><strong>vias</strong></span> <span class='ocrx_word' id='word_1_352' title='bbox 1427 4399 1568 4455; x_wconf 77' lang='lat' dir='ltr'><strong>luas,</strong></span> <span class='ocrx_word' id='word_1_353' title='bbox 1599 4399 1644 4442; x_wconf 90' lang='lat' dir='ltr'><strong>et</strong></span> <span class='ocrx_word' id='word_1_354' title='bbox 1670 4389 1810 4457; x_wconf 88' lang='lat' dir='ltr'><strong>impii</strong></span> <span class='ocrx_word' id='word_1_355' title='bbox 1834 4388 1902 4442; x_wconf 85' lang='lat' dir='ltr'><strong>ad</strong></span> 
     </span>
    </p>
   </div>
   <div class='ocr_carea' id='block_1_45' title="bbox 335 4480 1903 4552">
    <p class='ocr_par' dir='ltr' id='par_1_45' title="bbox 335 4480 1903 4552">
     <span class='ocr_line' id='line_1_45' title="bbox 335 4480 1903 4552; baseline 0.004 -22"><span class='ocrx_word' id='word_1_356' title='bbox 335 4491 377 4530; x_wconf 86' lang='lat' dir='ltr'><strong>te</strong></span> <span class='ocrx_word' id='word_1_357' title='bbox 413 4491 754 4535; x_wconf 77' lang='lat' dir='ltr'><strong>convertentur</strong></span> <span class='ocrx_word' id='word_1_358' title='bbox 783 4480 952 4550; x_wconf 69' lang='lat' dir='ltr'><strong>(Paul.</strong></span> <span class='ocrx_word' id='word_1_359' title='bbox 992 4499 1050 4545; x_wconf 90' lang='lat' dir='ltr'><strong>L,</strong></span> <span class='ocrx_word' id='word_1_360' title='bbox 1095 4483 1212 4552; x_wconf 69' lang='lat'><strong>15);</strong></span> <span class='ocrx_word' id='word_1_361' title='bbox 1243 4483 1323 4536; x_wconf 87' lang='lat' dir='ltr'><strong>via</strong></span> <span class='ocrx_word' id='word_1_362' title='bbox 1346 4524 1362 4550; x_wconf 92' lang='lat'><strong>,</strong></span> <span class='ocrx_word' id='word_1_363' title='bbox 1389 4483 1524 4536; x_wconf 87' lang='lat' dir='ltr'><strong>sicut</strong></span> <span class='ocrx_word' id='word_1_364' title='bbox 1551 4483 1696 4548; x_wconf 91' lang='lat' dir='ltr'><strong>illud,</strong></span> <span class='ocrx_word' id='word_1_365' title='bbox 1729 4482 1903 4536; x_wconf 86' lang='lat' dir='ltr'><strong>Deduc</strong></span> 
     </span>
    </p>
   </div>
   <div class='ocr_carea' id='block_1_46' title="bbox 335 4571 1899 4645">
    <p class='ocr_par' dir='ltr' id='par_1_46' title="bbox 335 4571 1899 4645">
     <span class='ocr_line' id='line_1_46' title="bbox 335 4571 1899 4645; baseline 0.005 -27"><span class='ocrx_word' id='word_1_366' title='bbox 335 4587 407 4622; x_wconf 87' lang='lat' dir='ltr'><strong>me</strong></span> <span class='ocrx_word' id='word_1_367' title='bbox 440 4571 491 4624; x_wconf 90' lang='lat' dir='ltr'><strong>in</strong></span> <span class='ocrx_word' id='word_1_368' title='bbox 529 4574 608 4625; x_wconf 76' lang='lat' dir='ltr'><strong>ria</strong></span> <span class='ocrx_word' id='word_1_369' title='bbox 627 4583 742 4640; x_wconf 89' lang='lat' dir='ltr'><strong>tua,</strong></span> <span class='ocrx_word' id='word_1_370' title='bbox 771 4584 814 4626; x_wconf 86' lang='lat' dir='ltr'><strong>et</strong></span> <span class='ocrx_word' id='word_1_371' title='bbox 832 4573 1096 4627; x_wconf 85' lang='lat' dir='ltr'><strong>ambulabo</strong></span> <span class='ocrx_word' id='word_1_372' title='bbox 1116 4575 1166 4628; x_wconf 87' lang='lat' dir='ltr'><strong>in</strong></span> <span class='ocrx_word' id='word_1_373' title='bbox 1187 4577 1389 4628; x_wconf 85' lang='lat' dir='ltr'><strong>veritate</strong></span> <span class='ocrx_word' id='word_1_374' title='bbox 1405 4573 1899 4645; x_wconf 75' lang='lat' dir='ltr'><strong>tua(Psal.Lxxxv,</strong></span> 
     </span>
    </p>
   </div>
   <div class='ocr_carea' id='block_1_47' title="bbox 335 4661 1905 4736">
    <p class='ocr_par' dir='ltr' id='par_1_47' title="bbox 335 4661 1905 4736">
     <span class='ocr_line' id='line_1_47' title="bbox 335 4661 1905 4736; baseline 0.003 -22"><span class='ocrx_word' id='word_1_375' title='bbox 335 4661 439 4732; x_wconf 85' lang='grc'><strong>11).</strong></span> <span class='ocrx_word' id='word_1_376' title='bbox 486 4663 602 4716; x_wconf 83' lang='lat' dir='ltr'><strong>Non</strong></span> <span class='ocrx_word' id='word_1_377' title='bbox 637 4665 772 4729; x_wconf 68' lang='lat' dir='ltr'><strong>alim,</strong></span> <span class='ocrx_word' id='word_1_378' title='bbox 816 4664 952 4731; x_wconf 75' lang='lat' dir='ltr'><strong>ilhc,</strong></span> <span class='ocrx_word' id='word_1_379' title='bbox 989 4666 1086 4719; x_wconf 89' lang='lat' dir='ltr'><strong>alia</strong></span> <span class='ocrx_word' id='word_1_380' title='bbox 1121 4668 1250 4729; x_wconf 86' lang='lat' dir='ltr'><strong>ista;</strong></span> <span class='ocrx_word' id='word_1_381' title='bbox 1291 4665 1385 4720; x_wconf 88' lang='lat' dir='ltr'><strong>sed</strong></span> <span class='ocrx_word' id='word_1_382' title='bbox 1429 4682 1614 4720; x_wconf 87' lang='lat' dir='ltr'><strong>omnes</strong></span> <span class='ocrx_word' id='word_1_383' title='bbox 1655 4682 1753 4719; x_wconf 89' lang='lat' dir='ltr'><strong>una</strong></span> <span class='ocrx_word' id='word_1_384' title='bbox 1778 4707 1793 4732; x_wconf 94' lang='lat'><strong>,</strong></span> <span class='ocrx_word' id='word_1_385' title='bbox 1837 4667 1905 4736; x_wconf 81' lang='lat' dir='ltr'><strong>de</strong></span> 
     </span>
    </p>
   </div>
   <div class='ocr_carea' id='block_1_48' title="bbox 335 4755 1904 4826">
    <p class='ocr_par' dir='ltr' id='par_1_48' title="bbox 335 4755 1904 4826">
     <span class='ocr_line' id='line_1_48' title="bbox 335 4755 1904 4826; baseline 0.001 -21"><span class='ocrx_word' id='word_1_386' title='bbox 335 4757 519 4825; x_wconf 75' lang='lat' dir='ltr'><strong>quibus</strong></span> <span class='ocrx_word' id='word_1_387' title='bbox 565 4757 671 4809; x_wconf 90' lang='lat' dir='ltr'><strong>alio</strong></span> <span class='ocrx_word' id='word_1_388' title='bbox 709 4759 823 4810; x_wconf 92' lang='lat' dir='ltr'><strong>loco</strong></span> <span class='ocrx_word' id='word_1_389' title='bbox 861 4758 1044 4812; x_wconf 84' lang='lat' dir='ltr'><strong>cadam</strong></span> <span class='ocrx_word' id='word_1_390' title='bbox 1075 4768 1252 4812; x_wconf 88' lang='lat' dir='ltr'><strong>sancta</strong></span> <span class='ocrx_word' id='word_1_391' title='bbox 1285 4758 1552 4826; x_wconf 90' lang='lat' dir='ltr'><strong>Scriptura</strong></span> <span class='ocrx_word' id='word_1_392' title='bbox 1581 4757 1738 4821; x_wconf 89' lang='lat' dir='ltr'><strong>dicit,</strong></span> <span class='ocrx_word' id='word_1_393' title='bbox 1773 4755 1904 4811; x_wconf 85' lang='lat' dir='ltr'><strong>Uni-</strong></span> 
     </span>
    </p>
   </div>
   <div class='ocr_carea' id='block_1_49' title="bbox 336 4845 1902 4918">
    <p class='ocr_par' dir='ltr' id='par_1_49' title="bbox 336 4845 1902 4918">
     <span class='ocr_line' id='line_1_49' title="bbox 336 4845 1902 4918; baseline 0.002 -21"><span class='ocrx_word' id='word_1_394' title='bbox 336 4861 486 4900; x_wconf 73' lang='lat' dir='ltr'><strong>:crste</strong></span> <span class='ocrx_word' id='word_1_395' title='bbox 501 4849 592 4899; x_wconf 73' lang='lat' dir='ltr'><strong>vim</strong></span> <span class='ocrx_word' id='word_1_396' title='bbox 614 4845 813 4900; x_wconf 82' lang='lat' dir='ltr'><strong>Domini</strong></span> <span class='ocrx_word' id='word_1_397' title='bbox 830 4848 1166 4901; x_wconf 82' lang='lat' dir='ltr'><strong>misericordia</strong></span> <span class='ocrx_word' id='word_1_398' title='bbox 1179 4858 1224 4901; x_wconf 86' lang='lat' dir='ltr'><strong>et</strong></span> <span class='ocrx_word' id='word_1_399' title='bbox 1236 4849 1413 4902; x_wconf 82' lang='lat' dir='ltr'><strong>veritas</strong></span> <span class='ocrx_word' id='word_1_400' title='bbox 1431 4845 1596 4918; x_wconf 69' lang='lat' dir='ltr'><strong>(Paul.</strong></span> <span class='ocrx_word' id='word_1_401' title='bbox 1611 4863 1758 4913; x_wconf 73' lang='lat' dir='ltr'><strong>XXIV,</strong></span> <span class='ocrx_word' id='word_1_402' title='bbox 1783 4848 1869 4916; x_wconf 84' lang='lat' dir='ltr'><strong>l0)</strong></span> <span class='ocrx_word' id='word_1_403' title='bbox 1889 4865 1902 4900; x_wconf 92' lang='lat'><strong>:</strong></span> 
     </span>
    </p>
   </div>
   <div class='ocr_carea' id='block_1_50' title="bbox 335 4937 1908 5010">
    <p class='ocr_par' dir='ltr' id='par_1_50' title="bbox 335 4937 1908 5010">
     <span class='ocr_line' id='line_1_50' title="bbox 335 4937 1908 5010; baseline 0.004 -23"><span class='ocrx_word' id='word_1_404' title='bbox 335 4953 446 5003; x_wconf 76' lang='lat' dir='ltr'><strong>qua:</strong></span> <span class='ocrx_word' id='word_1_405' title='bbox 493 4937 537 4990; x_wconf 87' lang='lat' dir='ltr'><strong>si</strong></span> <span class='ocrx_word' id='word_1_406' title='bbox 578 4937 856 5009; x_wconf 83' lang='lat' dir='ltr'><strong>diligenter</strong></span> <span class='ocrx_word' id='word_1_407' title='bbox 901 4940 1330 5004; x_wconf 84' lang='lat' dir='ltr'><strong>considercntur,</strong></span> <span class='ocrx_word' id='word_1_408' title='bbox 1382 4941 1653 5009; x_wconf 86' lang='lat' dir='ltr'><strong>copiosum</strong></span> <span class='ocrx_word' id='word_1_409' title='bbox 1701 4941 1908 5010; x_wconf 86' lang='lat' dir='ltr'><strong>pariunt</strong></span> 
     </span>
    </p>
   </div>
   <div class='ocr_carea' id='block_1_51' title="bbox 334 5031 1906 5102">
    <p class='ocr_par' dir='ltr' id='par_1_51' title="bbox 334 5031 1906 5102">
     <span class='ocr_line' id='line_1_51' title="bbox 334 5031 1906 5102; baseline 0.004 -24"><span class='ocrx_word' id='word_1_410' title='bbox 334 5043 635 5084; x_wconf 78' lang='lat' dir='ltr'><strong>sermonem</strong></span> <span class='ocrx_word' id='word_1_411' title='bbox 664 5070 680 5096; x_wconf 95' lang='lat'><strong>,</strong></span> <span class='ocrx_word' id='word_1_412' title='bbox 725 5031 1150 5100; x_wconf 86' lang='lat' dir='ltr'><strong>intellectumque</strong></span> <span class='ocrx_word' id='word_1_413' title='bbox 1210 5031 1621 5098; x_wconf 83' lang='lat' dir='ltr'><strong>suavissimum;</strong></span> <span class='ocrx_word' id='word_1_414' title='bbox 1675 5031 1817 5102; x_wconf 90' lang='lat' dir='ltr'><strong>quod</strong></span> <span class='ocrx_word' id='word_1_415' title='bbox 1861 5035 1906 5084; x_wconf 89' lang='lat' dir='ltr'><strong>si</strong></span> 
     </span>
    </p>
   </div>
   <div class='ocr_carea' id='block_1_52' title="bbox 334 5118 1501 5199">
    <p class='ocr_par' dir='ltr' id='par_1_52' title="bbox 334 5118 1501 5199">
     <span class='ocr_line' id='line_1_52' title="bbox 334 5118 1501 5199; baseline 0.004 -29"><span class='ocrx_word' id='word_1_416' title='bbox 334 5135 466 5187; x_wconf 88' lang='lat' dir='ltr'><strong>opus</strong></span> <span class='ocrx_word' id='word_1_417' title='bbox 501 5118 688 5186; x_wconf 78' lang='lat' dir='ltr'><strong>fuerit,</strong></span> <span class='ocrx_word' id='word_1_418' title='bbox 721 5121 772 5175; x_wconf 93' lang='lat' dir='ltr'><strong>in</strong></span> <span class='ocrx_word' id='word_1_419' title='bbox 802 5132 1007 5192; x_wconf 88' lang='lat' dir='ltr'><strong>tempus</strong></span> <span class='ocrx_word' id='word_1_420' title='bbox 1033 5122 1172 5176; x_wconf 89' lang='lat' dir='ltr'><strong>aliud</strong></span> <span class='ocrx_word' id='word_1_421' title='bbox 1202 5122 1462 5177; x_wconf 79' lang='lat' dir='ltr'><strong>dilferam.</strong></span> <span class='ocrx_word' id='word_1_422' title='bbox 1497 5195 1501 5199; x_wconf 22' lang='lat'>&#39;</span> 
     </span>
    </p>
   </div>
   <div class='ocr_carea' id='block_1_53' title="bbox 405 5210 1908 5283">
    <p class='ocr_par' dir='ltr' id='par_1_53' title="bbox 405 5210 1908 5283">
     <span class='ocr_line' id='line_1_53' title="bbox 405 5210 1908 5283; baseline 0.002 -20"><span class='ocrx_word' id='word_1_423' title='bbox 405 5211 493 5264; x_wconf 79' lang='lat' dir='ltr'><strong>l5.</strong></span> <span class='ocrx_word' id='word_1_424' title='bbox 526 5210 676 5264; x_wconf 85' lang='lat' dir='ltr'><strong>Nunc</strong></span> <span class='ocrx_word' id='word_1_425' title='bbox 704 5221 878 5266; x_wconf 91' lang='lat' dir='ltr'><strong>autem</strong></span> <span class='ocrx_word' id='word_1_426' title='bbox 900 5253 916 5279; x_wconf 93' lang='lat'><strong>,</strong></span> <span class='ocrx_word' id='word_1_427' title='bbox 948 5213 1087 5283; x_wconf 90' lang='lat' dir='ltr'><strong>quod</strong></span> <span class='ocrx_word' id='word_1_428' title='bbox 1119 5217 1247 5267; x_wconf 91' lang='lat' dir='ltr'><strong>satis</strong></span> <span class='ocrx_word' id='word_1_429' title='bbox 1271 5228 1389 5267; x_wconf 87' lang='lat' dir='ltr'><strong>esse</strong></span> <span class='ocrx_word' id='word_1_430' title='bbox 1417 5214 1644 5267; x_wconf 83' lang='lat' dir='ltr'><strong>arbitror</strong></span> <span class='ocrx_word' id='word_1_431' title='bbox 1670 5229 1761 5283; x_wconf 90' lang='lat' dir='ltr'><strong>pro</strong></span> <span class='ocrx_word' id='word_1_432' title='bbox 1787 5228 1908 5267; x_wconf 90' lang='lat' dir='ltr'><strong>sus-</strong></span> 
     </span>
    </p>
   </div>
   <div class='ocr_carea' id='block_1_54' title="bbox 336 5302 1907 5376">
    <p class='ocr_par' dir='ltr' id='par_1_54' title="bbox 336 5302 1907 5376">
     <span class='ocr_line' id='line_1_54' title="bbox 336 5302 1907 5376; baseline 0.004 -23"><span class='ocrx_word' id='word_1_433' title='bbox 336 5311 490 5370; x_wconf 84' lang='lat' dir='ltr'><strong>cepto</strong></span> <span class='ocrx_word' id='word_1_434' title='bbox 531 5302 704 5358; x_wconf 80' lang='lat' dir='ltr'><strong>ol’licio</strong></span> <span class='ocrx_word' id='word_1_435' title='bbox 744 5303 1064 5358; x_wconf 88' lang='lat' dir='ltr'><strong>rescribendi</strong></span> <span class='ocrx_word' id='word_1_436' title='bbox 1109 5305 1432 5358; x_wconf 70' lang='lat' dir='ltr'><strong>Prarstautiae</strong></span> <span class='ocrx_word' id='word_1_437' title='bbox 1483 5316 1582 5360; x_wconf 69' lang='lat' dir='ltr'><strong>tua:</strong></span> <span class='ocrx_word' id='word_1_438' title='bbox 1607 5347 1624 5372; x_wconf 93' lang='lat'><strong>,</strong></span> <span class='ocrx_word' id='word_1_439' title='bbox 1660 5308 1907 5376; x_wconf 91' lang='lat' dir='ltr'><strong>quoniam</strong></span> 
     </span>
    </p>
   </div>
   <div class='ocr_carea' id='block_1_55' title="bbox 337 5391 1909 5467">
    <p class='ocr_par' dir='ltr' id='par_1_55' title="bbox 337 5391 1909 5467">
     <span class='ocr_line' id='line_1_55' title="bbox 337 5391 1909 5467; baseline 0.006 -24"><span class='ocrx_word' id='word_1_440' title='bbox 337 5391 851 5465; x_wconf 57' lang='lat' dir='ltr'><strong>Cbristusdixitﬁgo</strong></span> <span class='ocrx_word' id='word_1_441' title='bbox 864 5411 974 5448; x_wconf 73' lang='lat' dir='ltr'><strong>sum</strong></span> <span class='ocrx_word' id='word_1_442' title='bbox 993 5396 1070 5447; x_wconf 88' lang='lat' dir='ltr'><strong>via</strong></span> <span class='ocrx_word' id='word_1_443' title='bbox 1082 5393 1514 5466; x_wconf 73' lang='lat' dir='ltr'><strong>(Joan.x1v,6),in</strong></span> <span class='ocrx_word' id='word_1_444' title='bbox 1530 5398 1616 5452; x_wconf 91' lang='lat' dir='ltr'><strong>illo</strong></span> <span class='ocrx_word' id='word_1_445' title='bbox 1629 5399 1909 5467; x_wconf 70' lang='lat' dir='ltr'><strong>quierenda</strong></span> 
     </span>
    </p>
   </div>
   <div class='ocr_carea' id='block_1_56' title="bbox 337 5483 1907 5558">
    <p class='ocr_par' dir='ltr' id='par_1_56' title="bbox 337 5483 1907 5558">
     <span class='ocr_line' id='line_1_56' title="bbox 337 5483 1907 5558; baseline 0.006 -22"><span class='ocrx_word' id='word_1_446' title='bbox 337 5491 413 5536; x_wconf 87' lang='lat' dir='ltr'><strong>est</strong></span> <span class='ocrx_word' id='word_1_447' title='bbox 441 5483 803 5540; x_wconf 87' lang='lat' dir='ltr'><strong>misericordia</strong></span> <span class='ocrx_word' id='word_1_448' title='bbox 827 5487 1106 5552; x_wconf 87' lang='lat' dir='ltr'><strong>etveritas;</strong></span> <span class='ocrx_word' id='word_1_449' title='bbox 1122 5504 1185 5540; x_wconf 89' lang='lat' dir='ltr'><strong>ne</strong></span> <span class='ocrx_word' id='word_1_450' title='bbox 1199 5487 1907 5558; x_wconf 62' lang='lat' dir='ltr'><strong>sialibiqumsierimuserre-</strong></span> 
     </span>
    </p>
   </div>
   <div class='ocr_carea' id='block_1_57' title="bbox 339 5580 1908 5652">
    <p class='ocr_par' dir='ltr' id='par_1_57' title="bbox 339 5580 1908 5652">
     <span class='ocr_line' id='line_1_57' title="bbox 339 5580 1908 5652; baseline 0.007 -26"><span class='ocrx_word' id='word_1_451' title='bbox 339 5590 453 5628; x_wconf 90' lang='lat' dir='ltr'><strong>mus</strong></span> <span class='ocrx_word' id='word_1_452' title='bbox 471 5616 487 5642; x_wconf 91' lang='lat'><strong>,</strong></span> <span class='ocrx_word' id='word_1_453' title='bbox 517 5584 756 5630; x_wconf 86' lang='lat' dir='ltr'><strong>tenentes</strong></span> <span class='ocrx_word' id='word_1_454' title='bbox 781 5587 1114 5648; x_wconf 87' lang='lat' dir='ltr'><strong>appetentem</strong></span> <span class='ocrx_word' id='word_1_455' title='bbox 1144 5580 1316 5646; x_wconf 87' lang='lat' dir='ltr'><strong>viam,</strong></span> <span class='ocrx_word' id='word_1_456' title='bbox 1344 5582 1436 5636; x_wconf 80' lang='lat' dir='ltr'><strong>sed</strong></span> <span class='ocrx_word' id='word_1_457' title='bbox 1465 5597 1568 5637; x_wconf 92' lang='lat' dir='ltr'><strong>non</strong></span> <span class='ocrx_word' id='word_1_458' title='bbox 1595 5583 1754 5637; x_wconf 87' lang='lat' dir='ltr'><strong>etiam</strong></span> <span class='ocrx_word' id='word_1_459' title='bbox 1785 5600 1908 5652; x_wconf 88' lang='lat' dir='ltr'><strong>per-</strong></span> 
     </span>
    </p>
   </div>
   <div class='ocr_carea' id='block_1_58' title="bbox 335 5663 1910 5741">
    <p class='ocr_par' dir='ltr' id='par_1_58' title="bbox 335 5663 1910 5741">
     <span class='ocr_line' id='line_1_58' title="bbox 335 5663 1910 5741; baseline 0.007 -23"><span class='ocrx_word' id='word_1_460' title='bbox 335 5663 636 5720; x_wconf 90' lang='lat' dir='ltr'><strong>ducentem.</strong></span> <span class='ocrx_word' id='word_1_461' title='bbox 671 5665 826 5721; x_wconf 84' lang='lat' dir='ltr'><strong>Velut</strong></span> <span class='ocrx_word' id='word_1_462' title='bbox 844 5669 886 5722; x_wconf 92' lang='lat' dir='ltr'><strong>si</strong></span> <span class='ocrx_word' id='word_1_463' title='bbox 910 5668 1048 5723; x_wconf 89' lang='lat' dir='ltr'><strong>hanc</strong></span> <span class='ocrx_word' id='word_1_464' title='bbox 1073 5671 1238 5739; x_wconf 88' lang='lat' dir='ltr'><strong>ipsam</strong></span> <span class='ocrx_word' id='word_1_465' title='bbox 1267 5679 1449 5726; x_wconf 85' lang='lat' dir='ltr'><strong>tenere</strong></span> <span class='ocrx_word' id='word_1_466' title='bbox 1475 5673 1747 5741; x_wconf 87' lang='lat' dir='ltr'><strong>vellemus,</strong></span> <span class='ocrx_word' id='word_1_467' title='bbox 1773 5675 1910 5729; x_wconf 83' lang='lat' dir='ltr'><strong>unde</strong></span> 
     </span>
    </p>
   </div>
   <div class='ocr_carea' id='block_1_59' title="bbox 336 5758 1905 5839">
    <p class='ocr_par' dir='ltr' id='par_1_59' title="bbox 336 5758 1905 5839">
     <span class='ocr_line' id='line_1_59' title="bbox 336 5758 1905 5839; baseline 0.004 -24"><span class='ocrx_word' id='word_1_468' title='bbox 336 5758 581 5815; x_wconf 65' lang='lat' dir='ltr'><strong>quiddam</strong></span> <span class='ocrx_word' id='word_1_469' title='bbox 623 5762 1082 5826; x_wconf 87' lang='lat' dir='ltr'><strong>commemorasti,</strong></span> <span class='ocrx_word' id='word_1_470' title='bbox 1129 5765 1304 5818; x_wconf 88' lang='lat' dir='ltr'><strong>omnia</strong></span> <span class='ocrx_word' id='word_1_471' title='bbox 1349 5777 1555 5834; x_wconf 85' lang='lat' dir='ltr'><strong>peccata</strong></span> <span class='ocrx_word' id='word_1_472' title='bbox 1585 5781 1700 5821; x_wconf 87' lang='lat' dir='ltr'><strong>esse</strong></span> <span class='ocrx_word' id='word_1_473' title='bbox 1727 5767 1905 5839; x_wconf 80' lang='lat' dir='ltr'><strong>paria;</strong></span> 
     </span>
    </p>
   </div>
   <div class='ocr_carea' id='block_1_60' title="bbox 618 5850 1278 5915">
    <p class='ocr_par' dir='ltr' id='par_1_60' title="bbox 618 5850 1278 5915">
     <span class='ocr_line' id='line_1_60' title="bbox 618 5850 1278 5915; baseline 0 -5"><span class='ocrx_word' id='word_1_474' title='bbox 618 5850 840 5912; x_wconf 67' lang='lat' dir='ltr'><strong>Sascr.</strong></span> <span class='ocrx_word' id='word_1_475' title='bbox 891 5858 1163 5915; x_wconf 69' lang='lat' dir='ltr'><strong>Arot&#39;sr.</strong></span> <span class='ocrx_word' id='word_1_476' title='bbox 1202 5855 1278 5914; x_wconf 86' lang='grc'><strong>11.</strong></span> 
     </span>
    </p>
   </div>
   <div class='ocr_carea' id='block_1_61' title="bbox 1453 350 2329 412">
    <p class='ocr_par' dir='ltr' id='par_1_61' title="bbox 1453 350 2329 412">
     <span class='ocr_line' id='line_1_61' title="bbox 1453 350 2329 412; baseline -0.002 -2"><span class='ocrx_word' id='word_1_477' title='bbox 1453 351 1926 412; x_wconf 71' lang='lat' dir='ltr'><strong>EPISTOLARUM</strong></span> <span class='ocrx_word' id='word_1_478' title='bbox 1963 350 2232 409; x_wconf 82' lang='lat' dir='ltr'><strong>CLASSIS</strong></span> <span class='ocrx_word' id='word_1_479' title='bbox 2269 351 2329 408; x_wconf 87' lang='grc'><strong>11.</strong></span> 
     </span>
    </p>
   </div>
   <div class='ocr_carea' id='block_1_62' title="bbox 3448 351 3546 409">
    <p class='ocr_par' dir='ltr' id='par_1_62' title="bbox 3448 351 3546 409">
     <span class='ocr_line' id='line_1_62' title="bbox 3448 351 3546 409; baseline -0.01 0"><span class='ocrx_word' id='word_1_480' title='bbox 3448 351 3546 409; x_wconf 71' lang='grc'><strong>394</strong></span> 
     </span>
    </p>
   </div>
   <div class='ocr_carea' id='block_1_63' title="bbox 1988 461 3552 535">
    <p class='ocr_par' dir='ltr' id='par_1_63' title="bbox 1988 461 3552 535">
     <span class='ocr_line' id='line_1_63' title="bbox 1988 461 3552 535; baseline 0.003 -18"><span class='ocrx_word' id='word_1_481' title='bbox 1988 480 2162 518; x_wconf 87' lang='lat' dir='ltr'><strong>nonne</strong></span> <span class='ocrx_word' id='word_1_482' title='bbox 2199 464 2266 518; x_wconf 92' lang='lat' dir='ltr'><strong>ab</strong></span> <span class='ocrx_word' id='word_1_483' title='bbox 2311 465 2396 520; x_wconf 92' lang='lat' dir='ltr'><strong>illa</strong></span> <span class='ocrx_word' id='word_1_484' title='bbox 2436 464 2603 535; x_wconf 86' lang='lat' dir='ltr'><strong>patria</strong></span> <span class='ocrx_word' id='word_1_485' title='bbox 2648 463 2884 518; x_wconf 78' lang='lat' dir='ltr'><strong>veritatis</strong></span> <span class='ocrx_word' id='word_1_486' title='bbox 2908 472 2961 518; x_wconf 91' lang='lat' dir='ltr'><strong>et</strong></span> <span class='ocrx_word' id='word_1_487' title='bbox 2982 461 3249 520; x_wconf 85' lang='lat' dir='ltr'><strong>heatitatis</strong></span> <span class='ocrx_word' id='word_1_488' title='bbox 3278 479 3372 518; x_wconf 92' lang='lat' dir='ltr'><strong>nos</strong></span> <span class='ocrx_word' id='word_1_489' title='bbox 3398 465 3552 533; x_wconf 83' lang='lat' dir='ltr'><strong>longe</strong></span> 
     </span>
    </p>
   </div>
   <div class='ocr_carea' id='block_1_64' title="bbox 1979 554 3554 625">
    <p class='ocr_par' dir='ltr' id='par_1_64' title="bbox 1979 554 3554 625">
     <span class='ocr_line' id='line_1_64' title="bbox 1979 554 3554 625; baseline 0.002 -15"><span class='ocrx_word' id='word_1_490' title='bbox 1979 557 2188 612; x_wconf 76' lang='lat' dir='ltr'><strong>exsules</strong></span> <span class='ocrx_word' id='word_1_491' title='bbox 2215 557 2487 612; x_wconf 78' lang='lat' dir='ltr'><strong>mitteret?</strong></span> <span class='ocrx_word' id='word_1_492' title='bbox 2515 556 2649 624; x_wconf 86' lang='lat' dir='ltr'><strong>Quid</strong></span> <span class='ocrx_word' id='word_1_493' title='bbox 2675 557 2814 612; x_wconf 91' lang='lat' dir='ltr'><strong>enim</strong></span> <span class='ocrx_word' id='word_1_494' title='bbox 2843 554 3152 620; x_wconf 87' lang='lat' dir='ltr'><strong>absurdius,</strong></span> <span class='ocrx_word' id='word_1_495' title='bbox 3173 555 3296 625; x_wconf 90' lang='lat' dir='ltr'><strong>quid</strong></span> <span class='ocrx_word' id='word_1_496' title='bbox 3320 556 3554 613; x_wconf 73' lang='lat' dir='ltr'><strong>insanius</strong></span> 
     </span>
    </p>
   </div>
   <div class='ocr_carea' id='block_1_65' title="bbox 1979 647 3552 719">
    <p class='ocr_par' dir='ltr' id='par_1_65' title="bbox 1979 647 3552 719">
     <span class='ocr_line' id='line_1_65' title="bbox 1979 647 3552 719; baseline 0.001 -17"><span class='ocrx_word' id='word_1_497' title='bbox 1979 648 2078 702; x_wconf 76' lang='lat' dir='ltr'><strong>dici</strong></span> <span class='ocrx_word' id='word_1_498' title='bbox 2119 658 2320 717; x_wconf 81' lang='lat' dir='ltr'><strong>potest,</strong></span> <span class='ocrx_word' id='word_1_499' title='bbox 2352 665 2507 717; x_wconf 88' lang='lat' dir='ltr'><strong>quam</strong></span> <span class='ocrx_word' id='word_1_500' title='bbox 2539 660 2592 702; x_wconf 91' lang='lat' dir='ltr'><strong>ut</strong></span> <span class='ocrx_word' id='word_1_501' title='bbox 2621 649 2707 702; x_wconf 90' lang='lat' dir='ltr'><strong>ille</strong></span> <span class='ocrx_word' id='word_1_502' title='bbox 2737 648 2825 719; x_wconf 93' lang='lat' dir='ltr'><strong>qui</strong></span> <span class='ocrx_word' id='word_1_503' title='bbox 2865 647 3134 719; x_wconf 88' lang='lat' dir='ltr'><strong>aliquanto</strong></span> <span class='ocrx_word' id='word_1_504' title='bbox 3160 649 3552 704; x_wconf 77' lang='lat' dir='ltr'><strong>immoderatius</strong></span> 
     </span>
    </p>
   </div>
   <div class='ocr_carea' id='block_1_66' title="bbox 1979 739 3550 809">
    <p class='ocr_par' dir='ltr' id='par_1_66' title="bbox 1979 739 3550 809">
     <span class='ocr_line' id='line_1_66' title="bbox 1979 739 3550 809; baseline 0.001 -17"><span class='ocrx_word' id='word_1_505' title='bbox 1979 739 2184 801; x_wconf 89' lang='lat' dir='ltr'><strong>riserit,</strong></span> <span class='ocrx_word' id='word_1_506' title='bbox 2229 748 2282 793; x_wconf 92' lang='lat' dir='ltr'><strong>et</strong></span> <span class='ocrx_word' id='word_1_507' title='bbox 2330 740 2416 794; x_wconf 88' lang='lat' dir='ltr'><strong>ille</strong></span> <span class='ocrx_word' id='word_1_508' title='bbox 2457 740 2545 809; x_wconf 90' lang='lat' dir='ltr'><strong>qui</strong></span> <span class='ocrx_word' id='word_1_509' title='bbox 2590 740 2808 809; x_wconf 89' lang='lat' dir='ltr'><strong>patriam</strong></span> <span class='ocrx_word' id='word_1_510' title='bbox 2850 739 3194 794; x_wconf 90' lang='lat' dir='ltr'><strong>truculentius</strong></span> <span class='ocrx_word' id='word_1_511' title='bbox 3220 739 3550 806; x_wconf 84' lang='lat' dir='ltr'><strong>incenderit,</strong></span> 
     </span>
    </p>
   </div>
   <div class='ocr_carea' id='block_1_67' title="bbox 1981 828 3550 899">
    <p class='ocr_par' dir='ltr' id='par_1_67' title="bbox 1981 828 3550 899">
     <span class='ocr_line' id='line_1_67' title="bbox 1981 828 3550 899; baseline 0.001 -17"><span class='ocrx_word' id='word_1_512' title='bbox 1981 844 2227 898; x_wconf 86' lang='lat' dir='ltr'><strong>peccasse</strong></span> <span class='ocrx_word' id='word_1_513' title='bbox 2266 829 2565 898; x_wconf 84' lang='lat' dir='ltr'><strong>judicentur</strong></span> <span class='ocrx_word' id='word_1_514' title='bbox 2611 829 2924 899; x_wconf 70' lang='lat' dir='ltr'><strong>asqualiter?</strong></span> <span class='ocrx_word' id='word_1_515' title='bbox 2965 828 3131 896; x_wconf 86' lang='lat' dir='ltr'><strong>Quam</strong></span> <span class='ocrx_word' id='word_1_516' title='bbox 3167 828 3379 898; x_wconf 91' lang='lat' dir='ltr'><strong>quidem</strong></span> <span class='ocrx_word' id='word_1_517' title='bbox 3409 839 3460 884; x_wconf 90' lang='lat' dir='ltr'><strong>tu</strong></span> <span class='ocrx_word' id='word_1_518' title='bbox 3488 843 3550 890; x_wconf 77' lang='lat' dir='ltr'><strong>ei:</strong></span> 
     </span>
    </p>
   </div>
   <div class='ocr_carea' id='block_1_68' title="bbox 1981 921 3554 991">
    <p class='ocr_par' dir='ltr' id='par_1_68' title="bbox 1981 921 3554 991">
     <span class='ocr_line' id='line_1_68' title="bbox 1981 921 3554 991; baseline 0.004 -18"><span class='ocrx_word' id='word_1_519' title='bbox 1981 921 2325 990; x_wconf 89' lang='lat' dir='ltr'><strong>quorumdam</strong></span> <span class='ocrx_word' id='word_1_520' title='bbox 2373 921 2800 990; x_wconf 87' lang='lat' dir='ltr'><strong>philosophorum</strong></span> <span class='ocrx_word' id='word_1_521' title='bbox 2847 922 3093 991; x_wconf 87' lang='lat' dir='ltr'><strong>opinione</strong></span> <span class='ocrx_word' id='word_1_522' title='bbox 3138 938 3243 976; x_wconf 89' lang='lat' dir='ltr'><strong>non</strong></span> <span class='ocrx_word' id='word_1_523' title='bbox 3285 922 3554 980; x_wconf 83' lang='lat' dir='ltr'><strong>diversam</strong></span> 
     </span>
    </p>
   </div>
   <div class='ocr_carea' id='block_1_69' title="bbox 1982 1011 3563 1080">
    <p class='ocr_par' dir='ltr' id='par_1_69' title="bbox 1982 1011 3563 1080">
     <span class='ocr_line' id='line_1_69' title="bbox 1982 1011 3563 1080; baseline 0.002 -17"><span class='ocrx_word' id='word_1_524' title='bbox 1982 1013 2150 1076; x_wconf 89' lang='lat' dir='ltr'><strong>viam,</strong></span> <span class='ocrx_word' id='word_1_525' title='bbox 2195 1028 2314 1080; x_wconf 72' lang='lat' dir='ltr'><strong>qua:</strong></span> <span class='ocrx_word' id='word_1_526' title='bbox 2361 1022 2533 1067; x_wconf 88' lang='lat' dir='ltr'><strong>tamen</strong></span> <span class='ocrx_word' id='word_1_527' title='bbox 2561 1011 2718 1066; x_wconf 88' lang='lat' dir='ltr'><strong>ducat</strong></span> <span class='ocrx_word' id='word_1_528' title='bbox 2746 1012 2814 1066; x_wconf 88' lang='lat' dir='ltr'><strong>ad</strong></span> <span class='ocrx_word' id='word_1_529' title='bbox 2840 1013 3113 1068; x_wconf 71' lang='lat' dir='ltr'><strong>cmlestem</strong></span> <span class='ocrx_word' id='word_1_530' title='bbox 3143 1013 3516 1066; x_wconf 85' lang='lat' dir='ltr'><strong>habitationem</strong></span> <span class='ocrx_word' id='word_1_531' title='bbox 3547 1052 3563 1078; x_wconf 94' lang='lat'><strong>,</strong></span> 
     </span>
    </p>
   </div>
   <div class='ocr_carea' id='block_1_70' title="bbox 1981 1101 3556 1173">
    <p class='ocr_par' dir='ltr' id='par_1_70' title="bbox 1981 1101 3556 1173">
     <span class='ocr_line' id='line_1_70' title="bbox 1981 1101 3556 1173; baseline 0.004 -20"><span class='ocrx_word' id='word_1_532' title='bbox 1981 1102 2072 1155; x_wconf 91' lang='lat' dir='ltr'><strong>sed</strong></span> <span class='ocrx_word' id='word_1_533' title='bbox 2108 1101 2260 1170; x_wconf 83' lang='lat' dir='ltr'><strong>plane</strong></span> <span class='ocrx_word' id='word_1_534' title='bbox 2285 1117 2621 1170; x_wconf 90' lang='lat' dir='ltr'><strong>perversam,</strong></span> <span class='ocrx_word' id='word_1_535' title='bbox 2652 1119 2768 1172; x_wconf 75' lang='lat' dir='ltr'><strong>qua:</strong></span> <span class='ocrx_word' id='word_1_536' title='bbox 2788 1103 2930 1158; x_wconf 91' lang='lat' dir='ltr'><strong>ducit</strong></span> <span class='ocrx_word' id='word_1_537' title='bbox 2954 1103 3020 1157; x_wconf 88' lang='lat' dir='ltr'><strong>ad</strong></span> <span class='ocrx_word' id='word_1_538' title='bbox 3050 1105 3556 1173; x_wconf 88' lang='lat' dir='ltr'><strong>perniciosissimum</strong></span> 
     </span>
    </p>
   </div>
   <div class='ocr_carea' id='block_1_71' title="bbox 1981 1195 3558 1264">
    <p class='ocr_par' dir='ltr' id='par_1_71' title="bbox 1981 1195 3558 1264">
     <span class='ocr_line' id='line_1_71' title="bbox 1981 1195 3558 1264; baseline 0.003 -18"><span class='ocrx_word' id='word_1_539' title='bbox 1981 1207 2243 1258; x_wconf 89' lang='lat' dir='ltr'><strong>errorem,</strong></span> <span class='ocrx_word' id='word_1_540' title='bbox 2293 1208 2396 1246; x_wconf 89' lang='lat' dir='ltr'><strong>non</strong></span> <span class='ocrx_word' id='word_1_541' title='bbox 2443 1208 2536 1261; x_wconf 88' lang='lat' dir='ltr'><strong>pro</strong></span> <span class='ocrx_word' id='word_1_542' title='bbox 2581 1202 2670 1248; x_wconf 92' lang='lat' dir='ltr'><strong>tuo</strong></span> <span class='ocrx_word' id='word_1_543' title='bbox 2707 1209 2898 1260; x_wconf 89' lang='lat' dir='ltr'><strong>sensu,</strong></span> <span class='ocrx_word' id='word_1_544' title='bbox 2935 1195 3028 1250; x_wconf 87' lang='lat' dir='ltr'><strong>sed</strong></span> <span class='ocrx_word' id='word_1_545' title='bbox 3067 1211 3160 1264; x_wconf 90' lang='lat' dir='ltr'><strong>pro</strong></span> <span class='ocrx_word' id='word_1_546' title='bbox 3184 1210 3340 1249; x_wconf 89' lang='lat' dir='ltr'><strong>causa</strong></span> <span class='ocrx_word' id='word_1_547' title='bbox 3362 1196 3558 1251; x_wconf 81' lang='lat' dir='ltr'><strong>civium</strong></span> 
     </span>
    </p>
   </div>
   <div class='ocr_carea' id='block_1_72' title="bbox 1984 1282 3556 1357">
    <p class='ocr_par' dir='ltr' id='par_1_72' title="bbox 1984 1282 3556 1357">
     <span class='ocr_line' id='line_1_72' title="bbox 1984 1282 3556 1357; baseline 0.005 -23"><span class='ocrx_word' id='word_1_548' title='bbox 1984 1291 2189 1335; x_wconf 86' lang='lat' dir='ltr'><strong>tuorum</strong></span> <span class='ocrx_word' id='word_1_549' title='bbox 2231 1282 2583 1337; x_wconf 85' lang='lat' dir='ltr'><strong>adhibendam</strong></span> <span class='ocrx_word' id='word_1_550' title='bbox 2607 1285 2858 1353; x_wconf 84' lang='lat' dir='ltr'><strong>putasti;</strong></span> <span class='ocrx_word' id='word_1_551' title='bbox 2904 1295 2958 1340; x_wconf 92' lang='lat' dir='ltr'><strong>ut</strong></span> <span class='ocrx_word' id='word_1_552' title='bbox 2998 1287 3074 1341; x_wconf 92' lang='lat' dir='ltr'><strong>sic</strong></span> <span class='ocrx_word' id='word_1_553' title='bbox 3113 1286 3444 1357; x_wconf 86' lang='lat' dir='ltr'><strong>ignoscamus</strong></span> <span class='ocrx_word' id='word_1_554' title='bbox 3479 1288 3556 1342; x_wconf 88' lang='lat' dir='ltr'><strong>eis</strong></span> 
     </span>
    </p>
   </div>
   <div class='ocr_carea' id='block_1_73' title="bbox 1982 1373 3555 1446">
    <p class='ocr_par' dir='ltr' id='par_1_73' title="bbox 1982 1373 3555 1446">
     <span class='ocr_line' id='line_1_73' title="bbox 1982 1373 3555 1446; baseline 0.004 -22"><span class='ocrx_word' id='word_1_555' title='bbox 1982 1388 2204 1440; x_wconf 90' lang='lat' dir='ltr'><strong>quorum</strong></span> <span class='ocrx_word' id='word_1_556' title='bbox 2247 1373 2578 1426; x_wconf 55' lang='lat' dir='ltr'><strong>saevientium</strong></span> <span class='ocrx_word' id='word_1_557' title='bbox 2622 1374 2827 1445; x_wconf 82' lang='lat' dir='ltr'><strong>ignibus</strong></span> <span class='ocrx_word' id='word_1_558' title='bbox 2870 1376 3000 1429; x_wconf 90' lang='lat' dir='ltr'><strong>arsit</strong></span> <span class='ocrx_word' id='word_1_559' title='bbox 3037 1377 3269 1430; x_wconf 86' lang='lat' dir='ltr'><strong>Ecclesia</strong></span> <span class='ocrx_word' id='word_1_560' title='bbox 3300 1415 3316 1442; x_wconf 95' lang='lat'><strong>,</strong></span> <span class='ocrx_word' id='word_1_561' title='bbox 3369 1392 3555 1446; x_wconf 85' lang='lat' dir='ltr'><strong>quem—</strong></span> 
     </span>
    </p>
   </div>
   <div class='ocr_carea' id='block_1_74' title="bbox 1983 1460 3557 1537">
    <p class='ocr_par' dir='ltr' id='par_1_74' title="bbox 1983 1460 3557 1537">
     <span class='ocr_line' id='line_1_74' title="bbox 1983 1460 3557 1537; baseline 0.006 -24"><span class='ocrx_word' id='word_1_562' title='bbox 1983 1460 2263 1515; x_wconf 85' lang='lat' dir='ltr'><strong>admodum</strong></span> <span class='ocrx_word' id='word_1_563' title='bbox 2297 1462 2731 1532; x_wconf 86' lang='lat' dir='ltr'><strong>ignosceremus,</strong></span> <span class='ocrx_word' id='word_1_564' title='bbox 2776 1464 2822 1518; x_wconf 92' lang='lat' dir='ltr'><strong>si</strong></span> <span class='ocrx_word' id='word_1_565' title='bbox 2851 1465 2917 1518; x_wconf 90' lang='lat' dir='ltr'><strong>ab</strong></span> <span class='ocrx_word' id='word_1_566' title='bbox 2961 1465 3040 1520; x_wconf 90' lang='lat' dir='ltr'><strong>eis</strong></span> <span class='ocrx_word' id='word_1_567' title='bbox 3082 1466 3255 1537; x_wconf 88' lang='lat' dir='ltr'><strong>aliquo</strong></span> <span class='ocrx_word' id='word_1_568' title='bbox 3302 1467 3557 1537; x_wconf 87' lang='lat' dir='ltr'><strong>petulanti</strong></span> 
     </span>
    </p>
   </div>
   <div class='ocr_carea' id='block_1_75' title="bbox 1982 1552 2635 1621">
    <p class='ocr_par' dir='ltr' id='par_1_75' title="bbox 1982 1552 2635 1621">
     <span class='ocr_line' id='line_1_75' title="bbox 1982 1552 2635 1621; baseline 0.002 -15"><span class='ocrx_word' id='word_1_569' title='bbox 1982 1552 2220 1606; x_wconf 88' lang='lat' dir='ltr'><strong>convicio</strong></span> <span class='ocrx_word' id='word_1_570' title='bbox 2246 1560 2635 1621; x_wconf 87' lang='lat' dir='ltr'><strong>appeteremur.</strong></span> 
     </span>
    </p>
   </div>
   <div class='ocr_carea' id='block_1_76' title="bbox 2056 1645 3559 1714">
    <p class='ocr_par' dir='ltr' id='par_1_76' title="bbox 2056 1645 3559 1714">
     <span class='ocr_line' id='line_1_76' title="bbox 2056 1645 3559 1714; baseline 0.002 -15"><span class='ocrx_word' id='word_1_571' title='bbox 2056 1646 2142 1700; x_wconf 74' lang='grc'><strong>14.</strong></span> <span class='ocrx_word' id='word_1_572' title='bbox 2188 1645 2290 1702; x_wconf 91' lang='lat' dir='ltr'><strong>Sed</strong></span> <span class='ocrx_word' id='word_1_573' title='bbox 2329 1645 2772 1714; x_wconf 85' lang='lat' dir='ltr'><strong>quemadmodum</strong></span> <span class='ocrx_word' id='word_1_574' title='bbox 2831 1646 2884 1701; x_wconf 90' lang='lat' dir='ltr'><strong>id</strong></span> <span class='ocrx_word' id='word_1_575' title='bbox 2931 1647 3256 1704; x_wconf 83' lang='lat' dir='ltr'><strong>adstruxeris</strong></span> <span class='ocrx_word' id='word_1_576' title='bbox 3293 1648 3454 1704; x_wconf 88' lang='lat' dir='ltr'><strong>vide:</strong></span> <span class='ocrx_word' id='word_1_577' title='bbox 3491 1649 3559 1703; x_wconf 84' lang='lat' dir='ltr'><strong>Et</strong></span> 
     </span>
    </p>
   </div>
   <div class='ocr_carea' id='block_1_77' title="bbox 1903 1738 3558 1810">
    <p class='ocr_par' dir='ltr' id='par_1_77' title="bbox 1903 1738 3558 1810">
     <span class='ocr_line' id='line_1_77' title="bbox 1903 1738 3558 1810; baseline 0.004 -20"><span class='ocrx_word' id='word_1_578' title='bbox 1903 1803 1906 1810; x_wconf 29' lang='grc' dir='ltr'><strong>η</strong></span> <span class='ocrx_word' id='word_1_579' title='bbox 1982 1738 2028 1790; x_wconf 78' lang='grc' dir='ltr'><strong>εἰ</strong></span> <span class='ocrx_word' id='word_1_580' title='bbox 2067 1747 2121 1791; x_wconf 80' lang='lat' dir='ltr'><strong>ut</strong></span> <span class='ocrx_word' id='word_1_581' title='bbox 2163 1738 2495 1807; x_wconf 80' lang='lat' dir='ltr'><strong>quibusdam,</strong></span> <span class='ocrx_word' id='word_1_582' title='bbox 2555 1738 2763 1808; x_wconf 90' lang='lat' dir='ltr'><strong>inquis,</strong></span> <span class='ocrx_word' id='word_1_583' title='bbox 2817 1738 3130 1810; x_wconf 76' lang='lat' dir='ltr'><strong>philosophis</strong></span> <span class='ocrx_word' id='word_1_584' title='bbox 3169 1740 3362 1810; x_wconf 81' lang='lat' dir='ltr'><strong>placet,</strong></span> <span class='ocrx_word' id='word_1_585' title='bbox 3389 1743 3558 1796; x_wconf 86' lang='lat' dir='ltr'><strong>omnia</strong></span> 
     </span>
    </p>
   </div>
   <div class='ocr_carea' id='block_1_78' title="bbox 1987 1830 3561 1901">
    <p class='ocr_par' dir='ltr' id='par_1_78' title="bbox 1987 1830 3561 1901">
     <span class='ocr_line' id='line_1_78' title="bbox 1987 1830 3561 1901; baseline 0.004 -20"><span class='ocrx_word' id='word_1_586' title='bbox 1987 1841 2187 1899; x_wconf 77' lang='lat' dir='ltr'><strong>peccata</strong></span> <span class='ocrx_word' id='word_1_587' title='bbox 2231 1831 2374 1900; x_wconf 87' lang='lat' dir='ltr'><strong>pario</strong></span> <span class='ocrx_word' id='word_1_588' title='bbox 2416 1840 2560 1896; x_wconf 75' lang='lat' dir='ltr'><strong>sunt,</strong></span> <span class='ocrx_word' id='word_1_589' title='bbox 2605 1830 2917 1901; x_wconf 82' lang='lat' dir='ltr'><strong>indulgentia</strong></span> <span class='ocrx_word' id='word_1_590' title='bbox 2955 1830 3184 1888; x_wconf 78' lang='lat' dir='ltr'><strong>omnibus</strong></span> <span class='ocrx_word' id='word_1_591' title='bbox 3247 1832 3388 1887; x_wconf 80' lang='lat' dir='ltr'><strong>debet</strong></span> <span class='ocrx_word' id='word_1_592' title='bbox 3454 1850 3561 1887; x_wconf 71' lang='lat' dir='ltr'><strong>esse</strong></span> 
     </span>
    </p>
   </div>
   <div class='ocr_carea' id='block_1_79' title="bbox 1985 1922 3560 1994">
    <p class='ocr_par' dir='ltr' id='par_1_79' title="bbox 1985 1922 3560 1994">
     <span class='ocr_line' id='line_1_79' title="bbox 1985 1922 3560 1994; baseline 0.003 -18"><span class='ocrx_word' id='word_1_593' title='bbox 1985 1923 2279 1978; x_wconf 78' lang='lat' dir='ltr'><strong>communis.</strong></span> <span class='ocrx_word' id='word_1_594' title='bbox 2353 1922 2553 1977; x_wconf 87' lang='lat' dir='ltr'><strong>Deinde</strong></span> <span class='ocrx_word' id='word_1_595' title='bbox 2615 1938 2734 1979; x_wconf 90' lang='lat' dir='ltr'><strong>cum</strong></span> <span class='ocrx_word' id='word_1_596' title='bbox 2795 1925 2944 1994; x_wconf 89' lang='lat' dir='ltr'><strong>quasi</strong></span> <span class='ocrx_word' id='word_1_597' title='bbox 3017 1926 3219 1980; x_wconf 89' lang='lat' dir='ltr'><strong>moliris</strong></span> <span class='ocrx_word' id='word_1_598' title='bbox 3280 1925 3560 1981; x_wconf 85' lang='lat' dir='ltr'><strong>ostendere</strong></span> 
     </span>
    </p>
   </div>
   <div class='ocr_carea' id='block_1_80' title="bbox 1985 2015 3554 2086">
    <p class='ocr_par' dir='ltr' id='par_1_80' title="bbox 1985 2015 3554 2086">
     <span class='ocr_line' id='line_1_80' title="bbox 1985 2015 3554 2086; baseline 0.001 -20"><span class='ocrx_word' id='word_1_599' title='bbox 1985 2015 2162 2067; x_wconf 87' lang='lat' dir='ltr'><strong>omnia</strong></span> <span class='ocrx_word' id='word_1_600' title='bbox 2221 2015 2363 2084; x_wconf 88' lang='lat' dir='ltr'><strong>paria</strong></span> <span class='ocrx_word' id='word_1_601' title='bbox 2426 2029 2545 2070; x_wconf 87' lang='lat' dir='ltr'><strong>esse</strong></span> <span class='ocrx_word' id='word_1_602' title='bbox 2593 2026 2802 2084; x_wconf 87' lang='lat' dir='ltr'><strong>peccata</strong></span> <span class='ocrx_word' id='word_1_603' title='bbox 2825 2056 2840 2081; x_wconf 93' lang='lat'><strong>,</strong></span> <span class='ocrx_word' id='word_1_604' title='bbox 2869 2015 3144 2086; x_wconf 84' lang='lat' dir='ltr'><strong>subjungis</strong></span> <span class='ocrx_word' id='word_1_605' title='bbox 3168 2025 3222 2070; x_wconf 90' lang='lat' dir='ltr'><strong>et</strong></span> <span class='ocrx_word' id='word_1_606' title='bbox 3243 2015 3376 2070; x_wconf 80' lang='lat' dir='ltr'><strong>dicis</strong></span> <span class='ocrx_word' id='word_1_607' title='bbox 3406 2034 3418 2070; x_wconf 90' lang='lat'><strong>:</strong></span> <span class='ocrx_word' id='word_1_608' title='bbox 3451 2015 3554 2069; x_wconf 83' lang='lat' dir='ltr'><strong>Pe-</strong></span> 
     </span>
    </p>
   </div>
   <div class='ocr_carea' id='block_1_81' title="bbox 1987 2107 3558 2178">
    <p class='ocr_par' dir='ltr' id='par_1_81' title="bbox 1987 2107 3558 2178">
     <span class='ocr_line' id='line_1_81' title="bbox 1987 2107 3558 2178; baseline 0 -18"><span class='ocrx_word' id='word_1_609' title='bbox 1987 2108 2226 2160; x_wconf 80' lang='lat' dir='ltr'><strong>tulantius</strong></span> <span class='ocrx_word' id='word_1_610' title='bbox 2290 2108 2481 2162; x_wconf 84' lang='lat' dir='ltr'><strong>locutus</strong></span> <span class='ocrx_word' id='word_1_611' title='bbox 2545 2117 2614 2160; x_wconf 83' lang='lat' dir='ltr'><strong>est</strong></span> <span class='ocrx_word' id='word_1_612' title='bbox 2658 2107 2872 2174; x_wconf 79' lang='lat' dir='ltr'><strong>aliquis,</strong></span> <span class='ocrx_word' id='word_1_613' title='bbox 2915 2107 3166 2178; x_wconf 79' lang='lat' dir='ltr'><strong>peccavit;</strong></span> <span class='ocrx_word' id='word_1_614' title='bbox 3200 2107 3422 2161; x_wconf 84' lang='lat' dir='ltr'><strong>convicia</strong></span> <span class='ocrx_word' id='word_1_615' title='bbox 3469 2117 3558 2160; x_wconf 84' lang='lat' dir='ltr'><strong>aut</strong></span> 
     </span>
    </p>
   </div>
   <div class='ocr_carea' id='block_1_82' title="bbox 1987 2197 3558 2268">
    <p class='ocr_par' dir='ltr' id='par_1_82' title="bbox 1987 2197 3558 2268">
     <span class='ocr_line' id='line_1_82' title="bbox 1987 2197 3558 2268; baseline -0.001 -18"><span class='ocrx_word' id='word_1_616' title='bbox 1987 2199 2197 2251; x_wconf 84' lang='lat' dir='ltr'><strong>crimina</strong></span> <span class='ocrx_word' id='word_1_617' title='bbox 2255 2198 2504 2268; x_wconf 80' lang='lat' dir='ltr'><strong>ingessit,</strong></span> <span class='ocrx_word' id='word_1_618' title='bbox 2554 2213 2693 2267; x_wconf 71' lang='lat' dir='ltr'><strong>teque</strong></span> <span class='ocrx_word' id='word_1_619' title='bbox 2742 2197 2978 2266; x_wconf 82' lang='lat' dir='ltr'><strong>peccarit.</strong></span> <span class='ocrx_word' id='word_1_620' title='bbox 3039 2197 3150 2252; x_wconf 81' lang='lat' dir='ltr'><strong>Hoc</strong></span> <span class='ocrx_word' id='word_1_621' title='bbox 3190 2213 3294 2251; x_wconf 88' lang='lat' dir='ltr'><strong>non</strong></span> <span class='ocrx_word' id='word_1_622' title='bbox 3337 2206 3420 2252; x_wconf 71' lang='lat' dir='ltr'><strong>est</strong></span> <span class='ocrx_word' id='word_1_623' title='bbox 3459 2197 3558 2250; x_wconf 90' lang='lat' dir='ltr'><strong>do-</strong></span> 
     </span>
    </p>
   </div>
   <div class='ocr_carea' id='block_1_83' title="bbox 1987 2289 3560 2360">
    <p class='ocr_par' dir='ltr' id='par_1_83' title="bbox 1987 2289 3560 2360">
     <span class='ocr_line' id='line_1_83' title="bbox 1987 2289 3560 2360; baseline -0.002 -15"><span class='ocrx_word' id='word_1_624' title='bbox 1987 2307 2136 2356; x_wconf 80' lang='lat' dir='ltr'><strong>cere,</strong></span> <span class='ocrx_word' id='word_1_625' title='bbox 2176 2292 2266 2346; x_wconf 86' lang='lat' dir='ltr'><strong>sed</strong></span> <span class='ocrx_word' id='word_1_626' title='bbox 2306 2291 2522 2360; x_wconf 85' lang='lat' dir='ltr'><strong>idquod</strong></span> <span class='ocrx_word' id='word_1_627' title='bbox 2555 2305 2799 2359; x_wconf 81' lang='lat' dir='ltr'><strong>perverse</strong></span> <span class='ocrx_word' id='word_1_628' title='bbox 2827 2291 3052 2344; x_wconf 89' lang='lat' dir='ltr'><strong>sentitur</strong></span> <span class='ocrx_word' id='word_1_629' title='bbox 3073 2331 3090 2357; x_wconf 93' lang='lat'><strong>,</strong></span> <span class='ocrx_word' id='word_1_630' title='bbox 3119 2291 3236 2344; x_wconf 90' lang='lat' dir='ltr'><strong>siue</strong></span> <span class='ocrx_word' id='word_1_631' title='bbox 3263 2290 3363 2343; x_wconf 86' lang='lat' dir='ltr'><strong>ulla</strong></span> <span class='ocrx_word' id='word_1_632' title='bbox 3393 2289 3560 2343; x_wconf 90' lang='lat' dir='ltr'><strong>docu-</strong></span> 
     </span>
    </p>
   </div>
   <div class='ocr_carea' id='block_1_84' title="bbox 1991 2376 3559 2450">
    <p class='ocr_par' dir='ltr' id='par_1_84' title="bbox 1991 2376 3559 2450">
     <span class='ocr_line' id='line_1_84' title="bbox 1991 2376 3559 2450; baseline -0.001 -15"><span class='ocrx_word' id='word_1_633' title='bbox 1991 2393 2285 2436; x_wconf 81' lang='lat' dir='ltr'><strong>mentorum</strong></span> <span class='ocrx_word' id='word_1_634' title='bbox 2322 2376 2362 2433; x_wconf 83' lang='lat' dir='ltr'><strong>a.</strong></span> <span class='ocrx_word' id='word_1_635' title='bbox 2383 2383 2641 2436; x_wconf 85' lang='lat' dir='ltr'><strong>tructione</strong></span> <span class='ocrx_word' id='word_1_636' title='bbox 2667 2395 2984 2450; x_wconf 88' lang='lat' dir='ltr'><strong>proponere.</strong></span> <span class='ocrx_word' id='word_1_637' title='bbox 3017 2380 3097 2434; x_wconf 82' lang='lat' dir='ltr'><strong>Ad</strong></span> <span class='ocrx_word' id='word_1_638' title='bbox 3123 2380 3226 2434; x_wconf 89' lang='lat' dir='ltr'><strong>hoc</strong></span> <span class='ocrx_word' id='word_1_639' title='bbox 3250 2381 3390 2435; x_wconf 90' lang='lat' dir='ltr'><strong>enim</strong></span> <span class='ocrx_word' id='word_1_640' title='bbox 3419 2381 3559 2449; x_wconf 89' lang='lat' dir='ltr'><strong>quod</strong></span> 
     </span>
    </p>
   </div>
   <div class='ocr_carea' id='block_1_85' title="bbox 1989 2473 3561 2544">
    <p class='ocr_par' dir='ltr' id='par_1_85' title="bbox 1989 2473 3561 2544">
     <span class='ocr_line' id='line_1_85' title="bbox 1989 2473 3561 2544; baseline 0 -16"><span class='ocrx_word' id='word_1_641' title='bbox 1989 2474 2153 2538; x_wconf 87' lang='lat' dir='ltr'><strong>dicis,</strong></span> <span class='ocrx_word' id='word_1_642' title='bbox 2201 2490 2341 2544; x_wconf 73' lang='lat' dir='ltr'><strong>teque</strong></span> <span class='ocrx_word' id='word_1_643' title='bbox 2385 2474 2637 2544; x_wconf 79' lang='lat' dir='ltr'><strong>peccavit,</strong></span> <span class='ocrx_word' id='word_1_644' title='bbox 2691 2475 2795 2528; x_wconf 91' lang='lat' dir='ltr'><strong>cito</strong></span> <span class='ocrx_word' id='word_1_645' title='bbox 2841 2473 3224 2543; x_wconf 82' lang='lat' dir='ltr'><strong>respondetur,</strong></span> <span class='ocrx_word' id='word_1_646' title='bbox 3270 2490 3373 2527; x_wconf 91' lang='lat' dir='ltr'><strong>non</strong></span> <span class='ocrx_word' id='word_1_647' title='bbox 3409 2489 3561 2543; x_wconf 67' lang='lat' dir='ltr'><strong>mque</strong></span> 
     </span>
    </p>
   </div>
   <div class='ocr_carea' id='block_1_86' title="bbox 1990 2563 3558 2635">
    <p class='ocr_par' dir='ltr' id='par_1_86' title="bbox 1990 2563 3558 2635">
     <span class='ocr_line' id='line_1_86' title="bbox 1990 2563 3558 2635; baseline -0.001 -15"><span class='ocrx_word' id='word_1_648' title='bbox 1990 2565 2246 2635; x_wconf 85' lang='lat' dir='ltr'><strong>peccavit.</strong></span> <span class='ocrx_word' id='word_1_649' title='bbox 2291 2565 2470 2634; x_wconf 73' lang='lat' dir='ltr'><strong>Exigis</strong></span> <span class='ocrx_word' id='word_1_650' title='bbox 2513 2563 2751 2618; x_wconf 82' lang='lat' dir='ltr'><strong>fortassis</strong></span> <span class='ocrx_word' id='word_1_651' title='bbox 2787 2573 2842 2618; x_wconf 90' lang='lat' dir='ltr'><strong>ut</strong></span> <span class='ocrx_word' id='word_1_652' title='bbox 2865 2564 3082 2634; x_wconf 84' lang='lat' dir='ltr'><strong>probent</strong></span> <span class='ocrx_word' id='word_1_653' title='bbox 3115 2581 3127 2618; x_wconf 91' lang='lat'><strong>:</strong></span> <span class='ocrx_word' id='word_1_654' title='bbox 3155 2564 3278 2634; x_wconf 90' lang='lat' dir='ltr'><strong>quid</strong></span> <span class='ocrx_word' id='word_1_655' title='bbox 3303 2565 3445 2618; x_wconf 89' lang='lat' dir='ltr'><strong>enim</strong></span> <span class='ocrx_word' id='word_1_656' title='bbox 3477 2574 3558 2619; x_wconf 91' lang='lat' dir='ltr'><strong>tu.</strong></span> 
     </span>
    </p>
   </div>
   <div class='ocr_carea' id='block_1_87' title="bbox 1989 2655 3563 2727">
    <p class='ocr_par' dir='ltr' id='par_1_87' title="bbox 1989 2655 3563 2727">
     <span class='ocr_line' id='line_1_87' title="bbox 1989 2655 3563 2727; baseline -0.001 -16"><span class='ocrx_word' id='word_1_657' title='bbox 1989 2657 2128 2727; x_wconf 90' lang='lat' dir='ltr'><strong>quod</strong></span> <span class='ocrx_word' id='word_1_658' title='bbox 2175 2671 2323 2724; x_wconf 70' lang='lat' dir='ltr'><strong>reque</strong></span> <span class='ocrx_word' id='word_1_659' title='bbox 2367 2657 2694 2725; x_wconf 83' lang='lat' dir='ltr'><strong>peccaverit,</strong></span> <span class='ocrx_word' id='word_1_660' title='bbox 2720 2656 2828 2724; x_wconf 87' lang='lat' dir='ltr'><strong>jam</strong></span> <span class='ocrx_word' id='word_1_661' title='bbox 2858 2655 3129 2724; x_wconf 82' lang='lat' dir='ltr'><strong>probasti?</strong></span> <span class='ocrx_word' id='word_1_662' title='bbox 3164 2656 3244 2710; x_wconf 84' lang='lat' dir='ltr'><strong>An</strong></span> <span class='ocrx_word' id='word_1_663' title='bbox 3272 2655 3398 2709; x_wconf 90' lang='lat' dir='ltr'><strong>illud</strong></span> <span class='ocrx_word' id='word_1_664' title='bbox 3421 2655 3563 2725; x_wconf 78' lang='lat' dir='ltr'><strong>quod</strong></span> 
     </span>
    </p>
   </div>
   <div class='ocr_carea' id='block_1_88' title="bbox 1984 2747 3566 2819">
    <p class='ocr_par' dir='ltr' id='par_1_88' title="bbox 1984 2747 3566 2819">
     <span class='ocr_line' id='line_1_88' title="bbox 1984 2747 3566 2819; baseline 0.003 -22"><span class='ocrx_word' id='word_1_665' title='bbox 1984 2747 2162 2817; x_wconf 87' lang='lat' dir='ltr'><strong>jungis</strong></span> <span class='ocrx_word' id='word_1_666' title='bbox 2209 2747 2525 2803; x_wconf 84' lang='lat' dir='ltr'><strong>audiendum</strong></span> <span class='ocrx_word' id='word_1_667' title='bbox 2569 2748 2694 2802; x_wconf 87' lang='lat' dir='ltr'><strong>est?</strong></span> <span class='ocrx_word' id='word_1_668' title='bbox 2746 2747 2924 2800; x_wconf 82' lang='lat' dir='ltr'><strong>Aliena</strong></span> <span class='ocrx_word' id='word_1_669' title='bbox 2948 2747 3154 2818; x_wconf 73' lang='lat' dir='ltr'><strong>quisque</strong></span> <span class='ocrx_word' id='word_1_670' title='bbox 3180 2748 3566 2819; x_wconf 81' lang='lat' dir='ltr'><strong>diripuit,inter</strong></span> 
     </span>
    </p>
   </div>
   <div class='ocr_carea' id='block_1_89' title="bbox 1997 2839 3566 2908">
    <p class='ocr_par' dir='ltr' id='par_1_89' title="bbox 1997 2839 3566 2908">
     <span class='ocr_line' id='line_1_89' title="bbox 1997 2839 3566 2908; baseline 0.001 -16"><span class='ocrx_word' id='word_1_671' title='bbox 1997 2841 2179 2893; x_wconf 84' lang='lat' dir='ltr'><strong>delicta</strong></span> <span class='ocrx_word' id='word_1_672' title='bbox 2226 2850 2532 2893; x_wconf 84' lang='lat' dir='ltr'><strong>numeratur.</strong></span> <span class='ocrx_word' id='word_1_673' title='bbox 2580 2839 2677 2893; x_wconf 90' lang='lat' dir='ltr'><strong>llic</strong></span> <span class='ocrx_word' id='word_1_674' title='bbox 2733 2840 2890 2894; x_wconf 88' lang='lat' dir='ltr'><strong>etiam</strong></span> <span class='ocrx_word' id='word_1_675' title='bbox 2946 2849 2999 2893; x_wconf 92' lang='lat' dir='ltr'><strong>tu</strong></span> <span class='ocrx_word' id='word_1_676' title='bbox 3039 2839 3151 2908; x_wconf 91' lang='lat' dir='ltr'><strong>ipse</strong></span> <span class='ocrx_word' id='word_1_677' title='bbox 3181 2839 3566 2894; x_wconf 87' lang='lat' dir='ltr'><strong>verccundatus</strong></span> 
     </span>
    </p>
   </div>
   <div class='ocr_carea' id='block_1_90' title="bbox 1991 2929 3563 3002">
    <p class='ocr_par' dir='ltr' id='par_1_90' title="bbox 1991 2929 3563 3002">
     <span class='ocr_line' id='line_1_90' title="bbox 1991 2929 3563 3002; baseline -0.001 -17"><span class='ocrx_word' id='word_1_678' title='bbox 1991 2947 2050 2985; x_wconf 90' lang='lat' dir='ltr'><strong>es</strong></span> <span class='ocrx_word' id='word_1_679' title='bbox 2092 2949 2105 2984; x_wconf 88' lang='lat'><strong>:</strong></span> <span class='ocrx_word' id='word_1_680' title='bbox 2147 2931 2329 3002; x_wconf 88' lang='lat' dir='ltr'><strong>puduit</strong></span> <span class='ocrx_word' id='word_1_681' title='bbox 2364 2930 2504 2984; x_wconf 91' lang='lat' dir='ltr'><strong>enim</strong></span> <span class='ocrx_word' id='word_1_682' title='bbox 2543 2940 2592 2985; x_wconf 91' lang='lat' dir='ltr'><strong>te</strong></span> <span class='ocrx_word' id='word_1_683' title='bbox 2633 2929 2808 2984; x_wconf 85' lang='lat' dir='ltr'><strong>dicere</strong></span> <span class='ocrx_word' id='word_1_684' title='bbox 2833 2930 2972 2998; x_wconf 84' lang='lat' dir='ltr'><strong>quod</strong></span> <span class='ocrx_word' id='word_1_685' title='bbox 3001 2931 3237 2999; x_wconf 75' lang='lat' dir='ltr'><strong>peccavit</strong></span> <span class='ocrx_word' id='word_1_686' title='bbox 3262 2930 3563 2999; x_wconf 54' lang='lat' dir='ltr'><strong>atqualiter;</strong></span> 
     </span>
    </p>
   </div>
   <div class='ocr_carea' id='block_1_91' title="bbox 1992 3021 3565 3092">
    <p class='ocr_par' dir='ltr' id='par_1_91' title="bbox 1992 3021 3565 3092">
     <span class='ocr_line' id='line_1_91' title="bbox 1992 3021 3565 3092; baseline -0.001 -16"><span class='ocrx_word' id='word_1_687' title='bbox 1992 3024 2121 3087; x_wconf 85' lang='lat' dir='ltr'><strong>sed,</strong></span> <span class='ocrx_word' id='word_1_688' title='bbox 2190 3024 2320 3077; x_wconf 85' lang='lat' dir='ltr'><strong>inter</strong></span> <span class='ocrx_word' id='word_1_689' title='bbox 2357 3023 2540 3076; x_wconf 80' lang='lat' dir='ltr'><strong>delicta</strong></span> <span class='ocrx_word' id='word_1_690' title='bbox 2571 3063 2585 3087; x_wconf 94' lang='lat'><strong>,</strong></span> <span class='ocrx_word' id='word_1_691' title='bbox 2636 3021 2838 3092; x_wconf 87' lang='lat' dir='ltr'><strong>inquis,</strong></span> <span class='ocrx_word' id='word_1_692' title='bbox 2889 3033 3197 3077; x_wconf 82' lang='lat' dir='ltr'><strong>numeratur.</strong></span> <span class='ocrx_word' id='word_1_693' title='bbox 3249 3021 3362 3076; x_wconf 85' lang='lat' dir='ltr'><strong>Non</strong></span> <span class='ocrx_word' id='word_1_694' title='bbox 3389 3029 3565 3076; x_wconf 86' lang='lat' dir='ltr'><strong>autem</strong></span> 
     </span>
    </p>
   </div>
   <div class='ocr_carea' id='block_1_92' title="bbox 1994 3112 3565 3184">
    <p class='ocr_par' dir='ltr' id='par_1_92' title="bbox 1994 3112 3565 3184">
     <span class='ocr_line' id='line_1_92' title="bbox 1994 3112 3565 3184; baseline -0.001 -16"><span class='ocrx_word' id='word_1_695' title='bbox 1994 3116 2063 3168; x_wconf 90' lang='lat' dir='ltr'><strong>ibi</strong></span> <span class='ocrx_word' id='word_1_696' title='bbox 2093 3115 2313 3184; x_wconf 66' lang='lat' dir='ltr'><strong>quaestio</strong></span> <span class='ocrx_word' id='word_1_697' title='bbox 2341 3125 2421 3168; x_wconf 90' lang='lat' dir='ltr'><strong>est</strong></span> <span class='ocrx_word' id='word_1_698' title='bbox 2447 3124 2621 3168; x_wconf 89' lang='lat' dir='ltr'><strong>utrum</strong></span> <span class='ocrx_word' id='word_1_699' title='bbox 2650 3123 2704 3168; x_wconf 89' lang='lat' dir='ltr'><strong>ct</strong></span> <span class='ocrx_word' id='word_1_700' title='bbox 2733 3115 2831 3168; x_wconf 90' lang='lat' dir='ltr'><strong>hoc</strong></span> <span class='ocrx_word' id='word_1_701' title='bbox 2859 3113 2994 3166; x_wconf 89' lang='lat' dir='ltr'><strong>inter</strong></span> <span class='ocrx_word' id='word_1_702' title='bbox 3020 3112 3205 3166; x_wconf 81' lang='lat' dir='ltr'><strong>delicta</strong></span> <span class='ocrx_word' id='word_1_703' title='bbox 3230 3123 3565 3172; x_wconf 87' lang='lat' dir='ltr'><strong>numeretur.</strong></span> 
     </span>
    </p>
   </div>
   <div class='ocr_carea' id='block_1_93' title="bbox 1995 3202 3569 3272">
    <p class='ocr_par' dir='ltr' id='par_1_93' title="bbox 1995 3202 3569 3272">
     <span class='ocr_line' id='line_1_93' title="bbox 1995 3202 3569 3272; baseline -0.001 -14"><span class='ocrx_word' id='word_1_704' title='bbox 1995 3206 2087 3258; x_wconf 90' lang='lat' dir='ltr'><strong>sed</strong></span> <span class='ocrx_word' id='word_1_705' title='bbox 2122 3215 2294 3258; x_wconf 86' lang='lat' dir='ltr'><strong>utrum</strong></span> <span class='ocrx_word' id='word_1_706' title='bbox 2327 3203 2425 3257; x_wconf 89' lang='lat' dir='ltr'><strong>hoc</strong></span> <span class='ocrx_word' id='word_1_707' title='bbox 2454 3204 2525 3256; x_wconf 93' lang='lat' dir='ltr'><strong>illi</strong></span> <span class='ocrx_word' id='word_1_708' title='bbox 2557 3204 2749 3258; x_wconf 88' lang='lat' dir='ltr'><strong>delicto</strong></span> <span class='ocrx_word' id='word_1_709' title='bbox 2773 3203 3069 3271; x_wconf 71' lang='lat' dir='ltr'><strong>a‘qnalitate</strong></span> <span class='ocrx_word' id='word_1_710' title='bbox 3091 3202 3361 3272; x_wconf 87' lang='lat' dir='ltr'><strong>jungatur.</strong></span> <span class='ocrx_word' id='word_1_711' title='bbox 3393 3205 3498 3257; x_wconf 88' lang='lat' dir='ltr'><strong>Aut</strong></span> <span class='ocrx_word' id='word_1_712' title='bbox 3525 3205 3569 3256; x_wconf 90' lang='lat' dir='ltr'><strong>si</strong></span> 
     </span>
    </p>
   </div>
   <div class='ocr_carea' id='block_1_94' title="bbox 1995 3295 3570 3365">
    <p class='ocr_par' dir='ltr' id='par_1_94' title="bbox 1995 3295 3570 3365">
     <span class='ocr_line' id='line_1_94' title="bbox 1995 3295 3570 3365; baseline 0 -16"><span class='ocrx_word' id='word_1_713' title='bbox 1995 3305 2272 3364; x_wconf 90' lang='lat' dir='ltr'><strong>propterea</strong></span> <span class='ocrx_word' id='word_1_714' title='bbox 2295 3305 2417 3349; x_wconf 93' lang='lat' dir='ltr'><strong>sunt</strong></span> <span class='ocrx_word' id='word_1_715' title='bbox 2443 3297 2583 3365; x_wconf 89' lang='lat' dir='ltr'><strong>paria</strong></span> <span class='ocrx_word' id='word_1_716' title='bbox 2601 3335 2616 3361; x_wconf 94' lang='lat'><strong>,</strong></span> <span class='ocrx_word' id='word_1_717' title='bbox 2640 3295 2760 3364; x_wconf 91' lang='lat' dir='ltr'><strong>quia</strong></span> <span class='ocrx_word' id='word_1_718' title='bbox 2783 3305 3001 3364; x_wconf 91' lang='lat' dir='ltr'><strong>utraque</strong></span> <span class='ocrx_word' id='word_1_719' title='bbox 3021 3295 3206 3349; x_wconf 86' lang='lat' dir='ltr'><strong>delicta</strong></span> <span class='ocrx_word' id='word_1_720' title='bbox 3229 3304 3369 3360; x_wconf 90' lang='lat' dir='ltr'><strong>sunt,</strong></span> <span class='ocrx_word' id='word_1_721' title='bbox 3394 3312 3570 3350; x_wconf 86' lang='lat' dir='ltr'><strong>mures</strong></span> 
     </span>
    </p>
   </div>
   <div class='ocr_carea' id='block_1_95' title="bbox 1996 3388 3569 3457">
    <p class='ocr_par' dir='ltr' id='par_1_95' title="bbox 1996 3388 3569 3457">
     <span class='ocr_line' id='line_1_95' title="bbox 1996 3388 3569 3457; baseline -0.001 -15"><span class='ocrx_word' id='word_1_722' title='bbox 1996 3399 2049 3442; x_wconf 89' lang='lat' dir='ltr'><strong>et</strong></span> <span class='ocrx_word' id='word_1_723' title='bbox 2075 3389 2338 3457; x_wconf 86' lang='lat' dir='ltr'><strong>elephanti</strong></span> <span class='ocrx_word' id='word_1_724' title='bbox 2367 3403 2518 3457; x_wconf 78' lang='lat' dir='ltr'><strong>pares</strong></span> <span class='ocrx_word' id='word_1_725' title='bbox 2543 3395 2702 3443; x_wconf 88' lang='lat' dir='ltr'><strong>erunt</strong></span> <span class='ocrx_word' id='word_1_726' title='bbox 2721 3429 2733 3450; x_wconf 89' lang='lat'><strong>,</strong></span> <span class='ocrx_word' id='word_1_727' title='bbox 2757 3388 2880 3457; x_wconf 91' lang='lat' dir='ltr'><strong>quia</strong></span> <span class='ocrx_word' id='word_1_728' title='bbox 2906 3398 3123 3457; x_wconf 90' lang='lat' dir='ltr'><strong>utraque</strong></span> <span class='ocrx_word' id='word_1_729' title='bbox 3144 3397 3266 3442; x_wconf 85' lang='lat' dir='ltr'><strong>sunt</strong></span> <span class='ocrx_word' id='word_1_730' title='bbox 3288 3388 3531 3442; x_wconf 88' lang='lat' dir='ltr'><strong>animalia</strong></span> <span class='ocrx_word' id='word_1_731' title='bbox 3555 3405 3569 3450; x_wconf 91' lang='lat'><strong>;</strong></span> 
     </span>
    </p>
   </div>
   <div class='ocr_carea' id='block_1_96' title="bbox 1997 3478 3183 3547">
    <p class='ocr_par' dir='ltr' id='par_1_96' title="bbox 1997 3478 3183 3547">
     <span class='ocr_line' id='line_1_96' title="bbox 1997 3478 3183 3547; baseline -0.001 -15"><span class='ocrx_word' id='word_1_732' title='bbox 1997 3493 2194 3532; x_wconf 79' lang='lat' dir='ltr'><strong>muscae</strong></span> <span class='ocrx_word' id='word_1_733' title='bbox 2221 3488 2274 3532; x_wconf 90' lang='lat' dir='ltr'><strong>et</strong></span> <span class='ocrx_word' id='word_1_734' title='bbox 2300 3478 2488 3547; x_wconf 73' lang='lat' dir='ltr'><strong>aquila:</strong></span> <span class='ocrx_word' id='word_1_735' title='bbox 2507 3519 2522 3544; x_wconf 91' lang='lat'><strong>,</strong></span> <span class='ocrx_word' id='word_1_736' title='bbox 2550 3478 2670 3546; x_wconf 88' lang='lat' dir='ltr'><strong>quia</strong></span> <span class='ocrx_word' id='word_1_737' title='bbox 2693 3485 2914 3547; x_wconf 88' lang='lat' dir='ltr'><strong>utraque</strong></span> <span class='ocrx_word' id='word_1_738' title='bbox 2935 3478 3183 3532; x_wconf 88' lang='lat' dir='ltr'><strong>volatilia.</strong></span> 
     </span>
    </p>
   </div>
   <div class='ocr_carea' id='block_1_97' title="bbox 2068 3567 3574 3638">
    <p class='ocr_par' dir='ltr' id='par_1_97' title="bbox 2068 3567 3574 3638">
     <span class='ocr_line' id='line_1_97' title="bbox 2068 3567 3574 3638; baseline 0.001 -16"><span class='ocrx_word' id='word_1_739' title='bbox 2068 3569 2154 3623; x_wconf 79' lang='grc'><strong>15.</strong></span> <span class='ocrx_word' id='word_1_740' title='bbox 2195 3567 2381 3623; x_wconf 83' lang='lat' dir='ltr'><strong>Adhuc</strong></span> <span class='ocrx_word' id='word_1_741' title='bbox 2424 3569 2582 3622; x_wconf 88' lang='lat' dir='ltr'><strong>etiam</strong></span> <span class='ocrx_word' id='word_1_742' title='bbox 2627 3569 2957 3638; x_wconf 85' lang='lat' dir='ltr'><strong>progrederis</strong></span> <span class='ocrx_word' id='word_1_743' title='bbox 3008 3578 3061 3622; x_wconf 91' lang='lat' dir='ltr'><strong>et</strong></span> <span class='ocrx_word' id='word_1_744' title='bbox 3097 3569 3365 3638; x_wconf 87' lang='lat' dir='ltr'><strong>conjectas</strong></span> <span class='ocrx_word' id='word_1_745' title='bbox 3401 3568 3574 3624; x_wconf 85' lang='lat' dir='ltr'><strong>:Loca</strong></span> 
     </span>
    </p>
   </div>
   <div class='ocr_carea' id='block_1_98' title="bbox 1999 3657 3572 3730">
    <p class='ocr_par' dir='ltr' id='par_1_98' title="bbox 1999 3657 3572 3730">
     <span class='ocr_line' id='line_1_98' title="bbox 1999 3657 3572 3730; baseline 0.003 -20"><span class='ocrx_word' id='word_1_746' title='bbox 1999 3661 2213 3729; x_wconf 77' lang='lat' dir='ltr'><strong>profana</strong></span> <span class='ocrx_word' id='word_1_747' title='bbox 2243 3675 2482 3729; x_wconf 81' lang='lat' dir='ltr'><strong>sacraque</strong></span> <span class='ocrx_word' id='word_1_748' title='bbox 2505 3658 2722 3718; x_wconf 86' lang='lat' dir='ltr'><strong>violavit.</strong></span> <span class='ocrx_word' id='word_1_749' title='bbox 2751 3675 2852 3712; x_wconf 87' lang='lat' dir='ltr'><strong>non</strong></span> <span class='ocrx_word' id='word_1_750' title='bbox 2872 3668 2945 3712; x_wconf 84' lang='lat' dir='ltr'><strong>est</strong></span> <span class='ocrx_word' id='word_1_751' title='bbox 2975 3657 3035 3712; x_wconf 83' lang='lat' dir='ltr'><strong>ub</strong></span> <span class='ocrx_word' id='word_1_752' title='bbox 3067 3659 3379 3730; x_wconf 83' lang='lat' dir='ltr'><strong>indulgentia</strong></span> <span class='ocrx_word' id='word_1_753' title='bbox 3410 3677 3572 3715; x_wconf 82' lang='lat' dir='ltr'><strong>secer-</strong></span> 
     </span>
    </p>
   </div>
   <div class='ocr_carea' id='block_1_99' title="bbox 1999 3749 3577 3808">
    <p class='ocr_par' dir='ltr' id='par_1_99' title="bbox 1999 3749 3577 3808">
     <span class='ocr_line' id='line_1_99' title="bbox 1999 3749 3577 3808; baseline 0.003 -4"><span class='ocrx_word' id='word_1_754' title='bbox 1999 3750 2210 3804; x_wconf 81' lang='lat' dir='ltr'><strong>nendus.</strong></span> <span class='ocrx_word' id='word_1_755' title='bbox 2245 3750 2336 3804; x_wconf 91' lang='lat' dir='ltr'><strong>llic</strong></span> <span class='ocrx_word' id='word_1_756' title='bbox 2363 3765 2490 3805; x_wconf 91' lang='lat' dir='ltr'><strong>sane</strong></span> <span class='ocrx_word' id='word_1_757' title='bbox 2532 3749 2600 3805; x_wconf 91' lang='lat' dir='ltr'><strong>de</strong></span> <span class='ocrx_word' id='word_1_758' title='bbox 2641 3751 2850 3805; x_wconf 83' lang='lat' dir='ltr'><strong>violatis</strong></span> <span class='ocrx_word' id='word_1_759' title='bbox 2889 3752 3052 3805; x_wconf 86' lang='lat' dir='ltr'><strong>sacris</strong></span> <span class='ocrx_word' id='word_1_760' title='bbox 3082 3751 3212 3806; x_wconf 88' lang='lat' dir='ltr'><strong>locis</strong></span> <span class='ocrx_word' id='word_1_761' title='bbox 3259 3752 3325 3806; x_wconf 88' lang='lat' dir='ltr'><strong>ad</strong></span> <span class='ocrx_word' id='word_1_762' title='bbox 3377 3753 3577 3808; x_wconf 78' lang='lat' dir='ltr'><strong>facinus</strong></span> 
     </span>
    </p>
   </div>
   <div class='ocr_carea' id='block_1_100' title="bbox 2001 3842 3572 3912">
    <p class='ocr_par' dir='ltr' id='par_1_100' title="bbox 2001 3842 3572 3912">
     <span class='ocr_line' id='line_1_100' title="bbox 2001 3842 3572 3912; baseline 0.001 -16"><span class='ocrx_word' id='word_1_763' title='bbox 2001 3855 2206 3896; x_wconf 88' lang='lat' dir='ltr'><strong>tuorum</strong></span> <span class='ocrx_word' id='word_1_764' title='bbox 2224 3842 2415 3896; x_wconf 87' lang='lat' dir='ltr'><strong>civium</strong></span> <span class='ocrx_word' id='word_1_765' title='bbox 2449 3843 2728 3911; x_wconf 89' lang='lat' dir='ltr'><strong>pervenisti</strong></span> <span class='ocrx_word' id='word_1_766' title='bbox 2760 3860 2773 3896; x_wconf 88' lang='lat'><strong>:</strong></span> <span class='ocrx_word' id='word_1_767' title='bbox 2804 3858 2986 3897; x_wconf 86' lang='lat' dir='ltr'><strong>verum</strong></span> <span class='ocrx_word' id='word_1_768' title='bbox 3027 3843 3272 3898; x_wconf 90' lang='lat' dir='ltr'><strong>locutioni</strong></span> <span class='ocrx_word' id='word_1_769' title='bbox 3301 3845 3572 3912; x_wconf 89' lang='lat' dir='ltr'><strong>petulanti,</strong></span> 
     </span>
    </p>
   </div>
   <div class='ocr_carea' id='block_1_101' title="bbox 2002 3933 3578 4005">
    <p class='ocr_par' dir='ltr' id='par_1_101' title="bbox 2002 3933 3578 4005">
     <span class='ocr_line' id='line_1_101' title="bbox 2002 3933 3578 4005; baseline 0.001 -18"><span class='ocrx_word' id='word_1_770' title='bbox 2002 3949 2099 3989; x_wconf 89' lang='lat' dir='ltr'><strong>nec</strong></span> <span class='ocrx_word' id='word_1_771' title='bbox 2117 3944 2168 3988; x_wconf 92' lang='lat' dir='ltr'><strong>tu</strong></span> <span class='ocrx_word' id='word_1_772' title='bbox 2185 3933 2298 4003; x_wconf 87' lang='lat' dir='ltr'><strong>ipse</strong></span> <span class='ocrx_word' id='word_1_773' title='bbox 2314 3933 2627 4003; x_wconf 73' lang='lat' dir='ltr'><strong>coazquasti;</strong></span> <span class='ocrx_word' id='word_1_774' title='bbox 2648 3933 3006 3987; x_wconf 87' lang='lat' dir='ltr'><strong>tantummodo</strong></span> <span class='ocrx_word' id='word_1_775' title='bbox 3023 3935 3098 3988; x_wconf 90' lang='lat' dir='ltr'><strong>eis</strong></span> <span class='ocrx_word' id='word_1_776' title='bbox 3113 3935 3288 4005; x_wconf 89' lang='lat' dir='ltr'><strong>petisti</strong></span> <span class='ocrx_word' id='word_1_777' title='bbox 3309 3934 3578 4005; x_wconf 83' lang='lat' dir='ltr'><strong>indulgeu-</strong></span> 
     </span>
    </p>
   </div>
   <div class='ocr_carea' id='block_1_102' title="bbox 2004 4025 3627 4095">
    <p class='ocr_par' dir='ltr' id='par_1_102' title="bbox 2004 4025 3627 4095">
     <span class='ocr_line' id='line_1_102' title="bbox 2004 4025 3627 4095; baseline 0.001 -16"><span class='ocrx_word' id='word_1_778' title='bbox 2004 4027 2150 4092; x_wconf 87' lang='lat' dir='ltr'><strong>tiam,</strong></span> <span class='ocrx_word' id='word_1_779' title='bbox 2173 4043 2290 4095; x_wconf 78' lang='lat' dir='ltr'><strong>qua:</strong></span> <span class='ocrx_word' id='word_1_780' title='bbox 2315 4034 2459 4080; x_wconf 89' lang='lat' dir='ltr'><strong>recte</strong></span> <span class='ocrx_word' id='word_1_781' title='bbox 2487 4026 2678 4094; x_wconf 90' lang='lat' dir='ltr'><strong>petitur</strong></span> <span class='ocrx_word' id='word_1_782' title='bbox 2693 4041 2722 4079; x_wconf 88' lang='lat' dir='ltr'><strong>a</strong></span> <span class='ocrx_word' id='word_1_783' title='bbox 2739 4025 3049 4080; x_wconf 78' lang='lat' dir='ltr'><strong>Christianis</strong></span> <span class='ocrx_word' id='word_1_784' title='bbox 3064 4035 3279 4095; x_wconf 90' lang='lat' dir='ltr'><strong>propter</strong></span> <span class='ocrx_word' id='word_1_785' title='bbox 3299 4027 3574 4082; x_wconf 88' lang='lat' dir='ltr'><strong>abundan-</strong></span> <span class='ocrx_word' id='word_1_786' title='bbox 3623 4063 3627 4068; x_wconf 66' lang='grc' dir='ltr'><strong>ς</strong></span> 
     </span>
    </p>
   </div>
   <div class='ocr_carea' id='block_1_103' title="bbox 2005 4116 3576 4184">
    <p class='ocr_par' dir='ltr' id='par_1_103' title="bbox 2005 4116 3576 4184">
     <span class='ocr_line' id='line_1_103' title="bbox 2005 4116 3576 4184; baseline -0.001 -14"><span class='ocrx_word' id='word_1_787' title='bbox 2005 4127 2108 4170; x_wconf 73' lang='lat' dir='ltr'><strong>tem</strong></span> <span class='ocrx_word' id='word_1_788' title='bbox 2122 4116 2533 4180; x_wconf 87' lang='lat' dir='ltr'><strong>miserationem,</strong></span> <span class='ocrx_word' id='word_1_789' title='bbox 2549 4131 2652 4169; x_wconf 93' lang='lat' dir='ltr'><strong>non</strong></span> <span class='ocrx_word' id='word_1_790' title='bbox 2669 4125 2879 4184; x_wconf 90' lang='lat' dir='ltr'><strong>propter</strong></span> <span class='ocrx_word' id='word_1_791' title='bbox 2893 4125 3225 4184; x_wconf 89' lang='lat' dir='ltr'><strong>peccatorum</strong></span> <span class='ocrx_word' id='word_1_792' title='bbox 3239 4116 3576 4184; x_wconf 88' lang='lat' dir='ltr'><strong>parilitatem.</strong></span> 
     </span>
    </p>
   </div>
   <div class='ocr_carea' id='block_1_104' title="bbox 2009 4205 3574 4276">
    <p class='ocr_par' dir='ltr' id='par_1_104' title="bbox 2009 4205 3574 4276">
     <span class='ocr_line' id='line_1_104' title="bbox 2009 4205 3574 4276; baseline -0.001 -15"><span class='ocrx_word' id='word_1_793' title='bbox 2009 4206 2119 4276; x_wconf 85' lang='lat' dir='ltr'><strong>Ego</strong></span> <span class='ocrx_word' id='word_1_794' title='bbox 2163 4215 2336 4260; x_wconf 86' lang='lat' dir='ltr'><strong>autem</strong></span> <span class='ocrx_word' id='word_1_795' title='bbox 2367 4221 2523 4274; x_wconf 88' lang='lat' dir='ltr'><strong>supra</strong></span> <span class='ocrx_word' id='word_1_796' title='bbox 2554 4206 2702 4271; x_wconf 91' lang='lat' dir='ltr'><strong>posui</strong></span> <span class='ocrx_word' id='word_1_797' title='bbox 2729 4205 2983 4274; x_wconf 89' lang='lat' dir='ltr'><strong>scriptum</strong></span> <span class='ocrx_word' id='word_1_798' title='bbox 3013 4206 3062 4258; x_wconf 89' lang='lat' dir='ltr'><strong>in</strong></span> <span class='ocrx_word' id='word_1_799' title='bbox 3102 4205 3313 4260; x_wconf 90' lang='lat' dir='ltr'><strong>Litteris</strong></span> <span class='ocrx_word' id='word_1_800' title='bbox 3341 4207 3574 4260; x_wconf 87' lang='lat' dir='ltr'><strong>nostris:</strong></span> 
     </span>
    </p>
   </div>
   <div class='ocr_carea' id='block_1_105' title="bbox 2011 4294 3574 4367">
    <p class='ocr_par' dir='ltr' id='par_1_105' title="bbox 2011 4294 3574 4367">
     <span class='ocr_line' id='line_1_105' title="bbox 2011 4294 3574 4367; baseline -0.001 -17"><span class='ocrx_word' id='word_1_801' title='bbox 2011 4297 2265 4350; x_wconf 77' lang='lat' dir='ltr'><strong>Universa:</strong></span> <span class='ocrx_word' id='word_1_802' title='bbox 2279 4297 2369 4349; x_wconf 72' lang='lat' dir='ltr'><strong>via:</strong></span> <span class='ocrx_word' id='word_1_803' title='bbox 2389 4295 2594 4349; x_wconf 87' lang='lat' dir='ltr'><strong>Domini</strong></span> <span class='ocrx_word' id='word_1_804' title='bbox 2619 4295 2957 4349; x_wconf 72' lang='lat' dir='ltr'><strong>misericordia</strong></span> <span class='ocrx_word' id='word_1_805' title='bbox 2976 4305 3022 4349; x_wconf 90' lang='lat' dir='ltr'><strong>et</strong></span> <span class='ocrx_word' id='word_1_806' title='bbox 3037 4296 3214 4349; x_wconf 79' lang='lat' dir='ltr'><strong>veritas</strong></span> <span class='ocrx_word' id='word_1_807' title='bbox 3232 4294 3403 4367; x_wconf 82' lang='lat' dir='ltr'><strong>(Psal.</strong></span> <span class='ocrx_word' id='word_1_808' title='bbox 3425 4310 3574 4359; x_wconf 72' lang='lat' dir='ltr'><strong>xmv,</strong></span> 
     </span>
    </p>
   </div>
   <div class='ocr_carea' id='block_1_106' title="bbox 2007 4387 3581 4460">
    <p class='ocr_par' dir='ltr' id='par_1_106' title="bbox 2007 4387 3581 4460">
     <span class='ocr_line' id='line_1_106' title="bbox 2007 4387 3581 4460; baseline -0.001 -17"><span class='ocrx_word' id='word_1_809' title='bbox 2007 4389 2116 4460; x_wconf 85' lang='lat' dir='ltr'><strong>l0).</strong></span> <span class='ocrx_word' id='word_1_810' title='bbox 2136 4389 2534 4456; x_wconf 89' lang='lat' dir='ltr'><strong>Consequentur</strong></span> <span class='ocrx_word' id='word_1_811' title='bbox 2551 4387 2723 4456; x_wconf 89' lang='lat' dir='ltr'><strong>itaque</strong></span> <span class='ocrx_word' id='word_1_812' title='bbox 2740 4387 3173 4452; x_wconf 86' lang='lat' dir='ltr'><strong>miscricordiam,</strong></span> <span class='ocrx_word' id='word_1_813' title='bbox 3191 4389 3233 4440; x_wconf 93' lang='lat' dir='ltr'><strong>si</strong></span> <span class='ocrx_word' id='word_1_814' title='bbox 3253 4404 3356 4442; x_wconf 90' lang='lat' dir='ltr'><strong>non</strong></span> <span class='ocrx_word' id='word_1_815' title='bbox 3372 4388 3581 4443; x_wconf 86' lang='lat' dir='ltr'><strong>oderint</strong></span> 
     </span>
    </p>
   </div>
   <div class='ocr_carea' id='block_1_107' title="bbox 2006 4477 3582 4548">
    <p class='ocr_par' dir='ltr' id='par_1_107' title="bbox 2006 4477 3582 4548">
     <span class='ocr_line' id='line_1_107' title="bbox 2006 4477 3582 4548; baseline 0.001 -16"><span class='ocrx_word' id='word_1_816' title='bbox 2006 4482 2300 4534; x_wconf 88' lang='lat' dir='ltr'><strong>veritatem.</strong></span> <span class='ocrx_word' id='word_1_817' title='bbox 2325 4479 2451 4543; x_wconf 66' lang='lat' dir='ltr'><strong>Quae</strong></span> <span class='ocrx_word' id='word_1_818' title='bbox 2476 4494 2578 4530; x_wconf 90' lang='lat' dir='ltr'><strong>non</strong></span> <span class='ocrx_word' id='word_1_819' title='bbox 2605 4478 2753 4547; x_wconf 79' lang='lat' dir='ltr'><strong>quasi</strong></span> <span class='ocrx_word' id='word_1_820' title='bbox 2775 4494 2923 4547; x_wconf 66' lang='lat' dir='ltr'><strong>{eque</strong></span> <span class='ocrx_word' id='word_1_821' title='bbox 2940 4477 3294 4547; x_wconf 84' lang='lat' dir='ltr'><strong>peccantibus,</strong></span> <span class='ocrx_word' id='word_1_822' title='bbox 3327 4493 3390 4533; x_wconf 87' lang='lat' dir='ltr'><strong>ac</strong></span> <span class='ocrx_word' id='word_1_823' title='bbox 3417 4478 3461 4532; x_wconf 91' lang='lat' dir='ltr'><strong>si</strong></span> <span class='ocrx_word' id='word_1_824' title='bbox 3492 4494 3582 4548; x_wconf 87' lang='lat' dir='ltr'><strong>pe-</strong></span> 
     </span>
    </p>
   </div>
   <div class='ocr_carea' id='block_1_108' title="bbox 2009 4567 3635 4633">
    <p class='ocr_par' dir='ltr' id='par_1_108' title="bbox 2009 4567 3635 4633">
     <span class='ocr_line' id='line_1_108' title="bbox 2009 4567 3635 4633; baseline -0.002 -8"><span class='ocrx_word' id='word_1_825' title='bbox 2009 4571 2257 4626; x_wconf 89' lang='lat' dir='ltr'><strong>tulantius</strong></span> <span class='ocrx_word' id='word_1_826' title='bbox 2286 4569 2446 4624; x_wconf 90' lang='lat' dir='ltr'><strong>loculi</strong></span> <span class='ocrx_word' id='word_1_827' title='bbox 2474 4569 2610 4633; x_wconf 87' lang='lat' dir='ltr'><strong>sint;</strong></span> <span class='ocrx_word' id='word_1_828' title='bbox 2642 4569 2734 4622; x_wconf 86' lang='lat' dir='ltr'><strong>sed</strong></span> <span class='ocrx_word' id='word_1_829' title='bbox 2763 4567 2830 4623; x_wconf 89' lang='lat' dir='ltr'><strong>de</strong></span> <span class='ocrx_word' id='word_1_830' title='bbox 2863 4567 3064 4622; x_wconf 88' lang='lat' dir='ltr'><strong>scelere</strong></span> <span class='ocrx_word' id='word_1_831' title='bbox 3093 4567 3471 4622; x_wconf 78' lang='lat' dir='ltr'><strong>immanissima</strong></span> <span class='ocrx_word' id='word_1_832' title='bbox 3499 4579 3581 4622; x_wconf 82' lang='lat' dir='ltr'><strong>at—</strong></span> <span class='ocrx_word' id='word_1_833' title='bbox 3628 4602 3635 4615; x_wconf 73' lang='grc' dir='ltr'><strong>ι</strong></span> 
     </span>
    </p>
   </div>
   <div class='ocr_carea' id='block_1_109' title="bbox 2008 4657 3580 4732">
    <p class='ocr_par' dir='ltr' id='par_1_109' title="bbox 2008 4657 3580 4732">
     <span class='ocr_line' id='line_1_109' title="bbox 2008 4657 3580 4732; baseline 0.001 -19"><span class='ocrx_word' id='word_1_834' title='bbox 2008 4677 2110 4732; x_wconf 91' lang='lat' dir='ltr'><strong>que</strong></span> <span class='ocrx_word' id='word_1_835' title='bbox 2131 4661 2293 4729; x_wconf 90' lang='lat' dir='ltr'><strong>impio</strong></span> <span class='ocrx_word' id='word_1_836' title='bbox 2319 4668 2461 4714; x_wconf 87' lang='lat' dir='ltr'><strong>recte</strong></span> <span class='ocrx_word' id='word_1_837' title='bbox 2491 4659 2866 4728; x_wconf 54' lang='lat' dir='ltr'><strong>penitentibus</strong></span> <span class='ocrx_word' id='word_1_838' title='bbox 2890 4657 3176 4712; x_wconf 85' lang='lat' dir='ltr'><strong>christiano</strong></span> <span class='ocrx_word' id='word_1_839' title='bbox 3196 4658 3316 4728; x_wconf 86' lang='lat' dir='ltr'><strong>jure</strong></span> <span class='ocrx_word' id='word_1_840' title='bbox 3338 4658 3580 4714; x_wconf 88' lang='lat' dir='ltr'><strong>debetur.</strong></span> 
     </span>
    </p>
   </div>
   <div class='ocr_carea' id='block_1_110' title="bbox 2009 4748 3582 4819">
    <p class='ocr_par' dir='ltr' id='par_1_110' title="bbox 2009 4748 3582 4819">
     <span class='ocr_line' id='line_1_110' title="bbox 2009 4748 3582 4819; baseline -0.003 -14"><span class='ocrx_word' id='word_1_841' title='bbox 2009 4752 2090 4806; x_wconf 85' lang='lat' dir='ltr'><strong>Tu</strong></span> <span class='ocrx_word' id='word_1_842' title='bbox 2126 4766 2273 4815; x_wconf 90' lang='lat' dir='ltr'><strong>vero,</strong></span> <span class='ocrx_word' id='word_1_843' title='bbox 2314 4750 2394 4803; x_wconf 87' lang='lat' dir='ltr'><strong>vir</strong></span> <span class='ocrx_word' id='word_1_844' title='bbox 2436 4750 2623 4803; x_wconf 88' lang='lat' dir='ltr'><strong>merito</strong></span> <span class='ocrx_word' id='word_1_845' title='bbox 2675 4748 2969 4813; x_wconf 87' lang='lat' dir='ltr'><strong>laudabilis,</strong></span> <span class='ocrx_word' id='word_1_846' title='bbox 3000 4765 3065 4802; x_wconf 89' lang='lat' dir='ltr'><strong>ne</strong></span> <span class='ocrx_word' id='word_1_847' title='bbox 3090 4765 3269 4818; x_wconf 78' lang='lat' dir='ltr'><strong>qmeso</strong></span> <span class='ocrx_word' id='word_1_848' title='bbox 3299 4749 3395 4803; x_wconf 89' lang='lat' dir='ltr'><strong>ista</strong></span> <span class='ocrx_word' id='word_1_849' title='bbox 3425 4765 3582 4819; x_wconf 84' lang='lat' dir='ltr'><strong>para-</strong></span> 
     </span>
    </p>
   </div>
   <div class='ocr_carea' id='block_1_111' title="bbox 2010 4837 3581 4907">
    <p class='ocr_par' dir='ltr' id='par_1_111' title="bbox 2010 4837 3581 4907">
     <span class='ocr_line' id='line_1_111' title="bbox 2010 4837 3581 4907; baseline -0.002 -12"><span class='ocrx_word' id='word_1_850' title='bbox 2010 4841 2145 4895; x_wconf 78' lang='lat' dir='ltr'><strong>doxa</strong></span> <span class='ocrx_word' id='word_1_851' title='bbox 2185 4840 2482 4894; x_wconf 90' lang='lat' dir='ltr'><strong>Stoicorum</strong></span> <span class='ocrx_word' id='word_1_852' title='bbox 2527 4837 2777 4892; x_wconf 71' lang='lat' dir='ltr'><strong>sectanda</strong></span> <span class='ocrx_word' id='word_1_853' title='bbox 2808 4838 2999 4893; x_wconf 87' lang='lat' dir='ltr'><strong>doceas</strong></span> <span class='ocrx_word' id='word_1_854' title='bbox 3039 4839 3366 4892; x_wconf 76' lang='lat' dir='ltr'><strong>Paradoxum</strong></span> <span class='ocrx_word' id='word_1_855' title='bbox 3411 4848 3581 4907; x_wconf 91' lang='lat' dir='ltr'><strong>tuum,</strong></span> 
     </span>
    </p>
   </div>
   <div class='ocr_carea' id='block_1_112' title="bbox 2012 4929 3581 5001">
    <p class='ocr_par' dir='ltr' id='par_1_112' title="bbox 2012 4929 3581 5001">
     <span class='ocr_line' id='line_1_112' title="bbox 2012 4929 3581 5001; baseline -0.001 -17"><span class='ocrx_word' id='word_1_856' title='bbox 2012 4948 2166 5001; x_wconf 91' lang='lat' dir='ltr'><strong>quem</strong></span> <span class='ocrx_word' id='word_1_857' title='bbox 2198 4931 2290 4985; x_wconf 90' lang='lat' dir='ltr'><strong>tibi</strong></span> <span class='ocrx_word' id='word_1_858' title='bbox 2326 4941 2567 4998; x_wconf 81' lang='lat' dir='ltr'><strong>Optamus</strong></span> <span class='ocrx_word' id='word_1_859' title='bbox 2598 4945 2721 4984; x_wconf 90' lang='lat' dir='ltr'><strong>vera</strong></span> <span class='ocrx_word' id='word_1_860' title='bbox 2756 4930 2950 5000; x_wconf 87' lang='lat' dir='ltr'><strong>pietate</strong></span> <span class='ocrx_word' id='word_1_861' title='bbox 2974 4944 3037 4984; x_wconf 84' lang='lat' dir='ltr'><strong>ac</strong></span> <span class='ocrx_word' id='word_1_862' title='bbox 3071 4929 3314 4984; x_wconf 84' lang='lat' dir='ltr'><strong>felicitate</strong></span> <span class='ocrx_word' id='word_1_863' title='bbox 3352 4930 3581 4999; x_wconf 85' lang='lat' dir='ltr'><strong>grande-</strong></span> 
     </span>
    </p>
   </div>
   <div class='ocr_carea' id='block_1_113' title="bbox 2013 5017 3581 5092">
    <p class='ocr_par' dir='ltr' id='par_1_113' title="bbox 2013 5017 3581 5092">
     <span class='ocr_line' id='line_1_113' title="bbox 2013 5017 3581 5092; baseline -0.002 -14"><span class='ocrx_word' id='word_1_864' title='bbox 2013 5041 2181 5078; x_wconf 89' lang='lat' dir='ltr'><strong>scere.</strong></span> <span class='ocrx_word' id='word_1_865' title='bbox 2212 5023 2342 5077; x_wconf 85' lang='lat' dir='ltr'><strong>Nam</strong></span> <span class='ocrx_word' id='word_1_866' title='bbox 2373 5021 2496 5092; x_wconf 88' lang='lat' dir='ltr'><strong>quid</strong></span> <span class='ocrx_word' id='word_1_867' title='bbox 2516 5017 3122 5091; x_wconf 81' lang='lat' dir='ltr'><strong>generOsnsadolescens</strong></span> <span class='ocrx_word' id='word_1_868' title='bbox 3137 5021 3581 5091; x_wconf 86' lang='lat' dir='ltr'><strong>sapereiuiquins,</strong></span> 
     </span>
    </p>
   </div>
   <div class='ocr_carea' id='block_1_114' title="bbox 2013 5114 3584 5184">
    <p class='ocr_par' dir='ltr' id='par_1_114' title="bbox 2013 5114 3584 5184">
     <span class='ocr_line' id='line_1_114' title="bbox 2013 5114 3584 5184; baseline 0 -14"><span class='ocrx_word' id='word_1_869' title='bbox 2013 5127 2064 5170; x_wconf 88' lang='lat' dir='ltr'><strong>et</strong></span> <span class='ocrx_word' id='word_1_870' title='bbox 2094 5115 2184 5169; x_wconf 91' lang='lat' dir='ltr'><strong>tibi</strong></span> <span class='ocrx_word' id='word_1_871' title='bbox 2215 5115 2312 5183; x_wconf 90' lang='lat' dir='ltr'><strong>ipsi</strong></span> <span class='ocrx_word' id='word_1_872' title='bbox 2343 5114 2684 5184; x_wconf 83' lang='lat' dir='ltr'><strong>periculosius</strong></span> <span class='ocrx_word' id='word_1_873' title='bbox 2729 5124 2918 5180; x_wconf 83' lang='lat' dir='ltr'><strong>potest,</strong></span> <span class='ocrx_word' id='word_1_874' title='bbox 2967 5129 3122 5184; x_wconf 89' lang='lat' dir='ltr'><strong>quam</strong></span> <span class='ocrx_word' id='word_1_875' title='bbox 3161 5115 3206 5168; x_wconf 94' lang='lat' dir='ltr'><strong>si</strong></span> <span class='ocrx_word' id='word_1_876' title='bbox 3243 5115 3480 5168; x_wconf 89' lang='lat' dir='ltr'><strong>convicio</strong></span> <span class='ocrx_word' id='word_1_877' title='bbox 3533 5116 3584 5171; x_wconf 92' lang='lat' dir='ltr'><strong>in</strong></span> 
     </span>
    </p>
   </div>
   <div class='ocr_carea' id='block_1_115' title="bbox 2013 5206 3584 5279">
    <p class='ocr_par' dir='ltr' id='par_1_115' title="bbox 2013 5206 3584 5279">
     <span class='ocr_line' id='line_1_115' title="bbox 2013 5206 3584 5279; baseline 0.002 -18"><span class='ocrx_word' id='word_1_878' title='bbox 2013 5209 2295 5279; x_wconf 88' lang='lat' dir='ltr'><strong>quemlibet</strong></span> <span class='ocrx_word' id='word_1_879' title='bbox 2321 5219 2625 5262; x_wconf 80' lang='lat' dir='ltr'><strong>extraneum</strong></span> <span class='ocrx_word' id='word_1_880' title='bbox 2653 5206 2902 5275; x_wconf 85' lang='lat' dir='ltr'><strong>jaculato,</strong></span> <span class='ocrx_word' id='word_1_881' title='bbox 2936 5223 3039 5262; x_wconf 90' lang='lat' dir='ltr'><strong>non</strong></span> <span class='ocrx_word' id='word_1_882' title='bbox 3067 5208 3186 5263; x_wconf 89' lang='lat' dir='ltr'><strong>dico</strong></span> <span class='ocrx_word' id='word_1_883' title='bbox 3226 5209 3584 5278; x_wconf 87' lang='lat' dir='ltr'><strong>parricidium,</strong></span> 
     </span>
    </p>
   </div>
   <div class='ocr_carea' id='block_1_116' title="bbox 2015 5299 3330 5371">
    <p class='ocr_par' dir='ltr' id='par_1_116' title="bbox 2015 5299 3330 5371">
     <span class='ocr_line' id='line_1_116' title="bbox 2015 5299 3330 5371; baseline -0.002 -13"><span class='ocrx_word' id='word_1_884' title='bbox 2015 5302 2106 5357; x_wconf 89' lang='lat' dir='ltr'><strong>sed</strong></span> <span class='ocrx_word' id='word_1_885' title='bbox 2129 5301 2298 5371; x_wconf 88' lang='lat' dir='ltr'><strong>ipsum</strong></span> <span class='ocrx_word' id='word_1_886' title='bbox 2329 5301 2379 5354; x_wconf 90' lang='lat' dir='ltr'><strong>in</strong></span> <span class='ocrx_word' id='word_1_887' title='bbox 2405 5308 2603 5368; x_wconf 88' lang='lat' dir='ltr'><strong>patrem</strong></span> <span class='ocrx_word' id='word_1_888' title='bbox 2620 5299 2911 5353; x_wconf 79' lang='lat' dir='ltr'><strong>convicium</strong></span> <span class='ocrx_word' id='word_1_889' title='bbox 2941 5302 3330 5371; x_wconf 69' lang='lat' dir='ltr'><strong>comquaverit?</strong></span> 
     </span>
    </p>
   </div>
   <div class='ocr_carea' id='block_1_117' title="bbox 2087 5389 3589 5461">
    <p class='ocr_par' dir='ltr' id='par_1_117' title="bbox 2087 5389 3589 5461">
     <span class='ocr_line' id='line_1_117' title="bbox 2087 5389 3589 5461; baseline 0.001 -15"><span class='ocrx_word' id='word_1_890' title='bbox 2087 5394 2171 5448; x_wconf 82' lang='grc'><strong>16.</strong></span> <span class='ocrx_word' id='word_1_891' title='bbox 2200 5389 2586 5447; x_wconf 87' lang='lat' dir='ltr'><strong>Convenientcr</strong></span> <span class='ocrx_word' id='word_1_892' title='bbox 2629 5390 2802 5459; x_wconf 90' lang='lat' dir='ltr'><strong>itaque</strong></span> <span class='ocrx_word' id='word_1_893' title='bbox 2837 5390 2974 5460; x_wconf 88' lang='lat' dir='ltr'><strong>apud</strong></span> <span class='ocrx_word' id='word_1_894' title='bbox 3013 5407 3111 5446; x_wconf 92' lang='lat' dir='ltr'><strong>nos</strong></span> <span class='ocrx_word' id='word_1_895' title='bbox 3141 5408 3234 5461; x_wconf 88' lang='lat' dir='ltr'><strong>pro</strong></span> <span class='ocrx_word' id='word_1_896' title='bbox 3261 5393 3460 5448; x_wconf 88' lang='lat' dir='ltr'><strong>civibus</strong></span> <span class='ocrx_word' id='word_1_897' title='bbox 3489 5395 3589 5447; x_wconf 89' lang='lat' dir='ltr'><strong>luis</strong></span> 
     </span>
    </p>
   </div>
   <div class='ocr_carea' id='block_1_118' title="bbox 2015 5482 3588 5556">
    <p class='ocr_par' dir='ltr' id='par_1_118' title="bbox 2015 5482 3588 5556">
     <span class='ocr_line' id='line_1_118' title="bbox 2015 5482 3588 5556; baseline 0.002 -17"><span class='ocrx_word' id='word_1_898' title='bbox 2015 5486 2147 5555; x_wconf 87' lang='lat' dir='ltr'><strong>agis,</strong></span> <span class='ocrx_word' id='word_1_899' title='bbox 2195 5482 2482 5555; x_wconf 88' lang='lat' dir='ltr'><strong>ingerendo</strong></span> <span class='ocrx_word' id='word_1_900' title='bbox 2530 5482 2681 5538; x_wconf 91' lang='lat' dir='ltr'><strong>nobis</strong></span> <span class='ocrx_word' id='word_1_901' title='bbox 2711 5484 3122 5539; x_wconf 85' lang='lat' dir='ltr'><strong>misericordiam</strong></span> <span class='ocrx_word' id='word_1_902' title='bbox 3148 5484 3588 5556; x_wconf 87' lang='lat' dir='ltr'><strong>Christianorum,</strong></span> 
     </span>
    </p>
   </div>
   <div class='ocr_carea' id='block_1_119' title="bbox 2017 5574 3587 5650">
    <p class='ocr_par' dir='ltr' id='par_1_119' title="bbox 2017 5574 3587 5650">
     <span class='ocr_line' id='line_1_119' title="bbox 2017 5574 3587 5650; baseline 0.003 -20"><span class='ocrx_word' id='word_1_903' title='bbox 2017 5593 2119 5631; x_wconf 89' lang='lat' dir='ltr'><strong>non</strong></span> <span class='ocrx_word' id='word_1_904' title='bbox 2169 5575 2414 5629; x_wconf 88' lang='lat' dir='ltr'><strong>duritiam</strong></span> <span class='ocrx_word' id='word_1_905' title='bbox 2443 5574 2738 5628; x_wconf 88' lang='lat' dir='ltr'><strong>Stoicorum</strong></span> <span class='ocrx_word' id='word_1_906' title='bbox 2769 5592 2782 5626; x_wconf 87' lang='lat'>:</span> <span class='ocrx_word' id='word_1_907' title='bbox 2811 5590 2931 5644; x_wconf 76' lang='lat' dir='ltr'><strong>qua:</strong></span> <span class='ocrx_word' id='word_1_908' title='bbox 2965 5591 3138 5630; x_wconf 60' lang='lat' dir='ltr'><strong>causae</strong></span> <span class='ocrx_word' id='word_1_909' title='bbox 3164 5593 3193 5630; x_wconf 89' lang='lat' dir='ltr'><strong>a</strong></span> <span class='ocrx_word' id='word_1_910' title='bbox 3224 5585 3274 5631; x_wconf 92' lang='lat' dir='ltr'><strong>te</strong></span> <span class='ocrx_word' id='word_1_911' title='bbox 3311 5589 3587 5650; x_wconf 80' lang='lat' dir='ltr'><strong>susceptae,</strong></span> 
     </span>
    </p>
   </div>
   <div class='ocr_carea' id='block_1_120' title="bbox 2019 5667 3628 5738">
    <p class='ocr_par' dir='ltr' id='par_1_120' title="bbox 2019 5667 3628 5738">
     <span class='ocr_line' id='line_1_120' title="bbox 2019 5667 3628 5738; baseline 0.002 -14"><span class='ocrx_word' id='word_1_912' title='bbox 2019 5687 2120 5724; x_wconf 90' lang='lat' dir='ltr'><strong>non</strong></span> <span class='ocrx_word' id='word_1_913' title='bbox 2138 5668 2296 5723; x_wconf 91' lang='lat' dir='ltr'><strong>modo</strong></span> <span class='ocrx_word' id='word_1_914' title='bbox 2327 5669 2450 5723; x_wconf 89' lang='lat' dir='ltr'><strong>nihil</strong></span> <span class='ocrx_word' id='word_1_915' title='bbox 2487 5667 2813 5738; x_wconf 76' lang='lat' dir='ltr'><strong>suffragatur,</strong></span> <span class='ocrx_word' id='word_1_916' title='bbox 2845 5683 3026 5722; x_wconf 86' lang='lat' dir='ltr'><strong>verum</strong></span> <span class='ocrx_word' id='word_1_917' title='bbox 3056 5669 3212 5725; x_wconf 87' lang='lat' dir='ltr'><strong>etiam</strong></span> <span class='ocrx_word' id='word_1_918' title='bbox 3251 5671 3473 5726; x_wconf 90' lang='lat' dir='ltr'><strong>multum</strong></span> <span class='ocrx_word' id='word_1_919' title='bbox 3500 5673 3583 5727; x_wconf 87' lang='lat' dir='ltr'><strong>ad-</strong></span> <span class='ocrx_word' id='word_1_920' title='bbox 3622 5699 3628 5705; x_wconf 88' lang='lat'><strong>-</strong></span> 
     </span>
    </p>
   </div>
   <div class='ocr_carea' id='block_1_121' title="bbox 2019 5760 3584 5832">
    <p class='ocr_par' dir='ltr' id='par_1_121' title="bbox 2019 5760 3584 5832">
     <span class='ocr_line' id='line_1_121' title="bbox 2019 5760 3584 5832; baseline -0.002 -14"><span class='ocrx_word' id='word_1_921' title='bbox 2019 5773 2277 5820; x_wconf 87' lang='lat' dir='ltr'><strong>versatur.</strong></span> <span class='ocrx_word' id='word_1_922' title='bbox 2299 5763 2429 5818; x_wconf 84' lang='lat' dir='ltr'><strong>Nam</strong></span> <span class='ocrx_word' id='word_1_923' title='bbox 2453 5763 2618 5832; x_wconf 85' lang='lat' dir='ltr'><strong>ipsam</strong></span> <span class='ocrx_word' id='word_1_924' title='bbox 2646 5760 3080 5826; x_wconf 70' lang='lat' dir='ltr'><strong>misericordiam,</strong></span> <span class='ocrx_word' id='word_1_925' title='bbox 3109 5778 3264 5831; x_wconf 91' lang='lat' dir='ltr'><strong>quam</strong></span> <span class='ocrx_word' id='word_1_926' title='bbox 3297 5764 3338 5818; x_wconf 89' lang='lat' dir='ltr'><strong>si</strong></span> <span class='ocrx_word' id='word_1_927' title='bbox 3368 5781 3471 5819; x_wconf 88' lang='lat' dir='ltr'><strong>non</strong></span> <span class='ocrx_word' id='word_1_928' title='bbox 3493 5764 3584 5819; x_wconf 75' lang='lat' dir='ltr'><strong>ha-</strong></span> 
     </span>
    </p>
   </div>
   <div class='ocr_carea' id='block_1_122' title="bbox 2941 5859 3247 5932">
    <p class='ocr_par' dir='ltr' id='par_1_122' title="bbox 2941 5859 3247 5932">
     <span class='ocr_line' id='line_1_122' title="bbox 2941 5859 3247 5932; baseline 0.007 -18"><span class='ocrx_word' id='word_1_929' title='bbox 2941 5859 3247 5932; x_wconf 61' lang='lat' dir='ltr'><strong>(Trcich</strong></span> 
     </span>
    </p>
   </div>
  </div>
