4014 6338
417 500 659 559 beamus,
697 493 839 551 nulla
873 501 961 548 tua
1000 489 1277 561 petitione,
1317 484 1477 541 nullis
1512 482 1722 539 illorum
1762 478 2011 551 precibus

419 588 561 643 flecti
591 586 905 657 poterimus,
934 583 985 637 in
1007 580 1137 636 vitio
1156 577 1319 635 Stoici
1350 582 1573 647 ponunt,
1606 585 1831 642 eamque
1868 585 1896 623 a
1926 583 2012 624 sa-

416 678 613 749 pientis
652 676 832 731 animo
875 673 1088 743 penitus
1127 669 1421 740 expellunt,
1465 681 1623 737 quem
1665 677 1883 735 prorsus
1908 662 2009 715 fcr-

419 782 567 822 reum
591 775 647 823 et
668 765 1010 821 inﬂexibilem
1040 762 1242 817 volunt.
1275 758 1463 814 Melius
1497 757 1679 826 itaque
1703 754 1792 809 tibi
1821 767 2013 809 occur!

418 868 561 913 reret
588 858 657 914 de
678 867 767 912 tuo
795 856 1053 912 Cicerone
1081 850 1221 923 quod
1248 850 1477 912 diceres.
1499 848 1588 919 qui
1613 844 1877 902 Caesarem
1908 843 2012 896 lau-

326 956 331 965 ’
419 951 588 1004 dans:
615 946 800 1011 Nulla,
828 945 1017 1016 inquit,
1041 945 1105 998 de
1125 940 1388 996 virtutibus
1414 940 1513 993 tuis
1541 935 1913 1001 admirabilior,
1933 932 2011 988 uel

417 1044 612 1117 gratior
633 1038 973 1096 misericordia
994 1047 1065 1091 est
1092 1034 1266 1103 (Orat.
1295 1050 1389 1105 pro
1419 1033 1482 1099 ρ.
1519 1026 1769 1101 Ligario).
1800 1028 2014 1094 Quanto

419 1136 587 1206 magis
606 1134 763 1189 debet
789 1147 851 1187 ea
875 1133 925 1184 in
953 1128 1202 1183 Ecclesiis
1230 1126 1537 1196 prmvalere,
1552 1120 1763 1194 quando
1778 1132 1902 1172 eum
1920 1130 2010 1172 se-

416 1236 654 1299 quuntur
671 1226 758 1296 qui
773 1223 928 1289 dixit,
949 1221 1060 1292 Ego
1078 1236 1187 1274 sum
1204 1217 1475 1289 vianan.
1496 1229 1612 1280 xw,
1631 1212 1719 1284 6);
1739 1220 1794 1265 ct
1809 1210 2010 1280 legunt,

422 1320 682 1379 Universa:
707 1320 800 1374 vite
822 1315 1029 1372 Domini
1063 1309 1405 1367 misericordia
1429 1317 1477 1363 et
1502 1306 1699 1361 veritas.
1729 1302 1848 1359 Noli
1883 1315 2010 1371 ergo

418 1425 657 1470 metuere
686 1408 1054 1467 innocentibus
1078 1420 1146 1460 ne
1184 1402 1462 1457 moliamur
1496 1398 1735 1461 exitium,
1775 1394 1865 1466 qui
1913 1405 2011 1448 nec

416 1514 673 1561 nocentes
700 1502 943 1557 volumus
980 1499 1045 1553 ad
1089 1497 1304 1568 dignum
1342 1492 1654 1562 supplicium
1694 1488 2005 1560 pervenire;

416 1596 733 1669 prohibente
755 1610 853 1649 nos
879 1593 967 1647 illa
997 1587 1360 1646 misericordia
1387 1601 1542 1657 quam
1562 1585 1613 1638 in
1651 1583 1865 1637 Christo
1888 1595 2009 1635 cum

416 1687 640 1743 veritate
669 1684 955 1755 diligimus.
1001 1680 1112 1737 Sed
1131 1680 1222 1750 qui
1248 1678 1393 1732 vitiis
1430 1674 1724 1731 nutriendis
1760 1672 1929 1742 parcit
1957 1678 2011 1725 et

416 1779 580 1839 fovet.
609 1793 676 1832 ne
702 1776 979 1831 contristet
1013 1771 1342 1843 peccantium
1384 1768 1730 1830 voluntatem,
1766 1773 1869 1819 tam
1902 1778 2009 1817 non

419 1879 504 1926 est
555 1868 855 1924 misericors
907 1880 1065 1935 quam
1112 1863 1200 1934 qui
1242 1877 1347 1916 non
1389 1860 1506 1914 vult
1543 1859 1769 1913 cultrum
1824 1870 2011 1924 rapere

418 1975 605 2031 puero,
631 1975 699 2014 ne
725 1958 901 2013 audiat
927 1957 1244 2026 plorantem,
1274 1962 1327 2007 et
1350 1967 1456 2005 non
1487 1950 1635 2004 timct
1668 1963 1737 2003 ne
1765 1947 2012 2001 vulnera-

416 2063 533 2108 tum
572 2052 750 2107 doleat
790 2051 877 2106 vel
928 2048 1267 2104 exstinctum.
1297 2044 1459 2100 Serva
1501 2056 1629 2112 ergo
1656 2039 1879 2110 tempori
1909 2052 2008 2107 op-

419 2154 647 2215 portuno
670 2140 810 2213 quod
845 2138 985 2210 apud
1026 2152 1126 2192 nos
1163 2150 1308 2205 agas,
1333 2148 1428 2203 pro
1474 2132 1554 2186 his
1604 2129 1924 2194 hominibus,
1957 2127 2009 2180 in

419 2250 643 2305 quorum
670 2231 951 2287 dilectione
970 2229 1058 2301 (da
1086 2226 1439 2294 veniam)non
1468 2223 1638 2278 solum
1667 2236 1764 2276 nos
1790 2220 2011 2275 minime

419 2323 701 2394 praecedis,
727 2322 821 2377 sed
858 2336 957 2376 nec
986 2319 1158 2374 adhuc
1182 2316 1450 2387 sequeris;
1481 2322 1535 2369 et
1559 2313 1795 2368 rescribe
1838 2311 2011 2382 potius

421 2414 547 2486 quid
571 2423 623 2470 te
648 2414 714 2470 de
739 2415 841 2469 hac
873 2413 959 2467 via
981 2417 1196 2466 moveat
1222 2422 1380 2478 quam
1413 2415 1684 2471 tenemus,
1719 2411 1774 2458 et
1818 2402 1869 2457 in
1907 2416 2011 2472 qua

420 2505 698 2562 nobiscum
722 2503 790 2559 ad
806 2516 1091 2574 supernam
1120 2499 1363 2570 patriam,
1396 2505 1565 2567 quate
1585 2492 1837 2549 delectari
1864 2493 2014 2548 novi-

421 2611 544 2652 mus
567 2604 623 2652 et
645 2595 958 2667 gaudemus,
990 2600 1048 2646 ut
1072 2588 1327 2661 gradiaris
1359 2589 1636 2642 instamus.

496 2689 585 2745 17.
607 2687 765 2742 Cives
790 2694 965 2740 autem
994 2682 1222 2738 carnalis
1252 2680 1433 2751 patria:
1459 2688 1579 2743 tum,
1617 2678 1716 2733 etsi
1754 2693 1860 2733 non
1896 2692 2012 2732 om-

422 2795 540 2848 nes,
572 2779 667 2836 sed
690 2779 947 2850 quosdam
970 2777 1280 2831 innocentes
1307 2771 1519 2842 quidem
1550 2769 1758 2835 dixisti;
1796 2785 2011 2824 verum-

424 2881 629 2941 tamen,
652 2871 799 2943 quod
821 2872 1020 2926 relecta
1045 2868 1133 2923 illa
1147 2866 1369 2936 epistola
1391 2879 1506 2919 mea
1526 2862 1691 2919 debes
1706 2861 2009 2929 advertere,

423 2981 531 3021 non
560 2963 864 3021 defendisti.
898 2961 1137 3030 Quorum
1173 2974 1278 3015 non
1325 2956 1509 3025 ﬂores,
1545 2956 1639 3010 sed
1688 2954 1869 3025 spinas
1914 2968 2016 3009 nos

424 3059 659 3113 sensisse
684 3072 803 3111 cum
832 3056 1086 3115 dicerem,
1112 3049 1442 3122 respondens
1465 3048 1531 3103 ad
1550 3046 1683 3103 illud
1704 3047 1845 3119 quod
1874 3046 2011 3103 scri-

425 3163 630 3219 pseras,
649 3147 926 3203 ﬂorentem
957 3154 1009 3199 te
1034 3158 1229 3214 cupere
1251 3140 1474 3213 patriam
1503 3139 1821 3219 relinquere,
1843 3138 2011 3209 jocari

428 3214 515 3293 ine
542 3238 761 3308 putasti.
788 3236 900 3291 Hoc
928 3235 1130 3290 scilicet
1156 3234 1208 3288 in
1239 3233 1392 3288 malis
1418 3214 1802 3287 tantislibeatl
1834 3230 1905 3285 ita
1930 3238 2013 3285 est

426 3345 667 3400 prorsus.
697 3329 922 3384 Fumant
942 3327 1114 3382 adhuc
1142 3327 1309 3380 ruinae
1337 3325 1568 3385 incensae
1587 3323 1849 3389 ecclesiae,
1879 3331 1934 3379 et
1959 3323 2011 3378 in

428 3434 495 3478 ea
518 3434 677 3475 causa
700 3434 797 3473 nos
818 3417 1092 3488 jocamuri
1128 3417 1191 3472 Et
1223 3430 1327 3484 ego
1344 3416 1555 3487 quidem
1586 3416 1825 3486 quamvis
1855 3416 2012 3470 inno-

429 3517 612 3563 centes
653 3508 758 3562 illic
783 3508 910 3562 mihi
941 3524 1046 3561 non
1072 3518 1432 3571 occurrerent,
1464 3507 1562 3560 nisi
1589 3508 1677 3577 qui
1704 3516 1795 3561 aut
1822 3507 2013 3562 absen-

432 3605 513 3652 tes
540 3594 772 3661 l’uerunt,
796 3605 886 3650 aut
914 3597 1051 3650 mala
1079 3597 1161 3651 illa
1190 3596 1425 3666 perpessi
1454 3605 1597 3658 sunt,
1629 3607 1722 3650 aut
1759 3596 1916 3651 nultis
1944 3598 2009 3651 ad

429 3688 820 3759 prohibendum
848 3688 1049 3742 viribus
1067 3686 1149 3741 vel
1179 3689 1492 3742 auctoritate
1519 3687 1815 3752 valuerunt,
1838 3698 2011 3742 tamen

429 3780 771 3836 nocentiores
784 3794 815 3833 a
837 3779 1008 3832 minus
1022 3778 1336 3831 nocentibus
1349 3779 1399 3831 in
1423 3777 2009 3843 rescribendodistinxi,

429 3870 697 3939 aliamque
721 3883 937 3924 causam
965 3868 1113 3938 posui
1141 3882 1322 3921 eorum
1351 3868 1435 3938 qui
1462 3868 1756 3923 timuerunt
1780 3868 2015 3926 oti‘ende-

432 3976 491 4017 re
519 3969 761 4030 potentes
794 3959 1039 4015 inimicos
1068 3958 1337 4023 Ecclesim,
1386 3959 1542 4012 aliam
1570 3974 1753 4014 eorum
1780 3961 1871 4030 qui
1911 3961 2014 4017 hoc

429 4054 693 4108 committi
735 4053 1059 4107 voluerunt:
1086 4052 1241 4105 aliam
1285 4066 1473 4107 eorum
1498 4052 1587 4121 qui
1608 4053 2009 4121 commiserunt,

427 4145 586 4198 aliam
623 4158 809 4199 eorum
830 4145 919 4213 qui
951 4143 1315 4208 immiserunt;
1348 4141 1481 4196 nihii
1502 4142 1583 4212 agi
1612 4143 1682 4197 de
1702 4141 2015 4197 imm'ssori-

429 4234 530 4289 bus
572 4235 778 4301 volens,
829 4234 949 4303 quia
976 4234 1081 4289 hoc
1107 4234 1223 4287 sine
1268 4234 1545 4287 tormentis
1589 4232 1953 4302 corporalibus
1980 4248 2011 4288 a

428 4326 705 4395 proposito
723 4334 907 4379 nostro
925 4324 1333 4379 abhorrentibus
1352 4322 1573 4377 fortasse
1593 4338 1698 4377 non
1728 4332 1899 4393 potest
1929 4324 2010 4377 iu-

436 4414 621 4469 veniri.
668 4415 832 4472 Stoici
878 4424 1054 4470 autem
1099 4414 1174 4469 tui
1216 4429 1405 4469 omnes
1439 4414 1712 4483 aequaliter
1759 4426 2012 4470 nocentes

428 4520 551 4559 esse
578 4505 897 4571 concedunt,
926 4505 1119 4574 quibus
1144 4504 1315 4573 placet
1340 4503 1516 4558 omnia
1552 4506 1699 4574 paria
1726 4519 1848 4559 esse
1890 4522 2013 4574 pec-

429 4600 576 4658 cata;
607 4594 693 4664 qui
724 4592 881 4648 etiam
924 4594 1171 4648 duritiam
1193 4608 1341 4648 suam
1369 4609 1469 4663 qua
1495 4592 1910 4649 misericordiam
1934 4597 2013 4649 vi-

429 4691 700 4753 tuperant,
728 4682 852 4739 huic
880 4684 1156 4740 sententia;
1192 4683 1476 4747 sociantes,
1515 4683 1663 4738 nullo
1686 4684 1844 4738 modo
1884 4700 2012 4740 ecu-

429 4784 554 4833 sent
574 4774 819 4831 omnibus
838 4775 1037 4846 pariter
1060 4775 1460 4847 ignoscendum,
1478 4774 1572 4831 sed
1601 4791 1788 4831 omnes
1817 4779 2016 4846 pariter

429 4880 553 4922 esse
602 4865 918 4937 puniendos.
960 4866 1196 4922 Remove
1222 4881 1350 4938 ergo
1377 4864 1498 4922 illos
1520 4882 1678 4937 quam
1709 4866 2015 4938 longissime

435 4965 585 5011 mles
612 4971 643 5009 a
670 4954 967 5026 patrocinio
991 4971 1165 5012 causa:
1190 4957 1364 5026 istius,
1393 4966 1447 5013 et
1471 4966 1592 5029 opta
1617 4958 1794 5029 potius
1818 4969 1875 5014 ut
1900 4968 2015 5014 tan-

424 5060 589 5112 quam
633 5044 909 5101 christiani
955 5060 1191 5116 agamus,
1223 5055 1299 5113 ut,
1331 5048 1468 5103 sicut
1512 5059 1776 5120 optamus,
1825 5064 1924 5105 nos
1960 5050 2011 5105 in

425 5142 469 5193 (ἰ
482 5137 750 5195 bristoeos
764 5136 955 5208 quibus
969 5138 1251 5207 parcimus,
1263 5139 1619 5209 acquiramus,
1639 5157 1705 5197 ne
1720 5141 2018 5214 perniciosa

434 5225 541 5281 illis
564 5226 913 5284 dissolutione
952 5243 1248 5300 parcamus.
1281 5229 1423 5285 Deus
1451 5231 1754 5288 misericors
1777 5240 1832 5288 et
1853 5248 2011 5289 veras

442 5318 758 5378 ptfelicitate
782 5336 905 5377 vera
932 5321 1132 5379 donate
1159 5322 1423 5394 dignetur.

1682 370 1737 423 S.
1778 360 2142 422 AUGUSTINI
2182 360 2481 419 EPISCOPI

2615 468 2939 527 EPISTOLA
2964 466 3051 527 cv
3071 469 3198 545 '(a).

2116 564 2411 619 Donatistas
2441 563 2511 616 ad
2537 564 2777 617 unitatem
2806 563 3096 629 exhortans,
3141 562 3355 617 ostendit
3399 562 3531 634 (rges
3556 564 3701 635 justo

2180 656 2562 720 necessarioque
2585 655 2637 707 in
2673 670 2757 709 eos
2792 655 2919 709 latas
2948 654 3101 725 fuisse
3126 654 3187 708 ab
3215 655 3594 725 imperatoribus
3619 672 3701 707 ca-

2186 747 2404 800 tholicis.
2427 745 2676 816 Baptismi
2695 747 3005 800 sanctitatem
3026 763 3087 800 ex
3101 746 3255 799 divini
3280 747 3497 801 numeris
3511 746 3700 818 gratia,

2185 855 2286 892 non
2335 855 2399 893 ex
2446 839 2661 891 ministri
2703 839 2919 893 hominis
2974 839 3160 893 meritis
3225 840 3441 908 pendere
3500 838 3700 909 probat.

2187 928 2387 985 Deinde
2401 931 2701 985 catholicam
2723 930 2999 985 Ecclesium
3015 931 3067 984 in
3078 932 3235 985 sacris
3253 931 3530 1002 Scripturis
3550 949 3704 1003 agno-

2186 1023 2294 1076 sci:
2325 1039 2386 1075 ac
2413 1023 2613 1076 demunt
2637 1032 2857 1093 repertos
2881 1024 2934 1077 in
2962 1040 3021 1077 ea
3047 1024 3205 1077 malos
3233 1024 3437 1078 tolerari
3451 1035 3704 1093 oportere.

2266 1116 2598 1169 Ancusrtaus
2615 1115 2896 1183 episcopus
2911 1114 3223 1179 catholicus,
3248 1114 3556 1169 Donatistis.

2182 1204 2407 1260 CAPUT
2427 1205 2702 1260 PRIMUM.
2719 1206 2853 1260 —i.
2878 1205 3119 1259 Charitas
3144 1205 3359 1272 Christi,
3389 1206 3707 1259 cuiotnnem

2116 1295 2405 1359 hominem,
2420 1295 2751 1365 quantumad
2768 1307 3001 1349 nostram
3024 1295 3606 1364 pertinetvoluntatem,
3623 1295 3709 1350 lu-

2115 1385 2251 1439 crari
2273 1385 2537 1449 volumus,
2556 1394 2730 1439 tacere
2754 1384 2911 1437 nobis
2933 1402 3034 1438 non
3055 1385 3327 1454 permittit.
3350 1385 3409 1439 Si
3424 1397 3710 1455 propterea

2114 1490 2213 1530 nos
2232 1475 2439 1541 odistis,
2465 1476 2587 1544 quia
2615 1490 2799 1546 pacem
2826 1474 2973 1527 vobis
2994 1475 3307 1528 catholicam
3326 1476 3706 1545 prmdicamus,

2114 1582 2212 1621 nos
2228 1567 2448 1619 Domino
2464 1567 2722 1620 servimus
2733 1566 2948 1630 dicenti,
2967 1566 3107 1619 Beati
3119 1567 3339 1636 paci/ivi,
3352 1569 3588 1637 quoniam
3603 1569 3712 1637 ipsi

2116 1658 2213 1724 ﬁlii
2253 1656 2350 1710 Dei
2390 1658 2697 1710 vocabuntur
2716 1656 2926 1727 (Matth.
2956 1673 3010 1722 v,
3043 1656 3133 1727 9);
3165 1667 3217 1712 et
3241 1659 3291 1711 in
3323 1659 3531 1713 l'salmo
3566 1660 3710 1714 scri-

2116 1758 2260 1818 ptum
2291 1757 2372 1803 est
2400 1765 2414 1801 :
2443 1748 2569 1803 Cum
2592 1748 2656 1801 iis
2683 1749 2768 1818 qui
2798 1748 3009 1802 oderunt
3036 1765 3231 1819 pacem,
3260 1767 3395 1803 eram
3424 1752 3711 1820 paci/iras,

2114 1857 2230 1894 cum
2262 1841 2496 1902 loquebar
2514 1839 2605 1903 eis,
2630 1838 2939 1893 debellabant
2970 1857 3048 1894 me
3070 1842 3226 1911 gratis
3252 1840 3418 1913 (Psal.
3451 1858 3597 1907 cmx,
3621 1844 3710 1913 7).

2116 1932 2404 2001 Propterea
2433 1928 2814 1985 mandaverunt
2845 1931 2993 1985 nobis
3020 1932 3231 2002 quidam
3255 1934 3549 2005 presbyteri
3583 1952 3710 2005 par-

2118 2026 2191 2078 tis
2229 2034 2445 2087 vestrm,
2486 2023 2723 2078 dicentes
2752 2041 2765 2077 :
2795 2023 3049 2078 Bcccdite
3075 2040 3103 2077 a
3130 2025 3369 2095 plebibus
3413 2030 3627 2093 n0stris,
3662 2030 3716 2084 si

2117 2129 2221 2167 non
2250 2115 2408 2168 vultis
2438 2124 2498 2167 ut
2527 2113 2905 2169 interficiamus
2932 2130 3044 2169 vos.
3067 2116 3273 2184 Quanto
3292 2119 3482 2186 justius
3502 2120 3582 2173 eis
3608 2137 3719 2175 nos

2115 2202 2340 2257 dicimus
2372 2221 2384 2257 :
2420 2202 2531 2257 imo
2572 2218 2668 2257 vos
2700 2218 2805 2257 non
2844 2204 3096 2272 recedite,
3135 2206 3229 2260 sed
3272 2209 3506 2264 accedite
3537 2213 3718 2278 pacati

2116 2294 2181 2348 ad
2211 2295 2391 2365 plebes
2422 2308 2527 2349 non
2556 2306 2785 2361 nosmis,
2818 2296 2910 2350 sed
2940 2297 3077 2350 illius
3107 2298 3258 2368 cujus
3286 2315 3472 2354 omnes
3498 2316 3715 2367 sumus;

2116 2397 2204 2441 aut
2231 2388 2273 2442 si
2306 2402 2411 2441 non
2451 2388 2609 2442 vultis
2632 2397 2685 2442 et
2712 2388 2954 2456 impacati
2977 2389 3125 2455 estis,
3153 2405 3245 2444 vos
3271 2392 3444 2459 potius
3473 2395 3716 2450 recedite

2116 2495 2147 2535 a
2168 2480 2440 2551 plebibus,
2468 2496 2565 2550 pro
2588 2481 2779 2551 quibus
2803 2478 3045 2536 Christus
3084 2496 3238 2535 suum
3285 2485 3590 2553 sanguinem
3620 2486 3713 2540 fu-

2116 2573 2195 2627 dit
2224 2590 2237 2627 :
2270 2588 2401 2644 quas
2437 2573 2559 2628 ideo
2595 2572 2752 2627 vultis
2794 2582 2999 2628 vestras
3042 2572 3219 2628 facere
3259 2590 3324 2629 ne
3351 2576 3551 2630 Christi
3576 2578 3714 2644 sint,
3788 2619 3793 2623 .

2116 2663 2362 2734 quamvis
2375 2678 2466 2717 eas
2485 2664 2585 2718 sub
2607 2665 2722 2732 ejus
2747 2664 2959 2718 nomine
2982 2664 3254 2734 possidere
3279 2666 3539 2719 conemini
3561 2683 3576 2731 ;
3601 2678 3716 2721 tan-

2116 2771 2274 2827 quam
2316 2757 2360 2810 si
2402 2770 2586 2811 servus
2615 2755 2820 2809 foretur
2849 2771 2977 2809 oves
3000 2757 3065 2809 de
3091 2770 3251 2826 grege
3277 2756 3476 2811 domini
3504 2760 3621 2825 sui,
3655 2770 3717 2814 et

2117 2862 2461 2918 quwcumque
2486 2862 2551 2901 es
2579 2848 2685 2902 illis
2710 2857 2829 2900 nata
2860 2847 3074 2913 fuerint,
3102 2847 3465 2904 characterem
3505 2850 3718 2906 domini

2115 2941 2198 2997 aui
2250 2942 2329 2996 eis
2371 2941 2572 3011 inligat,
2603 2958 2670 2996 ne
2716 2941 2910 2996 furtum
2962 2943 3075 3011 ejus
3116 2943 3281 3013 possit
3332 2946 3568 3013 agnosci.
3616 2946 3721 3001 Sic

2115 3032 2262 3087 enim
2281 3031 2521 3087 fecerunt
2542 3033 2771 3102 majores
2796 3034 2989 3100 vestri;
3017 3046 3395 3106 separaverunt
3419 3040 3485 3090 ab
3514 3038 3713 3094 Eccle-

2116 3124 2195 3179 sia
2224 3123 2416 3178 Christi
2459 3124 2681 3193 populos
2742 3123 3001 3179 habentes
3031 3126 3045 3155 ¹
3074 3126 3389 3195 baptismum
3416 3127 3630 3192 Christi,
3656 3138 3717 3184 et

2116 3215 2438 3287 quicumque
2467 3215 2573 3269 illis
2599 3225 2965 3277 accreverunt.
2984 3215 3245 3285 baptismo
3265 3216 3459 3272 Christi
3489 3234 3582 3273 eos
3611 3220 3714 3275 ba-

2118 3307 2448 3378 ptizaveruut
2474 3308 2516 3359 ³.
2547 3306 2654 3361 Sed
2684 3306 2938 3360 Dominus
2964 3317 3017 3361 et
3039 3307 3181 3361 itu-es
3201 3310 3374 3379 punit,
3413 3309 3460 3363 si
3500 3326 3607 3364 non
3648 3326 3722 3366 se

2115 3399 2469 3461 correxerint,
2496 3407 2548 3452 et
2573 3412 2701 3452 oves
2728 3397 2803 3452 ab
2814 3413 2997 3452 errore
3024 3409 3236 3453 revocat
3261 3399 3327 3454 ad
3354 3415 3591 3471 gregem,
3609 3416 3722 3457 nec

2117 3492 2171 3547 iu
2192 3493 2271 3547 eis
2301 3506 2454 3545 suum
2486 3489 2805 3545 exterminat
2825 3489 3207 3544 characterem.

2189 3582 2246 3635 2.
2272 3583 2453 3637 Dicitis
2480 3596 2577 3636 nos
2627 3581 2946 3644 traditores;
2994 3580 3135 3651 quod
3166 3596 3265 3636 nec
3288 3582 3516 3651 majores
3544 3566 3723 3637 vestri

2118 3674 2172 3728 in
2199 3674 2428 3742 majores
2457 3680 2668 3727 nostros
2700 3679 3004 3741 potuerunt,
3035 3687 3133 3727 nec
3158 3687 3255 3728 vos
3279 3674 3328 3725 in
3358 3688 3456 3727 nos
3481 3675 3716 3743 probare

2120 3765 2226 3819 ullo
2268 3764 2429 3818 modo
2471 3765 2733 3835 poteritis.
2761 3763 2898 3831 Quid
2939 3763 3091 3818 vobis
3118 3766 3280 3818 vultis
3312 3765 3584 3831 faciamus,
3617 3768 3723 3837 qui

2118 3856 2334 3925 quando
2353 3856 2506 3910 vobis
2528 3854 2753 3909 dicimus
2775 3865 2831 3909 ut
2860 3871 3077 3910 causam
3106 3866 3341 3910 nostram
3379 3866 3433 3911 et
3477 3868 3715 3912 vestram

2120 3949 2384 4018 patienter
2430 3947 2681 4013 audiatis,
2713 3962 2822 4001 non
2847 3948 3012 4001 nostis
3050 3946 3150 4001 nisi
3177 3948 3452 4019 superbire
3479 3957 3532 4002 et
3561 3948 3723 4003 insa-

2119 4040 2270 4095 nire?
2295 4040 2426 4095 Nam
2457 4041 2634 4110 utique
2659 4040 3060 4094 ostenderemus
3088 4040 3259 4105 vobis,
3284 4042 3404 4111 quia
3438 4042 3612 4111 potius
3634 4043 3717 4098 illi

2119 4132 2399 4186 traditores
2426 4131 2659 4197 fuerunt,
2681 4130 2770 4200 qui
2789 4131 3127 4185 Czcciliauum
3154 4141 3208 4186 et
3235 4136 3406 4187 socios
3423 4132 3536 4203 ejus
3556 4134 3722 4202 quasi

2120 4221 2415 4274 traditionis
2456 4220 2679 4276 crimine
2707 4220 3110 4275 damnaverunt.
3144 4221 3209 4275 Et
3238 4222 3431 4286 dicitis,
3478 4223 3719 4279 receditc

2117 4328 2153 4366 ει
2180 4314 2419 4383 plebibus
2456 4314 2686 4377 nostris;
2726 4329 2863 4383 quas
2882 4313 3083 4368 docetis
3121 4322 3178 4368 ut
3214 4314 3363 4368 vobis
3388 4316 3624 4379 credant,
3657 4325 3723 4371 rs

2118 4402 2328 4458 Christo
2376 4420 2481 4458 non
2526 4405 2764 4459 credant.
2817 4405 2924 4459 Vos
2968 4405 3108 4460 enim
3148 4405 3225 4460 eis
3254 4406 3446 4472 dicitis,
3496 4415 3721 4476 propter

2122 4495 2424 4561 traditores,
2456 4511 2588 4564 quos
2620 4511 2724 4550 non
2750 4497 3049 4562 ostenditis,
3068 4498 3387 4551 remansisse
3418 4497 3723 4553 Ecclesium

2119 4587 2315 4643 Christi
2341 4588 2391 4640 in
2424 4588 2534 4641 sola
2559 4585 2738 4641 Africa
2770 4588 2938 4658 partis
2966 4588 3153 4642 Donati
3181 4605 3195 4642 :
3226 4588 3365 4659 quod
3388 4604 3492 4642 non
3523 4588 3590 4643 de
3606 4589 3718 4643 Lc-

2119 4696 2204 4752 ge,
2237 4697 2343 4735 non
2369 4681 2437 4736 de
2464 4681 2747 4751 PrOpheta,
2770 4697 2877 4736 non
2905 4682 2975 4737 de
2996 4682 3226 4746 Psalmo,
3250 4698 3357 4736 non
3383 4682 3451 4737 de
3475 4684 3716 4752 Aposto-

2121 4772 2195 4837 ιο,
2216 4788 2323 4827 non
2350 4772 2417 4827 de
2446 4773 2753 4844 Evangelia,
2780 4773 2875 4828 sed
2898 4774 2965 4828 de
2989 4774 3151 4829 corde
3196 4782 3395 4841 vestro,
3419 4783 3472 4829 et
3499 4773 3567 4829 de
3610 4789 3719 4845 pa-

2121 4874 2328 4920 rentum
2357 4873 2654 4920 vestrorum
2683 4866 2960 4922 calumniis
2979 4866 3232 4921 recitatis.
3264 4864 3505 4922 Christus
3528 4878 3721 4923 autem

2120 4955 2252 5012 dicit
2272 4958 2541 5028 pradieari
2556 4958 2608 5013 in
2624 4958 2826 5012 nomine
2842 4974 2933 5011 suo
2952 4958 3293 5029 penitentiam
3302 4968 3349 5013 et
3368 4960 3720 5015 remissionem

2122 5056 2459 5117 peccatorum.
2503 5064 2594 5118 per
2621 5063 2793 5102 omnes
2826 5057 2996 5119 gentes
3031 5048 3377 5118 incipientibus
3402 5049 3464 5103 ab
3494 5048 3721 5104 Jerusa-

2123 5139 2221 5193 lem
2243 5137 2390 5209 (an.
2433 5154 2585 5205 XXIV,
2613 5138 2707 5211 47)
2731 5156 2745 5193 :
2772 5139 2855 5194 cui
2885 5138 3135 5194 Ecclesiae
3162 5154 3225 5194 es
3255 5155 3348 5195 ore
3371 5138 3564 5196 Christi
3588 5157 3717 5195 ma-

2122 5329 2347 5441 mma
2620 5326 2865 5379 habentem
2886 5328 3345 5393 baptssntumdtaiii
3366 5333 3496 5395 σω,
3511 5335 3721 5398 populos

2937 5460 3045 5504 Mss.
3090 5454 3268 5505 melius
3292 5469 3304 5505 :
3328 5469 3405 5507 eos
3441 5455 3717 5523 baptizaue-

2186 5596 2206 5616 ‘
2229 5593 2403 5645 Collata
2426 5604 2504 5646 est
2523 5607 2632 5645 cum
2654 5608 2702 5645 α.
2724 5596 2807 5660 bg.
2833 5595 2899 5646 bl.
2924 5612 2967 5664 c.
2993 5612 3063 5648 cc.
3089 5598 3139 5648 i'f.
3164 5614 3214 5663 g.
3252 5615 3332 5664 gv.
3359 5616 3408 5651 n.
3431 5617 3472 5652 r.
3497 5617 3537 5653 s.
3563 5605 3642 5654 si).
3672 5615 3719 5657 t.

2125 5672 2199 5709 vc.
2223 5667 2427 5722 quatuor
2450 5672 2497 5707 v.
2525 5665 2703 5708 etcum
2724 5667 2825 5707 Am.
2851 5660 2958 5709 Bad.
2984 5668 3056 5708 Er.
3081 5660 3189 5711 tcv'.

2188 5741 2410 5811 ((1))lias
2448 5742 2537 5791 l66
2561 5756 2574 5791 :
2600 5750 2914 5811 quiemutem
2956 5746 3041 5795 103
3072 5752 3204 5803 erat,
3246 5759 3373 5795 nunc
3396 5746 3501 5795 194.
3527 5749 3723 5811 scrip.

2126 5805 2317 5853 videtur
2340 5813 2540 5853 ineunte
2560 5804 2637 5853 au.
2657 5804 2766 5854 409.
