4122 6350
328 410 430 473 39?

327 532 588 588 nifestatm
616 546 714 588 vos
755 545 859 588 non
896 531 1320 598 communicatis,
1349 539 1403 587 et
1430 532 1561 587 alios
1586 532 1638 587 in
1680 541 1908 587 vestram

327 623 681 693 perditionem
710 623 1001 688 trahentes,
1028 623 1240 679 liberari
1262 638 1367 678 non
1398 624 1575 679 vultis.

378 714 606 770 CAPUT
626 714 819 770 ll.—3.
833 714 889 772 Si
905 724 1082 769 autem
1107 714 1225 770 ideo
1240 715 1389 770 vobis
1408 716 1767 785 displicemus,
1785 715 1908 786 quia

328 822 425 877 per
467 805 852 876 lmperatorum
900 807 1167 878 jussiones
1215 808 1281 861 ad
1330 807 1583 863 unitatem
1636 809 1906 877 cogimini,

330 898 432 953 hoc
472 912 570 951 vos
608 897 831 965 fecistis,
870 898 960 969 qui
1003 899 1322 968 ubicumque
1341 899 1595 953 vellemus
1623 898 1911 968 prmdicare

327 990 628 1057 veritatem,
654 1000 711 1044 ut
736 1006 855 1045 eam
900 991 1123 1061 quisque
1149 1005 1367 1044 securus
1417 990 1688 1045 audiretet
1727 993 1910 1045 volens

328 1083 569 1153 eligeret,
598 1098 864 1154 nunquam
896 1082 1207 1151 permisistis
1235 1098 1329 1152 per
1354 1083 1631 1139 violentias
1655 1092 1707 1139 et
1737 1093 1908 1138 term»-

329 1188 417 1229 res
455 1186 679 1229 vestros.
706 1174 879 1229 Nolite
913 1175 1157 1240 stridere,
1184 1185 1239 1229 et
1261 1174 1568 1244 perturbare
1591 1175 1794 1228 animas
1816 1191 1909 1229 ve-

330 1274 496 1329 stras;
548 1268 831 1335 patienter,
874 1266 918 1320 si
947 1265 1059 1320 ﬁeri
1085 1276 1278 1336 potest,
1305 1268 1637 1323 considerate
1667 1269 1803 1338 quod
1821 1267 1909 1322 di-

329 1356 521 1417 cimus,
549 1363 606 1411 et
648 1357 865 1412 recolite
890 1355 1024 1412 facta
1052 1356 1547 1412 Circumcellionnm
1591 1368 1908 1424 vestrorum,

329 1456 385 1503 et
406 1448 719 1504 clericomm
750 1451 837 1519 qui
865 1450 1027 1505 duces
1054 1466 1237 1505 eorum
1264 1467 1476 1522 semper
1500 1453 1727 1517 fuerunt,
1758 1460 1813 1506 et
1836 1454 1913 1507 vi-

328 1543 523 1598 debitis
543 1561 661 1613 quze
685 1560 844 1600 causa
869 1547 1020 1601 vobis
1046 1546 1145 1601 hoc
1179 1548 1505 1603 excitaverit.
1538 1548 1687 1604 Unde
1716 1549 1911 1618 injuste

329 1635 634 1705 querimini,
665 1637 786 1704 quia
830 1636 984 1690 vobis
1014 1637 1187 1692 omnia
1234 1638 1330 1691 ista
1373 1647 1430 1692 ut
1469 1637 1782 1706 jnberentur
1821 1654 1913 1692 eo-

333 1728 540 1798 egistis.
571 1727 701 1782 Nam
732 1740 788 1783 ut
831 1728 986 1798 longe
1012 1729 1277 1798 prtcterita
1303 1737 1357 1783 et
1384 1730 1547 1784 multa
1580 1745 1685 1784 non
1704 1740 1911 1799 repeta-

330 1834 466 1881 mus,
508 1819 697 1873 saltem
741 1820 973 1874 recentia
1030 1820 1161 1874 facla
1202 1830 1376 1875 vestra
1422 1820 1667 1890 cogitate.
1707 1822 1911 1875 Marcus

330 1908 607 1979 presbyter
633 1909 1097 1981 Casphalianensis
1127 1925 1157 1964 a
1198 1911 1407 1966 nemine
1437 1922 1668 1976 coactus,
1704 1912 1911 1981 propria

329 2001 600 2056 voluntate
651 2004 943 2057 catholicus
984 2002 1152 2058 factus
1188 2012 1283 2058 est
1338 2004 1512 2070 Quare
1552 2004 1701 2059 illum
1748 2007 1911 2060 vestri

330 2086 593 2153 persecuti
622 2096 765 2152 sunt,
796 2096 851 2141 et
898 2101 1032 2155 pene
1070 2087 1410 2151 occidissent,
1443 2088 1540 2141 nisi
1585 2088 1675 2142 Del
1726 2104 1912 2143 manus

329 2194 427 2247 per
469 2178 713 2235 homines
748 2178 1181 2247 supervenientes
1220 2178 1496 2233 violentias
1538 2194 1720 2235 eorum
1765 2196 1913 2234 com-

329 2272 629 2339 pressisset.
686 2270 978 2326 Restitutus
1026 2271 1443 2325 Victorianensis
1487 2271 1552 2325 ad
1596 2272 1907 2326 catholicam

328 2362 474 2415 nullo
500 2370 723 2431 eogente
747 2376 803 2416 se
830 2361 1114 2416 transtulit.
1145 2364 1319 2428 Quare
1345 2372 1526 2431 raptus
1552 2372 1633 2417 est
1655 2362 1723 2419 de
1751 2363 1911 2418 domu

326 2466 445 2517 sua,
476 2469 672 2515 caesus,
702 2454 753 2507 in
783 2469 914 2523 aqua
939 2454 1222 2518 volutatus,
1262 2456 1399 2510 buda
1432 2456 1447 2487 ⁸
1478 2456 1715 2517 vestitus,
1743 2465 1796 2510 et
1820 2470 1939 2517 κιρ-κ

327 2546 438 2599 scio
461 2554 590 2613 quot
612 2545 728 2600 dies
755 2546 808 2600 in
834 2546 1135 2615 captivitate
1169 2554 1404 2601 retentus
1427 2554 1529 2613 est,
1556 2560 1654 2601 nec
1682 2548 1909 2602 libertati

326 2638 540 2706 proprie
562 2636 789 2692 fortasse
811 2637 1087 2692 restitutus
1111 2646 1272 2702 esset,
1312 2638 1411 2692 nisi
1454 2638 1562 2706 jam
1614 2654 1746 2707 pene
1790 2655 1910 2708 pro-

330 2738 448 2796 pter
496 2728 661 2797 ipsam
704 2742 918 2781 causam
970 2728 1346 2782 Proeuleianus
1391 2728 1489 2782 sibi
1530 2728 1906 2784 exhibitionem

326 2818 530 2873 videret
574 2818 874 2873 imminere.
932 2818 1227 2873 Marcianus
1285 2819 1533 2890 Urgensis
1593 2820 1906 2877 catholicam

326 2913 581 2963 unitatem
606 2911 816 2979 propria
847 2910 1114 2965 voluntate
1152 2910 1364 2980 delegit.
1419 2911 1593 2978 Quare
1628 2912 1910 2966 subdiaco-

327 3016 453 3054 num
481 3001 615 3070 ejus.
647 3016 766 3055 cum
799 3001 912 3071 ipse
946 3001 1181 3070 fugisset,
1214 3017 1377 3071 prope
1399 3018 1565 3072 usque
1593 3003 1658 3057 ad
1682 3013 1905 3059 mortem

323 3106 542 3156 exesum,
578 3091 759 3146 clerici
799 3091 960 3146 vestri
1002 3092 1265 3162 lapidibus
1308 3094 1633 3159 obruerunt,
1679 3111 1903 3166 quorum

324 3183 516 3237 domus
544 3199 640 3252 pro
663 3199 761 3238 suo
780 3185 981 3239 scelere
1007 3199 1211 3239 eversm
1232 3195 1375 3240 sunt.

391 3276 446 3329 4.
481 3275 621 3342 Quid
648 3275 875 3346 amplius
900 3276 1178 3332 dicamus?
1202 3276 1358 3331 Modo
1394 3293 1690 3347 prmeonem
1727 3281 1903 3335 misis-

322 3369 412 3430 tis,
441 3370 530 3437 qui
554 3369 813 3423 claniaret
848 3369 1028 3435 Siniti,
1058 3369 1297 3442 Quisquis
1320 3368 1601 3424 Maximina
1628 3373 1649 3403 ²
1676 3386 1904 3427 canimu-

325 3462 591 3525 nicareril,
632 3461 924 3516 incendetur
956 3462 1136 3516 domus
1174 3463 1285 3535 ejus
1312 3478 1331 3517 :
1353 3464 1441 3533 qui
1471 3472 1753 3533 antequam
1791 3468 1904 3537 ipse

325 3554 387 3607 ad
404 3554 734 3608 Catholicam
754 3568 1041 3609 conversus
1053 3564 1213 3620 esset,
1243 3565 1297 3610 et
1309 3556 1542 3611 nondum
1558 3558 1625 3613 de
1642 3571 1903 3614 transma-

325 3646 455 3700 rinis
483 3654 798 3711 remeasset,
823 3645 892 3700 ad
921 3646 1046 3714 quid
1073 3647 1213 3701 aliud
1238 3649 1604 3721 presbyterum
1630 3650 1785 3707 Siniti
1805 3653 1907 3706 mi-

326 3750 591 3801 seramus,
625 3737 724 3790 nisi
745 3744 804 3791 ut
830 3737 954 3791 nulli
986 3737 1239 3793 molestus
1262 3748 1476 3794 nostros
1494 3742 1749 3807 visitaret,
1772 3751 1827 3798 et
1851 3745 1901 3799 in

324 3832 483 3885 domo
514 3831 651 3898 juris
686 3833 768 3884 sui
796 3831 1016 3899 positus,
1050 3846 1232 3900 pacem
1268 3833 1581 3890 catholicam
1607 3835 1903 3893 volentibus

326 3922 665 3989 pra:diearetl
692 3937 846 3989 quem
887 3935 983 3975 vos
1026 3921 1149 3977 inde
1185 3938 1304 3977 cum
1330 3922 1478 3994 gravi
1506 3924 1695 3995 injuria
1727 3928 1902 3997 proje-

324 4013 485 4067 cistis.
514 4012 651 4079 Quid
694 4011 835 4065 aliud
869 4012 1186 4081 agebamus,
1232 4014 1443 4083 quando
1488 4032 1623 4070 unus
1663 4028 1900 4072 nostrum

324 4101 652 4158 Calamensis
676 4104 957 4173 episcopus
985 4103 1255 4158 Possidius
1284 4104 1393 4159 ibat
1418 4106 1481 4160 ad
1510 4104 1726 4162 fundum
1756 4109 1903 4178 Figu-

326 4193 580 4247 linensem
600 4192 643 4257 ³.
666 4193 765 4247 nisi
788 4202 842 4246 ut
864 4194 1048 4253 nostri,
1066 4194 1305 4262 quamvis
1325 4196 1476 4263 pauci
1496 4198 1584 4267 qui
1604 4197 1709 4253 illic
1727 4209 1898 4266 erant,

326 4285 663 4339 visitarenlur
680 4325 695 4349 ,
723 4291 776 4337 et
800 4284 979 4338 audito
1000 4285 1165 4338 verbo
1193 4284 1393 4339 Del'aa
1421 4288 1674 4344 unitatem
1701 4289 1899 4345 Christi

324 4375 406 4441 qui
429 4375 627 4429 vellent
644 4374 1116 4429 converterentur?
1139 4372 1233 4429 Cui
1256 4376 1545 4433 ambulanti
1562 4380 1699 4433 viam
1725 4394 1897 4448 suam,

325 4466 585 4522 latronum
613 4482 761 4522 more
791 4467 1021 4521 insidiati
1049 4477 1191 4534 sunt,
1232 4476 1287 4522 et
1321 4470 1443 4539 quia
1472 4470 1525 4524 in
1552 4486 1736 4527 eorum
1776 4474 1902 4529 insi-

323 4559 433 4612 dias
453 4559 649 4615 cadere
673 4574 778 4614 non
807 4560 993 4628 putuit,
1023 4575 1146 4614 eum
1174 4571 1354 4630 aperta
1379 4562 1626 4619 violentia
1654 4564 1706 4621 in
1736 4566 1900 4623 fundo

323 4653 585 4708 Livetensi
613 4652 639 4683 δ
660 4667 797 4722 pene
822 4653 999 4707 vivum
1018 4668 1138 4707 cum
1160 4653 1320 4707 domo
1342 4670 1448 4724 quo
1474 4654 1699 4728 fugerat,
1728 4660 1901 4715 incen-

322 4745 527 4809 derunt,
556 4744 655 4797 nisi
682 4744 840 4798 tertio
861 4745 1166 4814 suppositas
1195 4744 1435 4801 ﬂammas
1460 4747 1633 4804 coloni
1658 4750 1897 4819 ejusdem

321 4838 463 4890 fundi
496 4845 711 4906 propter
726 4836 1014 4905 periculum
1041 4851 1151 4891 suae
1176 4838 1360 4893 salutis
1381 4842 1777 4912 exstinguerent
1802 4863 1817 4899 :
1844 4855 1900 4901 et

322 4937 494 4984 tamen
524 4945 647 4984 cum
673 4928 947 4998 Crispinus
973 4938 1192 4999 propter
1216 4928 1317 4985 hoc
1352 4930 1546 4986 factum
1588 4934 1639 4987 in
1669 4951 1895 5005 procon-

316 5023 473 5077 sulari
499 5021 701 5090 judicio
727 5020 1131 5077 convinceretur
1169 5020 1448 5079 lucreticus
1466 5065 1480 5088 ,
1508 5026 1747 5094 ejusdem
1778 5030 1895 5097 epl—

317 5114 459 5181 δαψὶ
493 5110 719 5168 Possidii
754 5110 1049 5166 intercessu
1090 5110 1277 5168 decem
1322 5114 1482 5169 libras
1512 5118 1625 5171 auri
1671 5134 1774 5173 non
1814 5129 1897 5174 est

314 5215 549 5261 εςποως.
578 5204 675 5262 Cui
705 5204 1090 5259 benevolentiae
1117 5219 1169 5260 et
1195 5208 1597 5264 mansuetudini.
1624 5212 1892 5282 ingratus,

316 5298 377 5349 ad
408 5298 757 5365 imperatores
783 5294 1074 5351 catholicos
1107 5311 1267 5350 ausus
1296 5307 1379 5352 est
1411 5300 1699 5370 appellare.
1742 5302 1894 5360 Unde

372 5413 387 5475 ε
416 5410 527 5460 Bad.
553 5418 656 5475 Am.
680 5415 756 5475 Er.
782 5418 835 5462 et
851 5417 960 5462 uss.
984 5417 1207 5475 quatuor,
1250 5410 1425 5475 hrrida.

372 5474 391 5504 ⁸
416 5479 526 5522 Its.
540 5473 749 5522 Vaticani
760 5480 891 5535 tres,
904 5473 1016 5535 cum
1028 5473 1139 5522 aliis
1156 5473 1345 5523 duobus
1364 5474 1562 5535 habent,
1582 5475 1890 5529 latt'bniano.

310 5535 417 5582 uad.
446 5532 1116 5603 Am._et.t-:r.,a_aaér'rnil_iimiq.
1141 5535 1431 5603 Sal_nieli_tls
1452 5532 1561 5603 bov.
1588 5546 1640 5603 et
1652 5542 1893 5603 Mssrplu-

310 5608 409 5663 res,
439 5592 719 5663 sicariorum,
741 5597 1060 5663 utiseribitur
1082 5595 1131 5663 in
1165 5598 1307 5659 epist.
1332 5596 1394 5646 ὥ
1414 5596 1474 5647 ad
1498 5600 1726 5649 eumdem
1746 5592 1857 5652 data
1875 5636 1891 5663 ,

313 5664 363 5705 et
386 5659 435 5707 in
458 5657 546 5706 nu.
570 5656 634 5707 22
652 5657 718 5706 de
737 5658 874 5707 civit.
900 5659 1004 5718 Dei,
1026 5670 1072 5708 c.
1094 5655 1143 5718 si.

373 5721 393 5749 ³
417 5719 549 5792 Apud
571 5726 682 5768 Lov.
705 5716 1362 5792 sa'ibi_t_ur,__'I-‘ugilinensem.
1410 5727 1466 5770 At
1506 5734 1550 5785 ει
1568 5721 1631 5770 ud
1655 5722 1761 5772 Bad.
1789 5732 1887 5772 Am.

309 5785 382 5828 Er.
410 5788 461 5831 et
481 5788 591 5832 Mss.
616 5794 809 5841 novem,
836 5785 1197 5841 Figulbiensem.

373 5843 395 5874 δ
417 5849 526 5896 uss.
550 5852 746 5906 septem
769 5842 968 5906 habent,
988 5842 1041 5894 in
1062 5843 1213 5907 [uvida
1234 5842 1498 5894 olivetensi.

1513 387 2011 472 ‘NEPIS'rouAnUM
2053 414 2325 476 CLASSIS
2363 414 2424 476 ll.

3482 429 3586 491 598

2019 529 2153 585 hanc
2183 531 2235 585 in
2262 547 2355 587 vos
2383 533 2513 588 iram
2544 534 2657 602 Dei,
2684 535 2752 592 de
2774 552 2873 607 qua
2901 531 3258 610 mdimuratis,
3288 544 3453 603 multo
3489 549 3579 605 im-

2015 623 2291 690 portunius
2317 634 2372 679 et
2402 625 2766 682 vehementius
2788 634 3114 699 provocavit.

2085 712 2137 765 5.
2176 713 2376 769 Videtis
2402 717 2525 786 quia
2567 734 2662 773 vos
2687 730 2870 775 contra
2898 738 3079 792 pacem
3104 725 3301 781 Christi
3338 730 3591 789 violenter

2016 802 2305 874 insurgitis.
2336 816 2389 861 et
2424 809 2659 879 patimini
2692 824 2796 867 non
2822 827 2917 881 pro
2942 816 3076 884 ipso,
3102 818 3195 872 sed
3226 836 3318 888 pro
3345 822 3592 894 iniquita-

2015 894 2154 949 tibus
2181 898 2387 951 vestris.
2416 898 2547 965 Quae
2574 910 2653 955 est
2682 903 2779 956 ista
2800 903 3087 973 dementia,
3112 919 3167 961 ut
3198 924 3317 964 cmn
3348 914 3487 969 male
3512 917 3592 969 vi-

2014 985 2159 1051 vitis,
2192 988 2455 1043 latronum
2494 990 2631 1046 faeta
2661 994 2889 1061 faciatis;
2917 1007 2970 1051 et
3006 1014 3126 1054 cum
3152 1000 3271 1070 jure
3306 1006 3593 1074 punimini,

2014 1077 2236 1146 gloriam
2278 1091 2572 1153 martyrum
2622 1087 2942 1154 requiratis?
2976 1088 3031 1144 Si
3071 1106 3199 1162 ergo
3242 1110 3347 1149 vos.
3394 1098 3593 1167 privata

2016 1180 2190 1223 vestra
2226 1172 2443 1226 audacia
2476 1183 2579 1227 tam
2605 1175 2867 1233 violenter
2900 1182 3089 1250 cogitis
3132 1184 3373 1242 homines
3398 1198 3489 1243 aut
3516 1190 3595 1245 ire

2016 1258 2071 1312 in
2101 1275 2366 1327 errorem,
2396 1272 2489 1317 aut
2522 1279 2832 1333 permanere
2858 1270 2911 1322 in
2935 1286 3152 1338 errore;
3194 1287 3391 1344 quanto
3428 1281 3595 1347 mgis

2017 1364 2115 1404 nos
2138 1350 2398 1405 debemus
2417 1368 2513 1424 per
2534 1355 2955 1414 ordinatissimas
2979 1372 3280 1431 potestates,
3306 1382 3435 1439 quas
3455 1368 3596 1425 Deus

2014 1441 2306 1496 secundum
2321 1456 2472 1497 suam
2497 1445 2825 1514 prophetiam
2846 1449 3075 1506 subdidit
3091 1454 3320 1523 Christo,
3343 1461 3596 1515 resistere

2015 1529 2283 1586 furoribus
2303 1536 2511 1599 vestris,
2541 1546 2600 1590 ut
2624 1539 2831 1593 miserm
2854 1542 3044 1597 animae
3064 1544 3131 1599 de
3160 1554 3329 1602 vestra
3354 1550 3595 1605 domina-

2017 1624 2161 1678 tione
2192 1625 2449 1694 liberatae,
2491 1637 2747 1685 eruantur
2784 1632 2854 1688 de
2882 1636 3233 1691 vetustissima
3266 1640 3508 1708 falsitate,
3540 1653 3592 1699 et

2013 1724 2327 1770 assuescant
2347 1718 2398 1770 in
2424 1720 2757 1787 apertissima
2783 1725 3042 1780 veritate?
3062 1727 3193 1782 Nam
3218 1732 3355 1799 quod
3383 1747 3412 1785 a
3442 1734 3594 1789 nobis

2015 1803 2255 1860 nolentes
2280 1807 2455 1864 dicitis
2470 1811 2608 1879 cogi,
2637 1814 2787 1867 multi
2813 1818 2971 1870 etiam
2994 1832 3054 1873 se
3073 1821 3187 1889 cogi
3219 1822 3426 1889 volunt;
3453 1828 3593 1895 quod

2015 1896 2169 1951 nobis
2194 1909 2351 1953 antea
2388 1910 2444 1954 et
2473 1912 2655 1970 postea
2693 1906 3037 1976 conﬁtentur,
3066 1920 3121 1964 ut
3150 1912 3233 1968 vel
3268 1913 3345 1969 sic
3369 1918 3595 1973 evadant

2014 1990 2387 2059 oppressiones
2412 2001 2636 2049 vestras.

2082 2082 2136 2135 6.
2166 2082 2232 2135 Et
2264 2091 2442 2137 tamen
2466 2085 2591 2153 quid
2616 2094 2701 2141 est
2733 2088 2944 2155 melius,
2971 2090 3208 2159 proferre
3240 2108 3391 2152 veras
3416 2096 3591 2170 lmpe~

2014 2180 2250 2225 ratorum
2279 2173 2546 2241 jussiones
2574 2191 2670 2245 pro
2699 2179 2917 2246 unitate,
2945 2196 3012 2237 an
3052 2183 3209 2238 falsas
3247 2186 3594 2258 indulgentias

2016 2278 2113 2332 pro
2129 2266 2473 2333 perversitate
2498 2284 2511 2319 :
2534 2269 2671 2337 quod
2697 2285 2789 2324 vos
2810 2269 3027 2336 fecistis,
3050 2284 3103 2328 et
3120 2277 3396 2332 mendacio
3416 2290 3593 2335 vestro

2013 2355 2188 2410 subito
2210 2365 2372 2411 totam
2390 2358 2619 2414 Africam
2642 2362 2931 2430 impleatis?
2952 2364 3006 2417 In
3028 2381 3132 2435 quo
3150 2368 3283 2422 facto
3307 2370 3431 2424 nihil
3449 2371 3590 2426 aliud

2013 2450 2360 2518 ostendistis,
2414 2452 2519 2507 nisi
2566 2463 2769 2523 partem
2824 2455 3013 2512 Donati
3065 2472 3279 2529 semper
3327 2462 3392 2515 de
3444 2478 3593 2519 men-

2012 2539 2167 2595 dacio
2208 2553 2648 2610 praesumentem,
2683 2547 2826 2600 omni
2860 2558 3023 2603 vento
3053 2549 3239 2618 jactari
3276 2561 3332 2607 et
3366 2556 3589 2608 circum-

2012 2631 2163 2695 ferri,
2195 2634 2333 2689 sicut
2355 2637 2609 2705 scriptum
2639 2646 2739 2701 est,
2774 2638 2875 2704 Qui
2909 2641 3018 2709 ﬁdit
3046 2642 3096 2694 in
3127 2643 3297 2713 falsis,
3324 2646 3403 2697 hic
3433 2649 3592 2715 pascit

2011 2731 2180 2778 ventos
2202 2723 2391 2795 (Prov.
2414 2742 2471 2792 ι,
2498 2726 2577 2798 4).
2600 2728 2748 2782 Sicut
2764 2730 2905 2783 enim
2932 2747 3055 2785 vera
3080 2734 3173 2785 fuit
3196 2735 3290 2787 ista
3320 2736 3589 2806 indulgens

2013 2814 2104 2879 tia,
2127 2815 2205 2869 sic
2225 2831 2349 2871 vera
2378 2827 2506 2871 sunt
2529 2819 2749 2872 crimina
2770 2820 3057 2887 Cmciliani,
3087 2832 3141 2877 et
3164 2825 3373 2879 traditio
3398 2827 3591 2883 Felicis

2009 2906 2405 2977 Aptungensis,
2452 2923 2549 2978 per
2584 2926 2739 2979 quem
2780 2912 3053 2967 ordinatus
3088 2923 3201 2980 est,
3245 2925 3298 2970 et
3336 2916 3589 2986 quidquid

2009 2997 2151 3052 aliud
2178 3007 2365 3054 contra
2392 3000 2685 3055 catholicos
2704 2998 2885 3056 dicere
2908 3006 3278 3065 consucvistis.
3312 3016 3373 3060 ut
3399 3022 3429 3060 a
3462 3024 3591 3077 pace

2010 3088 2264 3143 Ecclesia:
2287 3089 2482 3146 Christi
2514 3091 2747 3147 infelices
2783 3094 3067 3161 separetis,
3111 3105 3165 3149 et
3195 3096 3473 3152 infeliciter
3505 3112 3592 3154 se-

2008 3181 2287 3251 paremiui.
2312 3181 2388 3236 De
2407 3182 2546 3255 nulla
2566 3183 2778 3250 quidem
2800 3198 2897 3238 nos
2921 3184 3149 3239 hominis
3168 3194 3426 3254 potestate
3454 3199 3591 3258 prte-

2010 3272 2291 3336 sumimus,
2320 3273 2560 3341 quamvis
2598 3274 2776 3343 utique
2802 3274 2971 3328 multo
2997 3276 3066 3328 sit
3096 3276 3366 3331 honestius
3387 3292 3592 3348 praesn-

2010 3377 2154 3418 mere
2183 3364 2251 3418 de
2281 3364 2687 3434 lniperatorihus
2712 3381 2868 3435 quam
2908 3382 3227 3435 prmsumere
3258 3369 3325 3424 de
3351 3370 3593 3426 Circum-

2006 3456 2348 3523 cellionihus,
2382 3470 2706 3527 pra-sumere
2733 3458 2801 3513 de
2830 3459 3031 3529 legibus
3069 3476 3227 3531 quam
3267 3475 3590 3532 prmsllmem

2006 3546 2077 3600 de
2094 3548 2465 3601 seditionibus.
2494 3548 2599 3603 Sed
2635 3549 2970 3604 meminimus
2997 3553 3249 3621 scriptum
3276 3568 3398 3609 esse
3428 3571 3441 3607 :
3472 3553 3583 3608 Ma.

2007 3636 2220 3691 ledictus
2244 3639 2407 3693 omnis
2424 3639 2509 3708 qui
2527 3654 2667 3707 spem
2683 3655 2829 3694 suam
2848 3641 2990 3711 ponit
3007 3640 3061 3695 in
3081 3642 3281 3697 homine
3294 3643 3433 3716 (Jer.
3452 3661 3583 3714 xvu,

2006 3725 2094 3794 5).
2123 3725 2275 3782 Unde
2293 3744 2421 3798 ergo
2446 3730 2836 3798 praesumimus,
2863 3731 2909 3785 si
2932 3732 3092 3787 vultis
3113 3748 3292 3801 nosse,
3326 3735 3472 3791 illum
3491 3752 3586 3793 co-

2003 3820 2166 3889 gitate
2196 3820 2265 3875 de
2298 3836 2406 3890 quo
2436 3822 2689 3891 propheta
2719 3825 3106 3891 przcnnutiavit,
3132 3826 3317 3882 dicens
3341 3844 3356 3881 :
3382 3828 3584 3884 Adera-

2005 3910 2127 3964 bunt
2146 3928 2258 3965 eum
2278 3928 2448 3967 onlnes
2471 3929 2611 3984 reges
2636 3922 2801 3979 tenve,
2826 3926 2872 3967 et
2892 3932 3065 3970 onlnes
3085 3927 3251 3989 gentes
3278 3918 3487 3974 servient
3508 3922 3587 3976 illi

2012 4002 2193 4077 (Paul.
2226 4019 2378 4070 mu,
2410 4006 2529 4076 ll).
2571 4006 2635 4059 Et
2661 4006 2781 4061 ideo
2803 4004 2902 4061 hac
2927 4007 3178 4063 Ecclesia:
3204 4008 3459 4080 potestate
3480 4014 3585 4068 υιί-

2005 4110 2143 4161 mur,
2170 4111 2328 4166 quam
2358 4099 2407 4152 ei
2438 4096 2692 4152 Dominus
2717 4108 2772 4152 et
2800 4098 3040 4168 promisit
3063 4110 3117 4155 et
3137 4100 3302 4156 dedit.

2077 4184 2129 4239 7.
2153 4186 2501 4255 Imperatores
2521 4188 2663 4242 enim
2687 4188 2729 4242 si
2753 4189 2804 4242 in
2825 4202 3010 4245 errore
3033 4201 3231 4258 essent,
3254 4193 3393 4262 quod
3418 4195 3573 4266 absit,

2004 4289 2103 4345 pro
2121 4290 2302 4331 errore
2328 4291 2424 4330 suo
2442 4286 2623 4331 contra
2645 4279 2917 4332 veritatem
2944 4279 3089 4349 leges
3106 4280 3312 4350 darent,
3335 4298 3429 4353 per
3452 4301 3579 4355 qua:

2000 4364 2130 4435 justi
2175 4373 2231 4419 et
2276 4366 2624 4434 probarentur
2662 4376 2715 4422 et
2751 4379 3159 4436 coronarentur,
3204 4388 3308 4426 non
3346 4376 3584 4432 facicmlo

2005 4458 2145 4528 quod
2176 4458 2251 4513 illi
2274 4458 2541 4527 juberent,
2573 4460 2693 4528 quia
2718 4460 2858 4517 Deus
2887 4461 3208 4530 prohiberet.
3238 4465 3384 4521 Sicut
3406 4468 3583 4538 jusse-

2003 4558 2086 4603 rat
2112 4548 2597 4607 Nabuchodonosor
2619 4560 2673 4605 ut
2696 4567 2853 4607 aurea
2874 4563 3045 4609 statua
3074 4556 3412 4625 adoraretnr;
3442 4562 3580 4629 quod

2002 4641 2093 4709 qui
2124 4642 2296 4696 facere
2317 4642 2617 4705 noluerunt,
2649 4643 2756 4699 Deo
2781 4645 2901 4698 talia
2932 4647 3228 4714 prohibeuti
3250 4650 3561 4719 placuerunt

2004 4732 2228 4797 Quando
2245 4741 2420 4786 autem
2446 4733 2792 4802 Imperatores
2818 4737 3095 4792 veritatem
3120 4747 3321 4804 tenent,
3349 4758 3444 4809 pro
3471 4744 3573 4810 ipsa

2005 4824 2227 4878 veritate
2252 4834 2436 4878 contra
2478 4840 2715 4881 errorem
2744 4824 2968 4894 jnbent,
2998 4829 3137 4897 quod
3180 4832 3416 4899 quisquis
3454 4848 3578 4885 eon-

2003 4915 2311 4983 tempserit,
2351 4916 2462 4985 ipse
2487 4914 2585 4969 sibi
2624 4915 2879 4984 judicium
2921 4918 3165 4987 acquirit.
3206 4918 3339 4973 Nam
3363 4926 3421 4974 et
3445 4921 3577 4975 inter

2005 5005 2246 5061 homines
2291 5020 2475 5074 plenus
2513 5005 2640 5071 luit,
2683 5014 2737 5060 ct
2770 5007 2907 5076 apud
2951 5008 3113 5062 Deum
3155 5007 3385 5063 frontem
3416 5011 3432 5042 ¹
3474 5026 3575 5067 non

2004 5096 2239 5159 habebit,
2268 5097 2359 5166 qui
2388 5096 2490 5151 hoc
2529 5096 2707 5152 facere
2732 5098 2919 5161 noluit,
2956 5100 3094 5168 quod
3117 5100 3171 5155 el
3198 5116 3294 5170 per
3320 5116 3414 5157 cur
3440 5106 3580 5172 regis

2002 5187 2114 5257 ipsa
2138 5189 2333 5241 veritas
2354 5187 2528 5256 jussit.
2558 5187 2707 5243 Sicut
2740 5189 2856 5259 ipse
2885 5190 3369 5249 Nabuchodonosor
3395 5204 3577 5262 postea

1999 5282 2257 5337 miraculo
2278 5281 2463 5336 salutis
2484 5282 2641 5336 trium
2664 5298 2943 5351 puerorum
2964 5293 3261 5340 commotus
3282 5295 3438 5356 atque
3464 5302 3576 5341 mu-

2002 5380 2160 5438 tatus,
2189 5388 2285 5442 pro
2307 5371 2529 5427 veritate
2550 5382 2732 5426 contra
2759 5386 2997 5427 errorem
3019 5373 3250 5429 edictum
3281 5377 3572 5445 proposuit,

2001 5473 2062 5519 ut
2100 5465 2417 5535 quicumque
2455 5462 2885 5533 blasphemarent
2918 5465 3081 5519 Deum
3107 5465 3351 5534 Sidraeh,
3379 5466 3575 5525 Μίδεεῆ

2061 5603 2079 5634 ί
2101 5608 2233 5659 ων,’
2256 5602 2431 5663 sortem
2450 5609 2541 5663 non
2806 5604 2865 5663 At
2886 5597 3041 5663 add.“
3042 5598 3339 5663 antiquiores
3381 5600 3543 5657 ferunt
3561 5643 3573 5659 .

1994 5664 2196 5737 frontem
2218 5657 2310 5711 non
2344 5659 2526 5733 [tacebit
2548 5671 2567 5710 :
2594 5660 2672 5708 cui
2706 5657 2899 5708 lectioni
2942 5657 3261 5772 still’lggautur
3282 5667 3389 5737 llas.
3414 5657 3580 5719 trude?-

1995 5738 2107 5772 cim.
2132 5724 2355 5771 Alludere
2378 5722 2568 5771 videtur
2590 5722 2879 5772 Augustinus
2911 5721 2968 5768 ad
2994 5721 3042 5769 ιΙΙ
3132 5723 3339 5772 Amstoh
3362 5727 3420 5772 ad
3444 5736 3569 5772 ltnm.

1995 5721 2107 5792 ei_m.
2132 5724 2355 5792 Alludere
2378 5722 2879 5792 videttlrgtugustinus
2994 5721 3111 5792 illud
3132 5723 3339 5792 Ajmtoli
3362 5727 3420 5777 ad
3444 5736 3569 5779 Hom.

1998 5787 2075 5845 15,
2098 5800 2147 5835 v.
2172 5786 2203 5834 5
2229 5787 2381 5853 τλάςο
2401 5781 2677 5833 necessitate
2698 5781 2873 5851 subtlt'li
2888 5789 3058 5853 estote,
3086 5781 3182 5834 novi
3206 5789 3358 5838 solum
3381 5802 3573 5853 promea

1997 5843 2145 5909 trum,
2174 5845 2261 5897 sed
2282 5845 2425 5895 etiam
2447 5854 2637 5907 propter
2661 5843 3010 5893 conscientiam.
