4014 6338
457 409 563 464 π)

447 533 510 580 et
534 522 839 595 Abdenago.
871 521 922 578 in
952 521 1219 578 interitum
1247 521 1404 586 irent,
1449 528 1503 576 et
1541 518 1728 574 domus
1762 533 1944 572 eorum
1974 515 2025 567 in

455 615 1013 689 dispersionemﬂhm.
1037 631 1113 680 ιιι,
1151 614 1253 686 96)
1286 633 1298 667 :
1331 623 1383 667 et
1411 628 1516 666 non
1541 612 1696 666 vultis
1726 620 1782 665 ut
1807 611 1906 664 tale
1930 610 2030 661 ali-

456 708 585 776 quid
609 718 795 764 contra
837 721 932 762 vos
955 707 1176 777 jubeant
1200 706 1548 775 imperatores
1574 701 1880 768 Christiani,
1906 715 2025 754 cum

452 804 625 854 sciant
648 815 679 854 a
709 799 882 866 vobis,
913 799 964 853 in
989 799 1067 854 eis
1090 813 1224 868 quos
1259 795 1622 866 rebaptizatis,
1647 794 1911 848 Christum
1937 807 2028 845 es-

455 891 655 946 sulllari
675 891 699 944 2
723 890 779 945 Si
818 887 1084 960 jussiones
1110 903 1293 959 regum
1321 903 1425 942 non
1457 886 1719 956 pertinent
1745 883 1810 936 ad
1839 881 2027 952 prJ‘di'

433 980 678 1035 mandatu
700 980 1007 1050 religionem
1037 987 1091 1032 et
1109 978 1381 1046 sacrilegia
1407 974 1750 1047 prohibenda,
1778 987 1940 1043 quare
1961 971 2031 1023 ad

456 1072 684 1127 edictum
714 1071 854 1141 regis
880 1069 999 1124 talia
1038 1069 1274 1138 jnbentis
1307 1069 1464 1122 etiam
1497 1066 1594 1136 ipsi
1639 1079 1737 1118 vos
1772 1063 2028 1134 signatis?

453 1164 535 1217 An
572 1162 826 1233 ignoratis
851 1160 1010 1215 verba
1047 1160 1188 1230 regis
1215 1173 1334 1212 esse
1357 1159 1372 1190 ³
1405 1175 1418 1211 :
1445 1156 1606 1227 Signa
1629 1165 1678 1210 et
1701 1164 1892 1208 ostenta
1914 1168 2028 1224 quce

452 1253 570 1322 fecit
595 1252 718 1306 mild
742 1251 992 1306 Dominus
1027 1250 1160 1304 Deus
1181 1252 1417 1312 excelsus,
1449 1247 1636 1315 placuit
1663 1245 1784 1298 nti/ii
1821 1245 1873 1298 in
1900 1261 2027 1297 cou-

449 1351 620 1411 specta
647 1358 758 1397 meo
790 1341 1111 1408 annuntians,
1147 1355 1296 1410 φιαιιι
1322 1353 1560 1406 magnum
1582 1345 1630 1390 et
1655 1345 1828 1404 potens
1855 1336 1917 1388 sit
1942 1351 2023 1387 re-

450 1446 607 1501 gnum
632 1431 762 1502 ejus,
785 1447 994 1502 regnum
1017 1430 1371 1500 sentpiternum
1401 1436 1446 1480 et
1474 1436 1690 1496 potestas
1718 1428 1826 1496 ejus
1852 1425 1902 1478 in
1931 1441 2027 1477 sce-

450 1521 568 1574 eula
595 1522 894 1574 saculorum
925 1519 1094 1591 (Dan.
1139 1535 1216 1585 ιιι,
1245 1518 1332 1583 99,
1365 1517 1530 1588 100)?
1556 1518 1635 1570 Au
1663 1531 1782 1570 cum
1812 1516 1909 1568 hoc
1934 1530 2028 1567 au-

451 1612 690 1676 dieritis,
739 1625 844 1664 non
887 1610 1248 1679 respondetis,
1283 1609 1480 1671 Amen;
1513 1615 1568 1660 et
1596 1607 1697 1660 ltttc
1723 1607 1867 1660 dicto
1885 1607 2028 1660 clara

449 1719 575 1760 voce
614 1702 679 1757 ad
711 1702 939 1758 edictum
969 1703 1138 1772 regis,
1165 1717 1260 1756 vos
1289 1702 1340 1754 iu
1375 1709 1556 1755 sancta
1587 1700 1919 1754 solemnitate
1956 1700 2025 1751 si-

449 1795 622 1862 gnatis
670 1794 793 1864 (a)?
821 1793 923 1847 Sed
969 1791 1128 1846 modo
1164 1793 1284 1860 quia
1327 1790 1457 1844 nihil
1499 1789 1638 1858 apud
1677 1789 2027 1859 ln’iperatores

454 1883 695 1952 potestis.
731 1885 886 1939 nobis
914 1883 1222 1940 indomitis
1249 1881 1422 1936 facere
1460 1881 1728 1935 invidiam.
1757 1879 1812 1933 Si
1849 1890 2030 1933 autem

453 1973 648 2042 aliquid
680 1975 927 2043 possetis,
956 1983 1150 2042 quanta
1183 1973 1457 2038 faceretis;
1483 1971 1696 2042 quando
1721 1971 1847 2025 nihil
1879 1980 2026 2040 pote-

449 2063 567 2132 stis,
595 2074 650 2119 et
675 2082 777 2118 lttllt
803 2065 1060 2120 cessatis!

525 2159 577 2214 8.
610 2159 808 2214 Scitote
827 2159 966 2227 quod
994 2159 1147 2227 primi
1179 2157 1407 2227 majores
1427 2157 1589 2213 vestri
1615 2171 1826 2212 causam
1854 2155 2026 2212 Caeci-

456 2251 580 2304 liani
608 2253 672 2304 ad
703 2250 1074 2319 imperatorem
1117 2251 1516 2304 Constantinum
1554 2248 1873 2303 detulerunt.
1905 2248 2029 2302 Exi-

449 2342 558 2409 gitc
581 2341 680 2394 hoc
698 2354 728 2393 a
760 2341 930 2406 uobis,
956 2340 1242 2409 probemus
1267 2339 1454 2404 vobis;
1489 2349 1542 2393 ct
1561 2339 1608 2393 si
1637 2355 1740 2393 non
1768 2341 2028 2409 probave-

457 2433 652 2496 rimus,
684 2431 841 2486 lacitc
875 2432 942 2485 de
981 2431 1136 2486 nobis
1163 2431 1412 2500 quidquid
1443 2431 1736 2499 potueritis.
1771 2431 1873 2485 Sed
1903 2431 2030 2499 quia

451 2523 830 2577 Constantinus
853 2540 955 2577 non
977 2533 1062 2580 est
1077 2539 1238 2576 ausus
1255 2523 1324 2576 de
1344 2537 1502 2577 causa
1523 2524 1752 2592 episc0pi
1768 2523 2027 2592 judicare,

453 2628 573 2668 eum
605 2613 986 2668 discutiendam
1027 2624 1188 2684 atque
1212 2614 1495 2668 finiendam
1516 2615 1780 2684 episcopis
1815 2614 2034 2684 delega-

453 2707 548 2758 vit.
599 2705 748 2770 Quod
790 2713 846 2760 et
893 2707 1082 2760 factum
1129 2715 1214 2761 est
1259 2707 1454 2760 inurhe
1498 2706 1662 2760 [torua
1717 2705 2038 2773 praesidente

455 2796 748 2852 Melchiade
768 2798 1018 2868 episc0po
1039 2799 1176 2852 illius
1200 2799 1452 2853 Ecclesiae
1475 2813 1594 2852 cum
1618 2799 1794 2852 multis
1817 2799 2038 2866 collegis

456 2889 586 2944 suis.
601 2889 842 2957 Quicum
863 2891 1198 2946 Caecilianum
1221 2891 1555 2945 innocentem
1583 2892 2035 2960 pronuntiassent,

457 2988 512 3033 ct
552 2981 810 3035 Donatum
843 2981 918 3055 (ὁ)
942 2983 1028 3052 qui
1070 2982 1300 3037 schisma
1329 2983 1630 3052 Carthagini
1662 2982 1876 3047 fecerat,
1914 2998 2038 3037 sen-

461 3074 622 3126 tentia
666 3074 1083 3142 percussissem,
1130 3075 1315 3129 iterum
1353 3075 1512 3130 vestri
1556 3074 1622 3128 ad
1665 3073 2039 3144 Imperatorem

458 3173 737 3226 venerunt,
756 3165 822 3219 de
841 3164 1040 3235 judicio
1067 3166 1455 3236 episcoporum,
1480 3167 1528 3218 in
1543 3181 1649 3235 quo
1666 3165 1787 3218 victi
1811 3164 2036 3226 fuerant,

460 3267 876 3312 murmurarunt.
925 3256 1202 3322 Quomodo
1255 3256 1394 3310 enim
1443 3249 1617 3326 potest
1655 3255 1827 3333 malus
1865 3255 2039 3324 litiga-

462 3359 545 3402 tor
587 3347 804 3401 laudare
835 3347 1068 3416 judices,
1105 3347 1296 3416 quibus
1331 3346 1687 3416 jndicantibus
1718 3349 1888 3400 victus
1928 3348 2042 3400 est?

463 3437 664 3493 lterum
689 3446 866 3491 tamen
890 3438 1332 3492 clementissimus
1364 3437 1654 3506 Imperator
1677 3435 1811 3490 alios
1834 3435 2038 3504 judiees

464 3530 743 3598 episcopos
781 3529 928 3583 dedit
967 3529 1105 3598 apud
1144 3529 1412 3584 Arclatum
1462 3529 1629 3599 gallite
1655 3529 1945 3593 civitatem,
1990 3538 2044 3582 et

464 3622 534 3674 ab
582 3620 712 3689 ipsis
745 3620 907 3674 vestri
943 3620 1010 3672 ad
1055 3619 1226 3687 ipsum
1261 3620 1638 3690 lmperatorem
1678 3617 2041 3687 appellarunt.

469 3711 638 3764 donec
675 3710 834 3765 etiam
873 3708 985 3777 ipse
1026 3723 1239 3762 causam
1295 3717 1670 3777 cognosceret,
1717 3715 1772 3761 et
1811 3707 2048 3761 Czecilia-

491 3818 595 3857 tum
621 3803 980 3862 innocentem,
1011 3802 1129 3854 illos
1154 3801 1508 3854 calumniosos
1534 3802 1912 3870 pronuntiaret.
1939 3800 2047 3855 Nec

469 3896 547 3949 sic
595 3893 750 3948 toties
796 3892 918 3947 victi
957 3892 1298 3962 quieverunt,
1337 3891 1432 3945 sed
1470 3891 1537 3945 de
1584 3891 1763 3946 Felice
1800 3892 2050 3961 Aptungi—

471 3998 615 4052 tono,
644 4001 738 4056 per
761 4001 916 4056 quem
943 3986 1256 4040 Caecilianus
1276 3985 1444 4038 fuerat
1468 3984 1761 4044 ordinatus.
1789 3986 2048 4054 quotidia-

472 4081 554 4133 nis
575 4078 1085 4149 interpellationibus
1107 4079 1203 4147 ipsi
1227 4077 1532 4146 Imperatori
1555 4076 1766 4131 tardium
1791 4079 2045 4141 fecerunt,

464 4172 710 4227 dicentes
747 4187 868 4227 eum
897 4186 1018 4226 esse
1062 4169 1370 4224 traditorem
1411 4187 1424 4222 :
1461 4179 1515 4223 et
1552 4169 1675 4223 ideo
1713 4169 2046 4224 chilianuut

471 4265 775 4334 episcopum
803 4278 923 4318 esse
949 4277 1055 4316 non
1077 4276 1252 4332 posse.
1276 4259 1420 4330 quod
1443 4276 1474 4314 a
1503 4259 1756 4314 traditore
1786 4259 1942 4313 fixerit
1965 4276 2054 4314 or-

476 4358 690 4412 dinatus
713 4373 728 4420 ;
756 4356 924 4410 donec
957 4364 1010 4409 et
1039 4355 1151 4424 ipse
1189 4352 1336 4408 Felix
1355 4353 1506 4422 jussu
1534 4352 1870 4422 Imperatoris
1893 4367 2049 4405 causa

479 4449 687 4519 «ignita
717 4450 785 4502 ab
826 4447 1040 4502 Eliano
1072 4445 1383 4516 proconsule
1426 4444 1682 4498 innocens
1716 4445 2048 4513 probaretur.

533 4542 606 4594 θ.
639 4540 786 4594 Tunc
819 4539 1193 4592 Constantinus
1223 4536 1367 4605 prior
1407 4546 1587 4588 contra
1618 4545 1824 4604 partem
1867 4535 2053 4588 Donati

482 4634 870 4688 severissimam
891 4631 1062 4700 legem
1085 4628 1249 4683 dedit.
1278 4627 1428 4681 Hunc
1447 4627 1631 4680 imitati
1661 4627 1748 4679 lilii
1771 4627 1906 4695 ejus,
1931 4626 2053 4678 taiia

487 4733 870 4794 przeceperunt.
929 4721 1130 4788 Quibus
1180 4718 1470 4774 succedens
1525 4717 1764 4772 Julianus
1817 4717 2059 4771 desertor

455 4834 458 4837 ·
485 4817 680 4872 Christi
708 4824 765 4871 et
800 4814 1065 4878 inimicus,
1106 4810 1520 4883 supplicantibus
1549 4809 1740 4863 vestris
1768 4808 2064 4878 Rogatiano

488 4917 542 4963 et
586 4905 795 4971 Pontio,
827 4904 1124 4958 libertatem
1154 4899 1464 4970 perditionis
1510 4899 1644 4969 parti
1671 4901 1693 4930 '
1723 4899 1909 4952 Donati
1937 4914 2057 4964 per-

491 4998 630 5053 misit
649 5014 660 5050 :
677 4996 904 5066 denique
920 5003 1043 5048 tunc
1059 4992 1284 5047 reddidit
1299 4991 1542 5046 basilicas
1558 4989 1839 5056 haereticis,
1853 4989 2062 5060 quando

493 5088 688 5160 templa
714 5086 1025 5151 daemoniis,
1057 5099 1122 5140 eo
1150 5083 1310 5138 modo
1353 5094 1543 5152 putans
1578 5081 1921 5136 christianum
1965 5098 2063 5134 no-

495 5193 804 5252 lneri-posse
829 5176 1004 5248 perire
1026 5175 1094 5230 de
1120 5175 1297 5240 terris,
1323 5173 1366 5227 si
1395 5172 1580 5228 unitati
1601 5172 1854 5227 Ecclesia:
1872 5171 1938 5225 de
1964 5187 2064 5240 qua

496 5271 892 5344 lapsus-fuerat,
919 5268 1198 5331 invideret,
1229 5276 1282 5321 et
1308 5266 1590 5335 sacrilegas
1622 5263 1980 5320 dissensiones
2006 5263 2067 5315 ii-

498 5367 655 5421 beras
707 5378 826 5418 esse
876 5362 1222 5432 permitteret.
1265 5357 1389 5412 Hrec
1430 5366 1545 5411 erat
1582 5357 1700 5424 ejus
1737 5353 2068 5424 praedicanda

561 5457 578 5488 ι
605 5451 902 5514 ιλονηιιετὺιι
923 5450 1051 5514 regis
1071 5461 1173 5500 esse
1195 5446 1634 5514 Nabuchodonosor;
1661 5443 1819 5508 signa,
1848 5451 1942 5514 etc.
1955 5452 2068 5514 am,

501 5517 609 5565 uad.
635 5504 736 5575 Er.,'
754 5512 894 5565 acrba
916 5504 1044 5583 regis
1066 5523 1167 5560 esse
1183 5521 1340 5583 5.1”ch
1363 5504 1785 5583 lvabuclwdonosor
1801 5504 2074 5582 ostendun-

497 5589 607 5642 ψει.
633 5584 688 5626 At
707 5584 834 5635 Mss,
856 5577 984 5639 regis
1005 5585 1106 5624 esse
1133 5584 1151 5621 :
1174 5581 1334 5680 διῖπιι,
1363 5577 1457 5618 etc.
1555 5591 1559 5596 -
1663 5627 1673 5638 ν
1699 5627 1708 5636 _
1778 5626 1788 5636 .

564 5642 582 5701 ἕ
605 5639 676 5687 sic
697 5638 926 5701 meliores
944 5643 1062 5701 Mss.
1079 5642 1287 5701 Ai.__\'tt_g.
1312 5631 1510 5701 habent,
1533 5628 1788 5701 perdtuont
1811 5632 1976 5701 partes.

565 5700 648 5760 (ιι)
662 5705 709 5746 ιιι
731 5699 923 5748 Gothico
944 5699 1099 5746 oﬂicio
1115 5691 1398 5745 dicebantur
1415 5694 1518 5742 lucc
1536 5691 1585 5739 in
1601 5691 1798 5738 samiato
1816 5700 2003 5748 saucio,
2027 5697 2076 5738 et

499 5761 897 5822 cetpondebatur,
921 5771 1076 5809 mum.

564 5817 640 5884 (lt)
660 5823 835 5885 ripisco;
853 5835 932 5869 inn
956 5836 981 5869 a
1003 5822 1129 5869 t'a--.is
1152 5817 1318 5879 Nigris.

1696 407 1753 460 s.
1795 397 2153 459 AUCUSTINI
2201 398 2496 478 muscum

3612 394 3712 450 δυο

2131 512 2354 579 justitia,
2385 511 2539 581 quam
2562 511 2920 581 supplicantes
2947 509 3269 580 Rogatianus
3295 518 3346 565 et
3367 508 3588 564 Pontius
3613 510 3710 563 lau~

2139 605 2416 672 daverunt,
2449 607 2684 661 dicentes
2716 607 2912 660 homini
2951 615 3220 677 apostatzu,
3252 607 3392 675 quod
3432 606 3571 676 apud
3598 623 3713 660 eum

2138 699 2248 750 sola
2264 699 2468 769 justitia
2506 699 2704 752 haberet
2731 699 2914 752 locum.
2949 699 3081 752 llnic
3107 701 3359 752 successit
3394 698 3648 752 Jovianus
3673 702 3712 759 ',

2137 790 2224 857 qui
2266 791 2513 859 quoniam
2540 791 2647 844 cito
2673 799 2909 843 mortuus
2938 801 3039 855 est,
3079 790 3204 843 nihil
3235 789 3302 843 de
3329 790 3486 844 rebus
3522 789 3719 842 talihus

2133 883 2308 950 jussit.
2356 882 2556 936 Deinde
2590 883 3015 946 Valentinianus;
3052 881 3208 950 legite
3247 897 3366 949 quae
3395 891 3578 934 contra
3620 896 3718 934 vos

2133 972 2369 1040 jusserit.
2402 973 2525 1025 Inde
2546 972 2825 1027 Gratianus
2853 983 2904 1026 et
2926 972 3290 1034 Theodosius;
3322 971 3479 1040 legite
3503 972 3723 1040 quando

2140 1063 2317 1128 vultis,
2344 1079 2462 1131 quae
2491 1061 2556 1116 de
2586 1062 2734 1116 vobis
2759 1063 3149 1116 constituerint.
3181 1061 3316 1126 Quid
3345 1077 3470 1130 ergo
3497 1061 3563 1114 de
3595 1061 3719 1112 liliis

2137 1155 2423 1210 Theodosii
2467 1153 2754 1220 miramini,
2787 1156 2936 1224 quasi
2966 1153 3105 1206 aliud
3145 1153 3197 1206 in
3239 1152 3334 1206 hac
3369 1166 3523 1205 causa
3565 1152 3725 1220 sequi

2139 1245 2420 1300 debuerint
2443 1285 2461 1310 ,
2490 1260 2646 1314 quam
2686 1243 3014 1300 Constantini
3050 1244 3302 1312 judicium
3334 1258 3428 1312 per
3456 1251 3534 1296 tot
3571 1241 3740 1296 chri-'

2135 1337 2336 1389 stianos
2367 1336 2715 1405 imperatores
2741 1337 3041 1391 firmissime
3065 1335 3418 1388 custoditum?

2207 1430 2292 1482 10.
2333 1430 2414 1483 Ad
2442 1429 2844 1484 Constantinum
2875 1440 3080 1492 autem,
3118 1428 3256 1480 sicut
3281 1426 3540 1488 diximus,
3583 1424 3728 1479 sicut

2134 1520 2285 1574 vobis
2313 1521 2522 1589 quando
2550 1521 2732 1584 vultis,
2762 1519 2803 1572 si
2831 1527 3010 1572 tamen
3047 1518 3319 1587 ignoratis,
3351 1515 3682 1570 ostendimus
3704 1543 3744 1576 ,-

2138 1611 2368 1679 tnajores
2419 1612 2580 1665 vestri
2625 1625 2842 1663 causam
2894 1609 3162 1663 Cteciliani
3208 1609 3350 1661 ultro
3396 1607 3746 1660 detulemnt.~

2139 1703 2427 1758 Defunctus
2455 1713 2535 1756 est
2561 1703 2936 1756 Constantinus
2955 1743 2968 1763 ,
2998 1701 3088 1755 sed
3110 1701 3362 1770 judicium
3387 1700 3744 1753 Constantini-

2135 1808 2314 1848 contra
2345 1809 2441 1848 vos
2472 1795 2598 1846 vivit
2625 1835 2639 1859 ,
2669 1809 2773 1862 quo
2812 1793 2971 1847 vestri
3007 1808 3219 1844 causam
3254 1793 3549 1855 miserunt,
3582 1790 3731 1860 apud

2141 1903 2302 1956 quem
2323 1889 2534 1956 judices
2574 1887 2851 1955 episcopos
2891 1883 3368 1952 reprehenderunt,
3397 1882 3461 1935 ad
3493 1897 3653 1950 quem
3697 1896 3734 1934 a

2132 1980 2399 2049 judicibns
2423 1979 2685 2048 episc0pis
2713 1977 3131 2047 appellaverunt.
3164 1991 3321 2045 quem
3351 1975 3732 2029 ta-diosissime

2145 2073 2212 2126 de
2239 2071 2414 2125 Felice
2442 2071 2797 2140 Aptungitano
2838 2069 3301 2137 interpellmcrnnt
3321 2109 3336 2132 ,
3367 2084 3394 2119 a
3424 2081 3528 2136 quo
3569 2067 3736 2120 toties

2141 2161 2372 2215 convicti
2399 2170 2452 2214 et
2481 2159 2683 2213 confusi
2714 2159 3007 2218 red-ierunt,
3041 2165 3091 2210 ct
3124 2172 3153 2209 a
3185 2156 3420 2226 pernicie
3454 2156 3648 2209 furoris
3674 2166 3736 2208 et

2137 2253 2487 2306 animositatis
2516 2269 2626 2305 suae
2657 2266 2763 2306 non
2787 2259 3145 2313 recesserunt;
3173 2265 3395 2318 eamque
3419 2250 3566 2303 vobis
3588 2260 3740 2320 post.

2141 2345 2248 2398 eris
2279 2345 2388 2398 suis
2418 2344 2805 2396 hatreditariam
2836 2343 3182 2411 reliquerunt,
3228 2351 3283 2395 ut
3311 2351 3414 2395 tam
3449 2342 3735 2411 impuden-

2141 2439 2228 2489 ter
2248 2436 2315 2487 de
2341 2434 2664 2503 jussionihus
2690 2433 3096 2486 christianorum
3122 2433 3498 2500 imperatorum
3523 2430 3737 2484 faciatis

2146 2526 2420 2591 invidiam,
2447 2540 2565 2577 cum
2598 2525 2641 2577 si
2670 2523 2818 2577 Vobis
2845 2523 3046 2588 liceret,
3073 2537 3176 2575 non
3203 2521 3416 2590 quidem
3440 2523 3552 2591 jam
3581 2521 3733 2588 Cou-

2147 2615 2436 2669 stantinutn
2465 2615 2828 2679 christianum,
2865 2614 2987 2682 quia
3011 2613 3220 2665 veritati
3243 2611 3388 2678 favit,
3415 2624 3599 2665 contra
3632 2627 3740 2665 nos

2144 2707 2574 2776 iuterpellarctis,
2600 2706 2692 2758 sed
2715 2713 3008 2773 apostatam
3038 2703 3305 2756 lulianum
3329 2704 3396 2756 ab
3423 2703 3604 2755 inferis
3632 2717 3736 2756 ex-

2143 2801 2412 2862 citaretis;
2439 2798 2594 2868 quasi
2622 2813 2750 2850 vero
2779 2797 2822 2850 si
2848 2796 3041 2865 aliquid
3073 2796 3175 2849 tale
3212 2797 3558 2863 contingeret,
3589 2805 3740 2848 essu

2146 2907 2390 2961 magnum
2415 2889 2608 2942 malum
2650 2889 2748 2942 nisi
2772 2888 2944 2940 vobis.
2976 2886 3105 2952 Qua:
3131 2896 3215 2940 est
3238 2887 3379 2940 enim
3408 2885 3558 2956 pejor
3585 2900 3743 2939 mors

2144 2985 2357 3046 animat,
2387 2999 2544 3052 quam
2574 2982 2788 3036 libertas
2815 2981 3045 3035 erroris?

2215 3071 2440 3128 CAPUT
2469 3071 2552 3124 ιιι.
2575 3101 2646 3112 -
2673 3073 2755 3124 Η.
2787 3071 2891 3124 Sed
2919 3072 3026 3138 jam
3061 3069 3305 3122 tollamus
3332 3067 3427 3120 ista
3457 3067 3634 3120 omnia
3665 3079 3744 3121 ne

2148 3166 2353 3230 medio;
2382 3181 2618 3218 amcnins
2647 3180 2850 3232 pacem,
2875 3178 3031 3230 quam
3056 3163 3225 3213 omnis
3259 3159 3448 3212 doctus
3470 3167 3525 3212 et
3551 3159 3742 3211 indoc-

2150 3269 2232 3311 tus
2260 3256 2506 3326 intelligit
2530 3253 2940 3325 pra'poncndam
2971 3267 3090 3306 esse
3116 3251 3418 3315 discordia),
3448 3250 3742 3318 diligamus

2151 3357 2204 3404 et
2229 3359 2506 3403 teneamus
2535 3349 2810 3400 unitatem.
2841 3346 2952 3398 lloc
2975 3344 3165 3413 jnhent
3201 3345 3564 3411 imperatores,
3589 3343 3746 3410 quod

2147 3441 2296 3510 jubet
2319 3449 2374 3494 et
2401 3439 2668 3501 Christus;
2709 3438 2830 3508 quia
2865 3452 2985 3490 cum
3021 3437 3215 3490 bonum
3239 3435 3444 3504 jubcnt,
3484 3450 3578 3504 per
3616 3436 3744 3489 illos

2151 3547 2256 3585 non
2279 3531 2429 3600 jubet
2463 3531 2564 3582 nisi
2593 3528 2854 3582 Cluistus.
2893 3527 2959 3580 Et
2988 3541 3084 3579 nos
3113 3526 3270 3580 etiam
3303 3540 3395 3594 per
3421 3525 3742 3592 Apostolnm

2152 3625 2416 3684 obsecrat,
2460 3631 2515 3674 ut
2556 3620 2782 3688 idipsnm
2811 3617 3050 3671 dicamus
3085 3632 3288 3678 omnes,
3329 3626 3382 3669 et
3417 3631 3522 3668 non
3550 3616 3656 3668 sint
3684 3617 3744 3670 in

2155 3713 2308 3766 nobis
2341 3713 2626 3764 schismata
2654 3751 2666 3771 .
2713 3723 2886 3779 neque
2911 3708 3148 3762 dicamus
3169 3749 3184 3771 ,
3225 3707 3338 3776 Ego
3376 3706 3589 3776 quidem
3618 3724 3745 3760 sum

2154 3805 2324 3867 Pauli,
2348 3819 2446 3873 ego
2473 3813 2648 3855 autem
2683 3802 2893 3870 Apollo,
2917 3817 3015 3869 ego
3039 3816 3164 3853 vero
3187 3801 3404 3868 Cephte,
3433 3814 3532 3868 ego
3557 3813 3744 3853 autem

2153 3897 2384 3960 Christi;
2417 3897 2509 3950 sed
2539 3895 2700 3950 simul
2721 3910 2906 3948 omnes
2930 3911 3035 3947 non
3066 3895 3230 3946 simus
3257 3894 3353 3946 nisi
3376 3893 3592 3957 Christi,
3616 3896 3745 3963 quia

2156 4007 2254 4044 nec
2292 3989 2494 4043 divisus
2536 4001 2615 4042 est
2644 3987 2915 4052 Christus,
2962 4003 3058 4040 nec
3101 3986 3296 4039 Paulus
3336 3988 3624 4041 crucifixus
3658 3997 3745 4040 est

2155 4096 2253 4151 pro
2301 4081 2486 4144 nobis;
2531 4089 2727 4144 quanto
2776 4079 2949 4131 minus
2991 4077 3258 4130 Donatus?
3295 4091 3389 4130 nec
3427 4076 3476 4128 in
3523 4077 3747 4130 nomine

2159 4173 2304 4228 Pauli
2336 4171 2581 4240 baptizati
2609 4185 2790 4222 smnus
2817 4167 2866 4237 (1
2895 4166 3012 4222 Cor.
3039 4183 3075 4232 ι,
3098 4167 3162 4220 10
3199 4166 3314 4237 ili);
3339 4176 3536 4236 quanto
3566 4167 3748 4220 minus

2158 4266 2210 4319 in
2226 4264 2437 4318 Donati?
2455 4263 2567 4316 lloc
2581 4261 2763 4314 dicunt
2781 4268 2832 4312 et
2847 4258 3218 4328 imperatores,
3235 4258 3352 4326 quia
3374 4257 3646 4310 christiani
3661 4272 3748 4321 ea.

2158 4358 2336 4412 tholici
2356 4364 2498 4418 sunt,
2523 4369 2626 4408 non
2647 4354 2902 4406 idolorum
2929 4351 3088 4413 servi,
3115 4351 3252 4404 sicut
3276 4360 3448 4403 vester
3465 4349 3750 4412 Julianus;

2159 4467 2264 4506 non
2283 4450 2536 4513 hatretiei,
2557 4450 2692 4502 sicut
2712 4447 2925 4517 quidam
2952 4447 3234 4500 fueruntet
3258 4446 3548 4500 Ecclesium
3565 4447 3751 4498 catho.

2161 4543 2315 4597 licam
2351 4539 2611 4610 persecuti
2646 4546 2787 4601 sunt,
2817 4538 3028 4607 quando
3055 4538 3166 4590 vcri
3209 4537 3482 4591 christiani
3507 4552 3612 4590 non
3650 4552 3756 4606 pro

2162 4635 2413 4689 lueretico
2437 4648 2619 4687 errore
2642 4646 2826 4701 pmnas
2855 4630 3175 4699 justissimas
3196 4630 3331 4682 sicut
3360 4645 3481 4691 vos,
3523 4629 3617 4682 sed
3653 4643 3756 4697 pro

2162 4725 2417 4781 catholica
2436 4721 2655 4778 veritate
2679 4723 2948 4792 passiones
2967 4721 3374 4790 gloriosissimas
3391 4721 3749 4789 pertulerunt.

2236 4816 2322 4871 12.
2355 4813 2624 4870 Attendite
2655 4829 2812 4882 quant
2840 4812 3264 4865 manifestissima
3288 4812 3508 4865 veritate
3530 4826 3628 4881 per
3653 4829 3753 4866 cor

2165 4910 2327 4978 regis,
2355 4905 2494 4976 quod
2521 4905 2573 4959 in
2602 4920 2759 4959 manu
2785 4903 2874 4957 Dei
2903 4911 3004 4968 est,
3030 4903 3141 4970 ipse
3173 4903 3309 4957 Deus
3330 4903 3522 4956 dixerit
3552 4902 3603 4954 in
3650 4902 3754 4955 ista

2170 5001 2285 5069 ipsa
2307 4999 2423 5067 lege
2447 5011 2600 5066 quam
2622 5005 2806 5049 contra
2822 5008 2914 5046 vos
2937 4993 3193 5061 prolatam
3213 4991 3415 5055 dicitis;
3441 5001 3523 5046 est
3547 5001 3748 5055 autem,

2171 5092 2214 5145 si
2253 5087 2579 5157 intelligatis,
2630 5085 2831 5154 prolata
2863 5099 2961 5152 pro
2997 5085 3167 5138 vobis.
3197 5083 3464 5137 Attendite
3493 5085 3618 5152 quid
3655 5086 3750 5136 ha-

2173 5181 2333 5234 beant
2357 5178 2514 5232 verba
2544 5175 2794 5246 principis
2828 5193 2840 5228 :
2876 5173 3077 5227 Natusi
3096 5175 3148 5227 iu
3175 5175 3245 5228 eis
3273 5177 3356 5243 qui
3385 5175 3546 5243 primo
3567 5176 3756 5227 initiati

2173 5279 2311 5332 sunt,
2331 5267 2519 5320 idcirco
2545 5265 2721 5335 religio
2742 5262 3068 5332 Baptirumtis
3081 5263 3346 5333 judicatur
3365 5264 3592 5330 inﬁrma,
3619 5264 3760 5332 quod

2175 5361 2212 5413 ii
2237 5376 2268 5411 a
2297 5358 2474 5428 quibus
2497 5356 2743 5426 accipitur
2772 5363 3050 5424 peccatores
3079 5363 3334 5424 putentur,
3361 5354 3504 5406 toties
3527 5354 3759 5406 renovari

2179 5468 2374 5506 necesse
2402 5452 2491 5504 erit
2534 5450 2773 5502 traditum
2824 5448 3227 5510 Sacrantentum,
3275 5449 3467 5517 quoties
3513 5447 3762 5518 indignus

2183 5545 2333 5616 fuerit
2359 5545 2585 5596 inventus
2603 5541 2771 5595 collati
2799 5540 3126 5610 Baptismatir
3145 5542 3540 5608 administrator,
3565 5553 3610 5594 et
3631 5542 3764 5609 ﬁdes

2183 5647 2352 5690 nostra
2379 5654 2478 5690 non
2505 5652 2566 5689 ex.
2597 5646 2780 5689 nostra:
2805 5635 3068 5689 voluntatis
3094 5636 3318 5700 arbitrio,
3347 5650 3504 5704 neque
3527 5651 3588 5687 ex
3607 5634 3767 5687 divini

2223 5751 2261 5817 .1
2292 5748 2421 5810 apud
2446 5758 2544 5797 nm.
2565 5747 2678 5817 uad.
2705 5753 2778 5794 Er.
2807 5755 2855 5795 et
2877 5753 2982 5795 L-Ess.
3023 5755 3126 5795 tres
3147 5760 3192 5795 ν.
3229 5754 3280 5796 et
3315 5744 3388 5795 sb.
3413 5748 3658 5802 scribitur,
3682 5753 3765 5792 Jo-

2186 5812 2419 5860 ttt'tmnus.
2447 5812 2573 5872 ΑιιιιΙ
2697 5817 2746 5857 ιιι
2769 5825 2830 5866 s.,
2849 5821 3137 5860 remittitur.
