4122 6350
382 322 470 378 tot
1581 309 2063 366 EPISTCLUil'M
2100 308 2379 367 CLASSIS
2417 310 2480 366 ll.

375 436 594 492 muneris
633 435 818 507 gratia,
841 434 928 489 sed
951 448 1014 488 ea:
1038 432 1226 487 meritis
1248 430 1564 485 sacerdotum
1589 439 1636 483 et
1660 428 1958 483 clericorum

372 528 614 598 qualitate
640 525 869 595 pendebit
898 523 998 598 (a).
1026 523 1247 580 Faciant
1284 522 1427 576 mille
1457 521 1680 575 concilia
1725 519 1958 591 episcopi

375 619 559 684 vestri,
590 615 715 671 huic
761 617 852 672 uni
881 614 1157 670 sententia:
1198 612 1574 684 respondeant,
1629 620 1683 666 et
1723 611 1791 666 ad
1813 611 1962 682 quod

376 708 654 762 volueritis
675 705 1044 761 consentimus
1070 705 1240 759 vobis.
1270 703 1458 758 Videte
1485 700 1626 756 enim
1654 716 1810 772 quam
1840 715 1964 771 per-

359 798 534 855 verse
581 810 637 854 et
684 799 848 868 impie
877 797 1101 864 dicatur,
1129 795 1271 867 quod
1301 795 1480 850 dicere
1524 794 1727 860 soletis,
1769 793 1890 864 quia
1919 794 1965 848 si

381 891 552 944 bonus
578 890 648 944 sit
668 889 854 955 homo,
902 888 1015 957 ipse
1044 886 1340 941 sanctiﬁcat
1366 901 1488 941 eum
1516 899 1673 955 quem
1700 884 1964 953 haptizat;

379 981 423 1034 si
443 990 620 1035 autem
649 981 820 1034 malus
844 979 932 1041 sit,
961 987 1014 1034 et
1040 978 1240 1032 nesciat
1268 977 1356 1031 ille
1375 977 1464 1047 qui
1491 976 1809 1046 baptizatur,
1841 984 1965 1028 tunc

385 1073 523 1127 Deus
548 1071 861 1126 sanctiﬁcat.
902 1070 1015 1125 Hoc
1058 1069 1104 1124 si
1142 1083 1324 1123 verum
1354 1076 1456 1133 est,
1509 1077 1690 1135 optare
1715 1081 1843 1138 ergo
1870 1065 1968 1120 de-

381 1164 506 1218 bent
536 1161 802 1230 homines,
831 1169 934 1216 uta
963 1161 1117 1216 malis
1138 1161 1390 1230 ignoratis
1413 1159 1764 1228 baptizentur,
1795 1156 1970 1226 potius

383 1271 540 1325 quam
567 1271 598 1308 a
643 1255 785 1308 notis
813 1254 984 1320 bonis,
1020 1263 1076 1308 ut
1103 1254 1268 1323 magis
1291 1269 1322 1308 a
1352 1253 1458 1306 Deo
1483 1267 1637 1322 quam
1665 1251 1731 1304 ab
1759 1250 1972 1304 homine

387 1347 590 1415 possint
615 1345 931 1400 sanctiticari
971 1362 985 1398 :
1015 1344 1108 1399 sed
1133 1345 1273 1398 absit
1304 1359 1332 1396 a
1359 1343 1511 1397 nobis
1542 1342 1638 1396 ista
1681 1340 1969 1396 dementia.

383 1437 558 1504 Quare
601 1451 728 1506 ergo
760 1451 866 1488 non
897 1450 1080 1488 verum
1128 1433 1376 1498 dicimus,
1422 1441 1474 1487 et
1525 1441 1669 1486 recte
1711 1432 1968 1500 sapimus,

385 1529 505 1593 quia
535 1543 749 1598 semper
790 1527 882 1582 Dei
921 1534 1002 1582 est
1029 1527 1114 1581 illa
1138 1527 1303 1596 gratia
1331 1534 1385 1580 et
1424 1526 1516 1582 Dei
1545 1524 1969 1588 Sacramentum,

385 1619 615 1673 hominis
644 1627 821 1674 autem
859 1619 1029 1673 solum
1059 1618 1445 1680 ministerium;
1474 1617 1562 1687 qui
1595 1617 1638 1670 si
1671 1616 1844 1670 bonus
1867 1624 1969 1679 est,

386 1711 620 1766 adhccret
642 1711 771 1775 Deo,
802 1720 857 1766 et
878 1720 1130 1780 operatur
1169 1726 1288 1765 cum
1332 1709 1476 1774 Deo;
1505 1709 1548 1764 si
1577 1716 1754 1763 autem
1803 1708 1974 1761 malus

385 1811 487 1867 est,
528 1810 780 1872 operatur
820 1817 916 1870 per
959 1801 1108 1855 illum
1154 1801 1294 1855 Deus
1336 1799 1598 1854 visibilem
1645 1795 1973 1853 Sacramenti

387 1891 630 1954 formam,
667 1894 780 1961 ipse
805 1902 980 1946 autem
1008 1892 1167 1946 donat
1206 1891 1522 1946 invisibilem
1568 1890 1811 1960 gratiam.
1863 1888 1974 1942 Hoc

387 1985 651 2055 sapiamus
679 2000 884 2051 omnes,
911 1992 965 2038 et
991 1999 1098 2037 non
1134 1983 1241 2037 sint
1263 1983 1312 2036 in
1344 1982 1496 2036 nobis
1523 1981 1829 2036 schismata.

459 2077 681 2133 CAPUT
724 2077 812 2131 ιν.
841 2107 913 2117 -
942 2078 1027 2130 15.
1059 2074 1388 2131 Concordate
1420 2074 1716 2137 nobiscum,
1750 2071 1970 2135 fratres;

386 2169 653 2238 diligimus
684 2184 797 2232 vos,
841 2169 945 2223 hoc
985 2167 1136 2222 vobis
1165 2167 1412 2221 volumus
1440 2165 1582 2236 quod
1627 2172 1684 2218 et-
1715 2163 1888 2219 nobis.
1917 2162 1974 2219 Si

387 2269 665 2330 propterea
698 2273 794 2313 nos
817 2259 1029 2328 gravius
1054 2256 1259 2319 odistis,
1293 2255 1414 2326 quia
1442 2269 1624 2310 errare
1669 2268 1765 2307 vos
1797 2260 1851 2307 et
1879 2268 1974 2322 pe-

387 2349 492 2405 rire
518 2364 620 2402 non
650 2348 1028 2417 permittimus,
1061 2347 1164 2403 hoc
1186 2347 1294 2401 Deo
1320 2346 1499 2406 dicite,
1540 2360 1698 2415 quem
1721 2345 1973 2400 timemus

388 2439 676 2493 minantem
707 2439 859 2493 malis
886 2439 1202 2507 pastoribus,
1235 2445 1288 2491 et
1327 2436 1586 2490 dicentem
1618 2453 1631 2486 :
1663 2434 1811 2500 Quod
1833 2451 1973 2487 erra-

387 2538 543 2591 verat,
576 2545 676 2582 non
723 2529 1010 2593 revocastis,
1055 2537 1101 2580 et
1125 2527 1260 2597 quod
1305 2527 1550 2595 petierat,
1567 2541 1666 2578 non
1705 2524 1976 2592 inquisistis

392 2617 603 2684 (Ezeclt.
631 2635 814 2680 xxxnv,
848 2618 925 2689 4).
963 2619 1069 2672 lloc
1096 2617 1245 2672 vobis
1265 2633 1362 2686 per
1389 2630 1486 2670 nos
1517 2616 1656 2669 Deus
1683 2615 1795 2683 ipse
1831 2614 1970 2677 facit,

386 2724 500 2762 sive
526 2707 873 2771 obsecrando,
899 2707 1011 2762 sive
1037 2706 1312 2770 minando,
1340 2705 1457 2759 sive
1471 2703 1830 2774 corripiendo,
1862 2704 1975 2759 sive

387 2803 617 2867 damnis,
648 2802 763 2856 sive
790 2801 1078 2867 laboribus,
1109 2801 1224 2855 sive
1251 2816 1346 2869 per
1374 2814 1497 2854 suas
1518 2799 1756 2853 occultas
1785 2797 1973 2851 admo-

389 2894 618 2948 nitiones
652 2893 736 2949 vel
762 2893 1124 2955 visitationcs,
1155 2892 1268 2946 sive
1297 2907 1390 2960 per
1420 2898 1742 2958 potestatum
1767 2897 1973 2958 tempo-

384 2987 577 3057 ralium
601 2985 766 3055 leges.
795 2984 1075 3055 lntelligite
1103 2983 1227 3054 quid
1258 2982 1531 3036 vobiscum
1555 2989 1770 3052 agatur;
1801 2979 1976 3050 perire

395 3091 483 3132 vos
512 3093 620 3132 non
653 3078 762 3130 vult
798 3077 937 3130 Deus
974 3075 1024 3128 in
1073 3075 1326 3143 sacrilega
1373 3072 1636 3129 discordia
1656 3071 1915 3124 alienatos
1944 3086 1974 3123 a

387 3183 555 3226 matre
567 3178 740 3224 vestra
763 3168 1051 3224 Catholica.
1078 3166 1221 3220 Nihil
1243 3166 1294 3219 in
1322 3179 1419 3218 nos
1442 3163 1723 3234 aliquando
1750 3163 1976 3232 probare

395 3263 677 3333 potuistis;
707 3261 870 3316 vestri
897 3258 1128 3329 episc0pi
1149 3257 1397 3311 convcnti
1427 3271 1456 3310 a
1488 3255 1662 3319 nobis,
1706 3269 1972 3324 nunquam

390 3357 662 3411 nobiscum
678 3354 892 3424 pacifica
922 3350 1166 3406 conferre
1190 3352 1488 3413 voluerunt,
1525 3348 1673 3418 quasi
1716 3347 1976 3416 fugientes

387 3464 506 3502 cum
534 3444 901 3518 peccatoribus
921 3443 1087 3511 loqui.
1117 3441 1246 3508 Quis
1281 3440 1415 3494 ferat
1454 3438 1608 3492 istam
1644 3437 1972 3507 superbiam?

387 3538 535 3600 quasi
561 3537 750 3590 Paulus
766 3534 1038 3602 apostolus
1073 3549 1180 3587 non
1219 3531 1504 3586 contulerit
1527 3546 1644 3584 cum
1677 3530 1973 3600 peccatori-

387 3628 485 3682 bus
500 3636 552 3682 et
571 3643 692 3682 cum
705 3625 858 3680 valde
879 3624 1148 3694 sacrilegis
1167 3642 1181 3679 :
1200 3623 1357 3694 legite
1382 3624 1543 3677 Actus
1573 3623 1970 3691 Apostolorum,

385 3727 438 3775 et
465 3719 657 3773 videte.
687 3717 845 3782 Quasi
877 3715 991 3785 ipse
1018 3715 1274 3769 Dominus
1303 3730 1406 3767 non
1424 3729 1543 3768 cum
1566 3713 1786 3777 Judreis,
1807 3729 1836 3767 a
1858 3715 1975 3783 qui-

385 3805 483 3862 bus
507 3806 790 3861 cruciﬁxus
816 3815 916 3867 est,
945 3820 1219 3886 sermones
1249 3805 1315 3859 de
1341 3804 1482 3874 Lege
1505 3804 1768 3870 habuerit,
1791 3805 1974 3875 eisque

386 3905 739 3968 congruenter
779 3897 1133 3966 respoaderit.
1159 3896 1436 3951 Postremo
1479 3895 1719 3950 diabolus
1755 3905 1836 3950 est
1862 3897 1973 3965 pri-

384 4003 502 4042 mus
516 3988 752 4042 omnium
769 3996 1123 4056 peccatorum,
1138 3987 1225 4056 qui
1242 3985 1479 4040 converti
1496 3985 1560 4039 ad
1575 3985 1832 4056 justitiam
1849 4003 1976 4042 nun‘

386 4093 540 4145 quam
563 4078 848 4147 poterit,_et
870 4088 1043 4156 tamen
1063 4092 1160 4132 nec
1183 4079 1294 4146 ipse
1320 4078 1578 4132 Dominus
1596 4077 1661 4132 de
1685 4078 1822 4148 Lege
1835 4078 1976 4133 dedi-

386 4177 575 4238 gnatus
593 4177 676 4223 est
694 4170 742 4223 ei
763 4169 1107 4238 respondere;
1127 4178 1185 4223 ut
1203 4169 1504 4238 intelligatis
1527 4169 1656 4223 istos
1671 4169 1789 4224 ideo
1807 4170 1978 4225 nobis-

386 4274 504 4314 cum
519 4259 663 4314 nolle
679 4258 944 4324 conferre,
959 4258 1306 4328 quiacausam
1321 4274 1468 4311 suam
1485 4258 1744 4327 perditam
1760 4267 1969 4313 norunt.

456 4350 543 4404 M.
574 4349 684 4404 Nos
714 4350 730 4381 ¹
764 4350 1067 4420 ignoramus
1091 4349 1215 4419 quid
1232 4349 1485 4404 adversus
1503 4350 1708 4418 seipsos
1730 4349 1974 4405 homines

381 4440 618 4509 iactent,
665 4442 754 4510 qui
796 4442 1140 4498 calumniosis
1168 4442 1588 4497 dissensionibus
1633 4443 1882 4512 gaudent.
1916 4444 1973 4498 ln

385 4531 670 4602 Scripturis
694 4531 949 4586 discimus
970 4532 1275 4599 Christum,
1309 4533 1359 4586 in
1399 4532 1685 4601 Scripturis
1721 4533 1974 4590 discimus

386 4621 706 4678 Ecclesiam.
768 4623 874 4677 llas
924 4623 1224 4693 Seripturas
1277 4625 1627 4680 communiter
1672 4625 1969 4692 habemus,

385 4729 548 4783 quare
573 4731 677 4768 non
706 4715 756 4768 in
781 4715 858 4769 eis
878 4723 932 4770 et
949 4714 1215 4770 Christum
1237 4725 1290 4772 et
1314 4717 1599 4772 Ecelesiam
1621 4721 1974 4775 communiter

386 4807 719 4861 retinemus?
749 4806 855 4861 Nos
882 4807 968 4861 ubi
992 4807 1304 4877 agnovimus
1331 4823 1450 4862 eum
1475 4807 1542 4862 de
1561 4823 1667 4877 quo
1685 4809 1812 4863 dicit
1832 4810 1973 4878 Apo-

385 4899 578 4961 stolas,
610 4898 824 4952 Abt-alta:
847 4898 995 4952 dictae
1011 4909 1128 4952 sunt
1159 4900 1510 4968 promissiones
1548 4910 1595 4953 et
1625 4902 1802 4954 semini
1829 4887 1972 4972 ejus;

386 5004 486 5041 non
515 4988 655 5052 dicit,
698 4986 767 5040 Et
802 4989 1090 5053 seminibus,
1133 4999 1368 5059 tanquam
1408 4990 1461 5042 in
1490 4990 1699 5054 multis;
1723 4990 1813 5044 sed
1853 5001 1970 5046 tan-

386 5096 536 5149 quam
561 5081 613 5132 in
636 5096 756 5142 uno,
791 5078 855 5132 Et
880 5080 1058 5132 semini
1079 5090 1184 5143 tua,
1219 5081 1354 5150 quod
1374 5091 1446 5135 est
1472 5081 1698 5134 Christus
1720 5079 1862 5149 (Gal.
1891 5098 1966 5147 ut,

391 5169 479 5238 16)
505 5186 520 5233 ;
551 5170 624 5224 ibi
656 5171 966 5240 agnovimus
993 5151 1306 5235 Ecclesiam,
1350 5170 1416 5224 de
1442 5186 1544 5238 qua
1573 5169 1700 5224 dicit
1738 5171 1876 5226 Deus
1903 5173 1968 5226 ad

386 5259 678 5323 Abraham,
727 5259 792 5313 In
839 5261 1026 5314 semine
1067 5272 1151 5314 tuo
1202 5260 1550 5314 benedicentur
1596 5277 1766 5314 omnes
1805 5272 1973 5333 gentes

388 5348 542 5420 (Gen.
576 5367 674 5413 xu,
702 5352 779 5421 5).
810 5351 906 5406 Ubi
930 5354 1239 5420 agnovimus
1276 5351 1544 5406 Christum
1577 5353 1628 5406 in
1671 5354 1880 5408 l’sahno
1904 5355 1971 5411 de

392 5459 446 5501 se
473 5448 900 5517 prophetantem,
928 5445 1176 5500 Dominus
1201 5435 1328 5500 dixit
1357 5447 1424 5499 ad
1443 5464 1538 5514 me,
1567 5447 1732 5502 Filius
1758 5467 1895 5503 meus
1920 5468 1973 5505 es

450 5563 466 5593 ³
494 5569 622 5611 Unus
643 5574 674 5610 e
697 5562 842 5611 \‘atic.
866 5567 996 5620 Mss,
1021 5569 1117 5610 non
1137 5559 1428 5625 ignoramus.
1453 5567 1652 5610 Fortean
1674 5561 1867 5611 melius.

447 5644 520 5708 (a)
545 5645 701 5697 verba
739 5645 1046 5708 isthaacgsunt
1069 5643 1199 5692 illius
1239 5642 1452 5708 fm'sitan_
1471 5641 1614 5704 legis,
1636 5645 1969 5708 Constantini,

385 5704 644 5757 Constantii
666 5713 718 5756 et
734 5705 1069 5764 Valentiniani,
1083 5719 1220 5767 cuius
1234 5705 1417 5767 mentio
1426 5704 1543 5767 ﬁt_tn
1557 5705 1668 5767 Cod.
1685 5706 1864 5757 Theod.
1884 5704 1969 5758 lib.

391 5769 470 5825 ιθ,
493 5775 553 5820 Lt
591 5769 640 5826 ϐ,
664 5776 731 5819 a'e
753 5771 972 5818 sanctum
991 5765 1224 5830 baptismo
1245 5765 1460 5831 iteretur,
1482 5765 1584 5830 leg.
1604 5766 1654 5817 2.

2073 438 2122 480 tu
2141 443 2160 487 ;
2181 443 2278 498 ego
2295 426 2444 480 hodie
2460 425 2611 497 genui
2628 435 2708 491 te;
2737 425 2809 482 ibi
2836 427 3144 498 agnovimus
3165 429 3476 494 Ecclesium.
3506 435 3559 488 in
3587 451 3655 489 eo

2071 519 2208 590 quod
2239 520 2498 589 sequitur,
2529 518 2739 574 Postulo
2759 538 2790 573 a
2810 537 2908 584 me,
2936 531 2981 576 et
3009 521 3140 576 dabo
3181 523 3269 578 tibi
3293 536 3462 594 gentes
3491 527 3650 583 lime-

2070 611 2278 665 ditatem
2325 621 2484 675 tuam,
2543 622 2588 665 et
2636 612 2998 682 possessionem
3041 623 3180 668 tuam
3228 617 3464 672 terminos
3508 629 3660 673 terrm

2075 701 2245 774 (Psal.
2281 718 2336 766 tt,
2366 702 2420 768 7,
2442 701 2520 774 8).
2569 702 2669 758 Ubi
2717 705 3025 772 agitavimus
3049 703 3319 761 Christum
3349 708 3402 762 in
3424 723 3490 764 eo
3515 713 3656 779 quod

2073 793 2326 863 scriptum
2378 801 2480 857 est,
2541 793 2676 848 Deus
2705 795 2912 850 deorum
2941 795 3192 852 Dominus
3223 798 3422 854 locutus
3447 810 3550 864 est;
3585 802 3657 858 ibi

2069 884 2385 954 agnovimus
2400 892 2454 938 et
2479 885 2767 940 Ecclesium
2792 886 2842 940 in
2864 902 2928 940 eo
2949 887 3089 956 quod
3108 890 3367 960 sequitur,
3385 891 3448 944 Et
3467 907 3653 948 uocari.

2072 984 2260 1029 terram
2289 993 2322 1029 a
2349 976 2470 1030 satis
2490 986 2604 1031 ortu
2631 994 2788 1050 usque
2817 977 2886 1032 ad
2905 995 3136 1036 occasum
3167 981 3185 1054 (
3209 981 3351 1037 Psal.
3381 999 3531 1049 xux,
3563 987 3589 1039 1
3617 987 3658 1053 ).

2074 1067 2174 1123 Ubi
2217 1068 2528 1137 agnovimus
2557 1069 2823 1124 Christum
2867 1071 2922 1125 in
2967 1087 3034 1127 eo
3082 1073 3227 1143 quod
3265 1074 3526 1144 scriptum
3553 1085 3658 1138 est.

2076 1161 2143 1216 Et
2185 1162 2294 1232 ipse
2320 1170 2562 1233 tanquam
2601 1178 2818 1232 sponsus
2863 1165 3136 1233 procedens
3177 1166 3242 1220 de
3277 1166 3501 1222 thalamo
3541 1185 3654 1230 suo.

2072 1254 2342 1308 exsultavit
2363 1262 2418 1307 ut
2445 1253 2588 1324 gigas
2617 1255 2684 1308 ad
2707 1256 3011 1310 currendum
3035 1259 3203 1325 vitam;
3247 1259 3316 1314 ibi
3348 1262 3664 1330 agnovimus

2074 1353 2126 1398 et
2160 1345 2459 1400 Ecclesiam
2499 1345 2552 1398 in
2578 1361 2644 1400 eo
2671 1345 2814 1416 quod
2845 1348 3002 1417 paulo
3050 1352 3294 1420 superius
3331 1352 3545 1415 dicitur;
3589 1351 3658 1406 ιιι

2076 1451 2269 1487 omnem
2282 1444 2467 1489 terram
2482 1437 2632 1490 eaa'oit
2652 1453 2808 1491 sonus
2835 1455 3028 1505 eorum,
3057 1451 3104 1495 et
3132 1442 3184 1495 in
3211 1442 3336 1510 ﬁnes
3359 1444 3492 1498 orbis
3512 1456 3661 1499 terra:

2076 1525 2222 1577 ret-ba
2249 1541 2439 1579 eorum.
2471 1525 2540 1580 In
2564 1527 2668 1582 sole
2693 1531 2862 1598 posuit
2885 1528 3259 1586 tabernaculum
3293 1552 3440 1590 suum
3469 1534 3488 1606 (
3510 1535 3656 1591 Psal.

2076 1631 2225 1678 xvnt,
2257 1617 2311 1681 5,
2343 1617 2421 1687 6).
2455 1617 2578 1686 Ipsa
2600 1628 2682 1674 est
2719 1618 2958 1676 Ecclesia
2985 1620 3038 1676 in
3081 1623 3196 1678 sole
3227 1626 3415 1694 posita,
3444 1627 3546 1681 hoc
3577 1635 3660 1683 est

2078 1705 2130 1759 in
2177 1707 2596 1764 manilestatione
2619 1711 2868 1766 omnibus
2907 1723 3052 1781 uota,
3095 1731 3265 1786 usque
3293 1717 3364 1771 ad
3404 1719 3662 1774 terminos

2082 1807 2255 1855 temo.
2296 1800 2392 1854 Ubi
2420 1803 2734 1871 agnovimus
2762 1805 3030 1862 Christum
3058 1808 3110 1864 in
3141 1824 3207 1865 eo
3231 1811 3372 1880 quod
3403 1813 3658 1883 scripturn

2077 1900 2194 1954 est,
2221 1891 2479 1948 Fuderunt
2508 1911 2688 1950 ntanus
2731 1914 2889 1964 meas,
2931 1909 2976 1954 et
3013 1901 3184 1972 pedes,
3224 1903 3666 1959 dinumeraoerunt

2076 1986 2247 2038 omnia
2270 2002 2387 2039 ossa
2413 2004 2554 2053 meo;
2579 1989 2678 2059 ipsi
2700 2007 2815 2046 vero
2833 1992 3272 2049 consideraveruut
3291 2006 3338 2050 et
3358 2007 3662 2066 aspexerant

2079 2095 2173 2138 me,
2207 2079 2480 2134 diviserunt
2515 2082 2610 2136 sibi
2638 2085 2928 2140 uestimento
2955 2104 3086 2153 utea,
3124 2099 3172 2142 et
3205 2106 3358 2160 super
3393 2093 3653 2146 uestimen-

2079 2176 2184 2220 tum
2213 2185 2378 2223 meum
2403 2172 2644 2226 miserunt
2671 2183 2890 2240 sortem;
2930 2176 2999 2230 ibi
3030 2179 3338 2248 agnovimus
3380 2190 3436 2236 et
3471 2181 3649 2237 Eccle-
3693 2227 3696 2230 .

2079 2259 2210 2312 siam
2240 2260 2292 2314 in
2332 2276 2398 2314 eo
2439 2263 2579 2331 quod
2614 2266 2772 2333 paulo
2800 2275 2918 2335 post
2971 2267 3020 2321 in
3051 2269 3252 2337 psalmo
3299 2273 3416 2337 ipso
3443 2270 3658 2336 dicitur.

2077 2347 2615 2408 Commemorabuntur
2664 2364 2710 2408 et
2759 2368 3108 2414 convertentur
3146 2361 3213 2413 ad
3251 2360 3527 2416 Dominum
3548 2366 3664 2417 uui-

2077 2442 2208 2493 oersi
2221 2442 2348 2509 ﬁnes
2369 2453 2534 2508 terrae,
2563 2454 2612 2500 et
2629 2446 2982 2502 adorabuut'in
3008 2460 3272 2521 conspectu
3287 2453 3401 2522 ejus
3422 2453 3665 2509 universi:

2079 2533 2260 2600 patria:
2308 2536 2534 2603 gentium
2558 2553 2578 2591 :
2621 2539 2858 2605 quoniam
2888 2539 3092 2594 Domini
3133 2552 3206 2595 est
3229 2560 3456 2614 regnum.
3485 2547 3666 2614 etipse

2079 2625 2420 2681 dominabitur
2441 2629 2661 2698 gentium
2685 2630 2701 2698 (
2723 2628 2866 2686 Psal.
2904 2649 3020 2695 χχι,
3069 2635 3154 2699 Π,
3197 2634 3284 2701 18,
3316 2635 3402 2702 19,
3428 2635 3520 2702 28,
3546 2636 3664 2708 29).

2081 2716 2179 2771 Ubi
2200 2720 2510 2788 agnovimus
2548 2719 2816 2777 Christum
2865 2723 2918 2778 in
2958 2741 3028 2780 eo
3069 2727 3209 2796 quod
3253 2727 3510 2797 scriptum
3559 2739 3662 2794 est,

2083 2810 2325 2864 Exztttare
2362 2828 2514 2882 super
2541 2813 2711 2878 caelos,
2743 2813 2914 2880 Deus;
2956 2815 3026 2870 ibi
3055 2817 3367 2886 agnovimus
3395 2826 3449 2872 et
3479 2819 3664 2875 Eccle-

2078 2902 2210 2954 siani
2245 2904 2295 2956 in
2319 2918 2389 2957 eo
2417 2903 2558 2973 quod
2586 2905 2842 2974 sequitur,
2870 2916 2916 2961 et
2941 2924 3092 2976 super
3117 2925 3314 2964 omnem
3340 2917 3524 2963 terram
3552 2899 3665 2981 glo-

2080 2994 2158 3046 ria
2182 3005 2266 3048 tuo
2287 2995 2456 3068 (Psal.
2491 3013 2598 3060 LV],
2643 2999 2718 3068 6).
2761 2999 2861 3054 Uhi
2887 3003 3195 3070 agnovimus
3219 3003 3487 3058 Christum
3515 3005 3565 3058 in
3599 3018 3698 3063 eo.

2081 3087 2218 3154 quod
2250 3088 2504 3159 scriptum
2533 3102 2635 3155 est,
2678 3091 2838 3156 Deus,
2867 3094 3118 3164 judicium
3143 3104 3285 3151 tuum
3331 3100 3435 3169 regi
3477 3099 3564 3165 da,
3613 3109 3665 3153 et

2069 3178 2321 3247 justitiam
2350 3190 2488 3234 tuam
2517 3183 2626 3250 ﬁlio
2643 3187 2806 3255 regis;
2853 3186 2919 3240 ibi
2949 3188 3259 3254 agnovimus
3289 3197 3343 3244 et
3370 3189 3662 3245 Ecclesium

2082 3272 2132 3324 in
2156 3288 2221 3326 eo
2249 3274 2389 3341 quod
2409 3274 2478 3329 de
2505 3276 2594 3330 illo
2619 3277 2670 3330 in
2701 3278 2907 3345 psalmo
2939 3278 3054 3347 ipso
3082 3278 3294 3347 dicitur,
3332 3280 3397 3335 Et
3425 3282 3661 3337 domina-

2081 3367 2212 3420 bitur
2237 3383 2269 3419 α
2298 3368 2425 3421 mari
2464 3384 2618 3438 usque
2645 3369 2712 3422 ad
2737 3386 2892 3435 mare,
2922 3380 2968 3424 et
2991 3387 3023 3424 α
3043 3372 3257 3440 ﬂumine
3282 3389 3438 3444 usque
3462 3376 3533 3427 ad
3560 3385 3665 3428 ter-

2081 3460 2242 3513 minos
2270 3458 2402 3514 orbis
2437 3469 2704 3514 terrarum.
2742 3459 2926 3516 Coram
2968 3463 3058 3515 illo
3084 3465 3344 3533 procident
3366 3462 3660 3534 Etltiopes,

2079 3561 2126 3604 et
2155 3553 2344 3606 inimici
2380 3554 2490 3623 ejus
2531 3564 2714 3608 terram
2743 3555 2948 3626 lingeut.
2982 3557 3140 3626 Reges
3172 3557 3384 3614 Titanis
3409 3569 3456 3614 et
3483 3560 3666 3615 insula!

2081 3660 2289 3698 munera
2313 3645 2557 3711 offerent;
2579 3633 2718 3716 reges
2739 3647 2960 3702 Arabum
2988 3659 3033 3703 et
3065 3649 3203 3704 Saba
3229 3651 3366 3705 dena
3390 3651 3663 3716 adducent;

2079 3747 2128 3790 et
2157 3736 2438 3792 adorabunt
2461 3756 2574 3792 eum
2603 3757 2772 3794 omnes
2801 3757 2940 3811 reges
2973 3751 3137 3806 ter-rte,
3163 3759 3335 3799 omnes
3359 3753 3527 3814 gentes
3554 3760 3664 3798 ser-

2081 3827 2211 3882 vient
2237 3829 2314 3881 illi
2338 3829 2510 3898 (Psal.
2541 3847 2684 3894 LXXI,
2711 3831 2766 3892 2,
2797 3833 2852 3897 8,
2883 3833 2937 3899 9,
2973 3834 3058 3897 Μ),
3093 3833 3204 3905 Η).

2153 3919 2239 3972 15.
2265 3919 2364 3974 Uhi
2395 3921 2707 3990 agnovimus
2728 3921 2994 3977 Christum
3025 3925 3074 3979 in
3115 3940 3181 3980 eo
3219 3925 3358 3994 quod
3405 3926 3662 3997 scriptum

2079 4021 2180 4073 est.
2213 4011 2440 4080 lapidem
2467 4013 2534 4068 de
2563 4024 2743 4069 monte
2781 4016 2896 4068 sine
2945 4017 3188 4071 manibus
3221 4019 3518 4084 pra'ciSum,
3552 4020 3664 4075 fre-

2079 4104 2219 4172 gisse
2247 4106 2421 4158 omnia
2453 4120 2616 4174 regna
2659 4115 2938 4169 terrarum,
2969 4109 3148 4175 utique
3187 4109 3416 4178 illa-qua:
3452 4110 3520 4164 de
3547 4106 3666 4166 cul-

2080 4196 2214 4248 turis
2235 4196 2538 4250 dzcmonum
2565 4196 2984 4266 pmsumchant;
3011 4197 3084 4250 ibi
3110 4200 3420 4268 agnovimus
3461 4207 3517 4254 et
3554 4200 3661 4255 Et.-

2078 4289 2292 4343 clnsiam
2325 4289 2376 4342 in
2421 4304 2487 4342 eo
2514 4289 2655 4358 quod
2683 4289 2880 4343 dictum
2910 4297 3022 4353 est,
3055 4290 3282 4359 lapidem
3328 4291 3500 4361 ipsum
3539 4308 3662 4347 cre-

2078 4382 2258 4443 visse,
2316 4389 2373 4435 et
2417 4379 2610 4433 faction
2660 4389 2893 4434 montem
2947 4397 3214 4452 magnum,
3269 4392 3323 4437 et
3371 4383 3663 4452 replevisse

2077 4487 2290 4526 onmem
2320 4481 2517 4527 terram
2569 4472 2750 4545 (Dan.
2791 4488 2848 4539 ιι,
2888 4475 2978 4537 34,
3029 4475 3159 4548 35).
3201 4475 3303 4532 Ubi
3349 4478 3664 4547 agnovimus

2077 4562 2346 4616 Christum
2378 4563 2429 4618 in
2456 4580 2522 4618 eo
2559 4564 2700 4634 quod
2740 4564 2993 4634 scriptum
3020 4575 3122 4628 est.
3159 4565 3458 4623 Prtevalebit
3485 4567 3648 4622 Denti-

2077 4673 2172 4710 nus
2198 4658 2436 4710 adversus
2481 4674 2583 4718 eos.
2627 4666 2675 4710 et
2709 4658 3057 4711 eaterminabit
3097 4675 3267 4713 onmes
3295 4659 3414 4714 deos
3440 4662 3654 4732 gentium

2077 4758 2258 4814 terra;
2282 4749 2350 4802 ibi
2383 4750 2692 4819 agnovimus
2720 4758 2774 4803 et
2799 4749 3093 4804 Ecclesiam
3118 4750 3169 4804 in
3191 4765 3256 4804 eo
3281 4752 3420 4820 quod
3451 4753 3556 4807 illic
3576 4767 3656 4807 se-

2076 4841 2276 4910 quitur,
2306 4838 2374 4893 Et
2395 4840 2677 4893 adorabunt
2703 4841 2754 4894 in
2794 4842 3200 4910 conspectu-ejus
3226 4844 3562 4911 tmusquisque
3600 4845 3662 4897 de

2077 4933 2187 4988 loco
2207 4950 2300 4988 suo
2329 4950 2499 4987 onmes
2540 4935 2722 4988 insula:
2756 4937 2978 5004 gentium
3019 4933 3272 5007 (Sep/ton.
3310 4951 3368 5001 Il,
3409 4933 3519 5008 ll).
3559 4935 3660 4993 Ubi

2076 5026 2386 5094 agnovimus
2408 5025 2675 5081 Christum
2709 5026 2758 5080 in
2796 5041 2862 5081 eo
2898 5026 3039 5096 quod
3077 5027 3330 5096 scriptum
3371 5037 3475 5094 est,
3522 5028 3663 5082 Deus

2075 5118 2138 5169 ab
2169 5117 2340 5188 Africo
2360 5117 2538 5180 veniet,
2577 5125 2624 5168 et
2656 5127 2860 5170 sanctus
2879 5117 2946 5170 de
2975 5125 3140 5170 monte
3166 5117 3434 5181 umbroso;
3472 5119 3663 5189 aperiet

2077 5208 2227 5261 calas
2255 5209 2408 5260 virtus
2436 5208 2581 5279 ejus;
2607 5206 2680 5261 ibi
2703 5209 3015 5276 agnovimus
3042 5207 3332 5264 Ecclesium
3357 5210 3406 5262 iu
3435 5225 3500 5264 eo
3519 5211 3660 5279 quod

2077 5299 2336 5368 sequitur,
2365 5298 2430 5351 Et
2461 5299 2626 5352 laudis
2658 5299 2767 5370 ejus
2796 5299 2946 5369 plena
2971 5308 3043 5352 est
3070 5310 3202 5353 terra
3220 5299 3443 5366 (Hebae.
3477 5316 3552 5362 tu.
3577 5300 3657 5370 τι).

2078 5392 2160 5447 Ab
2195 5391 2372 5445 Africo
2414 5391 2557 5445 enim
2600 5392 2767 5460 posita
2804 5401 2886 5445 est
2928 5390 3248 5454 Jerusalem,
3289 5392 3432 5446 sicut
3470 5392 3663 5463 legitur

2078 5484 2130 5537 in
2163 5483 2298 5537 libro
2324 5481 2449 5537 Jcsu
2477 5481 2620 5536 Nave
2649 5481 2849 5554 (losum
2873 5496 2966 5548 xv,
2985 5480 3064 5551 8),
3084 5480 3223 5535 unde
3245 5498 3438 5537 nomen
3463 5483 3660 5540 Christi

2074 5575 2322 5630 dilTusum
2353 5583 2466 5638 est;
2496 5582 2550 5628 et
2577 5573 2648 5628 ibi
2671 5581 2754 5630 est
2777 5586 2930 5627 mons
2949 5573 3250 5639 umbrosus,
3269 5591 3422 5630 mons
3443 5575 3656 5644 Oliveti,

2076 5667 2220 5722 unde
2248 5668 2487 5722 ascendit
2533 5667 2584 5721 in
2615 5667 2808 5722 caelum
2851 5674 2910 5720 ut
2949 5667 3247 5735 coeperiret
3292 5668 3462 5724 caelos
3492 5670 3660 5724 virtus

2077 5759 2212 5828 ejus,
2247 5767 2302 5815 et
2333 5759 2640 5830 impleretur
2663 5757 2897 5816 Ecclesia
2927 5772 3023 5830 per
3041 5773 3252 5816 omnem
3273 5768 3472 5818 terram
3490 5761 3660 5819 laudis
