4122 6350
438 276 534 330 ῡΰδ

434 388 571 455 ejus.
604 385 698 441 Ubi
735 384 1046 455 agnovimus
1072 375 1337 437 Christum
1383 380 1432 432 in
1477 392 1544 433 eo
1581 375 1720 446 quod
1757 375 2009 443 scriptum

434 486 535 539 cst,
567 476 713 530 Sicut
737 476 839 528 ovis
858 474 927 526 ad
946 472 1307 526 immolandum
1325 469 1504 522 ductus
1524 476 1611 530 est,
1636 475 1681 519 et
1704 465 1832 519 sirut
1849 479 2012 533 agnus

433 583 603 624 coram
644 566 877 620 tondente
910 580 963 618 se
1010 565 1103 635 fuit
1148 564 1256 616 sine
1293 577 1427 620 voce,
1471 560 1544 613 sic
1582 575 1685 611 non
1720 557 1916 627 aperuit
1956 572 2014 609 os

433 675 602 720 suum,
633 668 685 712 et
710 666 899 710 ca-tera
927 670 1045 724 qua:
1072 655 1177 706 illic
1212 654 1280 707 de
1304 652 1417 721 ejus
1446 650 1693 721 passione
1730 648 2008 709 dicuntur;

436 750 509 803 ibi
534 746 845 818 agnovimus
878 756 931 799 et
977 743 1268 799 Ecclesium
1300 742 1351 794 in
1392 756 1458 795 eo
1497 738 1636 809 quod
1666 738 1770 793 illic
1799 738 2008 800 dicitur,

438 840 636 894 [st-ctare
661 839 863 903 sterilis,
906 853 1019 907 qua:
1058 852 1159 889 non
1202 834 1371 905 paris;
1423 849 1627 903 erumpe
1672 841 1718 885 et
1765 830 2008 890 exchtma,

436 945 551 1000 (pne
584 946 687 995 non
722 929 969 993 parturis;
998 926 1233 994 quoniam
1279 924 1426 978 multi
1455 924 1550 993 ﬁlii
1590 922 1820 986 deserta,
1855 920 2017 990 magis

439 1039 590 1089 quam
614 1024 723 1091 ejus
747 1036 857 1090 quin
881 1018 1025 1073 habet
1049 1020 1228 1071 virum.
1263 1017 1401 1071 Dixit
1421 1016 1553 1069 enim
1584 1013 1830 1067 Dominus
1870 1028 1889 1066 :
1923 1012 2018 1063 Di-

439 1116 544 1169 lata
570 1115 733 1167 locum
766 1110 1071 1165 tabernaculi
1093 1111 1185 1171 tui,
1216 1118 1262 1162 et
1283 1109 1471 1161 aulwas
1505 1107 1520 1138 ³
1549 1114 1660 1159 tuas
1679 1104 1891 1173 conﬁge,
1917 1119 2017 1156 non

440 1214 515 1257 est
540 1202 673 1272 quod
702 1218 902 1271 parcas.
938 1199 1151 1269 Porrige
1166 1200 1362 1269 longius
1392 1197 1663 1267 funiculos,
1691 1205 1736 1249 et
1768 1196 1910 1264 palos
1932 1210 2020 1248 va-

442 1295 571 1348 lidos
599 1295 885 1363 cottﬁrma;
913 1294 1061 1346 ctiam
1099 1305 1247 1361 atque
1290 1291 1438 1343 etiam
1480 1289 1531 1342 in
1580 1288 1835 1341 dexteram
1874 1298 2021 1354 atque

441 1385 697 1438 sinistram
722 1385 948 1438 extende.
976 1384 1157 1437 Semen
1185 1382 1321 1436 enim
1340 1390 1480 1434 tuum
1497 1377 1805 1432 htvreditabit
1826 1386 2017 1446 gentes,

444 1488 488 1531 et
517 1478 757 1537 civitates,
798 1491 909 1545 qua:
953 1475 1159 1529 deserta:
1206 1480 1366 1535 erant,
1413 1469 1733 1523 inhabitabis.
1783 1466 1903 1520 Non
1948 1476 2020 1519 est

443 1571 578 1636 quod
598 1579 809 1631 metuas,
839 1568 1128 1636 prmalebis
1152 1566 1321 1627 enim;
1348 1579 1437 1617 nec
1468 1562 1727 1616 erubescas
1755 1559 1889 1628 quod
1930 1558 2021 1610 de-

446 1662 687 1717 testabilis
725 1661 900 1731 fueris.
948 1659 1301 1730 Confusionem
1326 1656 1457 1711 enim
1481 1654 1535 1709 in
1578 1663 1869 1723 perpetuum
1898 1650 2025 1705 obli-

444 1754 664 1817 uisceris,
694 1751 984 1824 ignominia:
1003 1749 1259 1804 viduitatis
1286 1759 1384 1802 tute
1412 1763 1512 1801 non
1539 1746 1641 1799 eris
1659 1759 1849 1797 memor
1866 1758 2025 1814 ηκο-

445 1844 585 1899 uiam
612 1858 703 1915 ego
729 1859 842 1896 sum
871 1840 1134 1905 Dominus,
1164 1839 1251 1908 qui
1274 1838 1370 1908 feri
1395 1847 1461 1905 te,
1482 1835 1727 1889 Dominus
1745 1848 1923 1886 nomen
1940 1831 1983 1885 ei
2006 1846 2025 1885 :

447 1946 496 1991 et
523 1936 614 2007 qui
638 1936 766 1990 eruit
785 1944 852 2000 te,
882 1935 990 2003 ipse
1006 1932 1140 1986 Deus
1160 1929 1327 1988 Israel
1344 1930 1587 1985 universae
1607 1938 1755 1982 terra:
1772 1924 2027 1980 vocabitur

449 2025 603 2099 (lsoi.
637 2041 746 2093 un,
770 2027 823 2090 7,
851 2039 899 2080 et
925 2040 1031 2091 ιιν,
1060 2023 1201 2095 1-5).

521 2116 746 2175 CAPUT
774 2116 838 2171 Υ.
856 2116 1026 2171 -16.
1044 2116 1157 2171 Non
1185 2114 1427 2170 novimus
1440 2112 1567 2184 quid
1594 2112 1663 2167 de
1681 2109 2027 2165 traditoribus

452 2207 661 2273 dicatis,
679 2224 813 2279 quos
830 2223 1095 2277 nunquam
1111 2206 1447 2265 convincere.
1464 2218 1730 2273 nunquam
1749 2202 2030 2256 ostendere

452 2300 720 2368 potuistis.
744 2298 856 2354 Non
872 2299 990 2353 dico
1005 2297 1125 2368 quia
1143 2297 1301 2351 vestri
1330 2296 1504 2364 potius
1528 2296 1579 2348 in
1598 2292 1924 2348 talicrimine
1940 2292 2032 2345 de—

457 2390 580 2445 tecti
597 2400 650 2446 et
670 2388 897 2444 confessi
926 2386 1328 2442 manifesutiitur
1347 2403 1360 2441 :
1388 2384 1511 2456 quid
1529 2383 1594 2438 ad
1613 2398 1706 2437 nos
1723 2383 1951 2451 pertinet
1966 2381 2032 2436 de

452 2480 676 2537 sarcinis
703 2481 919 2536 alienis?
946 2480 1044 2535 nisi
1059 2488 1114 2533 ut
1133 2494 1267 2550 quos
1286 2493 1566 2549 possumus
1583 2476 1930 2543 corrigamus,
1950 2474 2032 2528 vel

452 2575 788 2644 correptione
818 2574 900 2627 vel
935 2586 1268 2642 quacumque
1291 2569 1565 2637 disciplina
1590 2569 1639 2621 in
1669 2567 1853 2636 spiritu
1880 2581 2033 2618 man-

454 2665 750 2722 suetudinis
766 2674 817 2721 et
833 2664 1099 2734 diligentia
1113 2662 1412 2726 clmritatis;
1430 2675 1563 2731 quos
1578 2669 1752 2713 autem
1768 2658 2037 2727 corrigere

456 2774 562 2814 non
586 2757 847 2821 valemus,
876 2754 1084 2809 etiamsi
1114 2754 1403 2808 necessitas
1425 2753 1565 2821 cogit
1597 2766 1690 2819 pro
1730 2749 1898 2803 salute
1934 2764 2037 2802 ca:-

455 2861 692 2905 terorum
713 2857 767 2901 ut
795 2847 885 2901 Dei
916 2846 1256 2902 Sacramenta
1306 2842 1581 2897 nobiscum
1622 2840 2034 2906 communicent,

455 2939 688 3010 peccatis
717 2948 895 2993 tamen
917 2953 1100 2992 corum
1124 2950 1226 2988 non
1253 2933 1733 2996 communicomus,
1760 2928 1901 3000 quod
1932 2944 2035 2984 non

459 3033 518 3085 ιιι
539 3030 639 3086 nisi
660 3028 1046 3084 consentiendo
1077 3038 1131 3082 et
1157 3025 1401 3080 favendo.
1430 3025 1518 3079 Sic
1543 3025 1682 3078 enim
1720 3039 1813 3078 eos
1848 3023 1898 3074 in
1938 3022 2040 3077 isto

459 3122 677 3183 mundo,
718 3123 769 3175 in
808 3136 913 3192 quo
942 3120 1178 3175 Ecclesia
1207 3118 1468 3174 catholica
1497 3133 1591 3187 per
1632 3130 1818 3171 omnes
1857 3124 2041 3184 gentes

460 3213 794 3276 dill‘unditur,
834 3228 991 3283 quem
1028 3227 1211 3281 agrum
1241 3226 1393 3265 suum
1452 3210 1704 3264 Dominus
1746 3207 1895 3273 dicit,
1929 3217 2044 3261 tau-

463 3321 621 3376 quam
648 3303 863 3359 zizania'
888 3303 1028 3358 inter
1058 3301 1311 3368 triticum,
1344 3302 1430 3355 vel
1471 3302 1525 3356 in
1553 3302 1650 3355 hac
1675 3301 1892 3355 unitatis
1920 3316 2043 3356 area

466 3378 716 3465 tanquam
740 3395 943 3463 paleam
972 3394 1285 3465 pcnnixtam
1326 3393 1609 3458 frumento,
1633 3394 1716 3448 vel
1744 3395 1875 3447 intra
1913 3393 2041 3447 retia

465 3487 612 3541 verbi
640 3496 693 3539 ct
711 3484 1038 3541 Sacratnenti
1060 3487 1079 3516 ¹
1099 3494 1347 3554 tanquam
1376 3485 1539 3537 malos
1563 3485 1732 3554 pisces
1751 3501 1869 3538 cum
1893 3486 2046 3539 bonis

468 3577 721 3644 inclusos,
754 3593 920 3645 usque
942 3578 1007 3631 ad
1031 3587 1235 3643 tempus
1256 3576 1665 3649 utessis(Matth.
1692 3594 1809 3642 χιιι,
1833 3577 2042 3648 21-45),

467 3681 559 3726 aut
587 3672 949 3726 ventilationis
986 3669 1109 3743 (Id.
1141 3686 1220 3733 ut,
1253 3671 1355 3738 12)
1407 3678 1498 3723 aut
1534 3669 1727 3723 littoris
1773 3669 1880 3741 (Id.
1927 3686 2044 3730 xm,

470 3761 655 3827 47-50,
682 3761 987 3826 toleramus,
1026 3776 1091 3815 ne
1111 3771 1328 3831 propter
1356 3761 1474 3814 illos
1502 3759 1832 3815 eradicemus
1869 3770 1923 3815 et
1952 3762 2048 3815 tri-

468 3852 654 3919 ticum,
684 3860 775 3905 aut
800 3867 965 3921 grana
997 3850 1133 3904 nuda
1164 3859 1285 3903 ante
1309 3859 1518 3917 tempus
1534 3849 1603 3905 de
1630 3865 1753 3905 area
1783 3861 2045 3920 Separata,

471 3942 655 3998 nonin
696 3942 942 3996 horreum
983 3941 1233 3996 mittenda
1273 3956 1574 4009 purgemus.
1618 3940 1714 3996 sed
1754 3942 2050 3996 volatilibus

471 4034 765 4105 colligenda
814 4034 1179 4103 projiciamus;
1220 4044 1312 4086 aut
1348 4032 1601 4101 disruptis
1639 4049 1735 4101 per
1766 4033 2048 4088 schismata

472 4126 695 4189 retibus,
718 4125 842 4181 dum
884 4125 1034 4195 quasi
1085 4125 1253 4179 malos
1306 4124 1477 4193 pisces
1511 4139 1780 4191 cavemus,
1807 4124 1861 4179 in
1905 4142 2052 4181 mare

473 4216 784 4285 perniciosa!
818 4215 1077 4272 libertatis
1105 4230 1377 4270 ascanius.
1406 4214 1635 4284 PrOpter
1666 4216 1766 4271 hoc
1793 4218 1933 4270 enim
1971 4217 2053 4271 his

474 4316 634 4374 atque
661 4305 780 4358 aliis
804 4304 1238 4359 similitudinibus
1266 4304 1519 4358 Dominus
1543 4319 1813 4359 servorum
1834 4322 2051 4361 suorum

477 4398 811 4459 tolerantiam
852 4396 1204 4461 confirmavit,
1244 4410 1312 4449 ne
1339 4394 1463 4450 dum
1489 4412 1548 4449 se
1577 4397 1697 4450 boni
1731 4406 1914 4466 potam
1939 4414 2053 4450 ma-

477 4486 651 4539 lorum
682 4485 1031 4555 permixtione
1070 4484 1292 4553 culpari.
1335 4500 1430 4553 per
1471 4484 1725 4538 humanas
1751 4497 1804 4540 et
1831 4497 2057 4541 temera-

479 4576 586 4629 rias
614 4574 976 4629 dissensiones
1018 4582 1110 4627 aut
1139 4573 1384 4643 parvulos
1425 4573 1669 4641 perdant,
1720 4584 1810 4628 aut
1853 4577 2053 4644 parvuli

482 4674 717 4735 pereant.
748 4664 901 4735 Quod
947 4679 1111 4735 usque
1150 4664 1286 4718 adeo
1312 4664 1544 4718 cmiestis
1575 4666 1825 4734 magister
1865 4680 2057 4720 caven-

480 4760 606 4814 dum
635 4757 971 4829 pmmonuit,
1001 4767 1058 4812 ut
1084 4756 1241 4813 etiam
1264 4757 1329 4812 de
1352 4757 1650 4826 przrpositis
1670 4759 1823 4814 malis
1849 4758 2054 4826 piehcm

481 4864 721 4904 securam
753 4847 970 4917 faceret,
1016 4865 1082 4903 ne
1124 4857 1338 4919 propter
1370 4848 1489 4904 illos
1513 4848 1769 4905 doctrina:
1812 4849 2059 4905 salutaris

482 4940 733 4996 cathedra
767 4939 1124 5008 desereretur,
1176 4940 1228 4994 in
1272 4956 1376 5010 qua
1421 4950 1683 5011 coguntur
1723 4942 1882 4995 etiam
1934 4942 2058 4995 ntali

482 5033 621 5088 bona
651 5031 849 5086 dicere.
896 5030 1074 5100 Neque
1116 5030 1259 5086 enim
1306 5045 1399 5085 sua
1443 5039 1707 5102 suntquae
1733 5031 1935 5098 dicunt,
1964 5032 2059 5090 sed

486 5121 601 5187 Dei,
624 5123 713 5194 qni
742 5123 794 5177 in
821 5122 1072 5178 cathedra
1101 5122 1315 5177 unitatis
1338 5122 1630 5179 doctrinam
1662 5125 1835 5193 posuit
1865 5129 2057 5179 verita—

486 5211 574 5267 tis.
603 5210 835 5267 Proinde
874 5210 961 5267 ille
985 5226 1147 5267 verax
1191 5217 1248 5265 et
1285 5212 1395 5280 ipsa
1427 5213 1638 5277 veritas,
1667 5213 1736 5269 de
1765 5215 2061 5282 prtetmsitis

485 5317 581 5356 sua
614 5303 748 5355 mala
780 5300 1111 5367 facientibus,
1130 5309 1185 5356 et
1212 5301 1305 5356 Dei
1328 5301 1465 5355 bona
1481 5300 1777 5357 dicentibus
1796 5305 1866 5356 ait
1892 5320 1905 5357 :
1935 5303 2062 5368 Qui:

486 5395 677 5456 dicunt,
708 5395 888 5466 facite;
905 5409 1020 5465 qua
1041 5403 1209 5447 autem
1239 5393 1455 5463 faciunt,
1481 5392 1646 5461 [acac
1669 5393 1822 5447 nolite
1842 5410 1863 5448 :
1889 5394 2061 5447 dicunt

486 5487 689 5552 enim,“
701 5501 800 5539 non
816 5487 1008 5557 faciunt
1024 5484 1045 5554 (
1053 5484 1238 5540 Matth.
1254 5500 1289 5542 ι
1299 5500 1391 5539 ιιιι
1401 5527 1416 5551 ,
1434 5484 1628 5556 3).Non
1646 5486 1827 5556 utique
1839 5486 2058 5554 diceret,

550 5614 570 5676 ι
594 5618 695 5661 Am.
710 5612 906 5676 manu
931 5620 984 5666 et
1001 5613 1226 5665 undecim
1245 5621 1375 5676 uss,
1397 5610 1549 5666 aulas.

549 5675 573 5711 ‘
593 5680 645 5727 tu
664 5680 770 5729 llas.
792 5674 993 5743 aliquot,
1013 5685 1330 5731 sacramenta.

1671 263 1725 318 S.
1768 252 2130 314 AUGUSTINI
2171 255 2467 312 EPlSCOPl

3589 266 3693 321 MM

2117 367 2246 434 Quae
2270 373 2479 442 faciunt,
2511 377 2675 444 facere
2699 374 2872 440 nolite,
2910 374 3008 428 nisi
3036 373 3309 430 manifesta
3336 384 3515 431 essent
3555 379 3692 432 mala

2118 478 2237 532 quze
2267 462 2482 517 faciunt.

2191 556 2276 612 17.
2308 556 2422 610 Νοη
2461 572 2586 626 ergo
2637 566 2853 626 propter
2890 557 3062 612 malos
3090 558 3140 612 in
3185 558 3320 611 mala
3360 558 3697 614 dissensione

2118 662 2434 715 pereamus:
2465 647 2704 717 quamvis
2724 659 2927 703 vestros
2953 650 3183 718 majores
3206 666 3306 703 non
3329 661 3698 707 exsecratorcs

2120 740 2400 804 malorum,
2430 740 2523 795 sed
2549 751 2881 797 accusatores
2909 742 3264 797 innocentium
3289 742 3469 810 fuisse,
3494 744 3537 798 si
3568 745 3696 799 veli-

2121 829 2185 883 tis
2208 830 2470 899 possimus
2497 829 2795 884 ostendere.
2824 830 2929 884 Sed
2954 832 3267 901 quicumque
3288 833 3363 886 illi
3401 842 3453 887 et
3481 834 3696 903 quales-

2118 934 2345 988 cumque
2386 918 2599 983 fuerint,
2630 929 2837 989 portent
2864 922 3097 975 sarcinas
3125 938 3265 976 suas.
3301 923 3434 977 Ecce
3458 924 3699 995 Scriptu-

2123 1026 2198 1064 ra:
2223 1025 2553 1075 communes,
2579 1026 2704 1066 cccc
2743 1012 2831 1065 ubi
2866 1012 3107 1067 novimus
3133 1006 3419 1077 Christum,
3456 1031 3582 1070 ecce
3610 1016 3700 1071 ubi

2122 1103 2367 1157 novimus
2396 1104 2705 1158 Ecclesium.
2732 1104 2786 1159 Si
2808 1105 3072 1159 Christum
3098 1108 3269 1175 ipsum
3293 1108 3502 1169 tenetis,
3531 1108 3699 1177 ipsam

2123 1193 2414 1249 Ecclesiam
2442 1210 2607 1263 quare
2649 1210 2753 1249 non
2783 1196 3010 1250 tenetis?
3045 1196 3101 1251 Si
3145 1197 3196 1250 in
3233 1198 3401 1266 ipsmn
3433 1198 3700 1253 Christum

2123 1302 2280 1355 quem
2312 1287 2502 1357 legitis,
2525 1296 2579 1342 et
2602 1304 2708 1343 non
2732 1289 2939 1355 videtis,
2976 1301 3150 1347 tamen
3183 1302 3398 1362 propter
3424 1294 3701 1348 veritatem

2122 1381 2510 1450 Scripturarum
2532 1381 2745 1435 creditis
2765 1400 2778 1443 ;
2801 1398 2963 1451 quare
2991 1384 3275 1438 Ecclesium
3303 1386 3524 1454 negatis,
3543 1402 3699 1456 quam

2125 1481 2181 1525 et
2202 1462 2380 1541 Digitis
2404 1482 2457 1527 et
2479 1472 2707 1527 videtis?
2737 1473 2860 1527 llaec
2882 1476 3032 1529 vobis
3056 1476 3281 1530 dicendo
3311 1484 3363 1531 et
3386 1478 3451 1531 ad
3482 1477 3583 1532 hoc
3608 1479 3706 1532 bo-

2125 1579 2252 1617 num
2292 1564 2434 1632 pacis
2479 1572 2534 1617 et
2565 1565 2777 1619 unitatis
2818 1573 2871 1619 et
2895 1564 3162 1621 charitatis
3185 1582 3279 1619 vos
3313 1568 3701 1636 compellenda,

2128 1653 2325 1708 inimici
2356 1653 2505 1707 vobis
2534 1652 2655 1708 facti
2683 1669 2901 1718 sumus;
2933 1666 2985 1709 et
3016 1656 3277 1711 mandatis
3304 1659 3424 1727 quia
3451 1659 3705 1713 occidctis

2128 1761 2226 1800 nos
2250 1746 2338 1815 qui
2366 1746 2639 1801 veritatem
2666 1746 2813 1802 vobis
2833 1748 3074 1811 dicimus,
3094 1758 3148 1804 ct
3175 1750 3229 1803 in
3253 1766 3433 1805 errore
3462 1766 3555 1805 vos
3580 1767 3704 1821 per-

2130 1842 2207 1894 ire
2261 1851 2512 1911 quantum
2566 1855 2847 1910 possumus
2888 1857 2992 1895 non
3043 1842 3412 1910 permittimus.
3462 1843 3706 1898 Vindicet

2131 1947 2229 1986 nos
2251 1932 2391 1988 Deus
2414 1932 2481 1986 de
2507 1932 2672 1996 vobis,
2693 1941 2749 1985 ut
2773 1932 2942 2001 ipsum
2966 1947 3204 1987 errorem
3220 1944 3451 1989 vestrum
3477 1936 3531 1989 in
3552 1935 3706 1999 vobis

2131 2026 2356 2091 occidat,
2387 2035 2441 2081 et
2465 2025 2736 2079 nobiscum
2771 2027 2837 2080 de
2866 2028 3085 2082 veritate
3106 2026 3397 2096 gaudeatis.
3429 2028 3600 2083 Amen
3633 2029 3671 2081 ¹.

2593 2118 2915 2173 EI’ISTOLA
2954 2118 3062 2175 cvt
3097 2124 3113 2143 ο
3153 2120 3249 2192 (α).

2135 2208 2442 2279 Augustinus
2469 2207 2726 2264 Macrobio
2750 2212 3035 2264 donatiana:
3059 2214 3214 2283 partis
3240 2212 3377 2283 apud
3397 2211 3709 2283 HipponemII

2203 2299 2279 2353 uti
2310 2286 2373 2353 ea:
2406 2299 2618 2372 epistola
2661 2301 2763 2356 108
2802 2302 3114 2372 intelligitur,
3157 2303 3408 2373 episcopo,
3453 2320 3605 2374 agens
3647 2318 3713 2357 ne

2207 2391 2566 2445 subdiaconum
2593 2394 2857 2465 quemdam
2888 2396 3175 2463 rebaptizet.

2268 2482 2493 2537 Domino
2519 2483 2663 2538 fratri
2693 2483 2887 2538 dilecto
2923 2485 3214 2551 MACBOBID,
3254 2487 3603 2542 AUGUSTINUS.

2210 2573 2263 2629 1.
2289 2574 2475 2628 Audivi
2497 2573 2637 2643 quod
2662 2575 2940 2645 quemdam
2964 2576 3341 2631 subdiaconum
3362 2586 3599 2629 nostrum
3626 2591 3713 2630 re-

2141 2664 2407 2734 baptizare
2435 2664 2691 2733 disponis.
2725 2665 2839 2720 Noli
2865 2683 2879 2718 :
2907 2667 2984 2720 sic
3016 2668 3121 2720 Deo
3150 2668 3314 2731 vivas,
3347 2668 3424 2720 sic
3456 2668 3563 2721 Deo
3599 2667 3713 2736 pla-

2141 2771 2285 2823 ceas,
2316 2758 2393 2811 sic
2421 2756 2615 2811 Christi
2642 2756 2980 2812 Sacramenta
3011 2774 3114 2811 non
3137 2759 3363 2814 inaniter
3392 2759 3609 2821 habeas,
3638 2760 3717 2813 sic

2144 2863 2245 2900 non
2269 2848 2319 2902 in
2347 2858 2600 2902 :eternum
2622 2864 2650 2901 a
2673 2849 2865 2902 Christi
2882 2864 3104 2917 corpore
3124 2851 3403 2919 separaris.
3433 2850 3570 2915 Noli,
3588 2866 3717 2920 rogo

2144 2947 2215 3005 te,
2247 2938 2425 3002 frater,
2455 2955 2552 3009 pro
2589 2941 2757 3009 teipso
2785 2948 2838 2995 te
2883 2941 3048 3010 magis
3079 2957 3236 3011 rogo;
3276 2942 3717 3011 certe-paululum

2142 3031 2355 3086 attende
2381 3032 2521 3102 quod
2549 3032 2686 3085 dico.
2722 3032 3017 3087 Felicianus
3052 3033 3364 3087 Mustitanus
3393 3033 3719 3088 Primiannm

2143 3121 2610 3190 Carthaginensem
2647 3122 2934 3188 damnavit,
2961 3132 3014 3176 et
3049 3123 3278 3176 vicissim
3316 3123 3384 3177 ab
3426 3124 3515 3176 illo
3560 3125 3723 3176 etiam

2145 3214 2257 3281 ipse
2284 3212 2562 3265 damnatus
2586 3222 2685 3266 est.
2735 3212 2829 3265 Diu
2860 3211 3156 3266 l‘elicianus
3182 3211 3232 3266 in
3264 3211 3519 3281 sacrilego
3559 3211 3724 3265 Maxi-

2148 3304 2307 3358 miani
2343 3303 2628 3357 schismate
2669 3302 2784 3364 fuit.
2816 3304 3008 3358 multos
3046 3304 3114 3358 ibi
3161 3318 3256 3372 per
3295 3317 3418 3358 suas
3456 3301 3727 3356 Ecclesias

2148 3397 2449 3468 haptizavit,
2477 3397 2633 3451 modo
2662 3412 2780 3450 cum
2810 3396 3072 3450 Primiano
3095 3405 3271 3449 vester
3297 3395 3597 3464 episconus,
3626 3392 3725 3446 sed

2148 3498 2202 3543 et
2232 3490 2496 3543 neminem
2538 3499 2655 3558 post
2693 3505 2811 3543 eum
2856 3488 3147 3557 haptizans.
3198 3487 3310 3554 Qua
3339 3502 3466 3555 ergo
3512 3486 3726 3540 licentia

2153 3593 2269 3650 post
2313 3596 2408 3633 nos
2454 3579 2627 3633 adhuc
2668 3579 3097 3648 rebaptizandum
3146 3578 3373 3647 putatis?
3419 3577 3561 3631 lianc
3593 3577 3725 3630 mihi

2150 3672 2299 3727 solve
2327 3671 2693 3741 qumstionem,
2724 3680 2777 3725 et
2802 3687 2886 3725 me
2914 3671 3117 3739 baptina
3137 3688 3153 3725 :
3174 3670 3217 3724 si
3254 3670 3388 3723 hanc
3411 3677 3587 3723 autem
3613 3669 3729 3721 sol—

2152 3778 2276 3817 vere
2308 3777 2413 3815 non
2442 3771 2610 3831 potes,
2643 3777 2799 3831 parce
2825 3762 3010 3815 aliena:
3034 3762 3245 3824 animus,
3278 3774 3435 3829 parce
3467 3771 3587 3813 tute.
3620 3760 3728 3812 Aut

2153 3853 2196 3905 si
2240 3869 2325 3907 me
2367 3852 2434 3907 de
2474 3852 2740 3906 Feliciano
2786 3853 2970 3906 falsum
3002 3852 3195 3907 dixisse
3238 3851 3434 3921 arguis,
3470 3851 3621 3920 exige
3669 3859 3730 3903 ut

2157 3944 2403 4013 probem;
2442 3954 2587 3999 certe
2615 3944 2659 3998 si
2704 3958 2806 3997 non
2837 3944 3145 4013 probavero,
3175 3953 3300 3996 tunc
3333 3942 3415 3996 fac
3446 3941 3587 4011 quod
3626 3954 3728 4009 pu-

2156 4047 2257 4092 tas.
2288 4038 2439 4093 Addo
2467 4038 2647 4102 etiam,
2679 4038 2722 4093 si
2756 4054 2861 4092 non
2904 4037 3216 4105 probavero,
3245 4052 3349 4089 non
3393 4036 3491 4089 sim
3520 4035 3731 4104 episco-

2157 4146 2254 4201 pus
2274 4130 2662 4185 communionis
2681 4145 2842 4193 meas;
2874 4128 2919 4182 si
2947 4136 3122 4183 autem
3151 4124 3463 4195 probavero,
3491 4124 3735 4177 noliesse

2158 4224 2401 4278 inimicus
2430 4222 2613 4277 salutis
2640 4231 2761 4277 tuac.
2786 4221 2923 4291 Opto
2946 4231 3013 4283 tc,
3047 4219 3259 4275 domine
3288 4218 3469 4284 frater,
3508 4216 3560 4269 in
3601 4229 3735 4285 pace

2157 4330 2276 4371 esse
2304 4314 2602 4369 nobiscum.

2613 4402 2942 4459 EPISTOLA
2977 4400 3109 4459 cvu
3139 4401 3234 4474 (b).

2158 4518 2418 4575 Maximus
2434 4527 2483 4572 et
2505 4517 2792 4571 Theodorus
2816 4516 3093 4586 Augustino
3117 4513 3456 4568 renuntiantes
3473 4508 3594 4580 quid
3612 4508 3737 4581 ipsis

2278 4626 2449 4665 coram
2476 4608 2786 4682 responderit
2815 4605 3101 4661 Macrobius
3123 4605 3190 4658 ad
3213 4604 3375 4674 ipsius
3399 4602 3610 4656 litteras.

2164 4722 2387 4777 Domino
2412 4719 2715 4775 beatissimo
2747 4728 2801 4773 ct
2827 4716 3114 4772 venerabili
3162 4716 3490 4783 multumque
3526 4709 3741 4765 deside-

2232 4811 2383 4867 rabili
2423 4809 2559 4880 patri
2594 4812 2898 4865 ADGUS'I'INO
2924 4806 3169 4861 Mutuus
3210 4813 3264 4858 et
3303 4804 3640 4865 'l‘nsouosus,
3684 4799 3741 4852 in

2240 4904 2465 4958 Domino
2490 4901 2734 4956 salutem.

2225 5038 2243 5073 ί
2268 5036 2399 5099 Αριιά
2422 5034 2532 5085 Bad.
2555 5045 2655 5085 tim.
2677 5040 2754 5085 Er.
2779 5032 3192 5099 etmquosdam
3211 5030 3356 5082 deest
3378 5043 3539 5080 Amen.
3564 5036 3614 5077 tn
3636 5027 3746 5079 aliis

2162 5111 2271 5155 uss.
2298 5097 2402 5165 loco
2427 5100 2535 5161 ejus
2556 5099 2780 5155 habetur,
2812 5097 2995 5149 Valete.”
3150 5158 3179 5165 r_
3284 5161 3295 5165 _
3405 5154 3417 5165 ,
3502 5161 3527 5165 _
3644 5164 3655 5165 ί
3704 5151 3713 5162 ,

2227 5165 2245 5184 ⁶
2267 5164 2431 5226 Epistt.
2454 5150 2558 5219 CVI,
2580 5166 2680 5210 CVII
2705 5150 2893 5226 et'cvm
2927 5172 3025 5226 non
3053 5158 3366 5226 continentur
3375 5225 3381 5226 γ
3404 5154 3453 5226 in
3495 5150 3745 5225 Gallicanis

2162 5234 2269 5277 Mss.
2294 5216 2510 5287 Purgato:
2529 5216 2644 5273 sunt
2664 5219 2828 5287 multis
2847 5220 3036 5287 mendis
3055 5218 3339 5287 auctoritate
3352 5216 3556 5287 vaticani
3574 5225 3743 5287 exeo}:

2164 5274 2623 5353 ιίιὲιὶίε-,ῡῖιωίιυειεη
2666 5284 2812 5333 etiam
2854 5282 3125 5353 ρίυβυίοτξι.
3144 5279 3365 5353 quaedam
3388 5274 3744 5353 assume

2162 5335 2377 5414 anno
2395 5335 2459 5414 ex
2777 5359 2791 5414 ξ
2816 5335 2995 5414 questa
3016 5335 3411 5414 nopis'tenstttm
3435 5340 3530 5414 "5“!
3547 5349 3606 5386 ⁸³³
3628 5335 3744 5395 δίίῆ

2165 5403 2219 5464 ιιὶ
2240 5413 2392 5475 prima
2415 5409 2559 5459 lectio
2567 5403 2888 5459 'nihilomimis
2907 5407 3056 5456 hocce
3076 5403 3182 5454 loco
3212 5403 3552 5453 exhiberetur.

2227 5492 2300 5556 (α)
2322 5490 2571 5556 Αιὶιξβϐδ
2594 5504 2607 5540 :
2632 5504 2743 5554 qua:
2777 5496 2943 5539 autem
2987 5486 3078 5538 106
3109 5492 3233 5543 erat,
3273 5495 3401 5533 nunc
3424 5481 3531 5532 186.
3566 5479 3750 5541 scrin

2165 5553 2554 5733 [Wﬁli‘lia‘gm‘nﬁiili
2573 5628 2585 5663 :
2606 5628 2716 5678 om
2734 5622 2897 5666 autem
2918 5613 3004 5664 107
3025 5618 3148 5670 erat,
3166 5623 3295 5662 nunc
3310 5608 3421 5661 216.
3441 5606 3620 5671 Scripta
3637 5606 3746 5670 post

2165 5695 2360 5733 ευριπ-ιο
2389 5695 2418 5730 c

2164 5693 2418 5745 superiore
