4122 6350
400 463 453 517 1.
480 457 561 512 Ea:
585 462 836 527 prwcepto
855 447 1151 507 Sanctitatis
1174 458 1273 502 tua:
1298 444 1366 499 ad
1388 443 1678 513 episcopum
1702 440 1904 495 Macro-

320 552 464 605 bium
495 546 847 620 perreximus;
888 542 956 595 ad
996 556 1143 612 quem
1182 552 1296 591 cum
1340 534 1531 588 litteras
1572 530 1905 586 Beatitudinis

323 655 431 695 tute
450 641 802 710 perferremus,
836 634 997 706 primo
1031 630 1227 701 negavit
1253 644 1305 681 se
1330 644 1393 680 ne
1420 625 1579 679 eidem
1605 624 1904 695 legerentur.

322 732 523 787 Deinde
549 728 823 800 aliquando
852 743 915 781 ea:
938 734 1112 778 nostra
1135 719 1450 792 suggestione
1471 725 1767 777 commotus,
1792 728 1904 767 eas-

315 824 439 877 dem
465 822 561 875 sibi
584 819 739 873 noluit
764 816 964 871 recitari
991 813 1167 884 quibus
1193 810 1386 865 retectis
1421 807 1491 861 ait
1519 821 1539 860 :
1568 824 1587 857 ε
1624 803 1750 858 Non
1780 818 1899 873 pos-

317 931 435 968 sum
459 913 561 967 nisi
575 911 645 965 ad
667 925 746 963 me
764 909 1009 963 uenientes
1023 904 1296 974 suscipere,
1323 910 1369 954 ct
1388 897 1563 952 iisdem
1589 895 1740 965 [idem
1757 907 1903 963 quau

318 1003 687 1073 postulaverint
723 1000 864 1053 dare.
903 1016 922 1050 ο
959 996 1084 1050 Cum
1113 1005 1280 1047 autem
1314 1008 1346 1044 a
1372 989 1513 1043 nobis
1538 988 1695 1041 eidem
1720 985 1911 1060 dicere-

312 1107 404 1148 tur
426 1092 550 1165 quid
577 1093 639 1145 de
665 1094 799 1161 facto
835 1086 1086 1141 Primiani
1113 1084 1319 1145 diceret,
1349 1081 1475 1134 dixit
1503 1094 1557 1132 se
1583 1092 1744 1145 nuper
1772 1058 1909 1127 ordi—

313 1162 496 1237 natum
522 1182 679 1251 patris
701 1180 783 1234 sui
796 1178 1022 1249 judicent
1049 1190 1155 1229 esse
1178 1189 1280 1225 non
1310 1186 1473 1239 posse,
1502 1166 1590 1221 sed
1612 1167 1663 1218 in
1688 1164 1741 1217 id
1775 1162 1909 1234 quod

310 1294 348 1328 a
377 1273 633 1343 prioribus
666 1272 770 1325 suis
795 1268 1038 1338 acceperit
1071 1278 1379 1335 permanere.
1415 1259 1563 1325 Quod
1592 1273 1789 1311 necesse
1812 1257 1906 1308 Ita-

314 1368 521 1421 buimus
547 1365 624 1419 Isis
662 1362 838 1417 litteris
868 1356 1137 1414 Sanctitati
1163 1366 1264 1408 tute
1289 1351 1595 1423 signi/icore.
1619 1344 1906 1400 Beatitudi-

312 1476 441 1514 nem
457 1468 595 1512 tuam
620 1454 761 1510 nobis
788 1453 1034 1506 Dominus
1054 1447 1324 1510 custodiat,
1351 1442 1555 1496 domine
1577 1449 1744 1510 pater.

786 1562 1118 1621 EPISTOLA
1154 1557 1313 1614 cvm
1356 1554 1452 1628 (η).

318 1664 445 1735 Agit
468 1665 533 1715 de
559 1677 661 1715 non
683 1657 912 1712 iterando
928 1654 1208 1726 Baptismo,
1230 1663 1506 1719 coarguens
1534 1642 1915 1698 Donatistarum

391 1756 493 1810 hac
517 1756 571 1808 in
594 1770 652 1807 re
678 1749 1083 1811 contumaciam;
1107 1745 1292 1815 quippe
1324 1742 1408 1811 qui
1436 1736 1914 1792 loximianensium

392 1846 648 1916 baptisma
682 1852 850 1896 ratum
895 1838 1192 1893 habuerunt.
1228 1831 1425 1886 Evincit
1463 1826 1673 1883 subinde
1717 1822 1914 1878 nullam

390 1954 483 1993 eos
502 1933 781 1991 schismatis
805 1928 986 1986 edendi
1000 1929 1195 2001 justam
1218 1938 1424 1978 causam
1451 1918 1700 1973 habuisse.

452 2050 681 2105 Domino
702 2046 898 2100 dilecto
924 2042 1067 2096 fratri
1096 2038 1386 2099 Mtcaotno,
1418 2034 1770 2088 Accusa-mus.

393 2159 623 2218 CAPUT
643 2154 1029 2213 PRIMUM.——l
1042 2192 1056 2206 .
1075 2145 1481 2207 Charissimifilii
1499 2141 1623 2205 mei,
1644 2137 1919 2194 honorabi-

320 2253 405 2312 les
424 2252 544 2316 viri,
568 2266 687 2304 cum
703 2248 774 2301 ad
794 2256 937 2300 tuam
956 2238 1379 2297 Benevolentiam
1404 2233 1703 2289 attulissent
1718 2229 1918 2283 litteras

322 2333 955 2412 mas,quibusadmonui
971 2335 1253 2402 rogavique
1273 2338 1345 2392 te,
1359 2342 1425 2380 ne
1441 2321 1816 2377 subdiaconnm
1833 2333 1919 2371 no-

323 2449 497 2492 strum
514 2410 892 2500 rebaptizares,
913 2425 1300 2492 rescripserunt
1322 2416 1451 2473 mihi
1478 2424 1530 2471 te
1556 2410 1914 2482 respondisse,

332 2527 453 2583 Non
481 2537 691 2595 possunt
710 2519 807 2572 nisi
838 2516 904 2569 ad
929 2530 1007 2568 me
1034 2512 1279 2567 venientes
1302 2507 1572 2575 suscipere,
1597 2512 1642 2556 et
1668 2502 1741 2556 eis
1764 2499 1917 2570 fidem

329 2592 490 2689 quam
511 2612 872 2684 postulaverint
900 2608 1022 2661 dare
1044 2621 1063 2660 :
1088 2614 1143 2659 et
1172 2614 1347 2656 tamen
1378 2599 1421 2652 si
1457 2596 1522 2650 ad
1552 2607 1604 2651 te
1631 2592 1839 2650 venerit
1865 2592 1918 2646 in

330 2718 508 2764 vestra
544 2703 922 2762 communione
951 2698 1265 2767 baptizatus,
1307 2691 1396 2762 qui
1435 2690 1525 2744 diu
1566 2704 1597 2742 ι
1638 2686 1789 2741 vobis
1832 2699 1919 2738 se-

333 2808 549 2858 naratus
576 2796 696 2862 fuit,
724 2804 780 2851 et
826 2808 919 2863 per
963 2786 1310 2859 ignorantiam
1351 2798 1410 2837 se
1453 2777 1719 2851 putaverit
1747 2776 1922 2830 denuo

336 2889 734 2961 bsptizandum,
783 2885 939 2955 idque
991 2878 1324 2952 poposcerit,
1374 2889 1496 2928 cum
1544 2869 1819 2941 quaesieris
1869 2876 1924 2922 et

330 2959 650 3055 cognoveris
674 2977 765 3033 ubi
803 2976 961 3030 fuerit
988 2973 1304 3041 baptizatus,
1350 2965 1577 3034 suscipis
1606 2961 1819 3033 quidem
1851 2959 1917 3013 ad

336 3051 741 3134 te'venientem,
765 3084 863 3123 nec
887 3075 1059 3121 tamen
1083 3062 1133 3118 ei
1162 3060 1257 3116 das
1286 3074 1442 3129 quam
1477 3056 1706 3126 postulat
1740 3051 1921 3113 ﬁdem,

336 3167 432 3222 sed
455 3166 620 3221 doces
649 3161 914 3216 hominem
942 3155 1139 3209 habere
1173 3150 1313 3221 quod
1357 3148 1504 3217 petit,
1535 3160 1634 3199 nec
1660 3143 1818 3197 verba
1835 3158 1925 3196 er-

339 3259 508 3314 rantis
564 3252 828 3313 attendis,
882 3247 978 3303 sed
1034 3243 1262 3297 studimn
1319 3238 1538 3292 adhibes
1592 3232 1924 3303 corrigentis.

342 3349 476 3404 Male
528 3360 657 3413 ergo
705 3342 919 3397 dantem
968 3334 1110 3406 quod
1148 3333 1258 3402 iam
1306 3329 1538 3385 dandum
1578 3341 1685 3379 non
1728 3334 1830 3391 cst,
1874 3331 1930 3377 et

342 3440 746 3496 Sacramentum
797 3430 937 3501 quod
990 3428 1170 3483 datum
1212 3432 1293 3477 cst
1344 3421 1632 3474 violantem
1674 3430 1803 3469 suus
1846 3431 1926 3468 er-

347 3545 435 3584 ror
458 3536 692 3589 accusat,
725 3539 828 3578 non
858 3518 1084 3590 petentis
1112 3517 1130 3549 ί
1160 3522 1396 3570 excusat.
1451 3510 1546 3565 Dic
1570 3510 1742 3577 itaque
1769 3504 1928 3570 mihi,

347 3621 570 3675 obsecro
618 3627 699 3680 te,
744 3609 1011 3683 quomodo
1064 3621 1168 3662 non
1234 3602 1427 3658 habeat
1480 3599 1569 3669 qui
1617 3595 1798 3666 petivit
1838 3595 1933 3648 abs

350 3720 423 3776 te,
450 3708 594 3780 quod
621 3707 727 3776 iam
762 3708 1038 3770 acceperat
1070 3714 1163 3768 per
1207 3693 1325 3749 me?
1358 3692 1414 3747 Si
1448 3697 1667 3760 propter
1702 3687 1931 3741 alienam

348 3776 564 3873 aquam,
610 3808 665 3854 et
699 3798 928 3851 alienum
966 3792 1188 3851 fontem,
1232 3783 1373 3856 quod
1407 3783 1582 3837 solent
1623 3779 1802 3833 dicere
1845 3776 1934 3845 qui

353 3866 455 3946 non
497 3890 815 3958 intelligunt,
866 3883 987 3954 quia
1036 3880 1291 3946 seriptum
1332 3883 1434 3939 est,
1481 3870 1554 3924 Ab
1593 3886 1726 3938 aqua
1770 3866 1937 3920 aliena

352 3984 546 4038 abstine
574 3990 641 4047 te,
666 3988 713 4033 et
741 3977 805 4032 de
834 3980 970 4048 fonte
994 3973 1159 4025 alieno
1199 3985 1260 4021 ne
1295 3964 1473 4021 biberis
1503 3961 1611 4033 (b);
1640 3959 1938 4014 Felicianus

355 4076 567 4146 quando
594 4081 868 4142 separatus
889 4077 970 4122 est
988 4082 1018 4119 a
1048 4064 1199 4118 vobis
1220 4062 1269 4114 in
1294 4068 1447 4131 parte
1467 4053 1786 4116 Maximiani,
1812 4051 1942 4105 veri-

357 4169 474 4221 tatis
501 4139 722 4227 adulter,
751 4172 927 4216 catena
951 4154 1227 4225 sacrilegii,
1260 4152 1397 4205 sicut
1421 4147 1629 4202 concilii
1660 4145 1821 4199 vestri
1863 4139 1936 4214 (ε)

361 4259 520 4316 verba
551 4256 807 4317 indicant,
840 4250 1166 4307 trahebatur.
1199 4245 1255 4301 Si
1282 4257 1461 4298 secum
1488 4238 1781 4294 abstulerat
1819 4234 1941 4289 fon-

364 4360 469 4406 tem
498 4357 759 4409 vestrum,
801 4343 919 4415 quis
966 4349 1082 4395 erat
1131 4338 1246 4392 fons
1292 4335 1343 4389 in
1390 4347 1516 4402 quo,
1544 4330 1635 4385 illo
1674 4336 1937 4397 separato,

359 4449 565 4494 vestros
590 4435 904 4506 baptizatis?
933 4432 1100 4488 Simul
1122 4429 1262 4483 enim
1294 4440 1434 4480 utine
1465 4431 1645 4478 vester
1663 4420 1945 4488 cpiscOpus

364 4531 511 4586 sedet
531 4545 654 4584 cum
686 4526 950 4582 Primiano
979 4539 1009 4577 a
1039 4537 1096 4576 se
1129 4520 1378 4573 damnato
1406 4524 1459 4569 et
1488 4512 1798 4567 damnatore
1823 4522 1941 4561 suo.

430 4619 485 4674 Ξ.
514 4617 621 4675 Sed
659 4618 798 4673 sicut
834 4613 962 4669 mihi
999 4612 1109 4668 suis
1138 4608 1325 4663 litteris
1352 4605 1542 4677 (Epist.
1574 4600 1698 4672 107.)
1733 4600 1945 4653 intima-

363 4720 487 4766 runt
509 4709 701 4773 nostri,
729 4708 819 4778 qui
860 4707 914 4761 in
944 4706 1042 4759 hac
1068 4716 1226 4758 causa
1258 4709 1311 4755 te
1337 4698 1603 4757 viderunt.
1642 4708 1761 4747 cum
1798 4707 1946 4762 quaa—

364 4813 544 4860 rercnt
568 4802 694 4872 quid
721 4801 846 4855 hinc
868 4799 1090 4858 diceres,
1116 4789 1434 4863 respondisti
1468 4798 1518 4842 te
1548 4801 1717 4855 nuper
1740 4784 1949 4837 ordina-

368 4906 477 4952 tum
498 4893 600 4967 (Δ),
626 4893 881 4950 factorum
908 4887 1072 4961 patris
1098 4884 1174 4940 tui
1202 4882 1431 4955 iudicem
1463 4892 1583 4934 esse
1620 4892 1725 4931 non
1768 4889 1945 4945 posse,

427 5031 446 5063 ⁸
468 5035 603 5089 Low,
623 5023 843 5092 potntis.

425 5112 499 5174 (a3
526 5090 655 5160 Alias
680 5108 811 5174 εδθέ
842 5116 956 5169 qua
988 5109 1155 5154 amem
1190 5098 1278 5151 ιω
1312 5104 1437 5157 erat,
1471 5106 1601 5145 nunc
1630 5091 1740 5142 265.
1772 5090 1953 5153 scripta

366 5170 508 5237 paulo
525 5179 636 5234 post
648 5170 972 5281 armarent.

430 5233 504 5281 tbi
519 5240 710 5281 nostra
845 5241 972 5281 quau

430 5214 506 5297 ῐὶὗ
519 5214 1101 5297 ἕτῖέιῑίἳιέὲιὶιεεὶθεὶει
1118 5220 1333 5297 "NW-
1349 5233 1384 5297 ε..
1394 5216 1509 5297 95*}.
1520 5214 1955 5297 sesesese:

368 5275 829 5356 assumis:
847 5275 1170 5356 «timidam
1195 5275 1515 5356 ῖκτυρμεςξςξ
1531 5275 1828 5356 eausa
1847 5280 1956 5356 es

370 5337 910 5418 Eeiibbs'r'éﬁétéhm’
921 5337 1150 5418 producta
1165 5351 1279 5395 sunt
1295 5342 1409 5392 olim
1427 5353 1525 5390 non
1557 5338 1698 5388 modo
1715 5349 1746 5386 a
1762 5337 1955 5386 Donati-

370 5421 476 5479 stis,
494 5430 669 5467 verum
686 5412 831 5479 etiam
848 5427 877 5463 a
890 5412 1137 5477 (δικ-ἰδίω.

1507 326 1775 387 ΕΡΙΞἸὉΙ
1786 323 1990 383 .ARUM
2027 322 2300 381 CLASSIS
2336 322 2401 378 ll.

2010 438 2103 495 sed
2134 438 2186 492 in
2215 451 2281 493 eo
2299 433 2440 507 quod
2468 448 2497 487 a
2521 430 2785 504 prioribus
2815 428 2922 484 tuis
2941 427 3232 497 acceperis,
3255 439 3587 495 permanere.

2014 529 2147 582 llinc
2169 541 2299 581 sane
2323 525 2463 579 dolui
2482 522 2852 577 necessitatem
2881 528 3044 583 tuam,
3059 532 3179 571 cum
3197 526 3248 569 te
3269 515 3590 575 existimem.

2012 619 2149 673 sicut
2168 616 2345 680 audio,
2384 616 2536 669 bona:
2580 611 2769 667 indolis
2803 610 3073 679 juvenem.
3102 606 3238 674 Quid
3276 605 3418 660 enim
3445 612 3499 658 te
3527 605 3595 656 ad

2013 706 2149 761 hanc
2173 705 2590 774 responsionem,
2632 700 2733 755 nisi
2774 699 2926 753 mal-.e
2953 711 3130 752 causa:
3173 693 3461 749 neces-itas
3501 707 3595 747 co-

2012 797 2127 865 git?
2154 796 2259 851 Sed
2284 795 2327 848 si
2369 793 2637 853 attendas,
2671 789 2743 845 mi
2788 788 2970 856 frater,
3013 787 3057 842 si
3101 794 3244 842 recte
3279 785 3499 854 Cogites,
3552 783 3595 837 si

2016 887 2181 941 Deum
2213 886 2422 947 timeas,
2467 883 2517 936 in
2550 882 2683 935 mala
2718 881 2733 912 ί
2764 894 2922 934 causa
2951 891 3293 948 perseverare
3332 876 3471 930 nulla
3499 890 3595 929 ne-

2011 978 2234 1030 cessitas
2259 974 2419 1044 cogit.
2458 973 2580 1026 “LL‘C
2605 970 2747 1026 etiim
2778 968 3054 1039 responsio
3078 976 3167 1022 tua
3213 981 3321 1021 non
3346 965 3597 1036 qua-stio-

2016 1083 2135 1121 nem
2162 1066 2254 1120 tibi
2282 1081 2313 1120 a
2344 1080 2429 1119 me
2451 1063 2771 1132 propositam
2797 1059 2973 1123 solvit,
2997 1057 3092 1114 sed
3114 1072 3329 1113 causam
3359 1066 3597 1109 nostram

2014 1156 2082 1210 ab
2105 1156 2249 1210 omni
2287 1154 2546 1208 calumnia
2582 1161 2771 1205 vestra}
2798 1148 3117 1203 causationis
3157 1146 3405 1200 absolvit.
3454 1145 3598 1199 Dicis

2015 1251 2155 1302 enim
2192 1257 2242 1300 te
2269 1260 2438 1314 nuper
2466 1244 2766 1297 ordinatum
2794 1241 3047 1294 factorum
3072 1238 3235 1307 patris
3266 1237 3336 1290 tui
3361 1235 3595 1304 iudICem

2016 1353 2135 1392 esse
2159 1352 2263 1391 non
2293 1350 2470 1403 posse,
2499 1332 2593 1388 sed
2629 1334 2679 1388 in
2708 1348 2771 1386 eo
2791 1329 2932 1401 quod
2962 1346 2993 1382 a
3023 1328 3287 1398 prioribus
3317 1326 3421 1381 tuis
3442 1322 3596 1380 acce-

2020 1430 2158 1499 peris
2203 1443 2534 1497 permanere.
2564 1425 2674 1480 Cur
2717 1439 2845 1492 ergo
2878 1438 2982 1477 non
3029 1421 3203 1490 potius
3244 1420 3295 1473 in
3335 1417 3594 1481 Ecclesia,

2017 1536 2175 1590 quam
2200 1520 2471 1589 Scriptura
2499 1524 2633 1571 teste
2665 1515 3001 1583 incipientem
3044 1511 3111 1565 ab
3155 1508 3469 1573 Jerusalem,
3508 1517 3597 1562 at-

2017 1632 2119 1686 que
2142 1631 2239 1686 per
2274 1628 2462 1669 omnes
2486 1621 2673 1682 gentes
2715 1609 3113 1663 fructiﬁcantem
3152 1617 3313 1675 atque
3346 1618 3595 1658 crescen-

2021 1718 2126 1762 tem
2158 1707 2289 1779 (Act.
2322 1723 2371 1771 ι,
2397 1704 2452 1776 8)
2485 1721 2515 1758 a
2557 1703 2780 1757 Domino
2803 1701 3018 1755 Christo
3061 1714 3154 1769 per
3182 1697 3467 1767 Apostolos
3503 1710 3597 1749 ac-

2017 1801 2276 1869 cepimus,
2318 1809 2722 1866 permaucmus;
2764 1791 2914 1846 etde
2944 1792 3097 1844 lactis
3144 1788 3325 1843 nescio
3374 1799 3597 1855 quorum

2021 1900 2249 1962 patrum,
2272 1906 2390 1959 qute
2413 1897 2533 1941 ante
2561 1900 2694 1956 pene
2719 1895 2931 1939 centum
2954 1896 3123 1936 annos
3148 1878 3376 1934 admissa
3406 1876 3596 1931 dicun-

2020 1993 2124 2048 tur,
2159 1982 2317 2039 modo
2332 1978 2664 2051 iudicamur?
2693 1976 2747 2032 Si
2775 1976 2915 2031 enim
2940 1985 2996 2028 tu
3024 1973 3092 2028 de
3119 1981 3268 2043 patre
3299 1979 3408 2031 tuo,
3426 1966 3601 2022 adhuc

2021 2075 2074 2129 in
2100 2074 2200 2129 hac
2224 2074 2327 2127 vita
2352 2070 2659 2130 etnistituto,
2683 2083 2787 2122 non
2816 2066 2981 2120 audes
3018 2065 3279 2135 judicare,
3310 2076 3466 2131 quem
3498 2076 3594 2130 po-

2022 2175 2103 2223 tes
2149 2167 2509 2233 interrogsrc;
2553 2159 2684 2216 mihi
2723 2172 2891 2228 quare
2931 2155 3129 2210 dicitur
3157 2161 3213 2208 ut
3256 2151 3488 2221 iudicem
3530 2148 3601 2205 de

2024 2267 2234 2313 mortuo
2272 2257 2429 2325 longe
2459 2263 2741 2322 antequam
2786 2258 2940 2304 natus
2983 2245 3139 2300 sum?
3167 2251 3219 2298 et
3256 2244 3277 2275 ⁸
3300 2239 3603 2297 christianis

2024 2350 2267 2419 gentibus
2288 2360 2455 2417 quare
2486 2344 2677 2399 dicitur
2700 2348 2759 2395 ut
2786 2339 3027 2409 judicent
3053 2335 3121 2390 de
3158 2334 3308 2389 factis
3353 2330 3604 2386 Afrorum

2025 2443 2338 2498 traditorum
2358 2446 2482 2493 ante
2509 2444 2586 2491 tot
2604 2446 2773 2489 salios
2800 2439 3150 2489 mortuorum,
3177 2440 3312 2496 quos
3332 2437 3432 2478 nec
3457 2422 3606 2475 vivos

2027 2543 2103 2589 tot
2127 2528 2399 2586 christiani
2425 2526 2515 2597 qui
2542 2536 2667 2581 tunc
2686 2522 2950 2584 vivebant,
2983 2519 3034 2573 in
3057 2517 3212 2571 terris
3239 2512 3608 2570 remotissimis

2025 2622 2295 2681 constituti
2324 2620 2511 2676 audire
2543 2618 2627 2672 vel
2648 2630 2806 2671 nosse
2833 2610 3157 2684 potuerunt?
3176 2608 3276 2677 Qui
3303 2614 3608 2663 manentem

2026 2726 2211 2770 notum
2232 2728 2341 2768 non
2366 2711 2532 2766 audes
2556 2708 2795 2780 judicare
2825 2703 3171 2767 Primianum,
3195 2715 3292 2753 cur
3313 2696 3443 2752 mibi
3467 2695 3606 2749 anti-

2025 2824 2188 2879 quum
2223 2815 2280 2861 et
2315 2806 2548 2877 ignotum
2581 2798 2922 2872 iudicandmn
2965 2795 3046 2849 vis
3074 2794 3347 2862 imponere
3373 2787 3610 2844 Caecilia-

2029 2898 2194 2955 num?
2219 2898 2272 2954 Si
2302 2906 2476 2967 patres
2506 2903 2628 2949 tuos
2655 2907 2762 2947 non
2789 2887 2996 2958 iudicas
3019 2885 3086 2939 de
3112 2882 3263 2938 factis
3285 2880 3415 2945 suis,
3445 2891 3610 2949 quare

2028 2992 2220 3047 fratres
2245 2999 2363 3044 tuos
2390 2986 2597 3058 iudicas
2624 2984 2692 3039 de
2717 2978 2868 3037 faelis
2891 2974 3115 3033 alienis?

2100 3087 2152 3142 5.
2194 3086 2274 3139 An
2306 3082 2439 3136 forte
2463 3080 2654 3134 fratres
2682 3089 2780 3130 nos
2800 3071 2998 3142 negas?
3024 3068 3126 3125 Sed
3151 3066 3339 3122 melius
3359 3061 3608 3119 audimus

2031 3186 2272 3233 sanctum
2299 3172 2554 3243 Spiritum
2586 3182 2684 3239 per
2711 3163 3024 3236 prOphetam
3054 3155 3472 3230 praecipientem,
3497 3152 3611 3206 Au-

2032 3272 2134 3323 dite
2158 3268 2244 3338 qui
2272 3242 2458 3337 pauetis
2495 3259 2695 3317 verbum
2720 3254 2925 3311 Domini
2952 3268 2971 3307 :
3002 3250 3181 3310 dicite,
3216 3247 3423 3301 Fratres
3454 3242 3613 3297 nostri

2033 3363 2149 3416 estis
2167 3401 2180 3421 ,
2210 3359 2288 3412 his
2311 3356 2395 3427 qui
2424 3370 2509 3407 vos
2529 3351 2741 3405 oderunt
2769 3355 2815 3401 et
2841 3345 2926 3416 qui
2959 3359 3045 3396 vos
3074 3341 3401 3400 detestantur,
3434 3344 3487 3387 ut
3523 3349 3615 3386 no-

2035 3469 2148 3505 men
2171 3447 2375 3503 Domini
2391 3443 2765 3510 honoriﬁcetur,
2778 3447 2823 3491 et
2839 3441 3079 3507 appareat
3095 3432 3195 3485 illis
3206 3431 3261 3483 in
3272 3427 3612 3500 iucunditate,

2035 3545 2134 3613 ipsi
2157 3551 2324 3595 autem
2348 3538 2638 3593 erubescant
2678 3530 2836 3603 (Isai.
2864 3543 3009 3589 LIVI,
3034 3525 3088 3590 5,
3111 3520 3382 3577 secundum
3411 3517 3552 3573 LXX
3569 3516 3613 3587 )..

2038 3639 2241 3693 Revera
2276 3632 2419 3688 enim
2461 3629 2505 3683 si
2549 3623 2853 3680 hominibus
2878 3632 3073 3674 nomen
3103 3612 3307 3669 Domini
3331 3608 3622 3679 jucundius

2038 3736 2203 3792 esset,
2225 3736 2383 3794 quam
2410 3717 2623 3774 nomina
2646 3712 2941 3774 hominum,
2968 3702 3221 3775 numquid
3243 3701 3486 3757 Christus
3509 3697 3627 3753 cla.

2040 3787 2212 3881 mansi,
2452 3823 2615 3863 meam
2643 3805 2709 3858 do
2734 3800 2871 3857 vobis
2908 3798 3100 3871 (Joan.
3127 3809 3242 3858 nv,
3261 3793 3329 3846 27
3349 3793 3394 3863 ).
3416 3787 3622 3844 divide-

2041 3920 2190 3965 retur
2216 3908 2268 3961 in
2294 3902 2549 3959 membris
2573 3898 2685 3953 suis
2710 3910 2803 3965 per
2824 3907 2921 3947 eos
2939 3890 3027 3960 qui
3055 3889 3259 3952 dicunt,
3291 3884 3401 3955 Ego
3420 3880 3627 3953 quidem

2042 4017 2155 4054 sum
2181 3997 2356 4061 Pauli,
2378 4010 2469 4064 ego
2496 4002 2663 4045 autem
2688 3984 2889 4058 Apollo,
2917 3998 3009 4051 ego
3039 3995 3156 4034 vero
3188 3975 3373 4045 (Iephte
3425 3972 3469 4043 (ι
3494 3971 3614 4027 Cor.
3657 3971 3673 4007 τι

2045 4107 2124 4155 ut,
2150 4087 2205 4160 4)
2259 4096 2317 4142 et
2342 4061 2435 4155 per
2455 4082 2726 4136 hominum
2750 4073 2969 4129 nomina
2990 4064 3347 4125 dilaniantur?
3370 4061 3633 4133 numquid

2045 4151 2288 4236 Cbristus
2322 4151 2692 4230 exsufﬂaretur
2725 4169 2777 4222 in
2818 4163 3079 4233 baptismo
3115 4173 3211 4212 suo
3230 4196 3245 4219 ,
3273 4155 3338 4210 de
3367 4169 3473 4223 quo
3498 4151 3624 4206 ³άί-

2045 4283 2189 4327 ctum
2223 4278 2340 4334 est,
2370 4265 2467 4319 llic
2494 4271 2567 4317 est
2593 4261 2679 4332 qui
2701 4257 2920 4328 baptisat
2967 4250 3157 4325 (Joan.
3188 4265 3241 4312 ι,
3272 4245 3401 4317 55);
3428 4244 3495 4299 de
3519 4258 3626 4313 quo

2045 4365 2244 4420 dictum
2266 4366 2369 4423 est,
2394 4353 2622 4412 Christus
2649 4348 2826 4405 dilexit
2850 4342 3132 4402 Ecclesium
3158 4355 3324 4404 suam,
3352 4345 3403 4390 et
3418 4334 3633 4388 tradidit

2047 4455 2267 4524 seipsum
2292 4465 2384 4522 pro
2412 4463 2493 4512 ea,
2513 4454 2567 4498 ut
2595 4459 2709 4497 eam
2732 4437 3086 4507 sancti/icaret,
3119 4429 3369 4485 inundans
3401 4442 3514 4481 eam
3550 4425 3633 4479 la-

2051 4515 2200 4599 uacro
2234 4515 2381 4611 aqua:
2398 4538 2451 4591 in
2477 4534 2625 4591 verba
2672 4529 2832 4605 (Eph.
2854 4544 2909 4591 v,
2932 4525 3025 4590 25,
3054 4520 3190 4593 ‘26)?
3218 4515 3474 4588 numquid
3504 4529 3631 4585 ergo

2052 4638 2104 4693 in
2142 4637 2258 4706 ipso
2287 4647 2385 4688 suo
2425 4632 2632 4684 lavacro
2662 4620 3056 4682 exsufﬂaretur,
3099 4614 3144 4669 si
3183 4626 3377 4667 nomen
3422 4606 3633 4662 Domini

2050 4700 2511 4797 cssetjueundius,
2551 4719 2705 4787 cujus
2744 4722 2829 4769 est
2860 4713 2973 4780 ipse
3006 4705 3318 4777 baptismus,
3349 4715 3508 4771 quam
3532 4714 3630 4752 no—
3686 4700 3689 4703 '

2053 4838 2174 4878 men
2204 4789 2473 4873 bominum
2494 4853 2511 4877 ,
2541 4811 2610 4866 de
2637 4807 2830 4878 quibus
2854 4802 3076 4862 metu:
3105 4798 3356 4855 Sanctum
3382 4799 3464 4848 est
3490 4789 3633 4861 quod

2054 4914 2140 4969 illc
2165 4912 2275 4975 dat,
2307 4922 2410 4961 non
2440 4902 2582 4975 quod
2611 4897 2744 4956 ille?

2123 4972 2350 5057 carm"
2386 4972 2607 5052 uI—t.
2637 4991 2705 5047 Et
2741 4999 2915 5044 tamen
2950 4980 3169 5051 coltegm
3208 4977 3283 5033 ωε
3328 4973 3416 5030 ubi
3452 4972 3635 5027 volue-

2056 5101 2199 5160 runt,
2220 5091 2495 5145 veritatem
2533 5083 2708 5155 potius
2732 5076 3092 5132 attenderimt.
3116 5077 3171 5124 et
3200 5082 3307 5122 non
3333 5063 3504 5118 solum
3536 5061 3634 5116 ba-

2058 5185 2308 5255 ptismum
2332 5193 2492 5251 quem
2522 5147 2819 5229 Drimianus
2838 5168 2889 5221 in
2913 5170 3088 5218 vestra
3114 5155 3510 5218 communione,
3538 5147 3638 5208 sed

2058 5244 2114 5332 et
2137 5288 2296 5344 quem
2317 5244 2465 5326 dedit
2486 5264 2787 5322 Felicianus
2813 5261 2864 5314 in
2888 5250 3190 5312 Maximiani
3216 5247 3474 5317 sacrilego
3493 5244 3635 5300 schi-

2059 5341 2249 5430 smate,
2281 5370 2497 5435 propter
2516 5356 2735 5413 honoris
2754 5348 2961 5408 Domini
2983 5341 3364 5417 iucunditatem
3390 5345 3632 5392 sanctum

2062 5474 2181 5516 esse
2208 5427 2528 5519 senserunt;
2553 5455 2609 5505 et
2626 5445 3012 5503 characterem,
3033 5446 3140 5491 non
3157 5430 3329 5489 solum
3348 5441 3506 5501 quem
3527 5427 3638 5498 ipso

3657 3962 3669 3991 Ι
