4014 6338
527 321 627 375 407

524 433 664 497 apud
693 451 786 488 vos
809 446 1106 505 acceperat,
1149 435 1242 490 sed
1283 443 1337 490 et
1364 450 1518 502 quem
1546 433 1663 488 aliis
1697 445 1843 486 extra
1885 446 1967 485 .os
2006 429 2102 485 de-

523 537 699 580 sertor
724 527 965 582 inlixerat
990 570 1005 594 ,
1038 529 1152 598 ipso
1187 536 1427 583 correcta
1456 526 1654 580 violare
1675 541 1778 578 non
1817 525 1930 578 ausi
1958 532 2101 588 sunt,

523 621 646 681 quia
680 621 880 688 regium
919 629 1297 690 cognoverunt.
1342 619 1414 672 De
1455 618 1556 672 hoc
1599 633 1784 671 eorum
1824 616 1962 670 facto
1999 623 2104 669 tam

523 714 666 764 bono
687 710 929 780 judicare
963 726 1064 766 non
1093 712 1191 772 vis,
1241 710 1328 764 ubi
1373 725 1468 764 eos
1504 708 1728 763 deberes
1774 707 2108 762 laudabiliter

523 803 741 866 imitari,
774 813 826 856 et
853 805 1090 872 sequeris
1112 802 1368 872 judicium
1395 817 1603 867 eorum,
1628 801 1682 854 in
1705 816 1810 870 quo
1835 809 2107 854 merentur

522 893 590 946 ab
618 895 865 948 omnibus
903 895 1173 948 detestari.
1210 893 1390 948 Times
1430 892 1496 948 de
1536 892 1805 947 Primiauo
1843 891 2102 960 judicare,

523 999 588 1036 tte
627 985 836 1054 cogaris
873 985 1057 1038 audire
1093 983 1234 1053 quad
1275 975 1457 1054 eulpes
1493 1001 1506 1037 :
1540 984 1646 1036 imo
1673 999 1799 1036 vero
1823 982 2024 1050 judica,
2052 989 2107 1035 et

525 1077 634 1128 illic
678 1077 844 1145 magis
873 1077 1072 1146 poteris
1109 1077 1345 1130 invenire
1379 1075 1518 1145 quod
1561 1075 1761 1129 laudes.
1802 1075 1917 1128 Non
1961 1074 2103 1128 enim

525 1165 662 1234 quod
692 1166 826 1219 male
858 1165 978 1219 fecit
1006 1165 1304 1220 Printianus
1327 1175 1376 1220 te
1397 1165 1640 1219 volumus
1665 1179 1985 1228 memorare,
2009 1162 2104 1218 sed

520 1259 660 1328 quod
698 1260 899 1328 Optime
942 1257 1112 1313 fecit:
1157 1260 1244 1329 qui
1298 1259 1351 1312 in
1405 1258 1758 1328 suscipiendis
1805 1272 1939 1327 quos
1988 1256 2105 1325 ejus

520 1350 801 1404 damnator
828 1351 879 1404 in
910 1352 1244 1420 separatione
1273 1351 1682 1406 sceleratissima
1712 1349 2100 1419 baptizaverat,

517 1457 758 1497 errarent
788 1443 1058 1496 hominum
1087 1444 1349 1504 correxit,
1385 1456 1490 1495 non
1518 1441 1614 1495 Dei
1636 1440 1977 1496 Sacramenta
2005 1440 2100 1499 de-

521 1533 737 1587 struxit.
796 1532 996 1585 Bonum
1048 1531 1244 1586 Christi
1297 1540 1350 1585 et
1399 1531 1450 1585 in
1506 1531 1810 1584 hominibus
1861 1531 2104 1600 malignis

519 1626 772 1694 agnovit;
803 1627 996 1678 malum
1019 1634 1195 1679 autem
1227 1623 1520 1691 hominum,
1549 1638 1652 1676 non
1680 1623 1880 1677 violato
1909 1622 2103 1677 Christi

520 1715 696 1782 bono,
736 1716 1055 1769 emendavit.
1086 1716 1192 1769 Aut
1226 1716 1268 1769 si
1314 1714 1415 1768 hoc
1454 1714 1648 1768 factum
1697 1713 1942 1783 displicet
1988 1713 2100 1776 tibi,

519 1807 650 1860 illud
683 1805 872 1860 saltem
903 1805 1119 1860 attende
1141 1847 1156 1871 ,
1192 1804 1320 1859 illud
1349 1821 1443 1876 pro
1464 1805 1604 1859 bono
1631 1813 1721 1858 tuo
1747 1805 1958 1875 ingenio
1979 1819 2104 1873 pru-

520 1897 712 1951 denter
759 1895 979 1951 adverte
1004 1939 1019 1960 ,
1051 1900 1171 1966 quia
1217 1911 1379 1949 unum
1409 1895 1733 1950 Primianum
1766 1911 1871 1950 non
1898 1894 2104 1963 judicas

523 1987 592 2042 de
614 1987 764 2041 factis
789 1988 952 2056 ipsius
975 1987 1245 2050 Primiani,
1261 1997 1313 2041 et
1337 1987 1519 2042 orbem
1536 1986 1880 2040 christianum
1895 1986 2104 2055 judicas

517 2079 588 2135 de
625 2078 779 2133 factis
817 2079 1100 2133 Caeciliani.
1130 2079 1308 2134 Times
1340 2095 1406 2134 ne
1447 2089 1499 2133 te
1539 2079 1756 2150 polluat,
1804 2079 1847 2132 si
1893 2079 2104 2134 noveris

519 2171 664 2240 quod
713 2170 986 2226 vindicare
1031 2186 1136 2226 non
1189 2171 1430 2226 audeas:
1463 2171 1680 2226 absolve
1725 2186 1854 2242 ergo
1895 2181 2099 2242 gentes,

518 2281 639 2336 quae
659 2281 759 2320 nec
785 2280 944 2320 nosse
967 2274 1210 2335 poterant
1233 2265 1373 2336 quod
1401 2280 1641 2320 accusas.

591 2358 644 2412 5.
686 2358 794 2412 Nec
838 2366 1013 2412 tamen
1058 2357 1187 2411 illud
1237 2357 1392 2412 unius
1433 2356 1683 2411 Primiani
1723 2356 1918 2411 factum
1973 2363 2098 2410 est:

517 2449 621 2504 scis
639 2489 654 2514 ,
683 2448 734 2501 in
761 2456 1013 2517 quantum
1043 2448 1234 2516 opinor
1251 2489 1265 2512 ,
1289 2456 1342 2502 et
1365 2455 1440 2510 tu,
1463 2455 1676 2501 centum
1705 2447 1872 2501 ferme
1896 2446 2103 2515 episco-

519 2538 576 2608 pi
604 2540 763 2592 vestri
803 2539 1028 2593 factione
1061 2538 1344 2592 damnabili
1384 2553 1504 2592 cum
1534 2537 1852 2592 Maximiano
1885 2537 2101 2606 conspi-

516 2637 720 2695 rantes,
739 2630 852 2684 ausi
873 2638 998 2685 sunt
1012 2630 1265 2684 damnare
1281 2629 1603 2684 Primiannm
1630 2645 1645 2694 ;
1672 2640 1724 2684 et
1741 2637 2100 2684 trecentorum

515 2722 702 2776 decem
743 2722 1019 2792 Vagaicnsi
1063 2723 1310 2789 concilio,
1341 2723 1477 2777 sicut
1525 2722 1725 2777 decreti
1776 2722 1892 2791 ejus
1941 2722 2100 2777 verba

517 2823 806 2883 personant
837 2830 850 2865 :
882 2812 1253 2866 Mamimianum
1278 2813 1396 2882 fidei
1421 2814 1680 2878 tantulum,
1704 2813 1925 2866 veritatis
1945 2813 2099 2866 adul-

523 2917 706 2972 terum,
760 2903 1003 2962 Ecclesitc
1053 2906 1230 2959 matris
1280 2906 1561 2970 inimicum,
1620 2903 1843 2968 Dat/tan,
1873 2903 2022 2971 Core,
2055 2915 2101 2958 et

519 2994 707 3049 Abiron
750 2996 1078 3062 ministrum,
1103 2994 1168 3050 de
1207 2996 1345 3065 pacis
1380 2997 1568 3067 gremio
1610 2996 1866 3049 sententia:
1907 2995 2102 3066 fulmen

519 3089 754 3143 excussit.
801 3088 936 3142 llinc
970 3088 1057 3142 alii
1107 3087 1384 3143 duodecim
1414 3130 1427 3148 ,
1471 3088 1561 3157 qui
1595 3087 1711 3156 ejus
1757 3087 2098 3153 ordinationi,

520 3179 733 3248 quando
763 3189 948 3233 contra
985 3179 1308 3233 Primiannm
1350 3179 1553 3232 levatus
1581 3189 1656 3232 est
1681 3220 1696 3244 ,
1727 3178 2098 3245 interfuerant,

519 3288 627 3325 non
650 3271 809 3326 dilata
835 3271 1174 3325 damnatione
1193 3270 1460 3338 conjuncti
1483 3279 1606 3324 sunt
1633 3286 1646 3322 :
1674 3271 1881 3325 caeteris
1900 3278 2099 3332 autem,

518 3377 588 3416 ne
609 3362 766 3415 nimia
794 3360 1037 3430 praecisio
1068 3361 1237 3426 fieret,
1268 3361 1562 3429 praestituto
1585 3359 1672 3414 die
1691 3403 1704 3424 ,
1735 3359 1992 3414 redeundi
2021 3368 2104 3414 est

519 3466 772 3506 concessa
800 3452 1006 3514 dilatio,
1036 3453 1195 3505 salvis
1221 3452 1330 3505 suis
1356 3451 1663 3516 honoribus,
1687 3452 1733 3505 si
1761 3452 1894 3505 intra
1918 3452 2102 3505 termi-

523 3557 651 3595 num
684 3547 941 3612 temporis
965 3550 1311 3596 remeassem.
1339 3540 1448 3596 Nec
1488 3542 1775 3595 timuerunt
1799 3541 2020 3596 trecenti
2050 3549 2106 3596 et

523 3631 712 3685 decem
741 3632 804 3683 ad
828 3646 979 3684 suum
1006 3632 1287 3698 collegium
1326 3646 1583 3685 revocare
1622 3639 1768 3684 tanto
1803 3631 2103 3686 Maximiani

523 3724 803 3791 sacrilegio
843 3733 1156 3787 accusatos,
1191 3725 1456 3778 intuentes
1495 3723 1631 3778 forte
1668 3724 1809 3793 quod
1850 3726 2105 3794 scriptum

526 3826 610 3870 est
638 3833 650 3870 :
678 3815 911 3871 Charitas
931 3817 1150 3887 cooperit
1173 3816 1546 3870 multitudinem
1574 3826 1891 3887 peccatorum
1916 3817 1957 3887 (I
1987 3816 2104 3874 Pet.

524 3923 608 3974 tv,
641 3907 734 3981 8).
781 3907 984 3974 Quibus
1022 3917 1197 3963 autem
1240 3917 1322 3962 est
1356 3908 1671 3976 permissum
1777 3918 1987 3977 tempus
2027 3909 2110 3964 di

527 4001 759 4066 lationis,
812 3999 941 4054 foris
983 4015 1010 4052 a
1051 4010 1225 4054 vestra
1273 3999 1646 4054 communione
1687 3999 2104 4069 baptizaveruut,

527 4105 894 4162 quoscumque
939 4091 1206 4160 baptizare
1242 4098 1541 4160 potuerunt.
1583 4089 1765 4160 Neque
1810 4091 1951 4145 enim
2003 4092 2106 4147 nisi

526 4184 655 4238 foris
684 4184 924 4250 fuissent,
962 4185 1216 4240 dilatione
1242 4199 1494 4240 concessa
1526 4184 1737 4239 invitari
1780 4193 2022 4256 poterant
2051 4193 2109 4240 ut

524 4276 778 4331 redirent.
825 4276 1026 4331 Deinde
1070 4287 1124 4331 et
1172 4285 1452 4346 antequam
1506 4275 1688 4330 dilatio
1746 4277 2004 4341 finiretur,
2055 4284 2112 4331 et

527 4376 874 4436 posteaquam
901 4367 1042 4420 finita
1078 4375 1181 4432 est,
1218 4367 1291 4420 illi
1331 4367 1612 4421 duodecim
1646 4383 1764 4422 cum
1792 4367 2110 4421 Maximiano

530 4459 787 4524 damnati,
814 4458 950 4527 apud
986 4469 1092 4513 tres
1117 4467 1207 4512 aut
1238 4459 1465 4528 amplius
1493 4459 1836 4527 proconsules
1877 4461 2109 4516 accusati

529 4557 686 4614 sunt,
719 4557 775 4602 ut
800 4564 830 4602 e
859 4549 1072 4603 sedibus
1097 4549 1208 4603 suis
1232 4549 1512 4617 judiciario
1542 4551 1721 4619 vigore
1748 4552 2106 4620 pellerentur:

531 4639 672 4693 inter
699 4653 832 4709 quos
873 4649 988 4694 erat
1016 4639 1315 4694 Felicianus
1344 4639 1662 4695 Mustilanus
1685 4682 1698 4704 ,
1725 4642 1793 4696 de
1821 4657 1926 4711 quo
1955 4659 2059 4698 non

530 4743 652 4797 ago,
684 4737 737 4784 et
766 4728 1115 4783 Praetextatus
1141 4731 1482 4784 Assuritanns
1517 4747 1685 4800 nuper
1717 4731 2019 4801 defunctus,
2055 4735 2109 4790 in

527 4819 681 4888 cujus
713 4819 947 4874 damnati
984 4821 1100 4874 loco
1135 4821 1266 4876 alter
1293 4821 1402 4891 jam
1433 4820 1605 4877 fuerat
1636 4823 1930 4880 ordinatus.

530 4909 668 4964 duos
697 4927 800 4966 non
830 4926 961 4965 unus
984 4911 1300 4976 Primianus,
1329 4912 1418 4965 sed
1439 4913 1586 4966 mttlti
1604 4915 1901 4985 eoepiscopi
1921 4919 2107 4986 vestri,

531 5018 652 5056 eum
715 5002 1141 5073 frequentissima
1209 5004 1587 5060 numerositate
1656 5007 2111 5079 Thamugadensis

531 5095 705 5163 Optati
790 5096 1022 5150 natalitia
1055 5095 1418 5161 celebrarent,
1450 5106 1567 5166 post
1593 5114 1778 5154 eorum
1818 5103 1934 5157 sine
1970 5102 2110 5158 dila-

638 5192 768 5244 t.ov.,
794 5183 908 5248 quia
929 5192 1083 5236 autem
1105 5191 1152 5236 et
1173 5185 1491 5249 permittatur.

639 5255 736 5296 Utta
758 5261 791 5316 _e
807 5246 1002 5298 recent.
1030 5246 1316 5316 Parisi-Edit.
1343 5246 1484 5311 irgit,
1508 5260 1922 5316 utmc,_eorrupte.
1987 5260 2047 5303 .

639 5309 912 5374 Apud_l.ov.,
931 5316 1090 5374 optata
1112 5309 1358 5368 natalitia;
1383 5309 1475 5374 nec
1490 5309 1836 5374 aliter'legitur
1860 5315 1906 5362 in
1929 5321 2010 5364 Ms.
2028 5325 2111 5365 -

529 5380 613 5424 tte.
651 5370 780 5438 Quod
814 5370 969 5438 unum
1008 5372 1243 5438 hactenus
1266 5370 1648 5438 epistolze-hujus
1683 5370 1934 5438 exemplar
1957 5381 2112 5438 potuit

531 5431 756 5498 reperiri.
781 5433 1029 5482 Emendari
1049 5434 1262 5495 Oportuit
1282 5433 1409 5483 hunc
1431 5440 1482 5498 et
1516 5431 1636 5498 alios
1655 5431 1884 5498 quosdam
1905 5431 2036 5488 locos
2057 5448 2112 5491 ut

529 5495 709 5560 sensus
728 5502 988 5560 constaret,
1010 5502 1201 5560 servata
1243 5501 1413 5560 tamen
1429 5495 1480 5560 in
1502 5495 1804 5560 \_'aria_uti_l_)_us
1818 5498 2016 5560 antiqua
2039 5499 2112 5551 le-

529 5557 711 5619 ctione.
735 5556 896 5619 isthuc
912 5554 1032 5619 vero
1053 5557 1268 5618 pertinet
1288 5557 1415 5619 quod
1428 5554 1608 5619 legitur
1630 5557 1680 5605 in
1703 5555 1785 5619 lib.
1810 5557 1842 5607 2
1862 5554 1988 5610 eott't.
2017 5561 2107 5612 litt.

533 5615 748 5683 Petiiiani
771 5617 918 5683 ,
986 5615 1121 5667 Illum
1142 5615 1588 5683 commemoroz'qui
1610 5618 1856 5683 vobisatm
1867 5621 2004 5683 vixit,
2027 5637 2112 5673 cu-

539 5679 661 5738 cjus
690 5678 899 5747 natalitia
934 5687 1063 5730 tanta
1106 5680 1438 5747 celebratione
1459 5678 1859 5747 frequentamus,
1879 5685 1957 5732 cui
1981 5678 2110 5747 pacis

586 5738 802 5790 osculum
824 5742 950 5792 inter
972 5750 1269 5793 sacramenta
1291 5738 1623 5803 eopulabatiS,
1648 5749 1766 5803 etc.,
1789 5747 1872 5795 bl
1894 5738 2107 5798 natalitia

1721 319 1774 376 s.
1817 312 2181 374 AUGUSTINI
2223 313 2526 370 EPISCO-PI
3441 350 3447 357 .

2215 427 2357 480 tione
2372 427 2791 494 damnationem,
2813 436 2931 500 post
2955 429 3290 484 terminatam
3312 446 3426 500 quze
3439 439 3634 494 caeteris
3649 441 3754 497 data

2211 518 2380 575 fuerat
2422 522 2750 588 dilationem,
2804 533 2921 592 post
2963 523 3290 592 divulgatam
3385 524 3574 582 forensi
3617 534 3755 590 etiam

2211 611 2432 681 strepitu
2461 612 2601 680 apud
2641 623 2720 668 tot
2747 613 2996 668 consules
3037 614 3446 681 accusationem,
3475 617 3524 670 in
3564 618 3756 676 honori-

2211 700 2309 756 bus
2335 703 2550 770 integris
2579 712 2951 772 suseeperunt,
2977 712 3030 757 et
3066 712 3184 772 post.
3217 717 3310 758 eos
3329 705 3524 760 nullum
3553 709 3758 778 baptiza-

2212 802 2416 848 verunt.
2450 794 2506 848 Si
2533 793 2656 848 huic
2671 796 2954 850 assertioni
2975 795 3258 858 resistitur,
3283 796 3362 850 vel
3382 796 3562 852 horum
3582 801 3755 871 aliquid

2210 885 2255 938 si
2297 895 2540 955 negatur,
2580 887 2816 956 periculo
2852 888 3188 958 episcOpatus
3228 889 3330 942 mei
3359 890 3533 959 exigar
3562 893 3756 961 probare

2209 976 2353 1046 qttod
2378 977 2586 1048 loquor.

2281 1067 2334 1121 6.
2379 1067 2549 1122 Finita
2575 1077 2658 1123 est
2678 1083 2834 1123 causa
2855 1111 2870 1134 ,
2899 1069 3062 1124 frater
3080 1069 3308 1123 Macrobi
3332 1086 3345 1122 :
3370 1070 3504 1125 Deus
3529 1070 3625 1127 hoc
3645 1075 3750 1144 egit,

2211 1157 2352 1212 Deus
2381 1157 2483 1213 hoc
2505 1160 2702 1223 voluit;
2735 1160 2956 1214 occulta:
2986 1160 3128 1214 illius
3159 1159 3498 1230 providentia:
3523 1162 3614 1216 fuit
3639 1167 3757 1219 utin

2208 1263 2366 1302 causa
2401 1249 2702 1304 Maximiani
2729 1251 3000 1320 speculum
3045 1251 3197 1306 vobis
3222 1253 3560 1308 correctionis
3583 1269 3758 1324 propo-

2209 1347 2448 1406 neretur,
2479 1349 2536 1393 ttt
2561 1341 2735 1395 omnis
2763 1341 3044 1396 adversum
3073 1357 3190 1408 uos,
3222 1342 3331 1396 imo
3354 1342 3603 1398 adversus
3627 1345 3760 1400 Chri-

2209 1433 2273 1487 sti
2299 1433 2587 1488 Ecclesiam
2620 1444 2731 1489 toto
2755 1436 2885 1491 orbe
2944 1443 3296 1503 crescentem,
3319 1452 3426 1493 non
3451 1438 3566 1494 dico
3583 1451 3757 1508 vestra,

2208 1538 2276 1577 ne
2297 1524 2348 1577 in
2374 1524 2606 1579 tevidear
2634 1527 3068 1588 contumeliosus,
3090 1527 3182 1582 sed
3203 1536 3352 1582 certe
3371 1537 3652 1584 vestrorum
3671 1531 3758 1585 cri-

2209 1619 2412 1672 minosa
2435 1619 2696 1674 calumnia
2715 1621 2974 1676 finiretur.
2992 1621 3130 1675 Nihil
3143 1622 3285 1676 enim
3304 1622 3551 1678 remansit
3567 1624 3755 1679 omnim

2209 1726 2394 1765 eorum
2417 1727 2534 1780 qua!
2559 1724 2741 1767 contra
2761 1728 2878 1777 nos,
2899 1724 3145 1783 tanquam
3158 1714 3224 1768 de
3243 1711 3602 1784 Scripturisab
3618 1713 3760 1769 homi-

2209 1804 2362 1859 nibus
2380 1821 2482 1859 non
2503 1805 2919 1876 intelligentibus
2938 1806 3161 1876 proferri
3184 1806 3380 1862 solent.
3402 1806 3530 1861 Nam
3556 1806 3661 1862 htec
3680 1805 3760 1860 ha-

2209 1892 2335 1949 bere
2374 1895 2424 1948 in
2463 1910 2557 1950 ore
2581 1907 2971 1952 consueverunt
3011 1915 3024 1951 :
3055 1897 3130 1952 Ab
3163 1913 3297 1962 aqua
3327 1898 3490 1951 aliena
3517 1897 3692 1953 abstine
3721 1906 3761 1951 te

2209 1985 2389 2060 (Prov.
2413 2003 2488 2055 tx,
2518 1987 2626 2062 18).
2651 1990 2756 2045 Sed
2787 1991 3138 2060 respondetur
3157 2008 3170 2043 :
3189 1989 3308 2045 Non
3325 1998 3407 2044 est
3433 2005 3561 2060 aqua
3589 1989 3758 2051 aliena,

2207 2083 2446 2150 quamvis
2473 2083 2544 2136 sit
2582 2083 2632 2136 in
2663 2084 2880 2147 alienis;
2915 2085 3050 2137 sicut
3085 2098 3182 2137 nec
3209 2100 3348 2152 aqua
3379 2084 3464 2137 illa
3493 2082 3760 2137 Maximiani

2208 2170 2323 2238 fuit,
2351 2173 2489 2228 unde
2509 2189 2604 2228 vos
2629 2189 2732 2227 non
2754 2175 3103 2228 abstinuistis.
3131 2175 3258 2228 Item
3281 2175 3586 2243 proponitur
3599 2173 3757 2228 nobis:

2208 2261 2358 2316 Facti
2377 2273 2494 2318 sunt
2523 2265 2648 2318 mihi
2677 2266 2806 2318 sicut
2841 2282 2973 2336 aqua
3003 2266 3242 2331 mendax,
3276 2282 3383 2319 non
3421 2263 3598 2319 habens
3631 2263 3760 2332 dem

2207 2354 2342 2423 (Jer.
2378 2373 2445 2410 xv
2469 2399 2484 2422 ,
2523 2357 2634 2426 18).
2666 2355 2770 2412 Sed
2805 2357 3156 2428 reSpondetur
3186 2374 3202 2410 :
3248 2355 3365 2413 Hoc
3388 2356 3577 2410 dictum
3614 2353 3761 2409 estde

2207 2445 2343 2500 lictis
2377 2446 2678 2502 hominibus
2707 2488 2721 2512 ,
2768 2463 2874 2502 non
2925 2448 3317 2518 pertinentibus
3356 2447 3420 2501 ad
3471 2445 3559 2500 Dei
3601 2443 3761 2499 Sam-

2207 2547 2402 2601 ntenta,
2445 2554 2564 2608 qua:
2603 2554 2701 2594 nec
2739 2539 2791 2592 in
2831 2539 3174 2594 mendacibus
3216 2546 3448 2610 possunt
3490 2552 3603 2592 esse
3629 2550 3760 2590 men-

2205 2628 2374 2683 dacia.
2401 2629 2532 2683 Nam
2564 2630 2746 2699 utique
2776 2630 3058 2684 mendaces
3089 2629 3419 2700 fueruntqui
3449 2629 3757 2691 Primianum,

2205 2721 2345 2774 sicut
2376 2719 2474 2789 ipsi
2499 2720 2809 2790 perhibetis,
2845 2721 2988 2775 falsis
3015 2721 3333 2776 criminibus
3374 2721 3756 2777 damnaverunt:

2208 2825 2306 2864 nec
2331 2819 2505 2865 tamen
2537 2826 2671 2881 aqua
2698 2811 2924 2866 mendax
2953 2811 3066 2876 fuit,
3092 2812 3143 2865 in
3174 2826 3274 2880 qua
3305 2811 3530 2880 separati
3557 2825 3584 2862 a
3611 2806 3758 2872 vobis,

2206 2916 2337 2970 quos
2367 2908 2680 2969 potuerunt,
2711 2902 3130 2970 baptizaverunt.
3171 2901 3307 2956 Nam
3341 2901 3550 2971 quando
3578 2913 3682 2954 eam
3716 2897 3761 2950 in

2208 2992 2290 3046 his
2311 3034 2324 3055 ,
2365 3008 2498 3062 quos
2527 2991 2827 3048 Felicianus
2854 3001 2908 3048 et
2933 2994 3280 3047 Praetextatus
3329 2993 3455 3048 foris
3496 2991 3762 3061 baptizave-

2207 3091 2349 3148 runt,
2395 3083 2720 3152 suscepistis,
2752 3092 2807 3138 et
2854 3084 2907 3138 in
2959 3083 3312 3139 mendacibus
3351 3099 3586 3139 veracent
3625 3081 3764 3136 fuisse

2208 3173 2471 3229 sensistis.
2500 3174 2819 3244 Proponitur
2857 3176 3028 3239 nobis,
3064 3174 3165 3241 Qui
3191 3175 3481 3246 baptizatur
3575 3180 3760 3232 mortuo,

2206 3265 2329 3334 quid
2345 3267 2543 3334 prodest
2598 3268 2852 3320 lavacrum
2870 3269 2977 3338 ejus
2996 3267 3182 3338 (Eccli.
3199 3285 3386 3332 xxxw,
3413 3265 3533 3338 30)?
3557 3266 3765 3334 Respon-

2208 3359 2365 3414 detur
2396 3377 2409 3413 :
2434 3358 2489 3414 Si
2569 3359 2670 3415 hoc
2697 3359 2764 3416 de
2793 3360 3057 3429 baptismo
3078 3361 3337 3429 scriptum
3369 3370 3467 3426 est,
3495 3373 3594 3427 quo
3619 3353 3764 3424 bapti-

2209 3457 2330 3502 zant
2374 3449 2447 3502 illi
2477 3463 2611 3518 quos
2651 3458 2898 3520 tanquam
2930 3460 3169 3504 mortuos
3205 3451 3369 3518 ejecit
3397 3448 3619 3505 Ecclesia
3639 3489 3651 3511 ,
3676 3459 3764 3499 non

2210 3535 2341 3592 dixit
2367 3539 2468 3593 hoc
2489 3540 2757 3594 lavacrum
2782 3556 2886 3595 non
2907 3556 3045 3606 esse,
3069 3541 3162 3597 sed
3187 3543 3325 3596 nihil
3350 3541 3626 3612 prodesse;
3645 3533 3764 3606 quod

2211 3637 2268 3684 et
2287 3646 2385 3684 nos
2413 3629 2660 3685 dicimus.
2691 3631 3065 3686 Verumtamen
3091 3631 3312 3702 quando
3337 3647 3460 3687 cum
3489 3632 3572 3685 illo
3595 3627 3655 3682 ad
3684 3625 3767 3679 Ee-

2210 3721 2428 3776 elesiam
2467 3722 2699 3788 venerit,
2744 3723 2884 3793 quod
2921 3723 3049 3778 foris
3084 3724 3291 3789 eberat,
3354 3724 3497 3780 intus
3533 3717 3766 3792 proderit;

2213 3829 2318 3868 non
2347 3830 2467 3870 cum
2496 3815 2609 3885 ipse
2629 3817 2886 3884 repetitur
2914 3817 3236 3886 Baptismus,
3258 3817 3360 3873 sed
3377 3831 3492 3872 cum
3517 3810 3771 3882 corrigitur

2213 3906 2526 3976 baptizatus.
2558 3907 2708 3963 Sicut
2735 3908 3108 3963 Maximianum
3131 3918 3185 3964 et
3204 3911 3384 3964 socios
3399 3925 3448 3979 ej
3470 3924 3532 3970 ts,
3551 3917 3769 3974 unquam

2214 4008 2450 4052 mortuos
2474 4013 2502 4053 a
2531 4007 2707 4054 vestra
2731 4000 3160 4069 congregatione,
3184 3999 3576 4055 communionis
3601 4001 3770 4049 rectos

2211 4090 2446 4160 loquitur
2472 4089 2759 4160 Vagaiense
2775 4091 3054 4145 concilium
3086 4109 3099 4144 :
3133 4091 3389 4157 Veridica,
3423 4091 3600 4160 inquit,
3631 4084 3766 4146 unda,

2213 4180 2267 4233 in
2296 4196 2500 4251 asperos
2520 4182 2753 4249 scopulos
2779 4181 3134 4234 nonnullorum
3163 4184 3418 4255 naufraga
3443 4180 3656 4250 projecta
3669 4181 3770 4228 sunt

2214 4271 2458 4325 membra.
2481 4269 2846 4343 Afgyptiorum
2861 4273 3232 4342 quodammodo
3246 4274 3476 4343 exemplo
3486 4268 3771 4343 pereuntium

2215 4363 2477 4433 funeribus
2503 4361 2654 4434 plena
2686 4373 2803 4415 sunt
2823 4364 3012 4427 littora,
3035 4363 3212 4433 quibus
3244 4364 3298 4417 in
3329 4364 3441 4434 ipsa
3461 4369 3612 4415 morte
3631 4355 3774 4425 major

2216 4464 2290 4508 est
2319 4471 2485 4524 paena,
2512 4454 2646 4522 quod
2672 4464 2782 4524 post
2802 4464 3045 4509 extortam
3078 4456 3219 4525 aquis
3247 4457 3507 4510 ultricibus
3577 4451 3774 4505 animum

2219 4561 2308 4597 nec
2352 4545 2517 4614 ipsum
2555 4544 2811 4598 inveniunt
2858 4545 3168 4616 sepulturam
3219 4545 3320 4616 (a).
3365 4543 3446 4600 Ex
3499 4543 3595 4597 hac
3644 4537 3775 4593 llltbtl

2217 4647 2572 4703 mortuorum,
2604 4637 2753 4707 quasi
2801 4637 3178 4692 reviviscentes
3221 4636 3545 4692 Felicianum
3582 4631 3778 4687 etPrse-

2217 4736 2476 4781 toxtatum
2507 4729 2558 4781 in
2593 4727 2704 4781 suis
2741 4726 3030 4782 honoribus
3070 4728 3398 4797 suscepistis,
3439 4735 3492 4780 et
3535 4723 3600 4776 ab
3631 4721 3702 4774 eis
3732 4716 3761 4770 it

2217 4819 2304 4874 illa
2345 4827 2517 4874 morte
2549 4820 2844 4889 baptizatos
2879 4837 2985 4874 non
3022 4820 3428 4889 rebaptizastis;
3458 4817 3576 4887 quia
3604 4809 3766 4880 haptis

2199 4917 2360 4965 tnum
2389 4911 2586 4966 Christi
2621 4911 2749 4965 foris
2782 4911 2964 4966 datum
2997 4928 3092 4981 per
3121 4921 3361 4966 mortuos
3383 4953 3397 4978 ,
3428 4906 3645 4964 mortuis
3684 4914 3766 4955 net

2219 5004 2495 5074 prodesse,
2527 5004 2773 5058 eumdem
2806 5014 2984 5060 tamen
3015 5005 3185 5074 ipsum
3216 5003 3472 5075 prodesse
3497 5003 3633 5056 intus
3655 4991 3769 5050 revio

2215 5095 2538 5148 vnscentibus
2558 5094 2866 5163 agnovistis.
2895 5095 3214 5163 Proponitur
3245 5094 3399 5148 nobis
3430 5109 3443 5146 :
3475 5090 3650 5145 Oleum
3673 5098 3774 5155 pec-

2216 5188 2398 5239 catoris
2432 5201 2532 5238 non
2579 5185 2856 5256 impinguet
2897 5196 3048 5256 caput
3085 5202 3250 5240 meum
3284 5184 3303 5256 (
3356 5182 3502 5237 Psal.
3535 5195 3665 5243 CXL,
3701 5174 3774 5242 5).

2216 5317 2348 5368 sedis
2364 5352 2378 5376 ,
2405 5316 2451 5366 id
2476 5324 2553 5367 est
2575 5317 2707 5366 diem
2727 5319 2930 5368 ordinati
2976 5320 3025 5368 iu
3051 5319 3329 5381 episcOpum
3351 5315 3507 5380 Optati
3531 5304 3769 5362 subintelli

2217 5382 2394 5444 gintus.

2321 5447 2453 5499 t.ov.,
2475 5436 2733 5504 diuulgata.

2185 5553 2190 5557 _
2325 5509 2456 5561 t.ov.,
2479 5500 2626 5551 orbis'.

2326 5570 2458 5623 t.ov.,
2479 5569 2550 5613 est
2566 5575 2671 5623 per.

2336 5632 2466 5684 Lov.,
2490 5626 2594 5674 sed.

2193 5735 2196 5739 ,
2327 5693 2453 5744 t.ov.,
2478 5687 2678 5749 ejectum
2693 5684 2830 5749 aquis
2852 5685 3118 5737 ultricibus.

2281 5749 2356 5806 ()
2376 5757 2396 5796 \
2411 5745 2596 5798 ide'lib.
2619 5748 2648 5796 4
2668 5745 2794 5798 eoat.
2814 5752 3140 5807 Cres-samum,
3163 5762 3203 5798 c.
3305 5757 3358 5797 et.
3381 5745 3454 5796 ,
