4014 6338
557 337 655 392 411

556 449 731 506 centia
757 446 951 518 quippe
977 444 1075 498 ista
1102 442 1432 513 attinguntur
1450 438 1491 505 ⁸,
1520 434 1854 509 displicentia
1875 417 2143 504 repellun-

561 556 664 599 tur.
696 543 923 610 Ideoque
964 538 1040 593 illi
1079 538 1279 606 optimo
1307 535 1555 605 episcopo
1574 574 1591 599 ,
1619 545 1717 585 nec
1743 543 2001 592 censura,
2037 540 2143 596 qua

561 642 775 706 peccata
804 637 1113 693 coerceret,
1144 643 1246 682 nec
1285 625 1490 681 cautela
1530 622 1698 678 defuit
1721 662 1736 686 ,
1777 637 1879 691 qua
1928 618 2142 674 unitatis

559 726 828 781 vinculum
859 723 1166 778 custodiret.
1194 719 1412 789 Legitur
1439 717 1555 787 ejus
1583 717 1634 770 in
1663 714 1890 786 quadam
1919 711 2142 781 epistola

562 833 719 887 quam
749 815 960 885 scripsit
995 813 1060 866 ad
1096 812 1463 884 presbyterum
1504 806 1784 862 Maximum
1804 846 1821 872 ,
1863 804 1932 858 de
1957 803 2057 856 hac
2086 816 2144 855 re

564 910 704 963 clara
735 914 790 961 et
811 914 991 975 aperta
1017 902 1298 965 sententia,
1334 914 1436 970 qua
1463 897 1680 951 omnino
1708 893 1958 965 prmeepit
1976 934 1992 958 ,
2024 906 2144 960 pro-

566 999 828 1069 pheticam
860 997 1094 1067 regulam
1134 1003 1354 1056 tenens,
1399 991 1546 1045 nullo
1582 990 1741 1044 modo
1769 987 2020 1043 Ecclesiae
2046 985 2144 1038 de-

567 1090 673 1147 scri
715 1089 911 1145 debere
956 1087 1236 1149 unitatem,
1288 1092 1502 1152 propter
1541 1081 1799 1134 malorum
1840 1076 2146 1148 permixtio-

567 1196 711 1236 nem.
728 1179 866 1233 Nam
886 1178 978 1231 etsi
999 1177 1247 1235 videntur,
1275 1174 1464 1242 inquit,
1483 1173 1536 1225 in
1558 1170 1786 1225 Ecclesia
1806 1186 1912 1223 csse
1923 1169 2143 1232 zizania,

567 1289 667 1327 non
698 1282 862 1325 tamen
904 1268 1140 1338 impediri
1166 1266 1307 1320 debet
1332 1264 1457 1333 ﬁdes
1485 1273 1575 1317 aut
1607 1263 1829 1317 cltaritas
1854 1271 2027 1315 nostra
2046 1302 2061 1327 ,
2094 1268 2147 1312 ut

566 1363 803 1433 quoniam
827 1377 932 1414 esse
958 1358 1156 1414 zizania
1184 1358 1235 1409 in
1264 1353 1492 1409 Ecclesia
1517 1353 1769 1408 cernimus
1787 1394 1802 1416 ,
1833 1368 1924 1404 nos
1956 1350 2019 1404 de
2045 1349 2148 1404 Ec—

568 1456 719 1510 clesia
746 1451 1057 1507 recedamus.
1099 1445 1470 1502 Tantummodo
1505 1444 1646 1499 nobis
1674 1440 2004 1497 laborandum
2041 1448 2144 1504 est,

569 1556 624 1599 ut
652 1547 959 1614 frumentum
985 1556 1090 1595 esse
1119 1540 1365 1610 possimus
1395 1536 1588 1608 (Epist.
2120 1526 2121 1531 “

641 1637 729 1690 Η.
764 1635 921 1689 Istam
963 1632 1236 1686 cliaritatis
1265 1631 1433 1700 legem
1475 1644 1540 1683 ex
1578 1642 1673 1682 ore
1709 1625 1904 1681 Christi
1939 1623 2147 1679 Domini

570 1728 985 1797 promulgatam;
1016 1724 1183 1793 ipsius
1208 1722 1349 1778 enim
1376 1731 1499 1776 sunt
1525 1721 1639 1774 istae
1665 1717 2057 1783 similitudines,
2097 1725 2151 1771 et

573 1817 642 1872 de
670 1817 884 1871 zizaniis
924 1830 1089 1883 usque
1128 1814 1192 1866 ad
1229 1820 1437 1881 tempus
1474 1810 1666 1866 messis
1708 1810 1761 1863 in
1803 1809 2005 1862 unitate
2038 1806 2150 1875 agri

501 1973 503 1975 ι
573 1924 670 1978 per
696 1908 949 1962 mundum
981 1904 1194 1973 (Matth.
1222 1920 1312 1958 xui
1331 1944 1345 1966 ,
1373 1902 1564 1971 24-43)
1584 1941 1600 1966 ,
1626 1910 1681 1954 et
1706 1899 1774 1954 de
1813 1898 1966 1953 malis
1995 1897 2153 1967 pisci-

572 2000 673 2056 bus
714 2013 881 2067 usque
909 1997 973 2051 ad
1004 2005 1214 2065 tempus
1241 1994 1432 2048 littoris
1470 1993 1605 2047 intra
1635 1990 1820 2045 eadem
1862 1989 1993 2043 retia
2022 1986 2155 2042 tole-

570 2090 751 2145 randis
779 2087 939 2159 (Ibid.
962 2088 1065 2141 47-
1088 2086 1212 2157 50);
1258 2085 1395 2138 hanc
1420 2099 1547 2153 ergo
1587 2080 1861 2136 charitatis
1899 2080 2066 2148 legem
2107 2078 2151 2131 si

574 2182 805 2251 majores
832 2179 995 2235 vestri
1036 2188 1214 2232 mente
1250 2176 1567 2241 retinerent,
1597 2173 1640 2227 si
1667 2187 1788 2227 cum
1827 2170 1919 2224 Dei
1964 2170 2155 2223 timore

574 2273 867 2341 Cogitarcnt
888 2312 902 2332 ,
942 2284 1048 2323 non
1091 2276 1305 2337 propter
1330 2266 1702 2329 Caecilianum,
1734 2271 1790 2318 et
1816 2261 1995 2316 nescio
2022 2273 2156 2329 quos

574 2366 754 2432 Atros,
783 2362 919 2425 sive,
950 2371 1007 2416 ut
1034 2361 1247 2432 putatis,
1275 2374 1458 2414 revera
1488 2358 1820 2419 criminosas,
1851 2356 1984 2420 sive,
2014 2352 2155 2423 quod

576 2456 746 2525 magis
770 2454 1091 2509 credendum
1126 2462 1234 2517 est,
1262 2450 1539 2505 calumniis
1565 2448 1848 2516 appetitus,
1877 2462 1936 2500 se
1962 2445 2029 2499 ab
2060 2446 2158 2499 Ec.

574 2546 769 2609 clesia,
811 2559 967 2613 quam
1006 2543 1287 2611 descripsit
1325 2542 1438 2610 ipse
1475 2538 1790 2612 Cyprianus,
1836 2552 1931 2606 per
1973 2550 2158 2590 omnes

578 2649 766 2708 gentes
804 2637 979 2691 radios
1030 2650 1156 2689 suos
1205 2633 1529 2703 porrigente,
1574 2640 1629 2686 et
1672 2644 1851 2685 ramos
1895 2643 2021 2683 suos
2064 2642 2159 2695 per

577 2747 791 2785 omnem
821 2739 1017 2784 terram
1044 2729 1194 2796 copia
1222 2726 1477 2781 ubertatis
1506 2723 1824 2780 extendente
1842 2762 1857 2784 ,
1900 2736 2005 2775 non
2026 2759 2041 2783 ,
2072 2717 2157 2771 in-

578 2837 757 2890 quam,
788 2835 846 2875 sc
873 2836 900 2871 a
934 2829 1008 2873 tot
1034 2819 1277 2887 gentibus
1300 2808 1634 2879 Christianis,
1665 2829 1784 2883 qua:
1820 2810 2038 2866 omnino
2069 2826 2161 2862 ne-

576 2914 811 2967 scierunt
836 2911 947 2980 qui,
978 2909 1059 2962 vel
1086 2908 1233 2977 quid,
1264 2907 1345 2961 vel
1373 2905 1563 2976 quibus
1587 2902 1928 2973 objiciebaul,
1960 2899 2159 2954 nefaria

577 3003 915 3071 separatione
942 3000 1328 3063 discinderent;
1356 2995 1496 3067 quod
1538 3011 1643 3050 non
1690 2996 1778 3058 lit,
1813 2993 1912 3047 nisi
1958 3000 2051 3045 aut
2087 2990 2160 3043 si-

578 3097 802 3151 multate
827 3096 1031 3165 privata
1072 3093 1248 3165 potius
1273 3106 1430 3161 quam
1470 3090 1694 3143 utilitate
1723 3086 2025 3148 communi,
2067 3093 2159 3136 aut

580 3188 673 3242 illo
700 3188 828 3242 vitio
861 3185 1000 3257 quod
1042 3193 1430 3253 consequenter
1465 3180 1761 3252 Cyprianus
1803 3178 1918 3247 ipse
1954 3190 2160 3229 connu-

582 3291 770 3345 uierat,
802 3280 1177 3348 vitandumque
1210 3284 1611 3332 commemorat.
1647 3272 1778 3328 Nam
1808 3286 1929 3325 cum
1958 3283 2159 3338 prmce-

582 3376 747 3445 pisset
770 3383 982 3443 propter
1008 3372 1205 3425 zizania
1232 3385 1349 3440 qua:
1371 3369 1425 3423 in
1454 3366 1686 3422 Ecclesia
1716 3372 2022 3424 cernuntur,
2053 3376 2161 3414 non

580 3483 703 3521 esse
745 3465 1032 3520 Ecclesiam
1072 3460 1457 3523 deserendam,
1503 3457 1741 3527 sequitur
1782 3464 1835 3509 et
1878 3452 2159 3521 adjungit:

587 3557 749 3611 Nobis
789 3553 1131 3608 tantummodo
1160 3550 1491 3605 laborandum
1526 3557 1599 3601 est
1636 3555 1689 3599 ut
1726 3546 2031 3612 frumentum
2059 3555 2165 3594 esse

586 3647 854 3717 possimus,
879 3654 932 3696 ut
965 3660 1077 3696 cum
1112 3640 1311 3710 coeperit
1342 3644 1647 3709 frumentum
1673 3633 1937 3688 dontiuicis
1972 3631 2163 3684 horreis

584 3738 762 3797 condi,
808 3735 1024 3802 fructum
1063 3748 1154 3801 pro
1197 3746 1347 3800 opere
1381 3738 1427 3782 et
1471 3726 1640 3781 labore
1670 3733 1839 3778 nostro
1881 3722 2162 3790 capiamus.

588 3828 857 3899 Apostolus
884 3826 937 3878 in
974 3821 1204 3893 Epistula
1229 3837 1320 3875 sua
1346 3820 1499 3883 dicit,
1535 3836 1555 3869 ι
1591 3816 1654 3870 In
1682 3816 1831 3869 domo
1862 3824 2027 3867 autem
2052 3830 2164 3866 ma-

585 3941 687 3995 gna
713 3939 811 3975 non
832 3921 993 3975 solum
1016 3927 1131 3972 sunt
1162 3932 1276 3970 vasa
1298 3931 1451 3968 aurea
1477 3922 1522 3967 et
1542 3921 1795 3981 argentea,
1819 3909 1906 3962 sed
1930 3917 1975 3960 et
2001 3907 2165 3978 lignea

588 4024 636 4068 et
661 4013 874 4081 ﬁctilia;
902 4021 949 4065 et
977 4008 1208 4078 quadam
1237 4008 1436 4077 quidem
1463 4004 1725 4061 honorata,
1761 4001 1991 4070 qua'dam
2015 4000 2162 4051 inho-

589 4113 765 4158 norata
790 4122 808 4154 s
836 4101 903 4173 (ll
927 4100 1058 4154 Tim.
1083 4115 1135 4160 tt.
1155 4098 1250 4169 90)
1272 4108 1295 4151 ἐ
1326 4113 1414 4149 nos
1433 4110 1635 4165 operam
1652 4091 1844 4147 demus.
1866 4101 1910 4143 et
1925 4098 2165 4160 quantum

589 4212 852 4271 possumus
878 4194 1159 4248 laboremus
1178 4200 1232 4243 ut
1252 4206 1337 4244 vas
1360 4203 1566 4241 aureum
1588 4187 1663 4239 vel
1681 4194 1971 4255 argenteum
1988 4182 2163 4235 simus.

588 4287 833 4342 Scelerum
861 4286 1037 4354 ﬁctilia
1075 4299 1191 4336 vasa
1218 4280 1532 4351 confringere
1575 4275 1797 4329 Domino
1833 4274 1929 4327 soli
1968 4289 2171 4326 conces-

589 4396 703 4436 sum
725 4380 745 4409 ¹
777 4388 876 4439 est,
906 4376 988 4429 cui
1022 4386 1067 4428 et
1097 4376 1235 4444 virga
1262 4373 1423 4441 ferrea
1448 4370 1569 4423 data
1595 4378 1685 4421 est.
1729 4365 1856 4421 Esse
1883 4383 1982 4419 non
2011 4374 2169 4434 potest

593 4467 758 4532 maior
782 4465 985 4518 domino
1013 4480 1104 4516 suo
1128 4478 1297 4515 servus
1319 4478 1334 4523 ;
1364 4476 1452 4512 nec
1480 4459 1743 4529 quisquam
1774 4457 1889 4521 sibi,
1917 4455 2051 4525 quod
2075 4454 2169 4506 soli

593 4555 643 4618 Γ
645 4557 731 4609 ilio
760 4554 913 4607 Pater
936 4554 1126 4616 tribuit,
1157 4550 1438 4613 viudicarit,
1465 4559 1517 4601 ut
1545 4564 1599 4601 se
1624 4558 1780 4616 putet,
1809 4557 1894 4599 aut
1913 4546 1980 4599 ad
1999 4561 2169 4599 arcam

592 4644 932 4705 partilandam
956 4653 1001 4697 et
1031 4640 1374 4713 purgandam,
1408 4638 1578 4708 palam
1597 4636 1619 4668 ³
1642 4645 1689 4689 et
1713 4636 2038 4689 ventilabrum
2057 4635 2194 4706 jam'

592 4736 725 4814 ferre
761 4751 923 4804 posse,
970 4744 1056 4785 aut
1094 4749 1125 4785 a
1164 4734 1414 4803 frumento
1440 4729 1672 4782 universa
1712 4727 1910 4781 zizania
1951 4727 2169 4780 humano

584 4826 781 4899 judicio
803 4840 1057 4893 separare.
1092 4823 1321 4894 Superba
1348 4830 1420 4874 est
1448 4820 1544 4874 ista
1573 4817 1918 4890 praesumptio,
1948 4827 1992 4869 et
2015 4819 2173 4871 sacri-

596 4918 705 4989 lega
729 4917 1011 4979 obstinatio,
1040 4932 1191 4985 quam
1214 4913 1309 4967 sibi
1334 4914 1476 4982 furor
1501 4925 1685 4981 pravus
1710 4908 1941 4973 assumit,
1968 4917 2014 4961 et
2051 4907 2171 4962 dum

595 5009 689 5069 sibi
714 5024 908 5076 semper
932 5008 1151 5079 amplius
1176 5004 1367 5075 aliquid
1396 5003 1472 5075 (a)
1502 5019 1653 5073 quam
1690 5000 1826 5056 mitis
1844 4999 2045 5070 justitia
2078 4998 2173 5051 de-

601 5102 778 5173 poscit,
809 5109 1089 5163 assumunt,
1122 5099 1186 5153 de
1210 5096 1438 5155 Ecclesia
1465 5105 1707 5169 pereunt;
1738 5104 1786 5149 et
1811 5093 1934 5148 dum
1956 5107 2013 5147 se
2031 5091 2173 5146 inso-

661 5285 679 5316 ¹
705 5291 836 5345 tom,
858 5288 1142 5355 arqmmtur.
1841 5336 1853 5346 _
1966 5334 1978 5346 .

661 5347 682 5377 ¹
705 5352 834 5407 Lov.,
856 5338 1172 5397 solicitum.-
1184 5349 1324 5393 Forte
1345 5339 1611 5405 legendum
1635 5347 1740 5399 est,
1762 5336 1852 5387 sols
1895 5336 2095 5388 licitum.
2110 5341 2169 5385 lt.

664 5407 685 5438 ι
706 5413 719 5438 l
736 5421 793 5438 nn
850 5414 893 5438 ρο
916 5406 1216 5438 "mummium
1231 5403 1416 5438 mlnnm
1432 5409 1477 5438 pr
1500 5399 1822 5438 umh'lnhrsms-
1851 5406 1944 5438 alr-
1973 5405 2028 5438 At
2047 5398 2169 5438 annd

664 5407 685 5438 ³
706 5398 835 5465 Lov.;
849 5414 894 5457 et
916 5406 1216 5472 purgandum
1230 5398 1477 5468 palcaniet
1500 5399 1825 5458 veritilabrimt,
1851 5406 1945 5448 etc.
1972 5405 2028 5447 At
2047 5398 2174 5459 apud

599 5470 876 5542 ςῖρτίθξξιιω
894 5469 1103 5542 lentus.
1119 5465 1416 5542 ραιαιηῑετττς
1438 5461 1879 5542 εεζιξπξροδιξε·,δξο
1893 5457 2174 5542 essm!

602 5518 913 5598 Augustinum
947 5518 1014 5580 ‘in
1056 5518 1181 5598 litim
1210 5528 1264 5598 _2_
1287 5518 1428 5598 'cont.
1451 5518 1697 5598 despuit”
1719 5536 1763 5598 c.
1786 5521 1875 5581 54,
1901 5521 2015 5571 etin
2036 5518 2121 5570 lib.
2144 5518 2177 5570 2

600 5586 730 5647 colit.
751 5592 980 5642 salutent.
1002 5603 1047 5643 c.
1074 5591 1152 5651 15.
1174 5590 1267 5640 nisi
1287 5586 1416 5653 quod
1435 5586 1685 5647 omittitur,
1707 5596 1776 5635 se.

662 5693 735 5756 (a)
752 5695 1177 5759 Apudrcyprlanum
1194 5694 1403 5744 habetur
1418 5691 1521 5743 sic:
1548 5709 1572 5741 ι
1589 5696 1643 5743 et
1656 5689 1771 5741 dum
1788 5687 2051 5740 dominium
2082 5686 2174 5738 sibi

1025 5761 1133 5821 plus
1147 5769 1309 5823 quam,
1327 5770 1349 5801 ι
1376 5762 1470 5808 etc.

1802 319 1860 375 s.
1898 311 2263 374 AUGUSTINI
2301 306 2600 366 EPISCOPI
3670 272 3774 372 tu

2250 425 2406 480 lenter
2433 421 2697 488 extollunt,
2726 420 2838 491 ipso
2856 436 2947 475 suo
2968 427 3161 476 tumore
3185 421 3356 475 amati
3374 462 3390 489 ,
3416 424 3619 481 veritatis
3636 428 3777 486 litum

2247 515 2504 569 amittunt.

2321 607 2408 661 12.
2446 604 2581 673 Quid
2622 602 2723 658 hac
2766 602 3018 675 Cypriani
3056 604 3389 661 attestatione
3425 605 3635 673 clarius;
3676 613 3781 681 quid

2247 697 2531 752 veracius?
2564 695 2724 749 Vides
2752 702 2946 764 quanta
2972 694 3276 763 evangelica
3312 704 3363 751 ct
3394 699 3659 765 apostolica
3687 702 3783 759 luco

2250 787 2590 857 prtcfulgeat;
2613 786 2763 841 vides
2790 800 2903 847 eos,
2935 787 3022 855 qui
3054 786 3197 840 velut
3224 784 3405 841 oll‘ensi
3428 803 3521 857 pro
3542 804 3627 843 sua
3649 791 3784 860 justi-

2251 878 2321 932 tia
2353 877 2715 947 iniquitatibus
2742 876 2951 937 alienis,
2983 876 3236 931 Ecclesiae
3263 875 3512 932 deserunt
3541 880 3782 948 unitatem,

2251 970 2393 1039 ipsos
2423 983 2541 1023 esse
2576 968 2751 1037 potius
2777 967 3159 1036 iniquissimus.
3190 965 3352 1021 Vides
3379 966 3502 1021 loris
3526 984 3635 1024 esse
3668 970 3786 1026 ziza-

2257 1065 2341 1116 uia
2362 1103 2379 1129 ,
2412 1079 2503 1118 eos
2529 1063 2617 1133 qui
2650 1063 2930 1117 noluerunt
2954 1063 3006 1116 in
3035 1062 3232 1115 unitate
3261 1062 3370 1130 agri
3398 1060 3593 1116 Domini
3618 1063 3786 1119 zizania

2252 1156 2502 1211 tolerare.
2542 1155 2705 1210 Vides
2739 1154 2866 1209 foris
2902 1169 3022 1209 esse
3058 1153 3286 1222 paleam.
3318 1167 3411 1208 eos
3433 1152 3517 1223 qui
3546 1154 3789 1210 noluerunt

2252 1246 2306 1300 in
2344 1247 2546 1300 unitate
2579 1245 2769 1300 domus
2794 1259 2997 1314 magum
3032 1244 3154 1297 talia
3200 1242 3445 1297 tolerare.
3485 1242 3635 1298 Vides
3656 1260 3788 1313 quam

2251 1336 2511 1391 veraciter
2538 1335 2791 1405 scriptum
2815 1343 2915 1398 est,
2946 1332 3113 1387 Filius
3140 1331 3306 1387 malus
3332 1332 3440 1399 ipse
3463 1348 3513 1386 se
3531 1333 3708 1403 justum
3727 1335 3793 1389 di-

2251 1428 2359 1491 cit;
2388 1428 2577 1481 exitum
2600 1436 2769 1480 autem
2801 1442 2949 1480 suum
2983 1442 3082 1502 non
3115 1423 3270 1478 abluit
3298 1421 3494 1496 (Prov.
3524 1439 3672 1488 xxiv,
3707 1441 3789 1479 sec.

2259 1516 2435 1589 LXX)
2463 1534 2477 1573 :
2506 1519 2705 1573 exitum
2724 1516 2939 1573 scilicet
2962 1531 3067 1586 quo
3085 1516 3191 1570 exit
3208 1514 3275 1570 de
3297 1514 3551 1581 Ecclesia,
3577 1531 3674 1570 non
3691 1532 3793 1586 pur-

2253 1620 2372 1680 gat,
2415 1624 2520 1664 non
2553 1618 2803 1675 excusat,
2834 1625 2938 1663 non
2967 1607 3236 1673 defendit,
3278 1622 3385 1661 non
3416 1622 3595 1676 purum
3627 1616 3674 1662 et
3700 1608 3794 1662 sine

2255 1703 2481 1757 crimine
2514 1702 2778 1768 ostendit;
2821 1702 2920 1756 Itoc
2955 1709 3038 1757 est
3064 1701 3205 1755 enim
3232 1742 3248 1766 ,
3293 1717 3395 1754 non
3418 1699 3604 1764 abluit;
3630 1700 3735 1770 quia
3757 1700 3794 1754 si

2257 1807 2364 1846 non
2390 1792 2621 1862 seipsum
2648 1791 2851 1862 justum
2876 1790 3097 1854 diceret,
3139 1789 3232 1845 sed
3262 1804 3390 1843 vere
3413 1804 3475 1843 ac
3498 1789 3711 1858 legitime
3725 1788 3795 1857 ju-

2255 1897 2371 1941 stus
2409 1892 2584 1947 esset,
2622 1899 2726 1938 non
2757 1883 2925 1936 bonos
2955 1890 3172 1951 propter
3200 1879 3372 1934 malos
3410 1878 3697 1948 impiissime
3719 1877 3795 1932 de-

2256 1984 2491 2039 sereret,
2520 1975 2613 2031 sed
2638 1975 2807 2029 malos
2832 1985 3049 2043 pr0pter
3075 1973 3245 2027 bonos
3276 1969 3641 2042 patientissime
3663 1969 3796 2023 susti-

2258 2077 2429 2133 neret,
2478 2066 2649 2121 donec
2692 2064 2806 2134 ipse
2843 2064 3119 2130 Dominus,
3168 2063 3280 2118 sive
3321 2078 3417 2130 per
3459 2076 3547 2127 se,
3588 2061 3687 2115 sive
3721 2075 3797 2129 per

2257 2159 2489 2228 Angelos
2514 2172 2669 2223 suos,
2697 2172 2726 2210 a
2760 2157 2937 2210 tritico
2964 2155 3186 2220 zizania,
3217 2169 3247 2207 a
3272 2152 3551 2208 frumentis
3575 2150 3751 2221 paleas,
3772 2164 3797 2203 a

2258 2251 2403 2306 vasis
2431 2248 2809 2305 misericordiae
2850 2263 2976 2301 vasa
3024 2247 3116 2301 irze
3139 2287 3156 2313 ,
3197 2253 3250 2300 et
3295 2243 3478 2299 haedos
3511 2242 3576 2297 ab
3605 2241 3797 2306 ovibus,

2260 2345 2433 2415 pisces
2462 2343 2631 2397 malos
2653 2358 2685 2397 a
2710 2341 2864 2397 bonis
2890 2341 2942 2394 in
2970 2341 3074 2395 line
3101 2339 3282 2395 sreculi
3313 2344 3598 2407 separaret.

2266 2482 2279 2497 ,
2329 2434 2555 2491 CAPUT
2583 2434 2669 2487 IV.
2691 2463 2762 2474 —
2790 2427 2876 2488 i3.
2905 2431 3009 2488 Sed
3032 2431 3077 2486 si
3100 2428 3405 2484 testimonia
3427 2429 3511 2482 illa
3539 2426 3798 2494 Scriptura.

2260 2541 2400 2590 rum,
2422 2540 2540 2593 qua:
2560 2523 2788 2592 majores
2816 2522 2973 2577 vestri
2992 2520 3057 2575 ad
3078 2520 3427 2575 dividendum
3451 2518 3681 2588 populum
3707 2512 3799 2577 Dei,

2260 2615 2347 2670 vel
2390 2613 2724 2683 intelligenda
2746 2654 2762 2675 ,
2803 2612 2889 2666 vel
2928 2610 3243 2681 proferenda
3286 2609 3645 2671 crediderunt,
3677 2604 3801 2657 aliter

2262 2721 2418 2775 quam
2444 2704 2743 2759 divinorum
2767 2704 3095 2773 eloquiorum
3118 2716 3312 2757 sensus
3333 2699 3574 2771 postulat,
3599 2695 3802 2764 accipere

2261 2794 2566 2859 cOnamiui,
2611 2794 2721 2864 jam
2775 2793 3000 2848 desinite
3039 2810 3053 2846 :
3099 2791 3361 2847 attendite
3406 2789 3528 2844 illud
3571 2785 3802 2856 speculum

2262 2886 2401 2954 quod
2437 2885 2502 2940 ad
2534 2900 2629 2941 vos
2651 2884 3035 2951 admonendos,
3075 2884 3213 2939 Deus
3249 2879 3740 2938 misericordissima,
3764 2873 3803 2929 si

2262 2975 2467 3045 sapitis,
2498 2975 2796 3044 provisione
2830 2975 3124 3029 constituit.
3151 2974 3381 3029 Causam
3422 2972 3539 3026 dico
3560 2965 3803 3027 Feliciani,

2265 3065 2414 3119 Fidei
2439 3066 2678 3120 (virtutum
2697 3106 2713 3130 ,
2743 3065 2967 3119 veritatis
2990 3064 3273 3118 adulterum
3296 3103 3314 3127 ,
3358 3060 3593 3116 Ecclesia
3625 3054 3773 3111 matris
3790 3092 3804 3119 ο

2264 3156 2404 3210 sicut
2430 3156 2483 3210 in
2513 3154 2794 3225 Vagaiensi
2828 3155 3053 3209 concilio
3092 3154 3482 3208 conclamatum
3510 3158 3623 3215 est,
3659 3144 3807 3200 inimi-

2264 3262 2385 3303 cum
2407 3288 2422 3312 ,
2458 3247 2659 3300 Datltan
2685 3288 2701 3311 ,
2727 3244 2865 3301 Core
2887 3286 2903 3308 ,
2945 3254 3000 3300 et
3037 3244 3238 3300 Abiron
3277 3235 3608 3306 ministrum;
3636 3239 3696 3293 de
3723 3249 3808 3305 quo

2265 3337 2489 3405 amplius
2520 3336 2836 3391 addiderunt
2876 3335 3016 3405 quod
3058 3350 3179 3390 eum
3220 3344 3405 3404 aperta
3447 3342 3578 3386 terra
3614 3343 3707 3384 non
3732 3325 3809 3378 alt-

2265 3425 2491 3491 sorbuit,
2515 3426 2607 3480 sed
2629 3425 2694 3478 ad
2721 3425 2891 3493 majus
2910 3425 3223 3493 supplicium
3248 3424 3462 3493 superis
3482 3423 3500 3454 ί
3528 3428 3807 3475 reservasse.

2266 3516 2465 3587 Raptus
2489 3516 2638 3577 enim,
2668 3516 2919 3585 inquiunt,
2949 3531 3151 3586 poenam
3184 3530 3335 3568 suam
3359 3510 3644 3581 compendio
3671 3508 3809 3559 lucra-

2265 3617 2399 3661 verat
2428 3609 2656 3679 funeris;
2685 3624 2864 3661 usuras
2894 3623 3026 3659 nunc
3050 3606 3305 3677 graviores
3352 3603 3539 3674 colligit
3573 3597 3741 3673 funeris
3759 3595 3776 3625 ⁸
3796 3632 3809 3656 ο

2266 3714 2378 3751 cum
2406 3699 2617 3751 mortuis
2646 3698 2849 3751 interest
2876 3698 3031 3751 vivus.
3064 3696 3256 3763 Quaero
3296 3697 3443 3750 enim
3480 3704 3642 3747 utrum
3682 3689 3813 3742 istum

2266 3797 2392 3843 tunc
2434 3789 2763 3842 immundum
2794 3797 3058 3841 mortuum
3095 3788 3383 3857 tetigerunt
3411 3786 3481 3840 illi
3511 3782 3597 3854 qui
3627 3792 3733 3833 cum
3761 3787 3814 3826 eo

2266 3880 2631 3950 conspirantes
2650 3920 2666 3945 ,
2698 3879 2948 3933 Primiani
2978 3877 3335 3932 innocentiam
3366 3875 3747 3931 damnaverunt.
3770 3861 3817 3918 Si

2266 3970 2409 4024 enim
2431 3971 2731 4039 tetigerunt,
2757 3970 2936 4038 utique
2958 3968 3211 4037 pollutum
3227 3965 3492 4036 tangendo
3504 3961 3673 4034 polluti
3692 3963 3812 4011 sunt.

2268 4057 2374 4112 Cur
2402 4075 2530 4128 ergo
2560 4060 2611 4112 in
2641 4058 2878 4126 ejusdem
2900 4057 3293 4119 communione,
3325 4066 3484 4126 atque
3507 4070 3535 4107 a
3562 4059 3719 4106 vestra
3744 4060 3817 4100 sev

2271 4150 2494 4219 paratis,
2542 4158 2787 4218 tanquam
2825 4148 3195 4203 innocentibus
3220 4147 3405 4201 dilatio
3434 4140 3679 4199 redeundi
3706 4150 3817 4191 conc

2271 4241 2507 4303 ceditur,
2540 4251 2596 4295 ut
2630 4242 2814 4310 integri
2855 4239 3076 4294 honoris
3106 4254 3169 4294 ac
3204 4239 3328 4294 lidei
3366 4235 3589 4308 regressi
3626 4231 3821 4285 habeant

2271 4331 2611 4387 fundamenta
2635 4374 2649 4395 ,
2687 4341 2741 4385 et
2777 4332 2865 4401 qui
2906 4339 3153 4400 cuiquam
3193 4327 3517 4383 ordinationi
3556 4313 3819 4378 Maximiani

2273 4439 2377 4475 non
2406 4421 2741 4477 intet'l'ueriut
2760 4462 2775 4485 ,
2804 4430 3105 4477 mereantur
3142 4418 3327 4474 audire
3355 4415 3497 4487 quod
3522 4431 3603 4468 eos
3624 4402 3821 4474 sacrilegi

2270 4514 2460 4568 surculi
2484 4530 2583 4565 non
2608 4512 2896 4579 polluerunt
2926 4509 3180 4580 plantaria
3204 4550 3219 4574 ,
3265 4510 3319 4564 in
3353 4507 3541 4563 eadem
3570 4510 3705 4573 parte
3741 4511 3821 4565 p0-

2273 4608 2425 4669 sitos,
2455 4606 2505 4658 in
2532 4604 2718 4659 eodem
2748 4603 3035 4659 schismate
3060 4602 3353 4671 colligatos,
3386 4615 3416 4653 a
3442 4597 3591 4652 vobis
3612 4591 3790 4648 divisos
3807 4624 3822 4648 ο

2275 4696 2378 4751 illis
2406 4695 2655 4758 sociatos,
2682 4693 2841 4751 simul
2871 4693 2922 4746 in
2953 4692 3130 4745 Africa
3160 4690 3506 4753 constitutos,
3531 4681 3822 4740 notissimos,

2274 4785 2647 4849 amicissimos,
2676 4784 3162 4853 coniunctissimos,
3191 4782 3278 4852 qui
3305 4781 3408 4836 etsi
3439 4794 3544 4835 non
3569 4776 3826 4846 praesentes

2274 4893 2395 4931 eum
2423 4877 2836 4939 ordinaverunt,
2868 4885 3088 4945 pr0pter
3124 4890 3244 4930 eum
3277 4883 3456 4928 tamen
3493 4879 3548 4925 et
3581 4869 3826 4922 absentem

2276 4968 2600 5028 Primianum
2630 4967 3049 5031 damnaverunt;
3091 4974 3146 5021 et
3189 4965 3497 5035 inquinasse
3524 4960 3706 5016 dicitur
3729 4967 3829 5009 sur-

2276 5057 2426 5112 culus
2472 5057 2737 5111 Cmciliani
2782 5057 2928 5112 orbis
2971 5065 3231 5111 terrarum
3274 5054 3501 5125 papulos
3542 5047 3828 5105 christianos

2277 5150 2766 5216 numerosissimos,
2807 5148 3221 5215 remotissimos,
3261 5145 3623 5217 ignotissimos
3645 5182 3661 5209 ,
3697 5134 3829 5204 cuius

2278 5257 2385 5295 non
2410 5240 2530 5293 dico
2556 5254 2801 5305 causam,
2830 5238 2925 5293 sed
2955 5238 3103 5293 multi
3130 5253 3230 5294 nec
3259 5252 3456 5294 nomen
3485 5248 3641 5290 nosse
3666 5238 3828 5299 potue-

2281 5333 2443 5389 runt?
2469 5330 2586 5387 Non
2623 5332 3015 5387 communicant
3041 5332 3268 5401 peccatis
3294 5329 3485 5385 alienis
3503 5369 3517 5392 ,
3545 5325 3630 5397 qui
3664 5329 3830 5392 ρεαδ·

2283 5433 2393 5478 tum
2436 5420 2736 5477 Maximiani
2767 5437 2874 5477 non
2919 5422 3092 5476 solum
3127 5422 3402 5485 scierunt,
3449 5417 3543 5474 scd
3582 5424 3634 5471 et
3670 5416 3829 5466 centra

2279 5514 2603 5572 Primianum
2654 5511 2881 5569 levando
2905 5511 2927 5544 ³
2974 5519 3261 5568 erexerunt
3301 5528 3317 5566 :
3365 5517 3423 5567 et
3467 5499 3831 5566 communicant

2344 5629 2362 5661 ι
2386 5634 2515 5689 Lov.,
2534 5625 2621 5676 sed
2643 5625 2800 5689 majus
2818 5621 3106 5689 supplicium
3123 5620 3367 5689 superbis.

2343 5692 2365 5723 ³
2397 5696 2449 5738 ιιι
2620 5683 2785 5750 conira
2798 5683 2977 5747 (ξι-ἑὼ..
3000 5683 3193 5750 fenoris.

2346 5751 2368 5785 ⁸
2398 5757 2533 5815 ιον..
2556 5747 2749 5806 tuendo.
