4122 6350
296 347 396 402 “3

298 464 527 536 peccatis
560 461 780 527 alienis,
813 461 904 534 qui
935 460 1273 518 Caecilianum
1303 456 1609 527 episcopum
1639 456 1833 510 factum
1854 494 1869 517 ,

296 567 386 613 aut
408 556 463 612 in
495 553 794 625 longinquis
821 552 1067 623 gentibus
1103 549 1423 614 nescierunt,
1458 556 1548 600 ant
1576 546 1631 600 in
1658 546 1873 614 propin-

294 647 571 716 quioribus
596 643 960 699 tantummodo
993 640 1308 705 audierunt,
1337 648 1426 693 aut
1461 636 1514 693 in
1554 640 1665 707 ipsa
1695 635 1870 690 Africa

294 738 489 799 factum
516 735 856 804 simpliciter,
895 740 952 788 et
993 731 1209 802 paciﬁca
1251 738 1648 799 cognoverunt,
1695 737 1784 780 aut
1820 727 1871 779 in

294 830 404 898 ipsa
427 826 748 897 Carthagine
767 836 947 880 contra
969 824 1235 879 neminem
1258 822 1593 876 levaverunt!
1624 819 1732 874 Nec
1751 835 1870 875 cum

294 918 408 974 fure
431 918 858 980 concurrebant,
885 915 973 985 qui
999 913 1460 969 communicabant
1481 911 1529 965 ei
1557 910 1624 966 de
1656 926 1761 980 quo
1789 910 1871 963 di-

292 1012 363 1066 cit
389 1009 729 1065 Nummasius
756 1007 1041 1062 advocatus
1060 1047 1076 1073 ,
1106 1005 1326 1075 loquens
1350 1019 1448 1074 pro
1477 1013 1738 1073 prmsente
1764 1002 1871 1056 lle-

290 1103 478 1159 stituto
510 1103 762 1171 episcopo
788 1109 996 1165 vestro,
1037 1098 1178 1168 quod
1217 1113 1305 1165 per
1344 1097 1592 1150 occultum
1624 1095 1872 1165 sacrilegii

294 1195 657 1265 propemodum
677 1194 888 1262 furtum,
905 1190 1203 1262 episcopth
1229 1188 1445 1243 nominis
1473 1188 1707 1241 invaserit
1732 1187 1871 1256 prin-

292 1285 553 1351 cipatum;
576 1298 674 1338 nec
692 1297 813 1337 cum
832 1282 1070 1336 adultero
1090 1280 1386 1350 portionem
1408 1292 1556 1332 suam
1583 1277 1866 1346 ponebant,

292 1375 377 1443 qui
423 1374 887 1429 communicabant
930 1371 1164 1427 veritatis
1204 1369 1477 1433 adultero;
1524 1384 1622 1424 nec
1662 1366 1870 1422 modico

292 1464 554 1519 fermento
593 1471 700 1518 tota
729 1478 913 1518 eorum
948 1476 1125 1516 massa
1150 1459 1588 1528 corrumpebatur
1609 1499 1626 1525 ,
1656 1472 1775 1511 cum
1818 1455 1869 1511 ei

292 1553 552 1617 faverent,
580 1568 703 1608 cum
729 1554 779 1608 in
808 1551 924 1622 ejus
952 1561 1120 1621 parte,
1153 1567 1257 1605 non
1283 1550 1432 1620 quasi
1474 1549 1799 1612 nescientes,
1838 1562 1869 1600 a

291 1645 441 1698 vobis
482 1644 710 1713 pnrcisi,
739 1651 1094 1704 remanerent.
1122 1641 1215 1697 sed
1238 1657 1268 1695 a
1296 1641 1445 1694 vobis
1464 1650 1645 1693 contra
1686 1637 1872 1708 praeci-

289 1737 516 1792 dendam
547 1735 955 1805 erigendamque
982 1742 1261 1799 curarent;
1287 1732 1480 1788 deinde
1509 1745 1602 1785 vos
1631 1729 1750 1800 ipsi,
1777 1729 1868 1799 qui

289 1842 382 1881 cos
404 1828 471 1880 ad
503 1826 827 1883 redeundum
854 1826 932 1881 sic
966 1824 1257 1889 invitastis,
1288 1832 1346 1877 ut
1380 1822 1695 1878 Maximiano
1725 1829 1868 1875 tanta

288 1918 543 1974 societate
584 1918 895 1986 conjunetos
915 1958 933 1983 ,
974 1916 1274 1987 impollutos
1298 1929 1328 1968 a
1356 1913 1616 1983 sacrilegii
1655 1912 1868 1967 surculo

288 2010 537 2064 diceretis
559 2050 575 2073 ,
615 2008 755 2079 quod
793 2008 1172 2063 Prtetextatum
1214 2020 1424 2077 quoque
1451 2012 1506 2059 et
1544 2004 1867 2058 Feliciannm

285 2100 448 2155 salvis
473 2113 659 2155 eorum
690 2098 979 2154 honoribus
1007 2097 1333 2166 suscepistis,
1362 2094 1501 2165 quod
1523 2109 1644 2149 cum
1671 2095 1748 2148 eis
1774 2109 1868 2163 pa-

284 2188 437 2245 ciﬁce
473 2189 811 2244 concordetis
842 2188 1016 2261 (quod
1058 2187 1319 2257 hodieque
1343 2186 1663 2242 Felicianum
1690 2186 1869 2239 vobis-

282 2294 406 2333 cum
447 2279 827 2334 consedentem
873 2276 1097 2351 videtis)
1141 2278 1283 2332 nulla
1326 2277 1699 2332 communione
1748 2291 1870 2345 pec-

283 2380 526 2426 catorum
552 2370 847 2425 alienorum
891 2371 1158 2434 maculati,
1186 2369 1330 2424 nullo
1360 2376 1602 2423 contactu
1637 2368 1866 2421 immun-

283 2460 429 2515 ditia:
455 2460 809 2529 coinquinati.
846 2461 1040 2515 nullius
1079 2461 1207 2515 estis
1244 2459 1581 2530 malignitatis
1608 2458 1869 2514 fermento

283 2552 524 2619 corrupti
552 2569 565 2604 :
592 2562 647 2605 et
670 2551 784 2604 orbi
811 2550 1098 2605 christiano
1138 2566 1230 2619 per
1252 2550 1370 2604 haec
1402 2548 1702 2605 testimonia
1736 2548 1868 2604 alie-

285 2655 413 2694 num
452 2640 655 2694 crimen
685 2639 931 2710 obiicitur
950 2680 966 2705 ,
996 2639 1212 2694 unitatis
1248 2638 1439 2693 divisio
1470 2654 1501 2693 a
1538 2640 1870 2708 separatione

286 2730 497 2786 funesta
526 2731 844 2795 defenditur,
870 2746 901 2785 a
922 2732 1143 2801 prmciso
1171 2746 1343 2797 ramo,
1370 2740 1617 2801 tanquam
1641 2731 1869 2785 immun-

288 2825 391 2877 dus
419 2837 620 2887 ramus,
647 2822 736 2892 qui
766 2822 818 2877 in
847 2837 985 2877 verae
1007 2822 1191 2878 matris
1212 2822 1389 2877 radice
1415 2821 1689 2888 manserit,
1713 2836 1869 2876 accu-

289 2913 479 2966 satur!

355 3004 584 3061 CAPUT
622 3005 683 3059 γ.
711 3035 786 3048 -
811 3006 894 3060 Η.
930 3004 1067 3074 Quid
1098 3004 1259 3071 illud,
1293 3004 1434 3073 quod
1463 3004 1643 3059 soletis
1670 3002 1739 3059 de
1779 3018 1869 3057 su-

285 3097 539 3151 stentatis
583 3097 1038 3167 persecutionibns
1082 3096 1341 3166 gloriari?
1370 3094 1426 3152 Si
1457 3106 1720 3165 martyres
1760 3110 1868 3149 non

286 3189 408 3243 facit
436 3205 618 3255 causa,
650 3188 744 3245 sed
785 3204 939 3259 paena
959 3204 974 3254 ;
998 3205 1118 3245 cum
1149 3189 1433 3252 diceretur,
1465 3186 1609 3241 Beati
1641 3187 1725 3257 qui
1755 3203 1869 3255 per-

285 3283 590 3336 secutionem
618 3284 898 3352 patiuntur,
931 3282 1121 3335 frustra
1149 3290 1234 3336 est
1272 3279 1531 3341 additum,
1561 3278 1868 3350 prapterju-

284 3374 476 3429 uitium
502 3374 716 3443 (Matth.
746 3388 803 3439 v,
838 3374 951 3443 l0).
989 3372 1177 3427 Nonne
1217 3388 1311 3425 vos
1338 3371 1497 3425 etiam
1537 3370 1589 3424 in
1617 3368 1772 3438 hujus
1797 3369 1865 3423 ti~

292 3466 390 3519 tuli
415 3467 582 3536 gloria
610 3466 1003 3521 Maximianistte
1033 3465 1280 3519 facillime
1306 3464 1545 3528 vincunt,
1574 3464 1662 3533 qui
1690 3478 1868 3533 perse-

288 3557 554 3611 cutionem
579 3572 684 3610 non
716 3557 884 3611 solum
909 3564 1089 3624 postea
1113 3555 1408 3618 vobiscum,
1440 3553 1534 3608 sed
1579 3554 1722 3622 prius
1757 3563 1813 3609 et
1836 3570 1865 3607 a

288 3648 441 3701 vobis
476 3647 838 3717 pertulerunt?
868 3646 1118 3700 Advocati
1145 3645 1447 3700 accusantis
1471 3643 1864 3706 Maximianum,

287 3747 469 3790 vestro
490 3737 690 3805 collega
721 3745 986 3806 praesente
1019 3736 1299 3796 Restituto,
1331 3734 1505 3802 quiin
1532 3734 1706 3789 locum
1746 3732 1865 3787 Sal-

287 3828 359 3880 vii
386 3828 404 3861 ⁸
436 3828 855 3881 Membressitani
881 3867 897 3891 ,
928 3842 1050 3881 cum
1080 3826 1289 3880 cmteris
1333 3825 1438 3879 illis
1474 3823 1721 3881 undecim
1752 3825 1867 3878 sine

288 3919 547 3974 dilatione
562 3920 818 3986 damnati,
845 3928 1124 3989 antequam
1149 3918 1259 3985 ipse
1279 3917 1393 3972 dies
1417 3916 1684 3971 dilationis
1703 3925 1869 3969 trans-

288 4012 391 4065 iret
410 4052 426 4072 ,
446 4010 554 4079 jam
580 4009 749 4065 fuerat
777 4009 1072 4075 ordinatus,
1109 4009 1267 4065 verba
1291 4016 1409 4062 sunt
1440 4022 1556 4079 qua:
1580 4007 1688 4075 jam
1714 4006 1867 4074 paulo

291 4109 421 4153 ante
446 4100 882 4157 commemoravi.
911 4099 1153 4154 Titianus
1178 4098 1335 4153 etiam
1355 4096 1445 4152 die
1466 4098 1581 4166 ipso
1601 4096 1867 4151 dilationis

287 4200 588 4255 transacto,
634 4191 957 4246 Felicianum
988 4198 1043 4244 et
1086 4190 1461 4243 Prmtextatum
1506 4186 1572 4241 de
1602 4195 1709 4240 tota
1752 4185 1864 4255 ipsa

286 4292 478 4337 contra
522 4283 842 4337 Primianutn
888 4280 1283 4349 conSpiratione
1323 4279 1501 4334 verbis
1541 4279 1867 4348 gravissimis

285 4376 575 4431 accusavit.
609 4375 904 4429 Concilium
930 4374 1089 4428 etiam
1116 4371 1414 4442 Vagaiense
1450 4386 1553 4425 non
1575 4369 1738 4424 semel
1764 4368 1867 4425 Ge-

285 4468 386 4520 stis
413 4466 899 4535 proconsularibus,
929 4481 990 4520 ac
1019 4464 1215 4519 deinde
1242 4462 1647 4532 municipalibus
1674 4462 1869 4530 allega-

282 4565 398 4615 tum
424 4566 525 4622 est,
554 4556 777 4612 excitata
801 4554 1016 4627 judicia,
1045 4556 1334 4624 impetratae
1360 4554 1729 4611 minacissimae
1753 4554 1877 4625 jus:

284 4647 492 4712 siones,
518 4648 833 4716 postulatum
858 4655 1016 4715 atque
1033 4653 1352 4714 prmceptum
1379 4653 1479 4709 est,
1502 4642 1567 4697 ad
1593 4643 1868 4700 coercitio-

284 4752 409 4789 nem
440 4737 747 4791 resistentes
771 4735 1203 4806 perducerentur,
1228 4734 1550 4803 impertitum
1565 4735 1586 4765 ³
1606 4734 1863 4798 officium,

281 4841 541 4880 concessa
585 4827 778 4880 auxilia
815 4825 1118 4891 civitatum,
1150 4841 1244 4894 per
1271 4841 1387 4894 qua:
1417 4824 1468 4881 id
1497 4824 1637 4896 quod
1662 4824 1867 4894 judica-

281 4924 398 4969 tmn
422 4928 519 4977 est.
551 4917 877 4986 impleretur.
908 4916 1043 4983 Quid
1073 4930 1200 4986 ergo
1221 4916 1495 4973 nobiscum
1523 4916 1590 4970 de
1612 4918 1864 4984 imperata

282 5006 654 5075 persecutione
696 5004 996 5077 conﬂigitis,
1024 5007 1112 5076 qui
1145 5005 1410 5061 vobiscum
1441 5006 1538 5060 ista
1575 5022 1678 5059 non
1714 5020 1865 5076 sequo

279 5098 405 5167 jure
423 5097 728 5153 divisimus?
753 5099 882 5153 Cum
906 5098 1044 5152 enim
1068 5113 1172 5153 non
1194 5113 1409 5166 semper
1430 5098 1516 5167 qui
1542 5100 1867 5166 persecutio-

282 5203 411 5241 nem
440 5190 680 5251 sustinet,
714 5189 986 5257 perveniat
1011 5186 1079 5242 ad
1123 5187 1450 5256 passionem;
1490 5186 1567 5241 sic
1606 5186 1742 5240 inter
1770 5203 1866 5243 nos

279 5279 704 5341 composuerunt
719 5272 899 5328 clerici
918 5280 973 5327 et
994 5268 1459 5325 Circumcelliones
1478 5271 1661 5335 vestri,
1687 5281 1744 5325 ut
1769 5288 1865 5326 vos

281 5365 733 5434 persecutionem,
765 5380 862 5419 nos
889 5364 1187 5434 passionem
1220 5363 1623 5418 sustineremus.
1653 5363 1777 5429 Sed,
1809 5373 1866 5419 ut

276 5453 420 5518 dixi,
443 5468 561 5509 cum
582 5454 978 5510 Maximianistis
995 5452 1062 5508 de
1084 5454 1181 5507 ista
1206 5451 1361 5507 laude
1378 5461 1599 5517 certate,
1627 5453 1714 5522 qui
1736 5469 1866 5508 con-

277 5553 367 5602 tra
382 5559 481 5601 vos
492 5545 717 5602 rec'mm
733 5543 895 5601 Gesta
919 5542 1170 5612 forensia,
1192 5542 1280 5598 ubi
1299 5543 1716 5616 eosperjudiees
1738 5559 1861 5615 per-

347 5679 368 5751 ξ
399 5683 533 5751 tam,
841 5671 1155 5729 libﬁcontra
1172 5683 1352 5740 acac,
1372 5688 1418 5726 c.
1438 5676 1516 5728 55.

345 5742 368 5775 ι
400 5742 838 5807 laudaverim».

1494 340 1815 398 EPISTULA
1826 339 1967 396 RUM
2007 340 2280 397 CLASSIS
2314 340 2378 397 Il.

3448 358 3555 417 ιιι

1979 454 2339 510 sccutionibus
2362 456 2627 526 agitastiss
2652 458 2745 518 sed
2774 460 2927 529 plane
2953 476 3074 517 cum
3108 462 3417 533 quibusdam
3457 485 3551 524 eo-

1980 557 2095 595 rum
2145 545 2231 597 tali
2279 547 2599 602 coercitione
2641 552 2893 604 correctis
2935 562 3117 620 postea
3158 556 3551 622 concordastis;

1981 634 2121 690 unde
2149 650 2248 691 nec
2285 646 2460 691 nostra
2490 650 2571 694 est
2610 640 2937 710 deSperanda
2979 644 3281 709 collem-dia,
3326 645 3372 701 si
3418 648 3555 703 Deus

1978 725 2247 796 adjuvare,
2279 738 2330 781 et
2356 730 2501 788 vobis
2523 733 2792 801 pacificam
2821 744 3049 788 mentem
3088 734 3347 806 inspirare
3370 739 3557 809 digne«

1981 825 2084 871 tur.
2113 818 2243 873 Nam
2270 832 2323 875 et
2348 822 2493 887 illud,
2521 823 2658 892 quod
2689 834 2870 879 contra
2898 841 2996 883 nos
3019 841 3050 880 a
3070 838 3244 883 vestra
3272 841 3425 899 parte
3445 849 3556 886 ma-

1978 910 2060 980 gis
2082 926 2174 965 ore
2198 913 2458 968 maledico
2483 931 2638 983 quam
2672 916 2901 971 veridico
2924 919 3060 973 solet
3085 919 3209 987 dici,
3242 920 3446 976 Veloces
3470 940 3556 991 pe-

1978 1001 2065 1055 des
2094 1018 2265 1055 eorum
2304 1003 2372 1056 ad
2400 1003 2755 1070 effundendum
2782 1010 3080 1079 sanguinem
3106 1011 3279 1080 (Psal.
3324 1029 3439 1079 xttt,
3472 1014 3549 1084 5),

1979 1106 2074 1144 nos
2104 1093 2274 1160 potius
2309 1093 2407 1147 ista
2439 1094 2490 1147 in
2518 1096 2674 1151 tantis
2706 1094 2996 1153 latrociniis
3032 1099 3550 1167 Circumcellionum,

1976 1183 2394 1253 clericorumque
2417 1196 2710 1240 vestrorum
2735 1190 2939 1257 experti
2973 1207 3175 1257 sumus,
3202 1195 3289 1263 qui
3316 1198 3547 1265 corpori-

1978 1272 2076 1325 bus
2101 1274 2341 1327 humanis
2367 1274 2511 1329 czcde
2536 1278 2866 1333 atrocissima
2911 1280 3137 1345 laniatis,
3185 1292 3261 1337 tot
3296 1284 3411 1339 loca
3451 1302 3552 1338 no-

1977 1372 2204 1415 strorum
2232 1362 2484 1432 sanguine
2500 1376 2873 1423 cruentarum:
2895 1384 3116 1439 quorum
3138 1371 3319 1439 duces,
3341 1375 3552 1443 quando

1979 1460 2028 1504 te
2066 1452 2397 1521 ingrediente
2426 1455 2477 1508 in
2519 1456 2655 1511 hanc
2683 1459 2924 1526 patriam,
2951 1476 3070 1515 cum
3109 1463 3218 1517 suis
3246 1466 3428 1519 cuneis
3458 1465 3551 1520 de-

1974 1540 2258 1608 duxerunt,
2276 1545 2382 1599 Deo
2400 1546 2582 1601 laudes
2604 1549 2742 1603 inter
2755 1550 2955 1604 cantica
2972 1552 3383 1616 conclamantes,
3400 1556 3551 1624 quasi

1974 1647 2156 1701 voces,
2184 1635 2328 1689 velut
2357 1636 2477 1691 tuba
2510 1639 2810 1707 puellarum
2841 1640 2893 1694 in
2919 1642 3031 1696 suis
3070 1644 3314 1701 omnibus
3340 1645 3550 1700 latroci-

1974 1726 2077 1782 niis
2107 1726 2418 1783 habuerunt.
2462 1731 2582 1785 Alio
2627 1741 2797 1786 tatnen
2827 1731 2914 1787 die
2942 1735 3179 1788 concussi
3209 1751 3271 1790 ac
3298 1737 3548 1792 stimulati

1973 1820 2172 1875 aculeis
2192 1822 2470 1877 verborum
2499 1831 2729 1888 tuorum,
2757 1838 2875 1892 qum
2896 1823 2946 1877 in
2968 1839 3061 1878 eos
3081 1840 3177 1893 per
3196 1827 3443 1895 puuicmu
3468 1828 3555 1882 in-

1975 1918 2259 1979 terpretem
2290 1912 2509 1966 honesta
2546 1922 2600 1967 et
2642 1914 2866 1983 ingenua
2905 1914 3165 1971 libertatis
3195 1917 3552 1987 indignatione

1968 1999 2228 2069 jaeulatus
2246 2016 2327 2067 es,
2350 2000 2504 2057 factis
2540 2018 2724 2057 eorum
2760 2004 2996 2059 irritatus
3022 2005 3196 2073 potius
3219 2023 3377 2075 quam
3405 2008 3554 2063 dele-

1972 2100 2143 2145 ctatus
2173 2092 2461 2161 obsequiis,
2493 2108 2550 2148 se
2584 2093 2651 2148 de
2678 2094 2849 2148 media
2875 2098 3300 2167 congregatione,
3323 2100 3457 2153 sicut
3483 2099 3552 2153 ab

1971 2184 2052 2236 eis
2079 2184 2165 2251 qui
2190 2184 2411 2238 aderant
2435 2187 2773 2241 narrantibus
2792 2186 2974 2241 audire
3000 2189 3281 2257 potuimus,
3306 2188 3551 2244 furibun-

1972 2270 2056 2325 dis
2077 2274 2307 2328 motibus
2332 2285 2638 2344 rapuerunt,
2663 2291 2764 2331 nec
2803 2284 2923 2346 post
2949 2292 3133 2332 eorum
3157 2278 3318 2348 pedes
3344 2281 3553 2337 veloces

1971 2364 2038 2417 ad
2066 2364 2440 2421 effundendum
2470 2369 2803 2438 sanguinem,
2833 2368 2939 2423 ulla
2964 2383 3101 2439 aqua
3122 2370 3419 2438 pavimenta
3448 2372 3555 2425 sal-

1972 2454 2181 2511 savistis
2214 2456 2289 2530 (a)
2309 2474 2323 2487 ο
2349 2457 2488 2527 quod
2520 2466 2641 2529 post
2682 2467 2895 2515 nostros
2921 2459 3099 2515 clerici
3136 2460 3207 2515 tui
3237 2470 3554 2531 putaverunt

1972 2563 2093 2603 esse
2120 2548 2440 2605 faciendum.

2046 2639 2133 2693 l5.
2172 2638 2297 2705 Sed,
2320 2650 2377 2695 ut
2401 2642 2579 2695 dicere
2609 2655 2899 2710 coeperam,
2930 2640 3032 2696 hoc
3060 2640 3126 2695 de
3151 2640 3438 2711 Scripturis
3471 2652 3553 2697 tea

1972 2731 2301 2795 alimonium,
2354 2733 2496 2803 quod
2540 2733 2592 2787 in
2645 2747 2744 2787 nos
2780 2732 2965 2787 soletis
3012 2733 3180 2802 magis
3209 2732 3555 2788 conviciando

1972 2840 2129 2894 quam
2158 2824 2433 2893 probando
2448 2824 2673 2895 jactare,
2707 2823 2909 2879 Veloces
2936 2823 3083 2893 pedes
3101 2841 3274 2878 eorum
3298 2824 3367 2877 ad
3389 2823 3556 2891 εΙῙωιο

1973 2915 2195 2969 demtum
2218 2915 2531 2986 sanguinem,
2560 2915 2718 2969 etiam
2764 2915 2815 2968 in
2841 2916 2857 2947 ⁸
2879 2914 3203 2968 Felicianum
3242 2922 3298 2969 et
3323 2915 3555 2969 Praetex.

1974 3012 2137 3059 tatum
2166 3006 2363 3075 impetu
2400 3006 2723 3069 vehementi,
2764 3005 3107 3076 grandiloqua
3155 3005 3244 3060 illa
3290 3006 3555 3066 sententia

1971 3097 2180 3152 concilii
2203 3097 2509 3167 Vagaiensis
2532 3097 2785 3152 evomuit.
2813 3096 2944 3150 Nam
2971 3111 3091 3150 cum
3118 3095 3185 3151 de
3212 3095 3551 3163 Maximiano,

1972 3203 2092 3258 quae
2113 3189 2221 3242 visa
2244 3196 2367 3242 sunt
2390 3187 2633 3251 dicenda,
2660 3187 2950 3242 dixissent:
2984 3185 3093 3240 Nec
3114 3185 3281 3242 solum
3305 3186 3456 3253 hunc,
3480 3187 3553 3240 in-

1971 3282 2179 3352 quiunt,
2208 3281 2408 3336 sceleris
2433 3280 2513 3335 sui
2540 3296 2675 3333 mors
2692 3280 2836 3349 justo
2864 3277 3195 3344 condemnat;
3231 3278 3384 3331 trahit
3412 3287 3456 3330 et
3484 3278 3555 3331 ad

1970 3374 2278 3427 consortium
2293 3372 2515 3425 criminis
2545 3370 2789 3441 plurimos
2803 3379 2979 3423 catena
3004 3368 3272 3439 sacrilegii,
3293 3367 3357 3421 de
3374 3368 3555 3438 quibus

1970 3466 2211 3533 scriptum
2224 3474 2294 3517 est
2311 3484 2327 3517 :
2336 3483 2355 3516 ι
2375 3462 2630 3517 Venenum
2642 3461 2871 3533 aspidum
2885 3460 2974 3515 sub
2986 3459 3130 3514 labiis
3143 3476 3554 3530 eorum,quorum

1972 3571 2029 3610 os
2046 3554 2391 3609 maledictione
2411 3563 2455 3609 et
2483 3553 2820 3607 amaritudine
2843 3552 3047 3622 plenum
3061 3559 3155 3605 est.
3187 3550 3386 3604 Veloces
3404 3551 3555 3619 pedes

1971 3664 2142 3704 eorum
2166 3648 2233 3702 ad
2260 3646 2619 3714 effundendum
2644 3647 2938 3716 sanguinem
2962 3641 3131 3714 (Psal.
3156 3656 3272 3705 xm,
3293 3643 3372 3712 5),
3400 3661 3418 3693 ι
3445 3650 3552 3703 etc,

1970 3741 2174 3812 Quibus
2199 3740 2375 3802 dictis,
2407 3749 2461 3793 ιιι
2488 3737 2681 3797 deinde
2707 3737 3055 3795 ostenderent
3078 3736 3167 3806 qui
3192 3745 3392 3799 essent,
3419 3750 3554 3805 quos

1974 3830 2209 3886 traheret
2228 3831 2292 3884 ad
2312 3830 2637 3885 consortiqu
2658 3829 2897 3883 criminis
2916 3836 3104 3883 catena
3133 3826 3415 3895 sacrilegii,
3433 3840 3555 3882 (ξομ

1970 3936 2075 3991 que
2091 3936 2210 3976 cum
2230 3919 2545 3975 Maximiano
2570 3919 2729 3973 simili
2758 3920 3041 3974 severitate
3077 3917 3421 3974 damnarent:
3443 3916 3553 3970 Fa-

1971 4012 2101 4067 πιοδὶ
2122 4028 2263 4080 ergo,
2287 4011 2549 4080 inquiunt,
2582 4010 2806 4064 criminis
2837 4026 2949 4064 reos
2992 4007 3332 4067 Victorianum
3359 4007 3552 4063 Carca-

1970 4102 2275 4168 vianensem,
2317 4101 2383 4155 ad
2427 4117 2582 4171 quem
2611 4100 2903 4171 adjungunt
2939 4100 3073 4153 alios
3112 4099 3381 4164 undecim,
3414 4099 3555 4156 inter

1969 4209 2103 4264 quos'
2131 4193 2451 4250 Felicianum
2482 4191 2840 4257 Mustitanum,
2882 4200 2937 4248 et
2978 4192 3351 4248 Prmtextatum
3380 4193 3552 4249 Assu.

1971 4287 2219 4341 ritanum.
2249 4287 2375 4340 Post
2403 4286 2514 4340 haec
2541 4286 2591 4338 in
2613 4300 2705 4339 eos
2731 4284 2894 4349 dicta,
2914 4284 3047 4340 facta
3063 4293 3145 4343 est
3157 4299 3277 4339 cum
3303 4284 3383 4339 eis
3408 4293 3549 4346 tanta

1970 4377 2277 4443 concordia,
2300 4387 2355 4431 ut
2377 4377 2506 4431 nihil
2531 4392 2715 4432 eorum
2747 4377 3074 4436 minueretur
3094 4376 3415 4439 honoribus;
3436 4378 3553 4431 nul?

1972 4467 2058 4525 lus
2081 4470 2147 4521 ab
2175 4469 2254 4523 eis
2281 4468 2512 4534 ablutus,
2543 4475 2659 4537 post
2687 4467 3013 4521 abluentium
3046 4466 3205 4536 pedes
3233 4466 3442 4524 veloces
3483 4466 3554 4530 ad

1971 4558 2345 4618 effundendum
2367 4560 2696 4629 sanguinem,
2737 4574 2921 4613 rursus
2955 4557 3251 4617 abluendus
3281 4557 3550 4625 judicare-

1971 4658 2056 4706 tur
2071 4653 2109 4705 ².
2140 4650 2245 4706 Cur
2268 4666 2395 4721 ergo
2417 4651 2484 4705 de
2505 4658 2681 4707 nostra
2702 4649 2983 4705 concordia
3010 4648 3399 4717 desperandum
3429 4648 3555 4703 est?

1973 4742 2112 4799 Deus
2131 4741 2326 4798 diaboli
2356 4742 2607 4796 averterit
2646 4740 2915 4801 invidiam,
2958 4749 3003 4793 et
3033 4755 3136 4811 pax.
3173 4738 3359 4793 Christi
3387 4739 3552 4802 uincat

1970 4833 2024 4888 in
2050 4834 2280 4888 cordibus
2305 4832 2519 4889 nostris:
2548 4846 2630 4895 ac,
2652 4831 2788 4885 sicut
2809 4830 2948 4885 idem
2978 4829 3267 4899 Apostolus
3287 4830 3435 4895 dicit,
3453 4828 3551 4884 d0-

1971 4939 2158 4980 nemus
2184 4923 2596 4992 nobismetipsis,
2635 4921 2679 4977 si
2706 4921 2825 4990 quis
2851 4920 3106 4976 adversus
3132 4923 3359 4992 aliquem
3394 4922 3551 4983 habet

1971 5016 2261 5087 querelam,
2278 5014 2415 5069 sicut
2432 5024 2485 5067 et
2503 5014 2641 5067 Deus
2658 5013 2710 5066 in
2722 5011 2932 5067 Christo
2947 5013 3168 5069 donavit
3182 5014 3335 5072 nobis
3355 5012 3548 5085 (Calas,

1970 5122 2049 5171 ut,
2067 5104 2281 5174 15,15),
2300 5114 2377 5171 ιιι,
2394 5105 2532 5175 quod
2547 5105 2654 5174 jam
2672 5104 2778 5158 dixi
2796 5113 2849 5156 et
2863 5118 3003 5174 saepe
3017 5104 3295 5161 dicendum
3312 5112 3412 5166 est,
3431 5105 3552 5165 chae

1970 5199 2100 5252 ritas
2113 5197 2380 5266 coapcriat
2399 5196 2787 5253 multitudinem
2804 5205 3143 5267 peccatorum
3167 5194 3208 5268 (l
3231 5194 3345 5248 Pet.
3367 5210 3447 5263 Iv,
3468 5196 3549 5264 8),,

2034 5309 2051 5340 ι
2079 5313 2195 5356 {.ov.
2214 5306 2391 5359 omittit
2410 5302 2477 5354 in.

2032 5372 2053 5431 ξ
2086 5375 2213 5429 Lov.,
2226 5365 2491 5431 judicaret.

2030 5429 2104 5493 (a)
2274 5428 2373 5493 loga
2393 5436 2445 5477 et
2462 5434 2798 5493 lustrumenta,
2815 5428 2856 5475 si
2875 5439 2985 5490 qua:
3001 5423 3221 5476 catholici
3234 5428 3546 5493 attigissent,

1970 5486 2427 5563 eluendaputabant
2442 5492 2723 5563 ξ
2742 5486 2967 5563 adeoque
2996 5501 3171 5563 eorum
3202 5486 3371 5563 altaria

1967 5552 2101 5613 bant,
2118 5549 2295 5615 (mices
2310 5549 2778 5615 frangebant,pallas
2795 5549 3031 5615 lavabant,
3053 5552 3292 5612 virginum

1967 5606 2130 5677 crines
2144 5613 2268 5677 sala
2284 5606 2805 5677 aqtta‘perfundeIant,
2824 5614 2891 5677 uti
2913 5606 3118 5677 testatur
3128 5606 3344 5677 '0ptatus
3378 5612 3427 5677 in
3459 5606 3546 5658 lib.

1966 5675 2016 5732 6,
2030 5675 2121 5735 ubi
2155 5675 2261 5723 haec
2294 5671 2562 5725 inter'alia:
2590 5681 2672 5722 «In
2708 5673 2891 5732 multis,
2910 5674 2995 5731 ait,
3016 5672 3134 5723 locis
3150 5671 3366 5735 parietes
3377 5671 3550 5721 lavare

1967 5733 2203 5796 voluistis,
2225 5743 2277 5785 et
2293 5736 2472 5793 inclusa
2489 5737 2642 5798 spatia
2659 5736 2783 5785 salsa
2801 5748 2924 5798 aqua
2941 5736 3102 5801 spargi
3126 5733 3441 5803 praecepistis.
3456 5749 3479 5783 ι
