  <div class='ocr_page' id='page_1' title='image "/cluster/home/n/w/nwhite01/storage/ocr_20150623/33/hvd.32044015471451/214.png"; bbox 0 0 4122 6350; ppageno 0'>
   <div class='ocr_carea' id='block_1_1' title="bbox 246 376 348 431">
    <p class='ocr_par' dir='ltr' id='par_1_1' title="bbox 246 376 348 431">
     <span class='ocr_line' id='line_1_1' title="bbox 246 376 348 431; baseline -0.029 0"><span class='ocrx_word' id='word_1_1' title='bbox 246 376 348 431; x_wconf 60' lang='lat' dir='ltr'><strong>HJ</strong></span> 
     </span>
    </p>
   </div>
   <div class='ocr_carea' id='block_1_2' title="bbox 247 487 1838 558">
    <p class='ocr_par' dir='ltr' id='par_1_2' title="bbox 247 487 1838 558">
     <span class='ocr_line' id='line_1_2' title="bbox 247 487 1838 558; baseline -0.002 -12"><span class='ocrx_word' id='word_1_2' title='bbox 247 491 608 547; x_wconf 76' lang='lat' dir='ltr'><strong>subdiaconus</strong></span> <span class='ocrx_word' id='word_1_3' title='bbox 637 487 1022 551; x_wconf 74' lang='lat' dir='ltr'><strong>Rusticianus‘,</strong></span> <span class='ocrx_word' id='word_1_4' title='bbox 1042 489 1191 558; x_wconf 82' lang='lat' dir='ltr'><strong>cujus</strong></span> <span class='ocrx_word' id='word_1_5' title='bbox 1212 504 1370 544; x_wconf 76' lang='lat' dir='ltr'><strong>causa</strong></span> <span class='ocrx_word' id='word_1_6' title='bbox 1404 489 1517 544; x_wconf 67' lang='lat' dir='ltr'><strong>haec</strong></span> <span class='ocrx_word' id='word_1_7' title='bbox 1547 491 1612 545; x_wconf 91' lang='lat' dir='ltr'><strong>ad</strong></span> <span class='ocrx_word' id='word_1_8' title='bbox 1641 501 1689 545; x_wconf 89' lang='lat' dir='ltr'><strong>te</strong></span> <span class='ocrx_word' id='word_1_9' title='bbox 1706 495 1838 545; x_wconf 83' lang='lat' dir='ltr'><strong>scri-</strong></span> 
     </span>
    </p>
   </div>
   <div class='ocr_carea' id='block_1_3' title="bbox 247 584 1837 652">
    <p class='ocr_par' dir='ltr' id='par_1_3' title="bbox 247 584 1837 652">
     <span class='ocr_line' id='line_1_3' title="bbox 247 584 1837 652; baseline -0.001 -15"><span class='ocrx_word' id='word_1_10' title='bbox 247 584 378 638; x_wconf 87' lang='lat' dir='ltr'><strong>bere</strong></span> <span class='ocrx_word' id='word_1_11' title='bbox 405 599 598 650; x_wconf 83' lang='lat' dir='ltr'><strong>magno</strong></span> <span class='ocrx_word' id='word_1_12' title='bbox 619 599 736 638; x_wconf 89' lang='lat' dir='ltr'><strong>sum</strong></span> <span class='ocrx_word' id='word_1_13' title='bbox 765 584 948 638; x_wconf 89' lang='lat' dir='ltr'><strong>dolore</strong></span> <span class='ocrx_word' id='word_1_14' title='bbox 973 598 1036 636; x_wconf 90' lang='lat' dir='ltr'><strong>ac</strong></span> <span class='ocrx_word' id='word_1_15' title='bbox 1064 585 1252 638; x_wconf 90' lang='lat' dir='ltr'><strong>timore</strong></span> <span class='ocrx_word' id='word_1_16' title='bbox 1274 584 1600 651; x_wconf 87' lang='lat' dir='ltr'><strong>compulsus,</strong></span> <span class='ocrx_word' id='word_1_17' title='bbox 1623 594 1837 652; x_wconf 80' lang='lat' dir='ltr'><strong>propter</strong></span> 
     </span>
    </p>
   </div>
   <div class='ocr_carea' id='block_1_4' title="bbox 244 674 1837 746">
    <p class='ocr_par' dir='ltr' id='par_1_4' title="bbox 244 674 1837 746">
     <span class='ocr_line' id='line_1_4' title="bbox 244 674 1837 746; baseline -0.001 -15"><span class='ocrx_word' id='word_1_18' title='bbox 244 675 508 745; x_wconf 68' lang='lat' dir='ltr'><strong>mprobos</strong></span> <span class='ocrx_word' id='word_1_19' title='bbox 533 686 587 730; x_wconf 88' lang='lat' dir='ltr'><strong>et</strong></span> <span class='ocrx_word' id='word_1_20' title='bbox 614 692 894 746; x_wconf 88' lang='lat' dir='ltr'><strong>perversos</strong></span> <span class='ocrx_word' id='word_1_21' title='bbox 937 691 1112 730; x_wconf 90' lang='lat' dir='ltr'><strong>mores</strong></span> <span class='ocrx_word' id='word_1_22' title='bbox 1137 674 1624 730; x_wconf 76' lang='lat' dir='ltr'><strong>exeommunicatus</strong></span> <span class='ocrx_word' id='word_1_23' title='bbox 1653 690 1680 726; x_wconf 90' lang='lat' dir='ltr'><strong>a</strong></span> <span class='ocrx_word' id='word_1_24' title='bbox 1716 691 1837 743; x_wconf 33' lang='lat' dir='ltr'><strong>pres</strong></span> 
     </span>
    </p>
   </div>
   <div class='ocr_carea' id='block_1_5' title="bbox 228 766 1838 837">
    <p class='ocr_par' dir='ltr' id='par_1_5' title="bbox 228 766 1838 837">
     <span class='ocr_line' id='line_1_5' title="bbox 228 766 1838 837; baseline 0.001 -19"><span class='ocrx_word' id='word_1_25' title='bbox 228 767 468 837; x_wconf 80' lang='lat' dir='ltr'><strong>sbytero</strong></span> <span class='ocrx_word' id='word_1_26' title='bbox 496 782 614 834; x_wconf 92' lang='lat' dir='ltr'><strong>suo,</strong></span> <span class='ocrx_word' id='word_1_27' title='bbox 647 769 930 822; x_wconf 91' lang='lat' dir='ltr'><strong>multorum</strong></span> <span class='ocrx_word' id='word_1_28' title='bbox 971 768 1130 821; x_wconf 88' lang='lat' dir='ltr'><strong>etiam</strong></span> <span class='ocrx_word' id='word_1_29' title='bbox 1180 767 1232 820; x_wconf 90' lang='lat' dir='ltr'><strong>in</strong></span> <span class='ocrx_word' id='word_1_30' title='bbox 1269 767 1355 820; x_wconf 88' lang='lat' dir='ltr'><strong>illa</strong></span> <span class='ocrx_word' id='word_1_31' title='bbox 1392 767 1608 835; x_wconf 81' lang='lat' dir='ltr'><strong>regione</strong></span> <span class='ocrx_word' id='word_1_32' title='bbox 1629 766 1838 820; x_wconf 83' lang='lat' dir='ltr'><strong>debitor</strong></span> 
     </span>
    </p>
   </div>
   <div class='ocr_carea' id='block_1_6' title="bbox 244 858 1836 926">
    <p class='ocr_par' dir='ltr' id='par_1_6' title="bbox 244 858 1836 926">
     <span class='ocr_line' id='line_1_6' title="bbox 244 858 1836 926; baseline 0.001 -17"><span class='ocrx_word' id='word_1_33' title='bbox 244 859 442 926; x_wconf 79' lang='lat' dir='ltr'><strong>tactus,</strong></span> <span class='ocrx_word' id='word_1_34' title='bbox 485 868 540 913; x_wconf 88' lang='lat' dir='ltr'><strong>et</strong></span> <span class='ocrx_word' id='word_1_35' title='bbox 584 869 770 912; x_wconf 91' lang='lat' dir='ltr'><strong>contra</strong></span> <span class='ocrx_word' id='word_1_36' title='bbox 809 858 1224 912; x_wconf 88' lang='lat' dir='ltr'><strong>ecclesiasticum</strong></span> <span class='ocrx_word' id='word_1_37' title='bbox 1264 858 1520 926; x_wconf 82' lang='lat' dir='ltr'><strong>vigorem,</strong></span> <span class='ocrx_word' id='word_1_38' title='bbox 1554 868 1608 910; x_wconf 89' lang='lat' dir='ltr'><strong>et</strong></span> <span class='ocrx_word' id='word_1_39' title='bbox 1650 867 1836 911; x_wconf 84' lang='lat' dir='ltr'><strong>contra</strong></span> 
     </span>
    </p>
   </div>
   <div class='ocr_carea' id='block_1_7' title="bbox 240 949 1836 1018">
    <p class='ocr_par' dir='ltr' id='par_1_7' title="bbox 240 949 1836 1018">
     <span class='ocr_line' id='line_1_7' title="bbox 240 949 1836 1018; baseline -0.001 -15"><span class='ocrx_word' id='word_1_40' title='bbox 240 950 544 1005; x_wconf 75' lang='lat' dir='ltr'><strong>creditores</strong></span> <span class='ocrx_word' id='word_1_41' title='bbox 569 965 714 1014; x_wconf 91' lang='lat' dir='ltr'><strong>suos,</strong></span> <span class='ocrx_word' id='word_1_42' title='bbox 739 949 878 1002; x_wconf 82' lang='lat' dir='ltr'><strong>aliud</strong></span> <span class='ocrx_word' id='word_1_43' title='bbox 909 949 1207 1018; x_wconf 71' lang='lat' dir='ltr'><strong>przcsidium</strong></span> <span class='ocrx_word' id='word_1_44' title='bbox 1232 964 1338 1001; x_wconf 84' lang='lat' dir='ltr'><strong>non</strong></span> <span class='ocrx_word' id='word_1_45' title='bbox 1366 949 1627 1017; x_wconf 63' lang='lat' dir='ltr'><strong>(lllaislVll,</strong></span> <span class='ocrx_word' id='word_1_46' title='bbox 1661 949 1836 1002; x_wconf 78' lang='lat' dir='ltr'><strong>nisiut</strong></span> 
     </span>
    </p>
   </div>
   <div class='ocr_carea' id='block_1_8' title="bbox 239 1037 1836 1109">
    <p class='ocr_par' dir='ltr' id='par_1_8' title="bbox 239 1037 1836 1109">
     <span class='ocr_line' id='line_1_8' title="bbox 239 1037 1836 1109; baseline -0.001 -17"><span class='ocrx_word' id='word_1_47' title='bbox 239 1042 341 1095; x_wconf 86' lang='lat' dir='ltr'><strong>abs</strong></span> <span class='ocrx_word' id='word_1_48' title='bbox 373 1051 423 1096; x_wconf 88' lang='lat' dir='ltr'><strong>te</strong></span> <span class='ocrx_word' id='word_1_49' title='bbox 455 1043 646 1096; x_wconf 89' lang='lat' dir='ltr'><strong>iterum</strong></span> <span class='ocrx_word' id='word_1_50' title='bbox 675 1041 1000 1109; x_wconf 81' lang='lat' dir='ltr'><strong>plagaretur,</strong></span> <span class='ocrx_word' id='word_1_51' title='bbox 1033 1049 1086 1093; x_wconf 91' lang='lat' dir='ltr'><strong>et</strong></span> <span class='ocrx_word' id='word_1_52' title='bbox 1111 1039 1178 1091; x_wconf 90' lang='lat' dir='ltr'><strong>ab</strong></span> <span class='ocrx_word' id='word_1_53' title='bbox 1206 1038 1336 1106; x_wconf 85' lang='lat' dir='ltr'><strong>ipsis</strong></span> <span class='ocrx_word' id='word_1_54' title='bbox 1363 1038 1512 1107; x_wconf 90' lang='lat' dir='ltr'><strong>quasi</strong></span> <span class='ocrx_word' id='word_1_55' title='bbox 1547 1037 1836 1091; x_wconf 85' lang='lat' dir='ltr'><strong>mundissi-</strong></span> 
     </span>
    </p>
   </div>
   <div class='ocr_carea' id='block_1_9' title="bbox 240 1132 1840 1192">
    <p class='ocr_par' dir='ltr' id='par_1_9' title="bbox 240 1132 1840 1192">
     <span class='ocr_line' id='line_1_9' title="bbox 240 1132 1840 1192; baseline -0.004 -4"><span class='ocrx_word' id='word_1_56' title='bbox 240 1151 369 1190; x_wconf 91' lang='lat' dir='ltr'><strong>mus</strong></span> <span class='ocrx_word' id='word_1_57' title='bbox 401 1137 732 1190; x_wconf 64' lang='lat' dir='ltr'><strong>amaretur”.</strong></span> <span class='ocrx_word' id='word_1_58' title='bbox 762 1135 878 1187; x_wconf 84' lang='lat' dir='ltr'><strong>Jam</strong></span> <span class='ocrx_word' id='word_1_59' title='bbox 927 1134 1083 1186; x_wconf 86' lang='lat' dir='ltr'><strong>talem</strong></span> <span class='ocrx_word' id='word_1_60' title='bbox 1137 1132 1415 1185; x_wconf 80' lang='lat' dir='ltr'><strong>diaconum</strong></span> <span class='ocrx_word' id='word_1_61' title='bbox 1469 1141 1739 1192; x_wconf 86' lang='lat' dir='ltr'><strong>nostrum,</strong></span> <span class='ocrx_word' id='word_1_62' title='bbox 1784 1138 1840 1183; x_wconf 89' lang='lat' dir='ltr'><strong>et</strong></span> 
     </span>
    </p>
   </div>
   <div class='ocr_carea' id='block_1_10' title="bbox 240 1219 1832 1296">
    <p class='ocr_par' dir='ltr' id='par_1_10' title="bbox 240 1219 1832 1296">
     <span class='ocr_line' id='line_1_10' title="bbox 240 1219 1832 1296; baseline -0.006 -16"><span class='ocrx_word' id='word_1_63' title='bbox 240 1229 420 1296; x_wconf 91' lang='lat' dir='ltr'><strong>ipsum</strong></span> <span class='ocrx_word' id='word_1_64' title='bbox 438 1242 468 1279; x_wconf 92' lang='lat' dir='ltr'><strong>a</strong></span> <span class='ocrx_word' id='word_1_65' title='bbox 490 1242 589 1280; x_wconf 91' lang='lat' dir='ltr'><strong>suo</strong></span> <span class='ocrx_word' id='word_1_66' title='bbox 606 1225 917 1295; x_wconf 77' lang='lat' dir='ltr'><strong>presbytero</strong></span> <span class='ocrx_word' id='word_1_67' title='bbox 934 1223 1466 1282; x_wconf 67' lang='lat' dir='ltr'><strong>exeommunimtum,</strong></span> <span class='ocrx_word' id='word_1_68' title='bbox 1489 1221 1741 1274; x_wconf 84' lang='lat' dir='ltr'><strong>decessor</strong></span> <span class='ocrx_word' id='word_1_69' title='bbox 1760 1219 1832 1291; x_wconf 90' lang='lat' dir='ltr'><strong>(a)</strong></span> 
     </span>
    </p>
   </div>
   <div class='ocr_carea' id='block_1_11' title="bbox 242 1310 1836 1384">
    <p class='ocr_par' dir='ltr' id='par_1_11' title="bbox 242 1310 1836 1384">
     <span class='ocr_line' id='line_1_11' title="bbox 242 1310 1836 1384; baseline -0.004 -15"><span class='ocrx_word' id='word_1_70' title='bbox 242 1327 369 1371; x_wconf 89' lang='lat' dir='ltr'><strong>tuus</strong></span> <span class='ocrx_word' id='word_1_71' title='bbox 393 1314 762 1384; x_wconf 78' lang='lat' dir='ltr'><strong>rebaptizavit,</strong></span> <span class='ocrx_word' id='word_1_72' title='bbox 791 1322 845 1368; x_wconf 88' lang='lat' dir='ltr'><strong>et</strong></span> <span class='ocrx_word' id='word_1_73' title='bbox 869 1323 1102 1367; x_wconf 82' lang='lat' dir='ltr'><strong>vestrum</strong></span> <span class='ocrx_word' id='word_1_74' title='bbox 1131 1313 1412 1365; x_wconf 81' lang='lat' dir='ltr'><strong>diaconum</strong></span> <span class='ocrx_word' id='word_1_75' title='bbox 1440 1311 1583 1376; x_wconf 77' lang='lat' dir='ltr'><strong>fecit,</strong></span> <span class='ocrx_word' id='word_1_76' title='bbox 1613 1310 1702 1379; x_wconf 91' lang='lat' dir='ltr'><strong>qui</strong></span> <span class='ocrx_word' id='word_1_77' title='bbox 1731 1325 1836 1363; x_wconf 93' lang='lat' dir='ltr'><strong>non</strong></span> 
     </span>
    </p>
   </div>
   <div class='ocr_carea' id='block_1_12' title="bbox 241 1401 1840 1476">
    <p class='ocr_par' dir='ltr' id='par_1_12' title="bbox 241 1401 1840 1476">
     <span class='ocr_line' id='line_1_12' title="bbox 241 1401 1840 1476; baseline -0.005 -16"><span class='ocrx_word' id='word_1_78' title='bbox 241 1416 370 1476; x_wconf 89' lang='lat' dir='ltr'><strong>post</strong></span> <span class='ocrx_word' id='word_1_79' title='bbox 387 1407 590 1460; x_wconf 90' lang='lat' dir='ltr'><strong>multos</strong></span> <span class='ocrx_word' id='word_1_80' title='bbox 613 1407 746 1471; x_wconf 88' lang='lat' dir='ltr'><strong>dies,</strong></span> <span class='ocrx_word' id='word_1_81' title='bbox 771 1404 1078 1458; x_wconf 85' lang='lat' dir='ltr'><strong>eorumdem</strong></span> <span class='ocrx_word' id='word_1_82' title='bbox 1113 1402 1436 1472; x_wconf 86' lang='lat' dir='ltr'><strong>perditorum</strong></span> <span class='ocrx_word' id='word_1_83' title='bbox 1466 1402 1602 1454; x_wconf 83' lang='lat' dir='ltr'><strong>sicut</strong></span> <span class='ocrx_word' id='word_1_84' title='bbox 1630 1401 1840 1454; x_wconf 87' lang='lat' dir='ltr'><strong>deside-</strong></span> 
     </span>
    </p>
   </div>
   <div class='ocr_carea' id='block_1_13' title="bbox 241 1491 1834 1560">
    <p class='ocr_par' dir='ltr' id='par_1_13' title="bbox 241 1491 1834 1560">
     <span class='ocr_line' id='line_1_13' title="bbox 241 1491 1834 1560; baseline -0.006 -8"><span class='ocrx_word' id='word_1_85' title='bbox 241 1499 384 1552; x_wconf 85' lang='lat' dir='ltr'><strong>ravit</strong></span> <span class='ocrx_word' id='word_1_86' title='bbox 410 1498 732 1553; x_wconf 81' lang='lat' dir='ltr'><strong>commixtus</strong></span> <span class='ocrx_word' id='word_1_87' title='bbox 756 1494 1012 1558; x_wconf 68' lang='lat' dir='ltr'><strong>audaciae,</strong></span> <span class='ocrx_word' id='word_1_88' title='bbox 1032 1502 1086 1548; x_wconf 91' lang='lat' dir='ltr'><strong>et</strong></span> <span class='ocrx_word' id='word_1_89' title='bbox 1107 1494 1156 1545; x_wconf 91' lang='lat' dir='ltr'><strong>in</strong></span> <span class='ocrx_word' id='word_1_90' title='bbox 1192 1503 1450 1546; x_wconf 89' lang='lat' dir='ltr'><strong>nocturna</strong></span> <span class='ocrx_word' id='word_1_91' title='bbox 1475 1491 1834 1560; x_wconf 79' lang='lat' dir='ltr'><strong>aggressione,</strong></span> 
     </span>
    </p>
   </div>
   <div class='ocr_carea' id='block_1_14' title="bbox 241 1579 1835 1652">
    <p class='ocr_par' dir='ltr' id='par_1_14' title="bbox 241 1579 1835 1652">
     <span class='ocr_line' id='line_1_14' title="bbox 241 1579 1835 1652; baseline -0.006 -10"><span class='ocrx_word' id='word_1_92' title='bbox 241 1589 298 1642; x_wconf 90' lang='lat' dir='ltr'><strong>in</strong></span> <span class='ocrx_word' id='word_1_93' title='bbox 327 1586 506 1641; x_wconf 91' lang='lat' dir='ltr'><strong>medio</strong></span> <span class='ocrx_word' id='word_1_94' title='bbox 552 1584 828 1638; x_wconf 86' lang='lat' dir='ltr'><strong>latrocinio</strong></span> <span class='ocrx_word' id='word_1_95' title='bbox 878 1593 1036 1652; x_wconf 86' lang='lat' dir='ltr'><strong>atque</strong></span> <span class='ocrx_word' id='word_1_96' title='bbox 1089 1582 1334 1636; x_wconf 90' lang='lat' dir='ltr'><strong>inccndio</strong></span> <span class='ocrx_word' id='word_1_97' title='bbox 1361 1597 1477 1642; x_wconf 84' lang='lat' dir='ltr'><strong>suo,</strong></span> <span class='ocrx_word' id='word_1_98' title='bbox 1516 1579 1835 1634; x_wconf 85' lang='lat' dir='ltr'><strong>subvenien-</strong></span> 
     </span>
    </p>
   </div>
   <div class='ocr_carea' id='block_1_15' title="bbox 243 1671 1832 1744">
    <p class='ocr_par' dir='ltr' id='par_1_15' title="bbox 243 1671 1832 1744">
     <span class='ocr_line' id='line_1_15' title="bbox 243 1671 1832 1744; baseline -0.007 -10"><span class='ocrx_word' id='word_1_99' title='bbox 243 1681 314 1734; x_wconf 88' lang='lat' dir='ltr'><strong>tis</strong></span> <span class='ocrx_word' id='word_1_100' title='bbox 338 1677 699 1734; x_wconf 82' lang='lat' dir='ltr'><strong>multitudinis</strong></span> <span class='ocrx_word' id='word_1_101' title='bbox 725 1690 1008 1739; x_wconf 88' lang='lat' dir='ltr'><strong>concursu,</strong></span> <span class='ocrx_word' id='word_1_102' title='bbox 1032 1682 1343 1744; x_wconf 90' lang='lat' dir='ltr'><strong>peremptus</strong></span> <span class='ocrx_word' id='word_1_103' title='bbox 1370 1683 1469 1726; x_wconf 88' lang='lat' dir='ltr'><strong>est.</strong></span> <span class='ocrx_word' id='word_1_104' title='bbox 1495 1673 1555 1726; x_wconf 92' lang='lat' dir='ltr'><strong>lli</strong></span> <span class='ocrx_word' id='word_1_105' title='bbox 1580 1681 1702 1725; x_wconf 92' lang='lat' dir='ltr'><strong>sunt</strong></span> <span class='ocrx_word' id='word_1_106' title='bbox 1724 1671 1832 1724; x_wconf 79' lang='lat' dir='ltr'><strong>frn-</strong></span> 
     </span>
    </p>
   </div>
   <div class='ocr_carea' id='block_1_16' title="bbox 242 1762 1834 1836">
    <p class='ocr_par' dir='ltr' id='par_1_16' title="bbox 242 1762 1834 1836">
     <span class='ocr_line' id='line_1_16' title="bbox 242 1762 1834 1836; baseline -0.008 -10"><span class='ocrx_word' id='word_1_107' title='bbox 242 1780 364 1826; x_wconf 88' lang='lat' dir='ltr'><strong>ctus</strong></span> <span class='ocrx_word' id='word_1_108' title='bbox 391 1768 669 1824; x_wconf 86' lang='lat' dir='ltr'><strong>divisionis</strong></span> <span class='ocrx_word' id='word_1_109' title='bbox 700 1766 858 1836; x_wconf 82' lang='lat' dir='ltr'><strong>hujus</strong></span> <span class='ocrx_word' id='word_1_110' title='bbox 881 1781 1038 1835; x_wconf 90' lang='lat' dir='ltr'><strong>quam</strong></span> <span class='ocrx_word' id='word_1_111' title='bbox 1067 1780 1258 1819; x_wconf 89' lang='lat' dir='ltr'><strong>sanare</strong></span> <span class='ocrx_word' id='word_1_112' title='bbox 1285 1780 1388 1817; x_wconf 92' lang='lat' dir='ltr'><strong>non</strong></span> <span class='ocrx_word' id='word_1_113' title='bbox 1423 1765 1598 1828; x_wconf 85' lang='lat' dir='ltr'><strong>vultis,</strong></span> <span class='ocrx_word' id='word_1_114' title='bbox 1648 1763 1724 1817; x_wconf 85' lang='lat' dir='ltr'><strong>sic.</strong></span> <span class='ocrx_word' id='word_1_115' title='bbox 1749 1762 1834 1816; x_wconf 85' lang='lat' dir='ltr'><strong>fn-</strong></span> 
     </span>
    </p>
   </div>
   <div class='ocr_carea' id='block_1_17' title="bbox 243 1855 1838 1933">
    <p class='ocr_par' dir='ltr' id='par_1_17' title="bbox 243 1855 1838 1933">
     <span class='ocr_line' id='line_1_17' title="bbox 243 1855 1838 1933; baseline -0.004 -17"><span class='ocrx_word' id='word_1_116' title='bbox 243 1861 442 1933; x_wconf 73' lang='lat' dir='ltr'><strong>giendo</strong></span> <span class='ocrx_word' id='word_1_117' title='bbox 470 1860 748 1924; x_wconf 89' lang='lat' dir='ltr'><strong>unitatem,</strong></span> <span class='ocrx_word' id='word_1_118' title='bbox 779 1857 1226 1929; x_wconf 78' lang='lat' dir='ltr'><strong>quemadmodum</strong></span> <span class='ocrx_word' id='word_1_119' title='bbox 1273 1855 1445 1911; x_wconf 80' lang='lat' dir='ltr'><strong>fuerat</strong></span> <span class='ocrx_word' id='word_1_120' title='bbox 1494 1857 1604 1925; x_wconf 89' lang='lat' dir='ltr'><strong>ipsa</strong></span> <span class='ocrx_word' id='word_1_121' title='bbox 1649 1857 1838 1911; x_wconf 83' lang='lat' dir='ltr'><strong>divisio</strong></span> 
     </span>
    </p>
   </div>
   <div class='ocr_carea' id='block_1_18' title="bbox 243 1947 1839 2023">
    <p class='ocr_par' dir='ltr' id='par_1_18' title="bbox 243 1947 1839 2023">
     <span class='ocr_line' id='line_1_18' title="bbox 243 1947 1839 2023; baseline -0.001 -17"><span class='ocrx_word' id='word_1_122' title='bbox 243 1951 528 2023; x_wconf 76' lang='lat' dir='ltr'><strong>fugienda;</strong></span> <span class='ocrx_word' id='word_1_123' title='bbox 559 1966 677 2021; x_wconf 70' lang='lat' dir='ltr'><strong>qua:</strong></span> <span class='ocrx_word' id='word_1_124' title='bbox 716 1966 810 2020; x_wconf 84' lang='lat' dir='ltr'><strong>per</strong></span> <span class='ocrx_word' id='word_1_125' title='bbox 853 1949 1081 2019; x_wconf 88' lang='lat' dir='ltr'><strong>seipsam</strong></span> <span class='ocrx_word' id='word_1_126' title='bbox 1126 1947 1264 2002; x_wconf 60' lang='lat' dir='ltr'><strong>[teda</strong></span> <span class='ocrx_word' id='word_1_127' title='bbox 1313 1957 1416 2011; x_wconf 77' lang='lat' dir='ltr'><strong>est,</strong></span> <span class='ocrx_word' id='word_1_128' title='bbox 1448 1958 1500 2002; x_wconf 88' lang='lat' dir='ltr'><strong>et</strong></span> <span class='ocrx_word' id='word_1_129' title='bbox 1525 1948 1839 2004; x_wconf 88' lang='lat' dir='ltr'><strong>damnabilis</strong></span> 
     </span>
    </p>
   </div>
   <div class='ocr_carea' id='block_1_19' title="bbox 245 2038 1838 2111">
    <p class='ocr_par' dir='ltr' id='par_1_19' title="bbox 245 2038 1838 2111">
     <span class='ocr_line' id='line_1_19' title="bbox 245 2038 1838 2111; baseline -0.003 -13"><span class='ocrx_word' id='word_1_130' title='bbox 245 2043 377 2107; x_wconf 82' lang='lat' dir='ltr'><strong>Deo,</strong></span> <span class='ocrx_word' id='word_1_131' title='bbox 407 2044 509 2097; x_wconf 87' lang='lat' dir='ltr'><strong>etsi</strong></span> <span class='ocrx_word' id='word_1_132' title='bbox 536 2051 757 2111; x_wconf 87' lang='lat' dir='ltr'><strong>prepter</strong></span> <span class='ocrx_word' id='word_1_133' title='bbox 793 2040 961 2108; x_wconf 86' lang='lat' dir='ltr'><strong>ipsam</strong></span> <span class='ocrx_word' id='word_1_134' title='bbox 999 2038 1114 2092; x_wconf 74' lang='lat' dir='ltr'><strong>hcce</strong></span> <span class='ocrx_word' id='word_1_135' title='bbox 1153 2049 1206 2092; x_wconf 90' lang='lat' dir='ltr'><strong>et</strong></span> <span class='ocrx_word' id='word_1_136' title='bbox 1240 2039 1339 2092; x_wconf 91' lang='lat' dir='ltr'><strong>alia</strong></span> <span class='ocrx_word' id='word_1_137' title='bbox 1367 2049 1470 2093; x_wconf 88' lang='lat' dir='ltr'><strong>tam</strong></span> <span class='ocrx_word' id='word_1_138' title='bbox 1499 2038 1758 2093; x_wconf 88' lang='lat' dir='ltr'><strong>horrenda</strong></span> <span class='ocrx_word' id='word_1_139' title='bbox 1783 2047 1838 2093; x_wconf 88' lang='lat' dir='ltr'><strong>et</strong></span> 
     </span>
    </p>
   </div>
   <div class='ocr_carea' id='block_1_20' title="bbox 245 2130 1447 2191">
    <p class='ocr_par' dir='ltr' id='par_1_20' title="bbox 245 2130 1447 2191">
     <span class='ocr_line' id='line_1_20' title="bbox 245 2130 1447 2191; baseline -0.012 0"><span class='ocrx_word' id='word_1_140' title='bbox 245 2135 477 2191; x_wconf 80' lang='lat' dir='ltr'><strong>nefanda</strong></span> <span class='ocrx_word' id='word_1_141' title='bbox 510 2150 617 2189; x_wconf 93' lang='lat' dir='ltr'><strong>non</strong></span> <span class='ocrx_word' id='word_1_142' title='bbox 641 2136 846 2188; x_wconf 88' lang='lat' dir='ltr'><strong>tierent.</strong></span> <span class='ocrx_word' id='word_1_143' title='bbox 1441 2130 1447 2136; x_wconf 93' lang='lat'>&#39;</span> 
     </span>
    </p>
   </div>
   <div class='ocr_carea' id='block_1_21' title="bbox 314 2222 1836 2292">
    <p class='ocr_par' dir='ltr' id='par_1_21' title="bbox 314 2222 1836 2292">
     <span class='ocr_line' id='line_1_21' title="bbox 314 2222 1836 2292; baseline -0.004 -10"><span class='ocrx_word' id='word_1_144' title='bbox 314 2225 550 2282; x_wconf 79' lang='lat' dir='ltr'><strong>CAPUT</strong></span> <span class='ocrx_word' id='word_1_145' title='bbox 572 2222 848 2278; x_wconf 72' lang='lat' dir='ltr'><strong>V&#39;ll.-20.</strong></span> <span class='ocrx_word' id='word_1_146' title='bbox 875 2224 1238 2292; x_wconf 79' lang='lat' dir='ltr'><strong>Agnoscamus</strong></span> <span class='ocrx_word' id='word_1_147' title='bbox 1264 2237 1410 2292; x_wconf 77' lang='lat' dir='ltr'><strong>ergo,</strong></span> <span class='ocrx_word' id='word_1_148' title='bbox 1444 2223 1622 2288; x_wconf 77' lang='lat' dir='ltr'><strong>frater,</strong></span> <span class='ocrx_word' id='word_1_149' title='bbox 1655 2238 1836 2291; x_wconf 89' lang='lat' dir='ltr'><strong>pacem</strong></span> 
     </span>
    </p>
   </div>
   <div class='ocr_carea' id='block_1_22' title="bbox 244 2315 1834 2390">
    <p class='ocr_par' dir='ltr' id='par_1_22' title="bbox 244 2315 1834 2390">
     <span class='ocr_line' id='line_1_22' title="bbox 244 2315 1834 2390; baseline -0.005 -14"><span class='ocrx_word' id='word_1_150' title='bbox 244 2321 464 2384; x_wconf 86' lang='lat' dir='ltr'><strong>Christi,</strong></span> <span class='ocrx_word' id='word_1_151' title='bbox 490 2319 794 2390; x_wconf 88' lang='lat' dir='ltr'><strong>pariterque</strong></span> <span class='ocrx_word' id='word_1_152' title='bbox 821 2325 1116 2378; x_wconf 85' lang='lat' dir='ltr'><strong>teneamus,</strong></span> <span class='ocrx_word' id='word_1_153' title='bbox 1142 2323 1197 2370; x_wconf 89' lang='lat' dir='ltr'><strong>et</strong></span> <span class='ocrx_word' id='word_1_154' title='bbox 1215 2325 1466 2385; x_wconf 88' lang='lat' dir='ltr'><strong>quantum</strong></span> <span class='ocrx_word' id='word_1_155' title='bbox 1499 2316 1635 2369; x_wconf 83' lang='lat' dir='ltr'><strong>Deus</strong></span> <span class='ocrx_word' id='word_1_156' title='bbox 1655 2315 1834 2379; x_wconf 91' lang='lat' dir='ltr'><strong>donat,</strong></span> 
     </span>
    </p>
   </div>
   <div class='ocr_carea' id='block_1_23' title="bbox 245 2408 1837 2471">
    <p class='ocr_par' dir='ltr' id='par_1_23' title="bbox 245 2408 1837 2471">
     <span class='ocr_line' id='line_1_23' title="bbox 245 2408 1837 2471; baseline -0.006 -1"><span class='ocrx_word' id='word_1_157' title='bbox 245 2415 404 2470; x_wconf 88' lang='lat' dir='ltr'><strong>simul</strong></span> <span class='ocrx_word' id='word_1_158' title='bbox 434 2413 562 2469; x_wconf 90' lang='lat' dir='ltr'><strong>boni</strong></span> <span class='ocrx_word' id='word_1_159' title='bbox 583 2426 711 2466; x_wconf 84' lang='lat' dir='ltr'><strong>esse</strong></span> <span class='ocrx_word' id='word_1_160' title='bbox 736 2409 1064 2471; x_wconf 88' lang='lat' dir='ltr'><strong>studeamus,</strong></span> <span class='ocrx_word' id='word_1_161' title='bbox 1087 2417 1140 2462; x_wconf 90' lang='lat' dir='ltr'><strong>et</strong></span> <span class='ocrx_word' id='word_1_162' title='bbox 1169 2408 1324 2462; x_wconf 85' lang='lat' dir='ltr'><strong>simul</strong></span> <span class='ocrx_word' id='word_1_163' title='bbox 1351 2409 1518 2462; x_wconf 92' lang='lat' dir='ltr'><strong>malos</strong></span> <span class='ocrx_word' id='word_1_164' title='bbox 1547 2408 1688 2462; x_wconf 86' lang='lat' dir='ltr'><strong>salva</strong></span> <span class='ocrx_word' id='word_1_165' title='bbox 1721 2409 1837 2460; x_wconf 83' lang='lat' dir='ltr'><strong>uni-</strong></span> 
     </span>
    </p>
   </div>
   <div class='ocr_carea' id='block_1_24' title="bbox 249 2497 1841 2575">
    <p class='ocr_par' dir='ltr' id='par_1_24' title="bbox 249 2497 1841 2575">
     <span class='ocr_line' id='line_1_24' title="bbox 249 2497 1841 2575; baseline -0.006 -14"><span class='ocrx_word' id='word_1_166' title='bbox 249 2517 375 2573; x_wconf 84' lang='lat' dir='ltr'><strong>tate,</strong></span> <span class='ocrx_word' id='word_1_167' title='bbox 433 2512 630 2575; x_wconf 86' lang='lat' dir='ltr'><strong>quanta</strong></span> <span class='ocrx_word' id='word_1_168' title='bbox 679 2515 964 2572; x_wconf 90' lang='lat' dir='ltr'><strong>possumus</strong></span> <span class='ocrx_word' id='word_1_169' title='bbox 1016 2499 1295 2569; x_wconf 87' lang='lat' dir='ltr'><strong>disciplina</strong></span> <span class='ocrx_word' id='word_1_170' title='bbox 1349 2497 1726 2564; x_wconf 86' lang='lat' dir='ltr'><strong>emendemus,</strong></span> <span class='ocrx_word' id='word_1_171' title='bbox 1785 2507 1841 2552; x_wconf 89' lang='lat' dir='ltr'><strong>et</strong></span> 
     </span>
    </p>
   </div>
   <div class='ocr_carea' id='block_1_25' title="bbox 245 2589 1837 2670">
    <p class='ocr_par' dir='ltr' id='par_1_25' title="bbox 245 2589 1837 2670">
     <span class='ocr_line' id='line_1_25' title="bbox 245 2589 1837 2670; baseline -0.007 -16"><span class='ocrx_word' id='word_1_172' title='bbox 245 2608 468 2670; x_wconf 80' lang='lat' dir='ltr'><strong>propter</strong></span> <span class='ocrx_word' id='word_1_173' title='bbox 504 2597 673 2666; x_wconf 87' lang='lat' dir='ltr'><strong>ipsam</strong></span> <span class='ocrx_word' id='word_1_174' title='bbox 717 2594 995 2659; x_wconf 88' lang='lat' dir='ltr'><strong>unitatem,</strong></span> <span class='ocrx_word' id='word_1_175' title='bbox 1021 2601 1214 2662; x_wconf 86' lang='lat' dir='ltr'><strong>quanta</strong></span> <span class='ocrx_word' id='word_1_176' title='bbox 1263 2605 1542 2661; x_wconf 83' lang='lat' dir='ltr'><strong>possumus</strong></span> <span class='ocrx_word' id='word_1_177' title='bbox 1588 2589 1837 2659; x_wconf 88' lang='lat' dir='ltr'><strong>patientia</strong></span> 
     </span>
    </p>
   </div>
   <div class='ocr_carea' id='block_1_26' title="bbox 249 2682 1838 2754">
    <p class='ocr_par' dir='ltr' id='par_1_26' title="bbox 249 2682 1838 2754">
     <span class='ocr_line' id='line_1_26' title="bbox 249 2682 1838 2754; baseline -0.008 -8"><span class='ocrx_word' id='word_1_178' title='bbox 249 2694 579 2748; x_wconf 87' lang='lat' dir='ltr'><strong>toleremus:</strong></span> <span class='ocrx_word' id='word_1_179' title='bbox 608 2703 694 2754; x_wconf 90' lang='lat' dir='ltr'><strong>ne,</strong></span> <span class='ocrx_word' id='word_1_180' title='bbox 723 2688 860 2742; x_wconf 88' lang='lat' dir='ltr'><strong>sicut</strong></span> <span class='ocrx_word' id='word_1_181' title='bbox 903 2685 1144 2739; x_wconf 86' lang='lat' dir='ltr'><strong>Christus</strong></span> <span class='ocrx_word' id='word_1_182' title='bbox 1186 2682 1481 2748; x_wconf 89' lang='lat' dir='ltr'><strong>admonuit,</strong></span> <span class='ocrx_word' id='word_1_183' title='bbox 1522 2697 1644 2736; x_wconf 88' lang='lat' dir='ltr'><strong>cum</strong></span> <span class='ocrx_word' id='word_1_184' title='bbox 1691 2682 1838 2735; x_wconf 87' lang='lat' dir='ltr'><strong>volu-</strong></span> 
     </span>
    </p>
   </div>
   <div class='ocr_carea' id='block_1_27' title="bbox 250 2772 1835 2848">
    <p class='ocr_par' dir='ltr' id='par_1_27' title="bbox 250 2772 1835 2848">
     <span class='ocr_line' id='line_1_27' title="bbox 250 2772 1835 2848; baseline -0.007 -11"><span class='ocrx_word' id='word_1_185' title='bbox 250 2797 366 2837; x_wconf 85' lang='lat' dir='ltr'><strong>mus</strong></span> <span class='ocrx_word' id='word_1_186' title='bbox 406 2790 534 2835; x_wconf 92' lang='lat' dir='ltr'><strong>ante</strong></span> <span class='ocrx_word' id='word_1_187' title='bbox 581 2790 790 2848; x_wconf 87' lang='lat' dir='ltr'><strong>tempus</strong></span> <span class='ocrx_word' id='word_1_188' title='bbox 827 2777 1076 2846; x_wconf 84' lang='lat' dir='ltr'><strong>colligere</strong></span> <span class='ocrx_word' id='word_1_189' title='bbox 1123 2773 1340 2838; x_wconf 87' lang='lat' dir='ltr'><strong>zizania,</strong></span> <span class='ocrx_word' id='word_1_190' title='bbox 1371 2791 1488 2843; x_wconf 78' lang='lat' dir='ltr'><strong>qua:</strong></span> <span class='ocrx_word' id='word_1_191' title='bbox 1525 2773 1708 2827; x_wconf 84' lang='lat' dir='ltr'><strong>beatus</strong></span> <span class='ocrx_word' id='word_1_192' title='bbox 1731 2772 1835 2844; x_wconf 85' lang='lat' dir='ltr'><strong>Cy-</strong></span> 
     </span>
    </p>
   </div>
   <div class='ocr_carea' id='block_1_28' title="bbox 245 2856 1841 2943">
    <p class='ocr_par' dir='ltr' id='par_1_28' title="bbox 245 2856 1841 2943">
     <span class='ocr_line' id='line_1_28' title="bbox 245 2856 1841 2943; baseline -0.008 -16"><span class='ocrx_word' id='word_1_193' title='bbox 245 2856 466 2943; x_wconf 86' lang='lat' dir='ltr'><strong>prianus</strong></span> <span class='ocrx_word' id='word_1_194' title='bbox 490 2885 603 2924; x_wconf 86' lang='lat' dir='ltr'><strong>non</strong></span> <span class='ocrx_word' id='word_1_195' title='bbox 631 2879 798 2932; x_wconf 84' lang='lat' dir='ltr'><strong>extra,</strong></span> <span class='ocrx_word' id='word_1_196' title='bbox 839 2867 932 2922; x_wconf 89' lang='lat' dir='ltr'><strong>sed</strong></span> <span class='ocrx_word' id='word_1_197' title='bbox 955 2868 1004 2920; x_wconf 91' lang='lat' dir='ltr'><strong>in</strong></span> <span class='ocrx_word' id='word_1_198' title='bbox 1037 2865 1276 2920; x_wconf 89' lang='lat' dir='ltr'><strong>Ecclesia</strong></span> <span class='ocrx_word' id='word_1_199' title='bbox 1299 2864 1462 2918; x_wconf 88' lang='lat' dir='ltr'><strong>videri</strong></span> <span class='ocrx_word' id='word_1_200' title='bbox 1489 2864 1739 2933; x_wconf 83' lang='lat' dir='ltr'><strong>cernique</strong></span> <span class='ocrx_word' id='word_1_201' title='bbox 1763 2873 1841 2916; x_wconf 85' lang='lat' dir='ltr'><strong>te-</strong></span> 
     </span>
    </p>
   </div>
   <div class='ocr_carea' id='block_1_29' title="bbox 249 2956 1836 3027">
    <p class='ocr_par' dir='ltr' id='par_1_29' title="bbox 249 2956 1836 3027">
     <span class='ocr_line' id='line_1_29' title="bbox 249 2956 1836 3027; baseline -0.006 -9"><span class='ocrx_word' id='word_1_202' title='bbox 249 2973 418 3018; x_wconf 86' lang='lat' dir='ltr'><strong>status</strong></span> <span class='ocrx_word' id='word_1_203' title='bbox 449 2971 555 3027; x_wconf 88' lang='lat' dir='ltr'><strong>est,</strong></span> <span class='ocrx_word' id='word_1_204' title='bbox 587 2960 919 3017; x_wconf 89' lang='lat' dir='ltr'><strong>eradicemus</strong></span> <span class='ocrx_word' id='word_1_205' title='bbox 941 2958 1098 3012; x_wconf 91' lang='lat' dir='ltr'><strong>simul</strong></span> <span class='ocrx_word' id='word_1_206' title='bbox 1127 2965 1181 3012; x_wconf 89' lang='lat' dir='ltr'><strong>et</strong></span> <span class='ocrx_word' id='word_1_207' title='bbox 1209 2957 1458 3011; x_wconf 87' lang='lat' dir='ltr'><strong>triticum.</strong></span> <span class='ocrx_word' id='word_1_208' title='bbox 1489 2956 1672 3026; x_wconf 86' lang='lat' dir='ltr'><strong>Neque</strong></span> <span class='ocrx_word' id='word_1_209' title='bbox 1696 2958 1836 3011; x_wconf 89' lang='lat' dir='ltr'><strong>enim</strong></span> 
     </span>
    </p>
   </div>
   <div class='ocr_carea' id='block_1_30' title="bbox 249 3049 1839 3122">
    <p class='ocr_par' dir='ltr' id='par_1_30' title="bbox 249 3049 1839 3122">
     <span class='ocr_line' id='line_1_30' title="bbox 249 3049 1839 3122; baseline -0.004 -12"><span class='ocrx_word' id='word_1_210' title='bbox 249 3072 437 3110; x_wconf 83' lang='lat' dir='ltr'><strong>revera</strong></span> <span class='ocrx_word' id='word_1_211' title='bbox 472 3069 571 3108; x_wconf 86' lang='lat' dir='ltr'><strong>vos</strong></span> <span class='ocrx_word' id='word_1_212' title='bbox 596 3053 803 3108; x_wconf 89' lang='lat' dir='ltr'><strong>habetis</strong></span> <span class='ocrx_word' id='word_1_213' title='bbox 833 3053 1043 3122; x_wconf 88' lang='lat' dir='ltr'><strong>propria</strong></span> <span class='ocrx_word' id='word_1_214' title='bbox 1069 3049 1310 3120; x_wconf 70' lang='lat' dir='ltr'><strong>qumdam</strong></span> <span class='ocrx_word' id='word_1_215' title='bbox 1342 3050 1613 3120; x_wconf 81' lang='lat' dir='ltr'><strong>privilegia</strong></span> <span class='ocrx_word' id='word_1_216' title='bbox 1643 3050 1839 3104; x_wconf 90' lang='lat' dir='ltr'><strong>sancti-</strong></span> 
     </span>
    </p>
   </div>
   <div class='ocr_carea' id='block_1_31' title="bbox 247 3141 1838 3214">
    <p class='ocr_par' dir='ltr' id='par_1_31' title="bbox 247 3141 1838 3214">
     <span class='ocr_line' id='line_1_31' title="bbox 247 3141 1838 3214; baseline -0.003 -13"><span class='ocrx_word' id='word_1_217' title='bbox 247 3148 392 3214; x_wconf 71' lang='lat' dir='ltr'><strong>tatis,</strong></span> <span class='ocrx_word' id='word_1_218' title='bbox 422 3155 481 3200; x_wconf 94' lang='lat' dir='ltr'><strong>ut</strong></span> <span class='ocrx_word' id='word_1_219' title='bbox 507 3160 609 3200; x_wconf 92' lang='lat' dir='ltr'><strong>nos</strong></span> <span class='ocrx_word' id='word_1_220' title='bbox 639 3144 883 3214; x_wconf 89' lang='lat' dir='ltr'><strong>polluant</strong></span> <span class='ocrx_word' id='word_1_221' title='bbox 908 3142 1031 3196; x_wconf 90' lang='lat' dir='ltr'><strong>mali</strong></span> <span class='ocrx_word' id='word_1_222' title='bbox 1062 3141 1252 3213; x_wconf 91' lang='lat' dir='ltr'><strong>nostri,</strong></span> <span class='ocrx_word' id='word_1_223' title='bbox 1279 3150 1334 3196; x_wconf 90' lang='lat' dir='ltr'><strong>et</strong></span> <span class='ocrx_word' id='word_1_224' title='bbox 1356 3155 1449 3195; x_wconf 87' lang='lat' dir='ltr'><strong>vos</strong></span> <span class='ocrx_word' id='word_1_225' title='bbox 1475 3157 1578 3196; x_wconf 90' lang='lat' dir='ltr'><strong>non</strong></span> <span class='ocrx_word' id='word_1_226' title='bbox 1602 3142 1838 3211; x_wconf 89' lang='lat' dir='ltr'><strong>polluant</strong></span> 
     </span>
    </p>
   </div>
   <div class='ocr_carea' id='block_1_32' title="bbox 250 3232 1840 3303">
    <p class='ocr_par' dir='ltr' id='par_1_32' title="bbox 250 3232 1840 3303">
     <span class='ocr_line' id='line_1_32' title="bbox 250 3232 1840 3303; baseline -0.005 -11"><span class='ocrx_word' id='word_1_227' title='bbox 250 3239 372 3293; x_wconf 85' lang='lat' dir='ltr'><strong>mali</strong></span> <span class='ocrx_word' id='word_1_228' title='bbox 399 3237 598 3301; x_wconf 81' lang='lat' dir='ltr'><strong>vestri;</strong></span> <span class='ocrx_word' id='word_1_229' title='bbox 628 3246 686 3289; x_wconf 93' lang='lat' dir='ltr'><strong>ut</strong></span> <span class='ocrx_word' id='word_1_230' title='bbox 727 3249 823 3289; x_wconf 91' lang='lat' dir='ltr'><strong>nos</strong></span> <span class='ocrx_word' id='word_1_231' title='bbox 858 3235 1072 3303; x_wconf 89' lang='lat' dir='ltr'><strong>antiqua</strong></span> <span class='ocrx_word' id='word_1_232' title='bbox 1103 3233 1448 3297; x_wconf 88' lang='lat' dir='ltr'><strong>contaminet,</strong></span> <span class='ocrx_word' id='word_1_233' title='bbox 1480 3247 1637 3302; x_wconf 89' lang='lat' dir='ltr'><strong>quam</strong></span> <span class='ocrx_word' id='word_1_234' title='bbox 1667 3232 1840 3286; x_wconf 89' lang='lat' dir='ltr'><strong>nesci-</strong></span> 
     </span>
    </p>
   </div>
   <div class='ocr_carea' id='block_1_33' title="bbox 247 3309 1840 3396">
    <p class='ocr_par' dir='ltr' id='par_1_33' title="bbox 247 3309 1840 3396">
     <span class='ocr_line' id='line_1_33' title="bbox 247 3309 1840 3396; baseline -0.002 -14"><span class='ocrx_word' id='word_1_235' title='bbox 247 3344 390 3396; x_wconf 85' lang='lat' dir='ltr'><strong>mus,</strong></span> <span class='ocrx_word' id='word_1_236' title='bbox 443 3309 702 3381; x_wconf 85' lang='lat' dir='ltr'><strong>timiditas</strong></span> <span class='ocrx_word' id='word_1_237' title='bbox 750 3325 1082 3390; x_wconf 88' lang='lat' dir='ltr'><strong>traditorum,</strong></span> <span class='ocrx_word' id='word_1_238' title='bbox 1121 3333 1175 3378; x_wconf 91' lang='lat' dir='ltr'><strong>et</strong></span> <span class='ocrx_word' id='word_1_239' title='bbox 1217 3339 1312 3376; x_wconf 89' lang='lat' dir='ltr'><strong>vos</strong></span> <span class='ocrx_word' id='word_1_240' title='bbox 1355 3341 1458 3377; x_wconf 91' lang='lat' dir='ltr'><strong>non</strong></span> <span class='ocrx_word' id='word_1_241' title='bbox 1515 3325 1840 3379; x_wconf 86' lang='lat' dir='ltr'><strong>contaminet</strong></span> 
     </span>
    </p>
   </div>
   <div class='ocr_carea' id='block_1_34' title="bbox 252 3414 1837 3489">
    <p class='ocr_par' dir='ltr' id='par_1_34' title="bbox 252 3414 1837 3489">
     <span class='ocr_line' id='line_1_34' title="bbox 252 3414 1837 3489; baseline -0.003 -15"><span class='ocrx_word' id='word_1_242' title='bbox 252 3433 512 3489; x_wconf 63' lang='lat' dir='ltr'><strong>praesens,</strong></span> <span class='ocrx_word' id='word_1_243' title='bbox 537 3433 696 3487; x_wconf 90' lang='lat' dir='ltr'><strong>quam</strong></span> <span class='ocrx_word' id='word_1_244' title='bbox 716 3415 927 3481; x_wconf 82' lang='lat' dir='ltr'><strong>videtis,</strong></span> <span class='ocrx_word' id='word_1_245' title='bbox 954 3414 1170 3469; x_wconf 88' lang='lat' dir='ltr'><strong>audacia</strong></span> <span class='ocrx_word' id='word_1_246' title='bbox 1199 3415 1542 3484; x_wconf 89' lang='lat' dir='ltr'><strong>perditorum.</strong></span> <span class='ocrx_word' id='word_1_247' title='bbox 1567 3415 1837 3484; x_wconf 78' lang='lat' dir='ltr'><strong>Agnosca-</strong></span> 
     </span>
    </p>
   </div>
   <div class='ocr_carea' id='block_1_35' title="bbox 252 3506 1839 3576">
    <p class='ocr_par' dir='ltr' id='par_1_35' title="bbox 252 3506 1839 3576">
     <span class='ocr_line' id='line_1_35' title="bbox 252 3506 1839 3576; baseline -0.003 -12"><span class='ocrx_word' id='word_1_248' title='bbox 252 3526 368 3566; x_wconf 80' lang='lat' dir='ltr'><strong>mus</strong></span> <span class='ocrx_word' id='word_1_249' title='bbox 397 3525 582 3564; x_wconf 87' lang='lat' dir='ltr'><strong>arcam</strong></span> <span class='ocrx_word' id='word_1_250' title='bbox 614 3509 757 3562; x_wconf 89' lang='lat' dir='ltr'><strong>illam</strong></span> <span class='ocrx_word' id='word_1_251' title='bbox 783 3522 902 3576; x_wconf 70' lang='lat' dir='ltr'><strong>qua:</strong></span> <span class='ocrx_word' id='word_1_252' title='bbox 944 3507 1300 3576; x_wconf 65' lang='lat' dir='ltr'><strong>praeliguravit</strong></span> <span class='ocrx_word' id='word_1_253' title='bbox 1333 3506 1624 3560; x_wconf 75' lang='lat' dir='ltr'><strong>Ecclesium</strong></span> <span class='ocrx_word' id='word_1_254' title='bbox 1646 3525 1657 3558; x_wconf 89' lang='lat'><strong>:</strong></span> <span class='ocrx_word' id='word_1_255' title='bbox 1681 3506 1839 3560; x_wconf 91' lang='lat' dir='ltr'><strong>simul</strong></span> 
     </span>
    </p>
   </div>
   <div class='ocr_carea' id='block_1_36' title="bbox 253 3597 1837 3664">
    <p class='ocr_par' dir='ltr' id='par_1_36' title="bbox 253 3597 1837 3664">
     <span class='ocr_line' id='line_1_36' title="bbox 253 3597 1837 3664; baseline -0.004 -7"><span class='ocrx_word' id='word_1_256' title='bbox 253 3602 356 3657; x_wconf 87' lang='lat' dir='ltr'><strong>illic</strong></span> <span class='ocrx_word' id='word_1_257' title='bbox 378 3601 581 3656; x_wconf 87' lang='lat' dir='ltr'><strong>munda</strong></span> <span class='ocrx_word' id='word_1_258' title='bbox 603 3599 849 3654; x_wconf 84' lang='lat' dir='ltr'><strong>animalia</strong></span> <span class='ocrx_word' id='word_1_259' title='bbox 875 3599 1070 3664; x_wconf 89' lang='lat' dir='ltr'><strong>simus;</strong></span> <span class='ocrx_word' id='word_1_260' title='bbox 1107 3613 1204 3652; x_wconf 91' lang='lat' dir='ltr'><strong>nec</strong></span> <span class='ocrx_word' id='word_1_261' title='bbox 1229 3599 1280 3650; x_wconf 92' lang='lat' dir='ltr'><strong>in</strong></span> <span class='ocrx_word' id='word_1_262' title='bbox 1303 3613 1363 3651; x_wconf 82' lang='lat' dir='ltr'><strong>ea</strong></span> <span class='ocrx_word' id='word_1_263' title='bbox 1387 3597 1657 3650; x_wconf 89' lang='lat' dir='ltr'><strong>nobiscum</strong></span> <span class='ocrx_word' id='word_1_264' title='bbox 1679 3598 1837 3652; x_wconf 87' lang='lat' dir='ltr'><strong>etiam</strong></span> 
     </span>
    </p>
   </div>
   <div class='ocr_carea' id='block_1_37' title="bbox 254 3688 1836 3762">
    <p class='ocr_par' dir='ltr' id='par_1_37' title="bbox 254 3688 1836 3762">
     <span class='ocr_line' id='line_1_37' title="bbox 254 3688 1836 3762; baseline -0.004 -13"><span class='ocrx_word' id='word_1_265' title='bbox 254 3693 530 3749; x_wconf 88' lang='lat' dir='ltr'><strong>immunda</strong></span> <span class='ocrx_word' id='word_1_266' title='bbox 563 3691 760 3762; x_wconf 88' lang='lat' dir='ltr'><strong>portari</strong></span> <span class='ocrx_word' id='word_1_267' title='bbox 790 3706 957 3760; x_wconf 89' lang='lat' dir='ltr'><strong>usque</strong></span> <span class='ocrx_word' id='word_1_268' title='bbox 985 3690 1036 3743; x_wconf 93' lang='lat' dir='ltr'><strong>in</strong></span> <span class='ocrx_word' id='word_1_269' title='bbox 1083 3689 1242 3743; x_wconf 81' lang='lat' dir='ltr'><strong>tinem</strong></span> <span class='ocrx_word' id='word_1_270' title='bbox 1287 3688 1466 3742; x_wconf 86' lang='lat' dir='ltr'><strong>diluvii</strong></span> <span class='ocrx_word' id='word_1_271' title='bbox 1512 3703 1836 3744; x_wconf 84' lang='lat' dir='ltr'><strong>recusemus.</strong></span> 
     </span>
    </p>
   </div>
   <div class='ocr_carea' id='block_1_38' title="bbox 255 3778 1839 3848">
    <p class='ocr_par' dir='ltr' id='par_1_38' title="bbox 255 3778 1839 3848">
     <span class='ocr_line' id='line_1_38' title="bbox 255 3778 1839 3848; baseline -0.006 -7"><span class='ocrx_word' id='word_1_272' title='bbox 255 3785 422 3841; x_wconf 84' lang='lat' dir='ltr'><strong>Simul</strong></span> <span class='ocrx_word' id='word_1_273' title='bbox 453 3786 508 3838; x_wconf 92' lang='lat' dir='ltr'><strong>in</strong></span> <span class='ocrx_word' id='word_1_274' title='bbox 536 3798 660 3838; x_wconf 88' lang='lat' dir='ltr'><strong>arca</strong></span> <span class='ocrx_word' id='word_1_275' title='bbox 689 3781 920 3848; x_wconf 86' lang='lat' dir='ltr'><strong>fuerunt,</strong></span> <span class='ocrx_word' id='word_1_276' title='bbox 950 3780 1045 3835; x_wconf 91' lang='lat' dir='ltr'><strong>sed</strong></span> <span class='ocrx_word' id='word_1_277' title='bbox 1067 3795 1170 3834; x_wconf 93' lang='lat' dir='ltr'><strong>non</strong></span> <span class='ocrx_word' id='word_1_278' title='bbox 1189 3780 1346 3833; x_wconf 90' lang='lat' dir='ltr'><strong>simul</strong></span> <span class='ocrx_word' id='word_1_279' title='bbox 1373 3779 1596 3833; x_wconf 89' lang='lat' dir='ltr'><strong>Domino</strong></span> <span class='ocrx_word' id='word_1_280' title='bbox 1623 3778 1674 3832; x_wconf 91' lang='lat' dir='ltr'><strong>in</strong></span> <span class='ocrx_word' id='word_1_281' title='bbox 1704 3780 1839 3833; x_wconf 88' lang='lat' dir='ltr'><strong>odo-</strong></span> 
     </span>
    </p>
   </div>
   <div class='ocr_carea' id='block_1_39' title="bbox 253 3868 1835 3940">
    <p class='ocr_par' dir='ltr' id='par_1_39' title="bbox 253 3868 1835 3940">
     <span class='ocr_line' id='line_1_39' title="bbox 253 3868 1835 3940; baseline -0.007 -8"><span class='ocrx_word' id='word_1_282' title='bbox 253 3893 361 3932; x_wconf 88' lang='lat' dir='ltr'><strong>rem</strong></span> <span class='ocrx_word' id='word_1_283' title='bbox 389 3874 642 3930; x_wconf 83' lang='lat' dir='ltr'><strong>sacrilicii</strong></span> <span class='ocrx_word' id='word_1_284' title='bbox 667 3874 733 3928; x_wconf 90' lang='lat' dir='ltr'><strong>de</strong></span> <span class='ocrx_word' id='word_1_285' title='bbox 755 3872 1040 3928; x_wconf 90' lang='lat' dir='ltr'><strong>immundis</strong></span> <span class='ocrx_word' id='word_1_286' title='bbox 1065 3870 1382 3926; x_wconf 89' lang='lat' dir='ltr'><strong>obtulitNoe</strong></span> <span class='ocrx_word' id='word_1_287' title='bbox 1408 3868 1556 3940; x_wconf 79' lang='lat' dir='ltr'><strong>(Gen.</strong></span> <span class='ocrx_word' id='word_1_288' title='bbox 1583 3885 1673 3934; x_wconf 87' lang='lat' dir='ltr'><strong>vn,</strong></span> <span class='ocrx_word' id='word_1_289' title='bbox 1699 3871 1835 3938; x_wconf 91' lang='lat' dir='ltr'><strong>vm).</strong></span> 
     </span>
    </p>
   </div>
   <div class='ocr_carea' id='block_1_40' title="bbox 253 3965 1840 4035">
    <p class='ocr_par' dir='ltr' id='par_1_40' title="bbox 253 3965 1840 4035">
     <span class='ocr_line' id='line_1_40' title="bbox 253 3965 1840 4035; baseline -0.005 -9"><span class='ocrx_word' id='word_1_290' title='bbox 253 3971 360 4026; x_wconf 85' lang='lat' dir='ltr'><strong>Nec</strong></span> <span class='ocrx_word' id='word_1_291' title='bbox 390 3971 513 4025; x_wconf 88' lang='lat' dir='ltr'><strong>ideo</strong></span> <span class='ocrx_word' id='word_1_292' title='bbox 544 3978 721 4023; x_wconf 89' lang='lat' dir='ltr'><strong>tamen</strong></span> <span class='ocrx_word' id='word_1_293' title='bbox 742 3983 771 4021; x_wconf 90' lang='lat' dir='ltr'><strong>a</strong></span> <span class='ocrx_word' id='word_1_294' title='bbox 801 3966 1010 4021; x_wconf 91' lang='lat' dir='ltr'><strong>mundis</strong></span> <span class='ocrx_word' id='word_1_295' title='bbox 1036 3965 1300 4035; x_wconf 90' lang='lat' dir='ltr'><strong>aliquibus</strong></span> <span class='ocrx_word' id='word_1_296' title='bbox 1328 3979 1451 4019; x_wconf 88' lang='lat' dir='ltr'><strong>arca</strong></span> <span class='ocrx_word' id='word_1_297' title='bbox 1477 3975 1600 4018; x_wconf 87' lang='lat' dir='ltr'><strong>ante</strong></span> <span class='ocrx_word' id='word_1_298' title='bbox 1632 3973 1840 4034; x_wconf 86' lang='lat' dir='ltr'><strong>tempus</strong></span> 
     </span>
    </p>
   </div>
   <div class='ocr_carea' id='block_1_41' title="bbox 257 4053 1838 4132">
    <p class='ocr_par' dir='ltr' id='par_1_41' title="bbox 257 4053 1838 4132">
     <span class='ocr_line' id='line_1_41' title="bbox 257 4053 1838 4132; baseline -0.003 -18"><span class='ocrx_word' id='word_1_299' title='bbox 257 4071 474 4132; x_wconf 87' lang='lat' dir='ltr'><strong>propter</strong></span> <span class='ocrx_word' id='word_1_300' title='bbox 520 4057 788 4112; x_wconf 90' lang='lat' dir='ltr'><strong>immunda</strong></span> <span class='ocrx_word' id='word_1_301' title='bbox 826 4056 1035 4112; x_wconf 88' lang='lat' dir='ltr'><strong>deserta</strong></span> <span class='ocrx_word' id='word_1_302' title='bbox 1066 4063 1167 4110; x_wconf 90' lang='lat' dir='ltr'><strong>est.</strong></span> <span class='ocrx_word' id='word_1_303' title='bbox 1197 4053 1401 4109; x_wconf 88' lang='lat' dir='ltr'><strong>Corvus</strong></span> <span class='ocrx_word' id='word_1_304' title='bbox 1442 4063 1643 4108; x_wconf 89' lang='lat' dir='ltr'><strong>tantum</strong></span> <span class='ocrx_word' id='word_1_305' title='bbox 1680 4053 1838 4109; x_wconf 85' lang='lat' dir='ltr'><strong>dese—</strong></span> 
     </span>
    </p>
   </div>
   <div class='ocr_carea' id='block_1_42' title="bbox 257 4143 1841 4216">
    <p class='ocr_par' dir='ltr' id='par_1_42' title="bbox 257 4143 1841 4216">
     <span class='ocr_line' id='line_1_42' title="bbox 257 4143 1841 4216; baseline -0.004 -15"><span class='ocrx_word' id='word_1_306' title='bbox 257 4153 378 4216; x_wconf 86' lang='lat' dir='ltr'><strong>ruit,</strong></span> <span class='ocrx_word' id='word_1_307' title='bbox 411 4159 468 4206; x_wconf 87' lang='lat' dir='ltr'><strong>et</strong></span> <span class='ocrx_word' id='word_1_308' title='bbox 494 4165 555 4204; x_wconf 90' lang='lat' dir='ltr'><strong>se</strong></span> <span class='ocrx_word' id='word_1_309' title='bbox 596 4161 718 4204; x_wconf 89' lang='lat' dir='ltr'><strong>ante</strong></span> <span class='ocrx_word' id='word_1_310' title='bbox 763 4157 969 4215; x_wconf 89' lang='lat' dir='ltr'><strong>tempus</strong></span> <span class='ocrx_word' id='word_1_311' title='bbox 1007 4145 1074 4198; x_wconf 91' lang='lat' dir='ltr'><strong>ab</strong></span> <span class='ocrx_word' id='word_1_312' title='bbox 1117 4144 1260 4198; x_wconf 86' lang='lat' dir='ltr'><strong>illius</strong></span> <span class='ocrx_word' id='word_1_313' title='bbox 1299 4159 1438 4197; x_wconf 79' lang='lat' dir='ltr'><strong>arcae</strong></span> <span class='ocrx_word' id='word_1_314' title='bbox 1466 4143 1841 4196; x_wconf 86' lang='lat' dir='ltr'><strong>communione</strong></span> 
     </span>
    </p>
   </div>
   <div class='ocr_carea' id='block_1_43' title="bbox 256 4235 1840 4311">
    <p class='ocr_par' dir='ltr' id='par_1_43' title="bbox 256 4235 1840 4311">
     <span class='ocr_line' id='line_1_43' title="bbox 256 4235 1840 4311; baseline -0.006 -14"><span class='ocrx_word' id='word_1_315' title='bbox 256 4243 556 4311; x_wconf 82' lang='lat' dir='ltr'><strong>separavit;</strong></span> <span class='ocrx_word' id='word_1_316' title='bbox 585 4240 678 4294; x_wconf 89' lang='lat' dir='ltr'><strong>sed</strong></span> <span class='ocrx_word' id='word_1_317' title='bbox 720 4239 786 4293; x_wconf 92' lang='lat' dir='ltr'><strong>de</strong></span> <span class='ocrx_word' id='word_1_318' title='bbox 832 4238 971 4291; x_wconf 90' lang='lat' dir='ltr'><strong>binis</strong></span> <span class='ocrx_word' id='word_1_319' title='bbox 1016 4235 1322 4300; x_wconf 90' lang='lat' dir='ltr'><strong>immundis,</strong></span> <span class='ocrx_word' id='word_1_320' title='bbox 1358 4251 1460 4289; x_wconf 91' lang='lat' dir='ltr'><strong>non</strong></span> <span class='ocrx_word' id='word_1_321' title='bbox 1501 4235 1568 4290; x_wconf 91' lang='lat' dir='ltr'><strong>de</strong></span> <span class='ocrx_word' id='word_1_322' title='bbox 1607 4237 1840 4303; x_wconf 87' lang='lat' dir='ltr'><strong>septenis</strong></span> 
     </span>
    </p>
   </div>
   <div class='ocr_carea' id='block_1_44' title="bbox 257 4325 1859 4400">
    <p class='ocr_par' dir='ltr' id='par_1_44' title="bbox 257 4325 1859 4400">
     <span class='ocr_line' id='line_1_44' title="bbox 257 4325 1859 4400; baseline -0.006 -11"><span class='ocrx_word' id='word_1_323' title='bbox 257 4335 469 4390; x_wconf 89' lang='lat' dir='ltr'><strong>mundis</strong></span> <span class='ocrx_word' id='word_1_324' title='bbox 495 4333 630 4386; x_wconf 82' lang='lat' dir='ltr'><strong>fuit:</strong></span> <span class='ocrx_word' id='word_1_325' title='bbox 662 4331 813 4400; x_wconf 84' lang='lat' dir='ltr'><strong>hujus</strong></span> <span class='ocrx_word' id='word_1_326' title='bbox 857 4327 1208 4398; x_wconf 88' lang='lat' dir='ltr'><strong>separationis</strong></span> <span class='ocrx_word' id='word_1_327' title='bbox 1254 4325 1642 4380; x_wconf 90' lang='lat' dir='ltr'><strong>immunditiam</strong></span> <span class='ocrx_word' id='word_1_328' title='bbox 1694 4325 1859 4380; x_wconf 88' lang='lat' dir='ltr'><strong>dete-.</strong></span> 
     </span>
    </p>
   </div>
   <div class='ocr_carea' id='block_1_45' title="bbox 257 4414 1860 4492">
    <p class='ocr_par' dir='ltr' id='par_1_45' title="bbox 257 4414 1860 4492">
     <span class='ocr_line' id='line_1_45' title="bbox 257 4414 1860 4492; baseline -0.006 -14"><span class='ocrx_word' id='word_1_329' title='bbox 257 4414 477 4483; x_wconf 70' lang='lat' dir='ltr'><strong>steniur.</strong></span> <span class='ocrx_word' id='word_1_330' title='bbox 503 4423 637 4477; x_wconf 79' lang='lat' dir='ltr'><strong>Nam</strong></span> <span class='ocrx_word' id='word_1_331' title='bbox 667 4423 986 4492; x_wconf 88' lang='lat' dir='ltr'><strong>quicumque</strong></span> <span class='ocrx_word' id='word_1_332' title='bbox 1030 4418 1224 4472; x_wconf 87' lang='lat' dir='ltr'><strong>talibus</strong></span> <span class='ocrx_word' id='word_1_333' title='bbox 1266 4416 1503 4470; x_wconf 87' lang='lat' dir='ltr'><strong>moribus</strong></span> <span class='ocrx_word' id='word_1_334' title='bbox 1551 4415 1860 4492; x_wconf 26' lang='lat' dir='ltr'><strong>laudabiles.</strong></span> 
     </span>
    </p>
   </div>
   <div class='ocr_carea' id='block_1_46' title="bbox 259 4507 1838 4584">
    <p class='ocr_par' dir='ltr' id='par_1_46' title="bbox 259 4507 1838 4584">
     <span class='ocr_line' id='line_1_46' title="bbox 259 4507 1838 4584; baseline -0.009 -12"><span class='ocrx_word' id='word_1_335' title='bbox 259 4529 399 4584; x_wconf 83' lang='lat' dir='ltr'><strong>sunt,</strong></span> <span class='ocrx_word' id='word_1_336' title='bbox 424 4516 552 4571; x_wconf 81' lang='lat' dir='ltr'><strong>facit</strong></span> <span class='ocrx_word' id='word_1_337' title='bbox 593 4530 690 4570; x_wconf 88' lang='lat' dir='ltr'><strong>eos</strong></span> <span class='ocrx_word' id='word_1_338' title='bbox 736 4513 849 4568; x_wconf 91' lang='lat' dir='ltr'><strong>sola</strong></span> <span class='ocrx_word' id='word_1_339' title='bbox 885 4511 1150 4581; x_wconf 87' lang='lat' dir='ltr'><strong>separatio</strong></span> <span class='ocrx_word' id='word_1_340' title='bbox 1194 4510 1290 4564; x_wconf 90' lang='lat' dir='ltr'><strong>ista</strong></span> <span class='ocrx_word' id='word_1_341' title='bbox 1329 4507 1838 4575; x_wconf 77' lang='lat' dir='ltr'><strong>damnabileszqnia</strong></span> 
     </span>
    </p>
   </div>
   <div class='ocr_carea' id='block_1_47' title="bbox 258 4600 1840 4676">
    <p class='ocr_par' dir='ltr' id='par_1_47' title="bbox 258 4600 1840 4676">
     <span class='ocr_line' id='line_1_47' title="bbox 258 4600 1840 4676; baseline -0.009 -12"><span class='ocrx_word' id='word_1_342' title='bbox 258 4611 394 4665; x_wconf 76' lang='lat' dir='ltr'><strong>(ilius</strong></span> <span class='ocrx_word' id='word_1_343' title='bbox 425 4609 600 4663; x_wconf 86' lang='lat' dir='ltr'><strong>malus</strong></span> <span class='ocrx_word' id='word_1_344' title='bbox 624 4608 737 4676; x_wconf 89' lang='lat' dir='ltr'><strong>ipse</strong></span> <span class='ocrx_word' id='word_1_345' title='bbox 766 4621 824 4659; x_wconf 91' lang='lat' dir='ltr'><strong>se</strong></span> <span class='ocrx_word' id='word_1_346' title='bbox 845 4605 1044 4672; x_wconf 84' lang='lat' dir='ltr'><strong>justum</strong></span> <span class='ocrx_word' id='word_1_347' title='bbox 1075 4601 1220 4665; x_wconf 90' lang='lat' dir='ltr'><strong>dicit,</strong></span> <span class='ocrx_word' id='word_1_348' title='bbox 1252 4600 1448 4653; x_wconf 79' lang='lat' dir='ltr'><strong>exitum</strong></span> <span class='ocrx_word' id='word_1_349' title='bbox 1475 4606 1652 4652; x_wconf 91' lang='lat' dir='ltr'><strong>autem</strong></span> <span class='ocrx_word' id='word_1_350' title='bbox 1685 4611 1840 4650; x_wconf 91' lang='lat' dir='ltr'><strong>suum</strong></span> 
     </span>
    </p>
   </div>
   <div class='ocr_carea' id='block_1_48' title="bbox 260 4688 1844 4767">
    <p class='ocr_par' dir='ltr' id='par_1_48' title="bbox 260 4688 1844 4767">
     <span class='ocr_line' id='line_1_48' title="bbox 260 4688 1844 4767; baseline -0.011 -12"><span class='ocrx_word' id='word_1_351' title='bbox 260 4718 360 4755; x_wconf 88' lang='lat' dir='ltr'><strong>non</strong></span> <span class='ocrx_word' id='word_1_352' title='bbox 385 4700 594 4762; x_wconf 88' lang='lat' dir='ltr'><strong>abluit;</strong></span> <span class='ocrx_word' id='word_1_353' title='bbox 629 4696 868 4767; x_wconf 87' lang='lat' dir='ltr'><strong>quamvis</strong></span> <span class='ocrx_word' id='word_1_354' title='bbox 898 4694 1186 4748; x_wconf 88' lang='lat' dir='ltr'><strong>insolenter</strong></span> <span class='ocrx_word' id='word_1_355' title='bbox 1216 4691 1384 4744; x_wconf 86' lang='lat' dir='ltr'><strong>elatus</strong></span> <span class='ocrx_word' id='word_1_356' title='bbox 1417 4697 1469 4743; x_wconf 91' lang='lat' dir='ltr'><strong>ct</strong></span> <span class='ocrx_word' id='word_1_357' title='bbox 1496 4688 1606 4757; x_wconf 87' lang='lat' dir='ltr'><strong>ipse</strong></span> <span class='ocrx_word' id='word_1_358' title='bbox 1636 4704 1731 4740; x_wconf 84' lang='lat' dir='ltr'><strong>sua</strong></span> <span class='ocrx_word' id='word_1_359' title='bbox 1762 4695 1844 4740; x_wconf 87' lang='lat' dir='ltr'><strong>tu-</strong></span> 
     </span>
    </p>
   </div>
   <div class='ocr_carea' id='block_1_49' title="bbox 258 4778 1843 4852">
    <p class='ocr_par' dir='ltr' id='par_1_49' title="bbox 258 4778 1843 4852">
     <span class='ocr_line' id='line_1_49' title="bbox 258 4778 1843 4852; baseline -0.01 -6"><span class='ocrx_word' id='word_1_360' title='bbox 258 4808 404 4848; x_wconf 87' lang='lat' dir='ltr'><strong>more</strong></span> <span class='ocrx_word' id='word_1_361' title='bbox 425 4798 660 4845; x_wconf 67' lang='lat' dir='ltr'><strong>cmcatus</strong></span> <span class='ocrx_word' id='word_1_362' title='bbox 676 4787 868 4841; x_wconf 88' lang='lat' dir='ltr'><strong>audeat</strong></span> <span class='ocrx_word' id='word_1_363' title='bbox 883 4786 1078 4848; x_wconf 85' lang='lat' dir='ltr'><strong>dicere,</strong></span> <span class='ocrx_word' id='word_1_364' title='bbox 1103 4783 1243 4852; x_wconf 90' lang='lat' dir='ltr'><strong>quod</strong></span> <span class='ocrx_word' id='word_1_365' title='bbox 1264 4780 1523 4849; x_wconf 83' lang='lat' dir='ltr'><strong>Propheta</strong></span> <span class='ocrx_word' id='word_1_366' title='bbox 1547 4778 1843 4848; x_wconf 70' lang='lat' dir='ltr'><strong>praevidens</strong></span> 
     </span>
    </p>
   </div>
   <div class='ocr_carea' id='block_1_50' title="bbox 259 4869 1838 4946">
    <p class='ocr_par' dir='ltr' id='par_1_50' title="bbox 259 4869 1838 4946">
     <span class='ocr_line' id='line_1_50' title="bbox 259 4869 1838 4946; baseline -0.013 -6"><span class='ocrx_word' id='word_1_367' title='bbox 259 4888 554 4940; x_wconf 84' lang='lat' dir='ltr'><strong>detestatus</strong></span> <span class='ocrx_word' id='word_1_368' title='bbox 571 4889 685 4936; x_wconf 86' lang='lat' dir='ltr'><strong>est:</strong></span> <span class='ocrx_word' id='word_1_369' title='bbox 712 4878 838 4932; x_wconf 86' lang='lat' dir='ltr'><strong>Noli</strong></span> <span class='ocrx_word' id='word_1_370' title='bbox 860 4895 935 4932; x_wconf 86' lang='lat' dir='ltr'><strong>me</strong></span> <span class='ocrx_word' id='word_1_371' title='bbox 953 4869 1175 4946; x_wconf 23' lang='lat' dir='ltr'><strong>tan-gere,</strong></span> <span class='ocrx_word' id='word_1_372' title='bbox 1194 4874 1431 4944; x_wconf 90' lang='lat' dir='ltr'><strong>quoniam</strong></span> <span class='ocrx_word' id='word_1_373' title='bbox 1457 4870 1672 4924; x_wconf 87' lang='lat' dir='ltr'><strong>mundus</strong></span> <span class='ocrx_word' id='word_1_374' title='bbox 1709 4886 1838 4922; x_wconf 87' lang='lat' dir='ltr'><strong>sum.</strong></span> 
     </span>
    </p>
   </div>
   <div class='ocr_carea' id='block_1_51' title="bbox 260 4961 1845 5048">
    <p class='ocr_par' dir='ltr' id='par_1_51' title="bbox 260 4961 1845 5048">
     <span class='ocr_line' id='line_1_51' title="bbox 260 4961 1845 5048; baseline -0.011 -20"><span class='ocrx_word' id='word_1_375' title='bbox 260 4977 409 5048; x_wconf 70' lang='lat' dir='ltr'><strong>(leui.</strong></span> <span class='ocrx_word' id='word_1_376' title='bbox 431 4971 628 5045; x_wconf 77' lang='lat' dir='ltr'><strong>uv,5)</strong></span> <span class='ocrx_word' id='word_1_377' title='bbox 644 4970 893 5038; x_wconf 78' lang='lat' dir='ltr'><strong>Quisquis</strong></span> <span class='ocrx_word' id='word_1_378' title='bbox 922 4981 1048 5038; x_wconf 82' lang='lat' dir='ltr'><strong>ergo</strong></span> <span class='ocrx_word' id='word_1_379' title='bbox 1074 4973 1196 5019; x_wconf 92' lang='lat' dir='ltr'><strong>ante</strong></span> <span class='ocrx_word' id='word_1_380' title='bbox 1227 4974 1432 5032; x_wconf 89' lang='lat' dir='ltr'><strong>tempus</strong></span> <span class='ocrx_word' id='word_1_381' title='bbox 1460 4961 1603 5014; x_wconf 88' lang='lat' dir='ltr'><strong>velut</strong></span> <span class='ocrx_word' id='word_1_382' title='bbox 1630 4970 1845 5028; x_wconf 85' lang='lat' dir='ltr'><strong>prepter</strong></span> 
     </span>
    </p>
   </div>
   <div class='ocr_carea' id='block_1_52' title="bbox 259 5050 1847 5137">
    <p class='ocr_par' dir='ltr' id='par_1_52' title="bbox 259 5050 1847 5137">
     <span class='ocr_line' id='line_1_52' title="bbox 259 5050 1847 5137; baseline -0.011 -17"><span class='ocrx_word' id='word_1_383' title='bbox 259 5067 611 5137; x_wconf 88' lang='lat' dir='ltr'><strong>quorumdam</strong></span> <span class='ocrx_word' id='word_1_384' title='bbox 625 5061 1031 5122; x_wconf 88' lang='lat' dir='ltr'><strong>immunditiam,</strong></span> <span class='ocrx_word' id='word_1_385' title='bbox 1049 5056 1507 5128; x_wconf 82' lang='lat' dir='ltr'><strong>congregationem</strong></span> <span class='ocrx_word' id='word_1_386' title='bbox 1527 5053 1681 5121; x_wconf 79' lang='lat' dir='ltr'><strong>hujus</strong></span> <span class='ocrx_word' id='word_1_387' title='bbox 1695 5050 1847 5104; x_wconf 80' lang='lat' dir='ltr'><strong>deSe-</strong></span> 
     </span>
    </p>
   </div>
   <div class='ocr_carea' id='block_1_53' title="bbox 262 5143 1844 5224">
    <p class='ocr_par' dir='ltr' id='par_1_53' title="bbox 262 5143 1844 5224">
     <span class='ocr_line' id='line_1_53' title="bbox 262 5143 1844 5224; baseline -0.012 -10"><span class='ocrx_word' id='word_1_388' title='bbox 262 5161 325 5214; x_wconf 88' lang='lat' dir='ltr'><strong>rit</strong></span> <span class='ocrx_word' id='word_1_389' title='bbox 356 5159 598 5223; x_wconf 88' lang='lat' dir='ltr'><strong>unitatis,</strong></span> <span class='ocrx_word' id='word_1_390' title='bbox 627 5164 872 5224; x_wconf 88' lang='lat' dir='ltr'><strong>tanquam</strong></span> <span class='ocrx_word' id='word_1_391' title='bbox 913 5165 1088 5204; x_wconf 89' lang='lat' dir='ltr'><strong>arcam</strong></span> <span class='ocrx_word' id='word_1_392' title='bbox 1122 5149 1172 5201; x_wconf 92' lang='lat' dir='ltr'><strong>in</strong></span> <span class='ocrx_word' id='word_1_393' title='bbox 1199 5147 1417 5209; x_wconf 90' lang='lat' dir='ltr'><strong>diluvio,</strong></span> <span class='ocrx_word' id='word_1_394' title='bbox 1457 5143 1650 5198; x_wconf 89' lang='lat' dir='ltr'><strong>munda</strong></span> <span class='ocrx_word' id='word_1_395' title='bbox 1687 5153 1844 5211; x_wconf 88' lang='lat' dir='ltr'><strong>atque</strong></span> 
     </span>
    </p>
   </div>
   <div class='ocr_carea' id='block_1_54' title="bbox 264 5233 1846 5316">
    <p class='ocr_par' dir='ltr' id='par_1_54' title="bbox 264 5233 1846 5316">
     <span class='ocr_line' id='line_1_54' title="bbox 264 5233 1846 5316; baseline -0.011 -13"><span class='ocrx_word' id='word_1_396' title='bbox 264 5249 534 5305; x_wconf 87' lang='lat' dir='ltr'><strong>immunda</strong></span> <span class='ocrx_word' id='word_1_397' title='bbox 583 5255 898 5316; x_wconf 87' lang='lat' dir='ltr'><strong>portantem,</strong></span> <span class='ocrx_word' id='word_1_398' title='bbox 918 5241 1146 5296; x_wconf 81' lang='lat' dir='ltr'><strong>ostendit</strong></span> <span class='ocrx_word' id='word_1_399' title='bbox 1170 5254 1227 5294; x_wconf 92' lang='lat' dir='ltr'><strong>se</strong></span> <span class='ocrx_word' id='word_1_400' title='bbox 1251 5239 1425 5309; x_wconf 90' lang='lat' dir='ltr'><strong>potius</strong></span> <span class='ocrx_word' id='word_1_401' title='bbox 1448 5236 1548 5289; x_wconf 80' lang='lat' dir='ltr'><strong>hoc</strong></span> <span class='ocrx_word' id='word_1_402' title='bbox 1573 5233 1846 5303; x_wconf 89' lang='lat' dir='ltr'><strong>essequod</strong></span> 
     </span>
    </p>
   </div>
   <div class='ocr_carea' id='block_1_55' title="bbox 265 5324 1847 5414">
    <p class='ocr_par' dir='ltr' id='par_1_55' title="bbox 265 5324 1847 5414">
     <span class='ocr_line' id='line_1_55' title="bbox 265 5324 1847 5414; baseline -0.013 -17"><span class='ocrx_word' id='word_1_403' title='bbox 265 5344 416 5414; x_wconf 74' lang='lat' dir='ltr'><strong>fugit.</strong></span> <span class='ocrx_word' id='word_1_404' title='bbox 449 5341 566 5397; x_wconf 81' lang='lat' dir='ltr'><strong>Hoc</strong></span> <span class='ocrx_word' id='word_1_405' title='bbox 589 5339 756 5394; x_wconf 85' lang='lat' dir='ltr'><strong>voluit</strong></span> <span class='ocrx_word' id='word_1_406' title='bbox 785 5335 1056 5398; x_wconf 90' lang='lat' dir='ltr'><strong>Dominus,</strong></span> <span class='ocrx_word' id='word_1_407' title='bbox 1090 5341 1144 5386; x_wconf 93' lang='lat' dir='ltr'><strong>ut</strong></span> <span class='ocrx_word' id='word_1_408' title='bbox 1173 5341 1224 5385; x_wconf 90' lang='lat' dir='ltr'><strong>et</strong></span> <span class='ocrx_word' id='word_1_409' title='bbox 1255 5331 1304 5383; x_wconf 89' lang='lat' dir='ltr'><strong>in</strong></span> <span class='ocrx_word' id='word_1_410' title='bbox 1335 5329 1432 5382; x_wconf 88' lang='lat' dir='ltr'><strong>hac</strong></span> <span class='ocrx_word' id='word_1_411' title='bbox 1459 5325 1672 5381; x_wconf 87' lang='lat' dir='ltr'><strong>civitate</strong></span> <span class='ocrx_word' id='word_1_412' title='bbox 1698 5324 1847 5395; x_wconf 86' lang='lat' dir='ltr'><strong>plebs</strong></span> 
     </span>
    </p>
   </div>
   <div class='ocr_carea' id='block_1_56' title="bbox 267 5429 977 5502">
    <p class='ocr_par' dir='ltr' id='par_1_56' title="bbox 267 5429 977 5502">
     <span class='ocr_line' id='line_1_56' title="bbox 267 5429 977 5502; baseline -0.013 -14"><span class='ocrx_word' id='word_1_413' title='bbox 267 5444 350 5488; x_wconf 78' lang='lat' dir='ltr'><strong>tua</strong></span> <span class='ocrx_word' id='word_1_414' title='bbox 382 5449 478 5502; x_wconf 84' lang='lat' dir='ltr'><strong>per</strong></span> <span class='ocrx_word' id='word_1_415' title='bbox 500 5447 562 5485; x_wconf 91' lang='lat' dir='ltr'><strong>os</strong></span> <span class='ocrx_word' id='word_1_416' title='bbox 586 5429 977 5499; x_wconf 87' lang='lat' dir='ltr'><strong>cujusdam.....</strong></span> 
     </span>
    </p>
   </div>
   <div class='ocr_carea' id='block_1_57' title="bbox 327 5521 1824 5581">
    <p class='ocr_par' dir='ltr' id='par_1_57' title="bbox 327 5521 1824 5581">
     <span class='ocr_line' id='line_1_57' title="bbox 327 5521 1824 5581; baseline 0.016 -14"><span class='ocrx_word' id='word_1_417' title='bbox 327 5526 344 5556; x_wconf 83' lang='grc' dir='ltr'>ι</span> <span class='ocrx_word' id='word_1_418' title='bbox 379 5521 753 5580; x_wconf 81' lang='lat' dir='ltr'><strong>mVatic.cod.,</strong></span> <span class='ocrx_word' id='word_1_419' title='bbox 785 5523 1106 5581; x_wconf 67' lang='lat' dir='ltr'><strong>Rusticantts-_</strong></span> <span class='ocrx_word' id='word_1_420' title='bbox 1305 5569 1357 5581; x_wconf 88' lang='lat'><strong>..</strong></span> <span class='ocrx_word' id='word_1_421' title='bbox 1428 5578 1464 5581; x_wconf 79' lang='lat'><strong>--</strong></span> <span class='ocrx_word' id='word_1_422' title='bbox 1677 5579 1689 5581; x_wconf 84' lang='lat'><strong>-</strong></span> <span class='ocrx_word' id='word_1_423' title='bbox 1811 5565 1824 5576; x_wconf 86' lang='lat'><strong>-</strong></span> 
     </span>
    </p>
   </div>
   <div class='ocr_carea' id='block_1_58' title="bbox 323 5566 1847 5648">
    <p class='ocr_par' dir='ltr' id='par_1_58' title="bbox 323 5566 1847 5648">
     <span class='ocr_line' id='line_1_58' title="bbox 323 5566 1847 5648; baseline -0.014 -13"><span class='ocrx_word' id='word_1_424' title='bbox 323 5589 346 5616; x_wconf 82' lang='grc'>¹</span> <span class='ocrx_word' id='word_1_425' title='bbox 377 5566 1168 5648; x_wconf 35' lang='grc' dir='ltr'><strong>ίῆεξᾷίᾲθῖεῆᾖιίἱιέιεοιριμιθξὶεξ</strong></span> <span class='ocrx_word' id='word_1_426' title='bbox 1199 5581 1266 5622; x_wconf 82' lang='lat' dir='ltr'><strong>De</strong></span> <span class='ocrx_word' id='word_1_427' title='bbox 1298 5566 1847 5648; x_wconf 26' lang='lat' dir='ltr'><strong>isto‘atjarcet‘lianchi-i:</strong></span> 
     </span>
    </p>
   </div>
   <div class='ocr_carea' id='block_1_59' title="bbox 266 5629 1849 5706">
    <p class='ocr_par' dir='ltr' id='par_1_59' title="bbox 266 5629 1849 5706">
     <span class='ocr_line' id='line_1_59' title="bbox 266 5629 1849 5706; baseline -0.016 -8"><span class='ocrx_word' id='word_1_428' title='bbox 266 5629 879 5706; x_wconf 40' lang='lat' dir='ltr'><strong>bmficcl—ejsicecolonum</strong></span> <span class='ocrx_word' id='word_1_429' title='bbox 908 5629 1047 5706; x_wconf 79' lang='lat' dir='ltr'><strong>dicis.</strong></span> <span class='ocrx_word' id='word_1_430' title='bbox 1072 5637 1162 5706; x_wconf 69' lang='lat' dir='ltr'><strong>sed</strong></span> <span class='ocrx_word' id='word_1_431' title='bbox 1187 5631 1510 5703; x_wconf 80' lang='lat' dir='ltr'><strong>expungenda</strong></span> <span class='ocrx_word' id='word_1_432' title='bbox 1531 5637 1663 5706; x_wconf 41' lang='lat' dir='ltr'><strong>stipat:</strong></span> 
     </span>
    </p>
   </div>
   <div class='ocr_carea' id='block_1_60' title="bbox 267 5691 1848 5766">
    <p class='ocr_par' dir='ltr' id='par_1_60' title="bbox 267 5691 1848 5766">
     <span class='ocr_line' id='line_1_60' title="bbox 267 5691 1848 5766; baseline -0.012 -8"><span class='ocrx_word' id='word_1_433' title='bbox 267 5691 822 5766; x_wconf 54' lang='lat' dir='ltr'><strong>iéfiiafaii&#39;éa&quot;hhhée.</strong></span> <span class='ocrx_word' id='word_1_434' title='bbox 840 5701 1027 5753; x_wconf 79' lang='lat' dir='ltr'><strong>istolain</strong></span> <span class='ocrx_word' id='word_1_435' title='bbox 1051 5691 1378 5748; x_wconf 68' lang='lat' dir='ltr'><strong>observamus</strong></span> <span class='ocrx_word' id='word_1_436' title='bbox 1403 5695 1451 5742; x_wconf 89' lang='lat' dir='ltr'><strong>in</strong></span> <span class='ocrx_word' id='word_1_437' title='bbox 1483 5691 1760 5755; x_wconf 77' lang='lat' dir='ltr'><strong>przefatioue</strong></span> <span class='ocrx_word' id='word_1_438' title='bbox 1799 5691 1848 5739; x_wconf 84' lang='lat' dir='ltr'><strong>in</strong></span> 
     </span>
    </p>
   </div>
   <div class='ocr_carea' id='block_1_61' title="bbox 266 5770 612 5821">
    <p class='ocr_par' dir='ltr' id='par_1_61' title="bbox 266 5770 612 5821">
     <span class='ocr_line' id='line_1_61' title="bbox 266 5770 612 5821; baseline -0.017 -1"><span class='ocrx_word' id='word_1_439' title='bbox 266 5770 392 5821; x_wconf 62' lang='lat' dir='ltr'><strong>hunc</strong></span> <span class='ocrx_word' id='word_1_440' title='bbox 412 5779 612 5818; x_wconf 89' lang='lat' dir='ltr'><strong>tomum.</strong></span> 
     </span>
    </p>
   </div>
   <div class='ocr_carea' id='block_1_62' title="bbox 329 5831 776 5895">
    <p class='ocr_par' dir='ltr' id='par_1_62' title="bbox 329 5831 776 5895">
     <span class='ocr_line' id='line_1_62' title="bbox 329 5831 776 5895; baseline -0.013 -13"><span class='ocrx_word' id='word_1_441' title='bbox 329 5833 402 5895; x_wconf 87' lang='lat' dir='ltr'><strong>(a)</strong></span> <span class='ocrx_word' id='word_1_442' title='bbox 425 5831 776 5881; x_wconf 73' lang='lat' dir='ltr'><strong>t‘roculeianus.</strong></span> 
     </span>
    </p>
   </div>
   <div class='ocr_carea' id='block_1_63' title="bbox 1467 370 2351 432">
    <p class='ocr_par' dir='ltr' id='par_1_63' title="bbox 1467 370 2351 432">
     <span class='ocr_line' id='line_1_63' title="bbox 1467 370 2351 432; baseline 0.005 -7"><span class='ocrx_word' id='word_1_443' title='bbox 1467 370 1938 432; x_wconf 55' lang='lat' dir='ltr'><strong>EPISTOLARUM</strong></span> <span class='ocrx_word' id='word_1_444' title='bbox 1977 373 2252 431; x_wconf 75' lang='lat' dir='ltr'><strong>CLASSIS</strong></span> <span class='ocrx_word' id='word_1_445' title='bbox 2292 377 2351 430; x_wconf 80' lang='lat' dir='ltr'><strong>ll.</strong></span> 
     </span>
    </p>
   </div>
   <div class='ocr_carea' id='block_1_64' title="bbox 3424 393 3531 449">
    <p class='ocr_par' dir='ltr' id='par_1_64' title="bbox 3424 393 3531 449">
     <span class='ocr_line' id='line_1_64' title="bbox 3424 393 3531 449; baseline 0.019 -2"><span class='ocrx_word' id='word_1_446' title='bbox 3424 393 3531 449; x_wconf 74' lang='grc' dir='ltr'><strong><em>ΜΒ</em></strong></span> 
     </span>
    </p>
   </div>
   <div class='ocr_carea' id='block_1_65' title="bbox 1946 494 3528 564">
    <p class='ocr_par' dir='ltr' id='par_1_65' title="bbox 1946 494 3528 564">
     <span class='ocr_line' id='line_1_65' title="bbox 1946 494 3528 564; baseline 0.011 -25"><span class='ocrx_word' id='word_1_447' title='bbox 1946 494 2107 554; x_wconf 84' lang='lat' dir='ltr'><strong>(\aeat</strong></span> <span class='ocrx_word' id='word_1_448' title='bbox 2127 497 2334 556; x_wconf 79' lang='lat' dir='ltr'><strong>spatium</strong></span> <span class='ocrx_word' id='word_1_449' title='bbox 2367 509 2497 564; x_wconf 56' lang='lat' dir='ltr'><strong>xvvn</strong></span> <span class='ocrx_word' id='word_1_450' title='bbox 2536 508 2763 545; x_wconf 89' lang='lat' dir='ltr'><strong>versuum</strong></span> <span class='ocrx_word' id='word_1_451' title='bbox 2803 497 2849 564; x_wconf 83' lang='lat' dir='ltr'><strong>in</strong></span> <span class='ocrx_word' id='word_1_452' title='bbox 2875 505 2953 564; x_wconf 63' lang='grc' dir='ltr'><strong>νβ.</strong></span> <span class='ocrx_word' id='word_1_453' title='bbox 2982 500 3248 564; x_wconf 74' lang='lat' dir='ltr'><strong>exemplari</strong></span> <span class='ocrx_word' id='word_1_454' title='bbox 3279 506 3528 562; x_wconf 67' lang='lat' dir='ltr'><strong>Vaticano.</strong></span> 
     </span>
    </p>
   </div>
   <div class='ocr_carea' id='block_1_66' title="bbox 2331 556 3128 624">
    <p class='ocr_par' dir='ltr' id='par_1_66' title="bbox 2331 556 3128 624">
     <span class='ocr_line' id='line_1_66' title="bbox 2331 556 3128 624; baseline 0.006 -20"><span class='ocrx_word' id='word_1_455' title='bbox 2331 556 2460 604; x_wconf 90' lang='lat' dir='ltr'><strong>unde</strong></span> <span class='ocrx_word' id='word_1_456' title='bbox 2487 565 2624 605; x_wconf 86' lang='lat' dir='ltr'><strong>eruta</strong></span> <span class='ocrx_word' id='word_1_457' title='bbox 2651 567 2724 607; x_wconf 89' lang='lat' dir='ltr'><strong>est</strong></span> <span class='ocrx_word' id='word_1_458' title='bbox 2749 559 2949 621; x_wconf 80' lang='lat' dir='ltr'><strong>epistola</strong></span> <span class='ocrx_word' id='word_1_459' title='bbox 2971 563 3128 624; x_wconf 81' lang='lat' dir='ltr'><strong>cvm).</strong></span> 
     </span>
    </p>
   </div>
   <div class='ocr_carea' id='block_1_67' title="bbox 2431 661 3061 738">
    <p class='ocr_par' dir='ltr' id='par_1_67' title="bbox 2431 661 3061 738">
     <span class='ocr_line' id='line_1_67' title="bbox 2431 661 3061 738; baseline 0.006 -23"><span class='ocrx_word' id='word_1_460' title='bbox 2431 661 2756 736; x_wconf 76' lang='lat' dir='ltr'><strong>EPISTULA</strong></span> <span class='ocrx_word' id='word_1_461' title='bbox 2797 665 2954 718; x_wconf 60' lang='lat' dir='ltr'><strong>(nx:</strong></span> <span class='ocrx_word' id='word_1_462' title='bbox 2988 667 3061 738; x_wconf 83' lang='lat' dir='ltr'><strong>(a)</strong></span> 
     </span>
    </p>
   </div>
   <div class='ocr_carea' id='block_1_68' title="bbox 1947 766 3530 838">
    <p class='ocr_par' dir='ltr' id='par_1_68' title="bbox 1947 766 3530 838">
     <span class='ocr_line' id='line_1_68' title="bbox 1947 766 3530 838; baseline 0.01 -18"><span class='ocrx_word' id='word_1_463' title='bbox 1947 766 2182 832; x_wconf 81' lang='lat' dir='ltr'><strong>Severus,</strong></span> <span class='ocrx_word' id='word_1_464' title='bbox 2216 767 2536 825; x_wconf 83' lang='lat' dir='ltr'><strong>Milevitanus</strong></span> <span class='ocrx_word' id='word_1_465' title='bbox 2580 773 2814 838; x_wconf 75' lang='lat' dir='ltr'><strong>antistes,</strong></span> <span class='ocrx_word' id='word_1_466' title='bbox 2846 778 3120 831; x_wconf 75' lang='lat' dir='ltr'><strong>maximam</strong></span> <span class='ocrx_word' id='word_1_467' title='bbox 3155 780 3530 836; x_wconf 70' lang='lat' dir='ltr'><strong>delectationem</strong></span> 
     </span>
    </p>
   </div>
   <div class='ocr_carea' id='block_1_69' title="bbox 1988 859 3526 941">
    <p class='ocr_par' dir='ltr' id='par_1_69' title="bbox 1988 859 3526 941">
     <span class='ocr_line' id='line_1_69' title="bbox 1988 859 3526 941; baseline 0.012 -32"><span class='ocrx_word' id='word_1_468' title='bbox 1988 859 2331 929; x_wconf 60' lang='lat' dir='ltr'><strong>fructumque</strong></span> <span class='ocrx_word' id='word_1_469' title='bbox 2351 877 2412 914; x_wconf 78' lang='lat' dir='ltr'><strong>ea:</strong></span> <span class='ocrx_word' id='word_1_470' title='bbox 2437 862 2704 932; x_wconf 82' lang='lat' dir='ltr'><strong>Augustini</strong></span> <span class='ocrx_word' id='word_1_471' title='bbox 2735 865 2947 919; x_wconf 83' lang='lat' dir='ltr'><strong>lectione</strong></span> <span class='ocrx_word' id='word_1_472' title='bbox 2967 884 3147 936; x_wconf 84' lang='lat' dir='ltr'><strong>capere</strong></span> <span class='ocrx_word' id='word_1_473' title='bbox 3166 887 3218 923; x_wconf 88' lang='lat' dir='ltr'><strong>se</strong></span> <span class='ocrx_word' id='word_1_474' title='bbox 3245 873 3526 941; x_wconf 87' lang='lat' dir='ltr'><strong>proﬁtetur,</strong></span> 
     </span>
    </p>
   </div>
   <div class='ocr_carea' id='block_1_70' title="bbox 2012 950 3532 1030">
    <p class='ocr_par' dir='ltr' id='par_1_70' title="bbox 2012 950 3532 1030">
     <span class='ocr_line' id='line_1_70' title="bbox 2012 950 3532 1030; baseline 0.01 -29"><span class='ocrx_word' id='word_1_475' title='bbox 2012 950 2219 1002; x_wconf 87' lang='lat' dir='ltr'><strong>summis</strong></span> <span class='ocrx_word' id='word_1_476' title='bbox 2235 951 2467 1004; x_wconf 87' lang='lat' dir='ltr'><strong>laudibus</strong></span> <span class='ocrx_word' id='word_1_477' title='bbox 2487 953 2654 1021; x_wconf 87' lang='lat' dir='ltr'><strong>ipsum</strong></span> <span class='ocrx_word' id='word_1_478' title='bbox 2682 953 2915 1024; x_wconf 76' lang='lat' dir='ltr'><strong>e/ferens,</strong></span> <span class='ocrx_word' id='word_1_479' title='bbox 2944 974 3003 1012; x_wconf 86' lang='lat' dir='ltr'><strong>ac</strong></span> <span class='ocrx_word' id='word_1_480' title='bbox 3025 958 3223 1012; x_wconf 89' lang='lat' dir='ltr'><strong>demum</strong></span> <span class='ocrx_word' id='word_1_481' title='bbox 3252 979 3532 1030; x_wconf 76' lang='lat' dir='ltr'><strong>provocans</strong></span> 
     </span>
    </p>
   </div>
   <div class='ocr_carea' id='block_1_71' title="bbox 2013 1041 2504 1098">
    <p class='ocr_par' dir='ltr' id='par_1_71' title="bbox 2013 1041 2504 1098">
     <span class='ocr_line' id='line_1_71' title="bbox 2013 1041 2504 1098; baseline 0.01 -6"><span class='ocrx_word' id='word_1_482' title='bbox 2013 1041 2080 1092; x_wconf 90' lang='lat' dir='ltr'><strong>ad</strong></span> <span class='ocrx_word' id='word_1_483' title='bbox 2111 1041 2504 1098; x_wconf 84' lang='lat' dir='ltr'><strong>rescribendum.</strong></span> 
     </span>
    </p>
   </div>
   <div class='ocr_carea' id='block_1_72' title="bbox 1945 1133 3530 1201">
    <p class='ocr_par' dir='ltr' id='par_1_72' title="bbox 1945 1133 3530 1201">
     <span class='ocr_line' id='line_1_72' title="bbox 1945 1133 3530 1201; baseline 0.01 -15"><span class='ocrx_word' id='word_1_484' title='bbox 1945 1133 2241 1189; x_wconf 78' lang='lat' dir='ltr'><strong>Venerabili</strong></span> <span class='ocrx_word' id='word_1_485' title='bbox 2269 1152 2330 1190; x_wconf 89' lang='lat' dir='ltr'><strong>ac</strong></span> <span class='ocrx_word' id='word_1_486' title='bbox 2369 1137 2707 1193; x_wconf 72' lang='lat' dir='ltr'><strong>desideraliili</strong></span> <span class='ocrx_word' id='word_1_487' title='bbox 2735 1150 2788 1195; x_wconf 91' lang='lat' dir='ltr'><strong>et</strong></span> <span class='ocrx_word' id='word_1_488' title='bbox 2818 1151 2927 1196; x_wconf 91' lang='lat' dir='ltr'><strong>toto</strong></span> <span class='ocrx_word' id='word_1_489' title='bbox 2963 1144 3081 1196; x_wconf 93' lang='lat' dir='ltr'><strong>sinu</strong></span> <span class='ocrx_word' id='word_1_490' title='bbox 3112 1146 3388 1201; x_wconf 85' lang='lat' dir='ltr'><strong>charitalis</strong></span> <span class='ocrx_word' id='word_1_491' title='bbox 3412 1163 3530 1201; x_wconf 89' lang='lat' dir='ltr'><strong>am-</strong></span> 
     </span>
    </p>
   </div>
   <div class='ocr_carea' id='block_1_73' title="bbox 2141 1229 3542 1300">
    <p class='ocr_par' dir='ltr' id='par_1_73' title="bbox 2141 1229 3542 1300">
     <span class='ocr_line' id='line_1_73' title="bbox 2141 1229 3542 1300; baseline 0.009 -21"><span class='ocrx_word' id='word_1_492' title='bbox 2141 1229 2416 1294; x_wconf 88' lang='lat' dir='ltr'><strong>plectando</strong></span> <span class='ocrx_word' id='word_1_493' title='bbox 2445 1232 2694 1300; x_wconf 85' lang='lat' dir='ltr'><strong>episcopo</strong></span> <span class='ocrx_word' id='word_1_494' title='bbox 2721 1238 3045 1298; x_wconf 75' lang='lat' dir='ltr'><strong>Aususrmo,</strong></span> <span class='ocrx_word' id='word_1_495' title='bbox 3070 1235 3328 1290; x_wconf 75' lang='lat' dir='ltr'><strong>Severius.</strong></span> <span class='ocrx_word' id='word_1_496' title='bbox 3538 1296 3542 1300; x_wconf 48' lang='grc'>,</span> 
     </span>
    </p>
   </div>
   <div class='ocr_carea' id='block_1_74' title="bbox 2015 1310 3532 1394">
    <p class='ocr_par' dir='ltr' id='par_1_74' title="bbox 2015 1310 3532 1394">
     <span class='ocr_line' id='line_1_74' title="bbox 2015 1310 3532 1394; baseline 0.008 -24"><span class='ocrx_word' id='word_1_497' title='bbox 2015 1317 2064 1370; x_wconf 81' lang='grc'><strong>1.</strong></span> <span class='ocrx_word' id='word_1_498' title='bbox 2098 1316 2206 1370; x_wconf 90' lang='lat' dir='ltr'><strong>Deo</strong></span> <span class='ocrx_word' id='word_1_499' title='bbox 2233 1320 2454 1388; x_wconf 86' lang='lat' dir='ltr'><strong>gratias,</strong></span> <span class='ocrx_word' id='word_1_500' title='bbox 2485 1326 2642 1390; x_wconf 75' lang='lat' dir='ltr'><strong>frater</strong></span> <span class='ocrx_word' id='word_1_501' title='bbox 2680 1310 2990 1392; x_wconf 72' lang='lat' dir='ltr'><strong>Augustine,</strong></span> <span class='ocrx_word' id='word_1_502' title='bbox 3037 1327 3182 1394; x_wconf 93' lang='lat' dir='ltr'><strong>cujus</strong></span> <span class='ocrx_word' id='word_1_503' title='bbox 3223 1328 3410 1380; x_wconf 86' lang='lat' dir='ltr'><strong>donum</strong></span> <span class='ocrx_word' id='word_1_504' title='bbox 3459 1340 3532 1382; x_wconf 87' lang='lat' dir='ltr'><strong>est</strong></span> 
     </span>
    </p>
   </div>
   <div class='ocr_carea' id='block_1_75' title="bbox 1941 1409 3534 1485">
    <p class='ocr_par' dir='ltr' id='par_1_75' title="bbox 1941 1409 3534 1485">
     <span class='ocr_line' id='line_1_75' title="bbox 1941 1409 3534 1485; baseline 0.009 -26"><span class='ocrx_word' id='word_1_505' title='bbox 1941 1409 2184 1478; x_wconf 81' lang='lat' dir='ltr'><strong>quidquid</strong></span> <span class='ocrx_word' id='word_1_506' title='bbox 2213 1410 2264 1463; x_wconf 89' lang='lat' dir='ltr'><strong>in</strong></span> <span class='ocrx_word' id='word_1_507' title='bbox 2296 1411 2434 1465; x_wconf 88' lang='lat' dir='ltr'><strong>nobis</strong></span> <span class='ocrx_word' id='word_1_508' title='bbox 2459 1411 2699 1466; x_wconf 89' lang='lat' dir='ltr'><strong>bonorum</strong></span> <span class='ocrx_word' id='word_1_509' title='bbox 2721 1416 3020 1483; x_wconf 83' lang='lat' dir='ltr'><strong>gaudiorum</strong></span> <span class='ocrx_word' id='word_1_510' title='bbox 3045 1427 3137 1470; x_wconf 86' lang='lat' dir='ltr'><strong>est.</strong></span> <span class='ocrx_word' id='word_1_511' title='bbox 3171 1417 3379 1485; x_wconf 84' lang='lat' dir='ltr'><strong>Fateor,</strong></span> <span class='ocrx_word' id='word_1_512' title='bbox 3409 1420 3534 1474; x_wconf 89' lang='lat' dir='ltr'><strong>bene</strong></span> 
     </span>
    </p>
   </div>
   <div class='ocr_carea' id='block_1_76' title="bbox 1942 1499 3531 1574">
    <p class='ocr_par' dir='ltr' id='par_1_76' title="bbox 1942 1499 3531 1574">
     <span class='ocr_line' id='line_1_76' title="bbox 1942 1499 3531 1574; baseline 0.009 -26"><span class='ocrx_word' id='word_1_513' title='bbox 1942 1499 2066 1550; x_wconf 84' lang='lat' dir='ltr'><strong>mihi</strong></span> <span class='ocrx_word' id='word_1_514' title='bbox 2093 1508 2252 1551; x_wconf 88' lang='lat' dir='ltr'><strong>tecum</strong></span> <span class='ocrx_word' id='word_1_515' title='bbox 2283 1510 2387 1564; x_wconf 88' lang='lat' dir='ltr'><strong>est;</strong></span> <span class='ocrx_word' id='word_1_516' title='bbox 2413 1503 2626 1554; x_wconf 88' lang='lat' dir='ltr'><strong>multum</strong></span> <span class='ocrx_word' id='word_1_517' title='bbox 2658 1513 2703 1556; x_wconf 89' lang='lat' dir='ltr'><strong>te</strong></span> <span class='ocrx_word' id='word_1_518' title='bbox 2734 1505 2842 1574; x_wconf 85' lang='lat' dir='ltr'><strong>lego</strong></span> <span class='ocrx_word' id='word_1_519' title='bbox 2869 1520 2887 1558; x_wconf 90' lang='lat'><strong><em>:</em></strong></span> <span class='ocrx_word' id='word_1_520' title='bbox 2910 1507 3090 1559; x_wconf 88' lang='lat' dir='ltr'><strong>mirum</strong></span> <span class='ocrx_word' id='word_1_521' title='bbox 3119 1509 3304 1573; x_wconf 85' lang='lat' dir='ltr'><strong>dicam,</strong></span> <span class='ocrx_word' id='word_1_522' title='bbox 3333 1510 3421 1562; x_wconf 85' lang='lat' dir='ltr'><strong>sed</strong></span> <span class='ocrx_word' id='word_1_523' title='bbox 3447 1527 3531 1563; x_wconf 81' lang='lat' dir='ltr'><strong>ve-</strong></span> 
     </span>
    </p>
   </div>
   <div class='ocr_carea' id='block_1_77' title="bbox 1943 1589 3532 1667">
    <p class='ocr_par' dir='ltr' id='par_1_77' title="bbox 1943 1589 3532 1667">
     <span class='ocr_line' id='line_1_77' title="bbox 1943 1589 3532 1667; baseline 0.008 -27"><span class='ocrx_word' id='word_1_524' title='bbox 1943 1605 2053 1640; x_wconf 86' lang='lat' dir='ltr'><strong>rum</strong></span> <span class='ocrx_word' id='word_1_525' title='bbox 2085 1589 2253 1658; x_wconf 83' lang='lat' dir='ltr'><strong>plane,</strong></span> <span class='ocrx_word' id='word_1_526' title='bbox 2284 1608 2432 1660; x_wconf 88' lang='lat' dir='ltr'><strong>quam</strong></span> <span class='ocrx_word' id='word_1_527' title='bbox 2465 1593 2587 1645; x_wconf 82' lang='lat' dir='ltr'><strong>mihi</strong></span> <span class='ocrx_word' id='word_1_528' title='bbox 2612 1594 2787 1647; x_wconf 84' lang='lat' dir='ltr'><strong>absens</strong></span> <span class='ocrx_word' id='word_1_529' title='bbox 2817 1597 2941 1648; x_wconf 81' lang='lat' dir='ltr'><strong>solet</strong></span> <span class='ocrx_word' id='word_1_530' title='bbox 2973 1613 3078 1650; x_wconf 88' lang='lat' dir='ltr'><strong>esse</strong></span> <span class='ocrx_word' id='word_1_531' title='bbox 3109 1601 3398 1667; x_wconf 71' lang='lat' dir='ltr'><strong>praesentia,</strong></span> <span class='ocrx_word' id='word_1_532' title='bbox 3429 1610 3532 1653; x_wconf 90' lang='lat' dir='ltr'><strong>tam</strong></span> 
     </span>
    </p>
   </div>
   <div class='ocr_carea' id='block_1_78' title="bbox 1911 1687 3530 1763">
    <p class='ocr_par' dir='ltr' id='par_1_78' title="bbox 1911 1687 3530 1763">
     <span class='ocr_line' id='line_1_78' title="bbox 1911 1687 3530 1763; baseline 0.007 -29"><span class='ocrx_word' id='word_1_533' title='bbox 1911 1696 2162 1752; x_wconf 65' lang='lat' dir='ltr'><strong>‘prarsens</strong></span> <span class='ocrx_word' id='word_1_534' title='bbox 2186 1687 2319 1754; x_wconf 79' lang='lat' dir='ltr'><strong>facta</strong></span> <span class='ocrx_word' id='word_1_535' title='bbox 2350 1696 2422 1738; x_wconf 87' lang='lat' dir='ltr'><strong>est</strong></span> <span class='ocrx_word' id='word_1_536' title='bbox 2447 1687 2669 1740; x_wconf 81' lang='lat' dir='ltr'><strong>absentia</strong></span> <span class='ocrx_word' id='word_1_537' title='bbox 2700 1691 2791 1742; x_wconf 89' lang='lat' dir='ltr'><strong>tui.</strong></span> <span class='ocrx_word' id='word_1_538' title='bbox 2824 1690 2996 1744; x_wconf 78' lang='lat' dir='ltr'><strong>Nulla:</strong></span> <span class='ocrx_word' id='word_1_539' title='bbox 3035 1709 3089 1744; x_wconf 88' lang='lat' dir='ltr'><strong>se</strong></span> <span class='ocrx_word' id='word_1_540' title='bbox 3127 1693 3267 1746; x_wconf 87' lang='lat' dir='ltr'><strong>nobis</strong></span> <span class='ocrx_word' id='word_1_541' title='bbox 3307 1693 3530 1763; x_wconf 84' lang='lat' dir='ltr'><strong>interpo-</strong></span> 
     </span>
    </p>
   </div>
   <div class='ocr_carea' id='block_1_79' title="bbox 1944 1775 3532 1854">
    <p class='ocr_par' dir='ltr' id='par_1_79' title="bbox 1944 1775 3532 1854">
     <span class='ocr_line' id='line_1_79' title="bbox 1944 1775 3532 1854; baseline 0.008 -30"><span class='ocrx_word' id='word_1_542' title='bbox 1944 1783 2066 1825; x_wconf 86' lang='lat' dir='ltr'><strong>nunt</strong></span> <span class='ocrx_word' id='word_1_543' title='bbox 2093 1775 2390 1829; x_wconf 72' lang='lat' dir='ltr'><strong>turbulenta:</strong></span> <span class='ocrx_word' id='word_1_544' title='bbox 2412 1779 2629 1831; x_wconf 80' lang='lat' dir='ltr'><strong>actiones</strong></span> <span class='ocrx_word' id='word_1_545' title='bbox 2652 1783 3003 1850; x_wconf 87' lang='lat' dir='ltr'><strong>temporalium</strong></span> <span class='ocrx_word' id='word_1_546' title='bbox 3032 1801 3216 1836; x_wconf 88' lang='lat' dir='ltr'><strong>rerum.</strong></span> <span class='ocrx_word' id='word_1_547' title='bbox 3244 1785 3352 1854; x_wconf 84' lang='lat' dir='ltr'><strong>Ago</strong></span> <span class='ocrx_word' id='word_1_548' title='bbox 3371 1801 3532 1854; x_wconf 88' lang='lat' dir='ltr'><strong>quan-</strong></span> 
     </span>
    </p>
   </div>
   <div class='ocr_carea' id='block_1_80' title="bbox 1944 1870 3533 1945">
    <p class='ocr_par' dir='ltr' id='par_1_80' title="bbox 1944 1870 3533 1945">
     <span class='ocr_line' id='line_1_80' title="bbox 1944 1870 3533 1945; baseline 0.009 -29"><span class='ocrx_word' id='word_1_549' title='bbox 1944 1875 2048 1917; x_wconf 88' lang='lat' dir='ltr'><strong>tum</strong></span> <span class='ocrx_word' id='word_1_550' title='bbox 2089 1883 2310 1934; x_wconf 83' lang='lat' dir='ltr'><strong>possunt,</strong></span> <span class='ocrx_word' id='word_1_551' title='bbox 2345 1870 2435 1921; x_wconf 83' lang='lat' dir='ltr'><strong>etsi</strong></span> <span class='ocrx_word' id='word_1_552' title='bbox 2474 1887 2573 1922; x_wconf 81' lang='lat' dir='ltr'><strong>non</strong></span> <span class='ocrx_word' id='word_1_553' title='bbox 2621 1882 2814 1924; x_wconf 89' lang='lat' dir='ltr'><strong>tantum</strong></span> <span class='ocrx_word' id='word_1_554' title='bbox 2859 1891 3062 1942; x_wconf 83' lang='lat' dir='ltr'><strong>possunt</strong></span> <span class='ocrx_word' id='word_1_555' title='bbox 3109 1887 3352 1945; x_wconf 87' lang='lat' dir='ltr'><strong>quantum</strong></span> <span class='ocrx_word' id='word_1_556' title='bbox 3382 1876 3533 1931; x_wconf 84' lang='lat' dir='ltr'><strong>volo:</strong></span> 
     </span>
    </p>
   </div>
   <div class='ocr_carea' id='block_1_81' title="bbox 1942 1957 3532 2036">
    <p class='ocr_par' dir='ltr' id='par_1_81' title="bbox 1942 1957 3532 2036">
     <span class='ocr_line' id='line_1_81' title="bbox 1942 1957 3532 2036; baseline 0.009 -29"><span class='ocrx_word' id='word_1_557' title='bbox 1942 1957 2063 2024; x_wconf 88' lang='lat' dir='ltr'><strong>quid</strong></span> <span class='ocrx_word' id='word_1_558' title='bbox 2087 1973 2176 2026; x_wconf 87' lang='lat' dir='ltr'><strong>ego</strong></span> <span class='ocrx_word' id='word_1_559' title='bbox 2197 1959 2382 2024; x_wconf 90' lang='lat' dir='ltr'><strong>dicam,</strong></span> <span class='ocrx_word' id='word_1_560' title='bbox 2412 1972 2653 2029; x_wconf 85' lang='lat' dir='ltr'><strong>quantum</strong></span> <span class='ocrx_word' id='word_1_561' title='bbox 2679 1965 2828 2017; x_wconf 86' lang='lat' dir='ltr'><strong>volo?</strong></span> <span class='ocrx_word' id='word_1_562' title='bbox 2851 1964 2999 2018; x_wconf 77' lang='lat' dir='ltr'><strong>Nosti</strong></span> <span class='ocrx_word' id='word_1_563' title='bbox 3025 1967 3211 2036; x_wconf 88' lang='lat' dir='ltr'><strong>optime</strong></span> <span class='ocrx_word' id='word_1_564' title='bbox 3234 1985 3385 2036; x_wconf 88' lang='lat' dir='ltr'><strong>quam</strong></span> <span class='ocrx_word' id='word_1_565' title='bbox 3412 1985 3532 2020; x_wconf 78' lang='lat' dir='ltr'><strong>ava-</strong></span> 
     </span>
    </p>
   </div>
   <div class='ocr_carea' id='block_1_82' title="bbox 1942 2051 3532 2130">
    <p class='ocr_par' dir='ltr' id='par_1_82' title="bbox 1942 2051 3532 2130">
     <span class='ocr_line' id='line_1_82' title="bbox 1942 2051 3532 2130; baseline 0.008 -29"><span class='ocrx_word' id='word_1_566' title='bbox 1942 2066 2030 2103; x_wconf 90' lang='lat' dir='ltr'><strong>rus</strong></span> <span class='ocrx_word' id='word_1_567' title='bbox 2049 2051 2142 2103; x_wconf 86' lang='lat' dir='ltr'><strong>sim</strong></span> <span class='ocrx_word' id='word_1_568' title='bbox 2172 2052 2245 2103; x_wconf 88' lang='lat' dir='ltr'><strong>tui</strong></span> <span class='ocrx_word' id='word_1_569' title='bbox 2269 2067 2286 2104; x_wconf 93' lang='lat'><em>:</em></span> <span class='ocrx_word' id='word_1_570' title='bbox 2307 2069 2395 2106; x_wconf 81' lang='lat' dir='ltr'><strong>nec</strong></span> <span class='ocrx_word' id='word_1_571' title='bbox 2425 2064 2590 2108; x_wconf 74' lang='lat' dir='ltr'><strong>tamen</strong></span> <span class='ocrx_word' id='word_1_572' title='bbox 2620 2074 2898 2122; x_wconf 79' lang='lat' dir='ltr'><strong>nturmuro,</strong></span> <span class='ocrx_word' id='word_1_573' title='bbox 2929 2060 3045 2128; x_wconf 84' lang='lat' dir='ltr'><strong>quia</strong></span> <span class='ocrx_word' id='word_1_574' title='bbox 3076 2077 3176 2112; x_wconf 88' lang='lat' dir='ltr'><strong>non</strong></span> <span class='ocrx_word' id='word_1_575' title='bbox 3208 2069 3402 2113; x_wconf 89' lang='lat' dir='ltr'><strong>tantum</strong></span> <span class='ocrx_word' id='word_1_576' title='bbox 3431 2077 3532 2130; x_wconf 88' lang='lat' dir='ltr'><strong>ago</strong></span> 
     </span>
    </p>
   </div>
   <div class='ocr_carea' id='block_1_83' title="bbox 1943 2141 3531 2220">
    <p class='ocr_par' dir='ltr' id='par_1_83' title="bbox 1943 2141 3531 2220">
     <span class='ocr_line' id='line_1_83' title="bbox 1943 2141 3531 2220; baseline 0.008 -28"><span class='ocrx_word' id='word_1_577' title='bbox 1943 2151 2179 2209; x_wconf 87' lang='lat' dir='ltr'><strong>quantum</strong></span> <span class='ocrx_word' id='word_1_578' title='bbox 2207 2141 2337 2209; x_wconf 86' lang='lat' dir='ltr'><strong>volo,</strong></span> <span class='ocrx_word' id='word_1_579' title='bbox 2370 2145 2605 2212; x_wconf 85' lang='lat' dir='ltr'><strong>quoniam</strong></span> <span class='ocrx_word' id='word_1_580' title='bbox 2634 2165 2806 2200; x_wconf 84' lang='lat' dir='ltr'><strong>rursus</strong></span> <span class='ocrx_word' id='word_1_581' title='bbox 2838 2165 2936 2201; x_wconf 89' lang='lat' dir='ltr'><strong>non</strong></span> <span class='ocrx_word' id='word_1_582' title='bbox 2967 2149 3132 2202; x_wconf 87' lang='lat' dir='ltr'><strong>minus</strong></span> <span class='ocrx_word' id='word_1_583' title='bbox 3163 2167 3258 2220; x_wconf 90' lang='lat' dir='ltr'><strong>ago</strong></span> <span class='ocrx_word' id='word_1_584' title='bbox 3287 2163 3531 2220; x_wconf 87' lang='lat' dir='ltr'><strong>quantum</strong></span> 
     </span>
    </p>
   </div>
   <div class='ocr_carea' id='block_1_84' title="bbox 1944 2233 3531 2306">
    <p class='ocr_par' dir='ltr' id='par_1_84' title="bbox 1944 2233 3531 2306">
     <span class='ocr_line' id='line_1_84' title="bbox 1944 2233 3531 2306; baseline 0.008 -22"><span class='ocrx_word' id='word_1_585' title='bbox 1944 2249 2166 2298; x_wconf 83' lang='lat' dir='ltr'><strong>possunt.</strong></span> <span class='ocrx_word' id='word_1_586' title='bbox 2198 2233 2303 2287; x_wconf 86' lang='lat' dir='ltr'><strong>Deo</strong></span> <span class='ocrx_word' id='word_1_587' title='bbox 2340 2251 2457 2304; x_wconf 85' lang='lat' dir='ltr'><strong>ergo</strong></span> <span class='ocrx_word' id='word_1_588' title='bbox 2494 2239 2704 2306; x_wconf 78' lang='lat' dir='ltr'><strong>gratias,</strong></span> <span class='ocrx_word' id='word_1_589' title='bbox 2737 2239 2894 2306; x_wconf 74' lang='lat' dir='ltr'><strong>frater</strong></span> <span class='ocrx_word' id='word_1_590' title='bbox 2923 2240 3228 2306; x_wconf 80' lang='lat' dir='ltr'><strong>dulcissime,</strong></span> <span class='ocrx_word' id='word_1_591' title='bbox 3259 2243 3380 2298; x_wconf 86' lang='lat' dir='ltr'><strong>bene</strong></span> <span class='ocrx_word' id='word_1_592' title='bbox 3407 2245 3531 2296; x_wconf 80' lang='lat' dir='ltr'><strong>milii</strong></span> 
     </span>
    </p>
   </div>
   <div class='ocr_carea' id='block_1_85' title="bbox 1943 2327 3529 2401">
    <p class='ocr_par' dir='ltr' id='par_1_85' title="bbox 1943 2327 3529 2401">
     <span class='ocr_line' id='line_1_85' title="bbox 1943 2327 3529 2401; baseline 0.008 -26"><span class='ocrx_word' id='word_1_593' title='bbox 1943 2333 2100 2376; x_wconf 86' lang='lat' dir='ltr'><strong>tecum</strong></span> <span class='ocrx_word' id='word_1_594' title='bbox 2114 2335 2203 2388; x_wconf 89' lang='lat' dir='ltr'><strong>est,</strong></span> <span class='ocrx_word' id='word_1_595' title='bbox 2232 2327 2426 2394; x_wconf 85' lang='lat' dir='ltr'><strong>gaudeo</strong></span> <span class='ocrx_word' id='word_1_596' title='bbox 2452 2335 2612 2380; x_wconf 75' lang='lat' dir='ltr'><strong>tecum</strong></span> <span class='ocrx_word' id='word_1_597' title='bbox 2635 2331 2819 2382; x_wconf 83' lang='lat' dir='ltr'><strong>arctius</strong></span> <span class='ocrx_word' id='word_1_598' title='bbox 2837 2333 3138 2401; x_wconf 85' lang='lat' dir='ltr'><strong>conjunctus</strong></span> <span class='ocrx_word' id='word_1_599' title='bbox 3160 2350 3176 2394; x_wconf 89' lang='lat'><strong>;</strong></span> <span class='ocrx_word' id='word_1_600' title='bbox 3204 2344 3250 2387; x_wconf 89' lang='lat' dir='ltr'><strong>et</strong></span> <span class='ocrx_word' id='word_1_601' title='bbox 3279 2347 3328 2387; x_wconf 91' lang='lat' dir='ltr'><strong>ut</strong></span> <span class='ocrx_word' id='word_1_602' title='bbox 3356 2337 3425 2388; x_wconf 88' lang='lat' dir='ltr'><strong>ita</strong></span> <span class='ocrx_word' id='word_1_603' title='bbox 3446 2337 3529 2388; x_wconf 84' lang='lat' dir='ltr'><strong>di-</strong></span> 
     </span>
    </p>
   </div>
   <div class='ocr_carea' id='block_1_86' title="bbox 1943 2416 3527 2488">
    <p class='ocr_par' dir='ltr' id='par_1_86' title="bbox 1943 2416 3527 2488">
     <span class='ocr_line' id='line_1_86' title="bbox 1943 2416 3527 2488; baseline 0.008 -22"><span class='ocrx_word' id='word_1_604' title='bbox 1943 2432 2072 2477; x_wconf 79' lang='lat' dir='ltr'><strong>cam,</strong></span> <span class='ocrx_word' id='word_1_605' title='bbox 2105 2416 2340 2468; x_wconf 85' lang='lat' dir='ltr'><strong>uuissime</strong></span> <span class='ocrx_word' id='word_1_606' title='bbox 2358 2426 2598 2486; x_wconf 84' lang='lat' dir='ltr'><strong>quantum</strong></span> <span class='ocrx_word' id='word_1_607' title='bbox 2627 2428 2780 2488; x_wconf 81' lang='lat' dir='ltr'><strong>potest</strong></span> <span class='ocrx_word' id='word_1_608' title='bbox 2810 2420 3072 2474; x_wconf 59' lang='lat' dir='ltr'><strong>adhaerens</strong></span> <span class='ocrx_word' id='word_1_609' title='bbox 3101 2424 3208 2488; x_wconf 89' lang='lat' dir='ltr'><strong>tibi,</strong></span> <span class='ocrx_word' id='word_1_610' title='bbox 3233 2425 3527 2478; x_wconf 83' lang='lat' dir='ltr'><strong>redundan-</strong></span> 
     </span>
    </p>
   </div>
   <div class='ocr_carea' id='block_1_87' title="bbox 1943 2505 3542 2585">
    <p class='ocr_par' dir='ltr' id='par_1_87' title="bbox 1943 2505 3542 2585">
     <span class='ocr_line' id='line_1_87' title="bbox 1943 2505 3542 2585; baseline 0.008 -29"><span class='ocrx_word' id='word_1_611' title='bbox 1943 2505 2063 2557; x_wconf 82' lang='lat' dir='ltr'><strong>tiam</strong></span> <span class='ocrx_word' id='word_1_612' title='bbox 2081 2505 2283 2558; x_wconf 82' lang='lat' dir='ltr'><strong>uberum</strong></span> <span class='ocrx_word' id='word_1_613' title='bbox 2312 2514 2508 2560; x_wconf 89' lang='lat' dir='ltr'><strong>tuorum</strong></span> <span class='ocrx_word' id='word_1_614' title='bbox 2538 2511 2816 2580; x_wconf 85' lang='lat' dir='ltr'><strong>suscipiens</strong></span> <span class='ocrx_word' id='word_1_615' title='bbox 2838 2511 2964 2564; x_wconf 88' lang='lat' dir='ltr'><strong>vires</strong></span> <span class='ocrx_word' id='word_1_616' title='bbox 2989 2530 3244 2583; x_wconf 85' lang='lat' dir='ltr'><strong>comparo,</strong></span> <span class='ocrx_word' id='word_1_617' title='bbox 3272 2516 3316 2568; x_wconf 88' lang='lat' dir='ltr'><strong>si</strong></span> <span class='ocrx_word' id='word_1_618' title='bbox 3340 2517 3542 2585; x_wconf 68' lang='lat' dir='ltr'><strong>possint</strong></span> 
     </span>
    </p>
   </div>
   <div class='ocr_carea' id='block_1_88' title="bbox 1942 2595 3528 2679">
    <p class='ocr_par' dir='ltr' id='par_1_88' title="bbox 1942 2595 3528 2679">
     <span class='ocr_line' id='line_1_88' title="bbox 1942 2595 3528 2679; baseline 0.009 -31"><span class='ocrx_word' id='word_1_619' title='bbox 1942 2595 2151 2650; x_wconf 80' lang='lat' dir='ltr'><strong>idoneus</strong></span> <span class='ocrx_word' id='word_1_620' title='bbox 2189 2599 2313 2667; x_wconf 77' lang='lat' dir='ltr'><strong>effici</strong></span> <span class='ocrx_word' id='word_1_621' title='bbox 2341 2599 2407 2650; x_wconf 90' lang='lat' dir='ltr'><strong>ad</strong></span> <span class='ocrx_word' id='word_1_622' title='bbox 2431 2616 2488 2652; x_wconf 88' lang='lat' dir='ltr'><strong>ea</strong></span> <span class='ocrx_word' id='word_1_623' title='bbox 2513 2603 2841 2655; x_wconf 85' lang='lat' dir='ltr'><strong>concutieuda</strong></span> <span class='ocrx_word' id='word_1_624' title='bbox 2866 2614 2910 2656; x_wconf 87' lang='lat' dir='ltr'><strong>et</strong></span> <span class='ocrx_word' id='word_1_625' title='bbox 2933 2607 3278 2675; x_wconf 77' lang='lat' dir='ltr'><strong>exprimenda,</strong></span> <span class='ocrx_word' id='word_1_626' title='bbox 3306 2619 3357 2660; x_wconf 87' lang='lat' dir='ltr'><strong>ut</strong></span> <span class='ocrx_word' id='word_1_627' title='bbox 3377 2611 3528 2679; x_wconf 89' lang='lat' dir='ltr'><strong>quid-</strong></span> 
     </span>
    </p>
   </div>
   <div class='ocr_carea' id='block_1_89' title="bbox 1942 2688 3530 2770">
    <p class='ocr_par' dir='ltr' id='par_1_89' title="bbox 1942 2688 3530 2770">
     <span class='ocr_line' id='line_1_89' title="bbox 1942 2688 3530 2770; baseline 0.009 -31"><span class='ocrx_word' id='word_1_628' title='bbox 1942 2688 2062 2758; x_wconf 88' lang='lat' dir='ltr'><strong>quid</strong></span> <span class='ocrx_word' id='word_1_629' title='bbox 2084 2691 2318 2744; x_wconf 86' lang='lat' dir='ltr'><strong>secretius</strong></span> <span class='ocrx_word' id='word_1_630' title='bbox 2337 2702 2382 2743; x_wconf 88' lang='lat' dir='ltr'><strong>et</strong></span> <span class='ocrx_word' id='word_1_631' title='bbox 2398 2692 2623 2760; x_wconf 84' lang='lat' dir='ltr'><strong>interius,</strong></span> <span class='ocrx_word' id='word_1_632' title='bbox 2639 2694 2866 2747; x_wconf 86' lang='lat' dir='ltr'><strong>clausum</strong></span> <span class='ocrx_word' id='word_1_633' title='bbox 2887 2698 3176 2750; x_wconf 86' lang='lat' dir='ltr'><strong>custodiunt</strong></span> <span class='ocrx_word' id='word_1_634' title='bbox 3199 2700 3400 2752; x_wconf 86' lang='lat' dir='ltr'><strong>remotis</strong></span> <span class='ocrx_word' id='word_1_635' title='bbox 3421 2702 3530 2770; x_wconf 81' lang='lat' dir='ltr'><strong>pel-</strong></span> 
     </span>
    </p>
   </div>
   <div class='ocr_carea' id='block_1_90' title="bbox 1945 2779 3529 2859">
    <p class='ocr_par' dir='ltr' id='par_1_90' title="bbox 1945 2779 3529 2859">
     <span class='ocr_line' id='line_1_90' title="bbox 1945 2779 3529 2859; baseline 0.008 -27"><span class='ocrx_word' id='word_1_636' title='bbox 1945 2779 2073 2833; x_wconf 85' lang='lat' dir='ltr'><strong>libus</strong></span> <span class='ocrx_word' id='word_1_637' title='bbox 2105 2797 2230 2850; x_wconf 87' lang='lat' dir='ltr'><strong>quas</strong></span> <span class='ocrx_word' id='word_1_638' title='bbox 2259 2782 2426 2834; x_wconf 83' lang='lat' dir='ltr'><strong>adhuc</strong></span> <span class='ocrx_word' id='word_1_639' title='bbox 2454 2784 2653 2836; x_wconf 84' lang='lat' dir='ltr'><strong>lactenti</strong></span> <span class='ocrx_word' id='word_1_640' title='bbox 2677 2785 2929 2855; x_wconf 87' lang='lat' dir='ltr'><strong>sugendas</strong></span> <span class='ocrx_word' id='word_1_641' title='bbox 2958 2788 3212 2851; x_wconf 87' lang='lat' dir='ltr'><strong>inserunt,</strong></span> <span class='ocrx_word' id='word_1_642' title='bbox 3255 2791 3366 2859; x_wconf 87' lang='lat' dir='ltr'><strong>ipsa</strong></span> <span class='ocrx_word' id='word_1_643' title='bbox 3404 2794 3529 2845; x_wconf 79' lang='lat' dir='ltr'><strong>mihi</strong></span> 
     </span>
    </p>
   </div>
   <div class='ocr_carea' id='block_1_91' title="bbox 1943 2871 3528 2948">
    <p class='ocr_par' dir='ltr' id='par_1_91' title="bbox 1943 2871 3528 2948">
     <span class='ocr_line' id='line_1_91' title="bbox 1943 2871 3528 2948; baseline 0.009 -26"><span class='ocrx_word' id='word_1_644' title='bbox 1943 2871 2131 2924; x_wconf 86' lang='lat' dir='ltr'><strong>viscera</strong></span> <span class='ocrx_word' id='word_1_645' title='bbox 2156 2871 2199 2923; x_wconf 88' lang='lat' dir='ltr'><strong>si</strong></span> <span class='ocrx_word' id='word_1_646' title='bbox 2223 2872 2459 2942; x_wconf 84' lang='lat' dir='ltr'><strong>possibile</strong></span> <span class='ocrx_word' id='word_1_647' title='bbox 2486 2884 2576 2942; x_wconf 86' lang='lat' dir='ltr'><strong>est,</strong></span> <span class='ocrx_word' id='word_1_648' title='bbox 2606 2877 2872 2948; x_wconf 87' lang='lat' dir='ltr'><strong>dignentur</strong></span> <span class='ocrx_word' id='word_1_649' title='bbox 2893 2877 3168 2944; x_wconf 72' lang='lat' dir='ltr'><strong>e/fundere.</strong></span> <span class='ocrx_word' id='word_1_650' title='bbox 3202 2880 3425 2945; x_wconf 82' lang='lat' dir='ltr'><strong>Viscera,</strong></span> <span class='ocrx_word' id='word_1_651' title='bbox 3449 2885 3528 2935; x_wconf 80' lang='lat' dir='ltr'><strong>in-</strong></span> 
     </span>
    </p>
   </div>
   <div class='ocr_carea' id='block_1_92' title="bbox 1943 2963 3530 3037">
    <p class='ocr_par' dir='ltr' id='par_1_92' title="bbox 1943 2963 3530 3037">
     <span class='ocr_line' id='line_1_92' title="bbox 1943 2963 3530 3037; baseline 0.008 -26"><span class='ocrx_word' id='word_1_652' title='bbox 1943 2977 2118 3029; x_wconf 87' lang='lat' dir='ltr'><strong>quam,</strong></span> <span class='ocrx_word' id='word_1_653' title='bbox 2143 2963 2267 3014; x_wconf 82' lang='lat' dir='ltr'><strong>mihi</strong></span> <span class='ocrx_word' id='word_1_654' title='bbox 2310 2974 2365 3016; x_wconf 87' lang='lat' dir='ltr'><strong>ut</strong></span> <span class='ocrx_word' id='word_1_655' title='bbox 2395 2966 2730 3037; x_wconf 77' lang='lat' dir='ltr'><strong>refundantur</strong></span> <span class='ocrx_word' id='word_1_656' title='bbox 2770 2969 2954 3037; x_wconf 86' lang='lat' dir='ltr'><strong>cupio:</strong></span> <span class='ocrx_word' id='word_1_657' title='bbox 2981 2970 3166 3022; x_wconf 86' lang='lat' dir='ltr'><strong>viscera</strong></span> <span class='ocrx_word' id='word_1_658' title='bbox 3204 2981 3310 3036; x_wconf 87' lang='lat' dir='ltr'><strong>tua,</strong></span> <span class='ocrx_word' id='word_1_659' title='bbox 3338 2973 3530 3025; x_wconf 84' lang='lat' dir='ltr'><strong>viscera</strong></span> 
     </span>
    </p>
   </div>
   <div class='ocr_carea' id='block_1_93' title="bbox 1943 3055 3530 3134">
    <p class='ocr_par' dir='ltr' id='par_1_93' title="bbox 1943 3055 3530 3134">
     <span class='ocr_line' id='line_1_93' title="bbox 1943 3055 3530 3134; baseline 0.007 -29"><span class='ocrx_word' id='word_1_660' title='bbox 1943 3055 2149 3125; x_wconf 83' lang='lat' dir='ltr'><strong>pinguia</strong></span> <span class='ocrx_word' id='word_1_661' title='bbox 2176 3056 2352 3126; x_wconf 87' lang='lat' dir='ltr'><strong>sagina</strong></span> <span class='ocrx_word' id='word_1_662' title='bbox 2381 3059 2588 3123; x_wconf 68' lang='lat' dir='ltr'><strong>caalesti,</strong></span> <span class='ocrx_word' id='word_1_663' title='bbox 2614 3068 2659 3111; x_wconf 89' lang='lat' dir='ltr'><strong>et</strong></span> <span class='ocrx_word' id='word_1_664' title='bbox 2686 3061 2885 3112; x_wconf 89' lang='lat' dir='ltr'><strong>condita</strong></span> <span class='ocrx_word' id='word_1_665' title='bbox 2911 3061 3043 3113; x_wconf 89' lang='lat' dir='ltr'><strong>omni</strong></span> <span class='ocrx_word' id='word_1_666' title='bbox 3086 3061 3349 3115; x_wconf 87' lang='lat' dir='ltr'><strong>dulcedine</strong></span> <span class='ocrx_word' id='word_1_667' title='bbox 3374 3064 3530 3134; x_wconf 86' lang='lat' dir='ltr'><strong>spiri-</strong></span> 
     </span>
    </p>
   </div>
   <div class='ocr_carea' id='block_1_94' title="bbox 1943 3148 3529 3224">
    <p class='ocr_par' dir='ltr' id='par_1_94' title="bbox 1943 3148 3529 3224">
     <span class='ocr_line' id='line_1_94' title="bbox 1943 3148 3529 3224; baseline 0.006 -25"><span class='ocrx_word' id='word_1_668' title='bbox 1943 3148 2068 3200; x_wconf 88' lang='lat' dir='ltr'><strong>tuali</strong></span> <span class='ocrx_word' id='word_1_669' title='bbox 2086 3165 2105 3213; x_wconf 89' lang='lat'><strong>;</strong></span> <span class='ocrx_word' id='word_1_670' title='bbox 2134 3149 2321 3200; x_wconf 84' lang='lat' dir='ltr'><strong>viscera</strong></span> <span class='ocrx_word' id='word_1_671' title='bbox 2352 3161 2458 3211; x_wconf 92' lang='lat' dir='ltr'><strong>tua,</strong></span> <span class='ocrx_word' id='word_1_672' title='bbox 2487 3151 2673 3204; x_wconf 83' lang='lat' dir='ltr'><strong>viscera</strong></span> <span class='ocrx_word' id='word_1_673' title='bbox 2701 3168 2851 3220; x_wconf 89' lang='lat' dir='ltr'><strong>pura,</strong></span> <span class='ocrx_word' id='word_1_674' title='bbox 2892 3153 3079 3206; x_wconf 88' lang='lat' dir='ltr'><strong>viscera</strong></span> <span class='ocrx_word' id='word_1_675' title='bbox 3121 3154 3396 3224; x_wconf 78' lang='lat' dir='ltr'><strong>simplicia,</strong></span> <span class='ocrx_word' id='word_1_676' title='bbox 3433 3157 3529 3208; x_wconf 87' lang='lat' dir='ltr'><strong>nisi</strong></span> 
     </span>
    </p>
   </div>
   <div class='ocr_carea' id='block_1_95' title="bbox 1941 3238 3529 3313">
    <p class='ocr_par' dir='ltr' id='par_1_95' title="bbox 1941 3238 3529 3313">
     <span class='ocr_line' id='line_1_95' title="bbox 1941 3238 3529 3313; baseline 0.007 -23"><span class='ocrx_word' id='word_1_677' title='bbox 1941 3238 2077 3307; x_wconf 88' lang='lat' dir='ltr'><strong>quod</strong></span> <span class='ocrx_word' id='word_1_678' title='bbox 2101 3239 2290 3309; x_wconf 81' lang='lat' dir='ltr'><strong>duplici</strong></span> <span class='ocrx_word' id='word_1_679' title='bbox 2323 3251 2436 3294; x_wconf 84' lang='lat' dir='ltr'><strong>sunt</strong></span> <span class='ocrx_word' id='word_1_680' title='bbox 2476 3243 2674 3295; x_wconf 84' lang='lat' dir='ltr'><strong>vinculo</strong></span> <span class='ocrx_word' id='word_1_681' title='bbox 2715 3244 2946 3296; x_wconf 87' lang='lat' dir='ltr'><strong>redimita</strong></span> <span class='ocrx_word' id='word_1_682' title='bbox 2987 3247 3197 3313; x_wconf 70' lang='lat' dir='ltr'><strong>gemina:</strong></span> <span class='ocrx_word' id='word_1_683' title='bbox 3236 3246 3529 3313; x_wconf 84' lang='lat' dir='ltr'><strong>charitatis;</strong></span> 
     </span>
    </p>
   </div>
   <div class='ocr_carea' id='block_1_96' title="bbox 1943 3329 3529 3410">
    <p class='ocr_par' dir='ltr' id='par_1_96' title="bbox 1943 3329 3529 3410">
     <span class='ocr_line' id='line_1_96' title="bbox 1943 3329 3529 3410; baseline 0.006 -29"><span class='ocrx_word' id='word_1_684' title='bbox 1943 3329 2128 3382; x_wconf 85' lang='lat' dir='ltr'><strong>viscera</strong></span> <span class='ocrx_word' id='word_1_685' title='bbox 2155 3340 2261 3395; x_wconf 90' lang='lat' dir='ltr'><strong>tua,</strong></span> <span class='ocrx_word' id='word_1_686' title='bbox 2287 3332 2472 3384; x_wconf 86' lang='lat' dir='ltr'><strong>viscera</strong></span> <span class='ocrx_word' id='word_1_687' title='bbox 2498 3333 2701 3402; x_wconf 77' lang='lat' dir='ltr'><strong>perfusa</strong></span> <span class='ocrx_word' id='word_1_688' title='bbox 2728 3335 2915 3388; x_wconf 87' lang='lat' dir='ltr'><strong>lumine</strong></span> <span class='ocrx_word' id='word_1_689' title='bbox 2936 3337 3173 3399; x_wconf 84' lang='lat' dir='ltr'><strong>veritatis,</strong></span> <span class='ocrx_word' id='word_1_690' title='bbox 3205 3347 3248 3389; x_wconf 86' lang='lat' dir='ltr'><strong>et</strong></span> <span class='ocrx_word' id='word_1_691' title='bbox 3275 3339 3529 3410; x_wconf 77' lang='lat' dir='ltr'><strong>refulgen-</strong></span> 
     </span>
    </p>
   </div>
   <div class='ocr_carea' id='block_1_97' title="bbox 1944 3420 3530 3483">
    <p class='ocr_par' dir='ltr' id='par_1_97' title="bbox 1944 3420 3530 3483">
     <span class='ocr_line' id='line_1_97' title="bbox 1944 3420 3530 3483; baseline 0.007 -11"><span class='ocrx_word' id='word_1_692' title='bbox 1944 3420 2014 3472; x_wconf 90' lang='lat' dir='ltr'><strong>tia</strong></span> <span class='ocrx_word' id='word_1_693' title='bbox 2042 3423 2314 3475; x_wconf 86' lang='lat' dir='ltr'><strong>veritatem.</strong></span> <span class='ocrx_word' id='word_1_694' title='bbox 2348 3422 2544 3476; x_wconf 83' lang='lat' dir='ltr'><strong>Ilorum</strong></span> <span class='ocrx_word' id='word_1_695' title='bbox 2570 3441 2648 3478; x_wconf 89' lang='lat' dir='ltr'><strong>me</strong></span> <span class='ocrx_word' id='word_1_696' title='bbox 2668 3427 2945 3480; x_wconf 84' lang='lat' dir='ltr'><strong>umnationi</strong></span> <span class='ocrx_word' id='word_1_697' title='bbox 2971 3429 3046 3481; x_wconf 89' lang='lat' dir='ltr'><strong>vel</strong></span> <span class='ocrx_word' id='word_1_698' title='bbox 3070 3429 3387 3483; x_wconf 88' lang='lat' dir='ltr'><strong>resullalioni</strong></span> <span class='ocrx_word' id='word_1_699' title='bbox 3413 3431 3530 3483; x_wconf 87' lang='lat' dir='ltr'><strong>sub-</strong></span> 
     </span>
    </p>
   </div>
   <div class='ocr_carea' id='block_1_98' title="bbox 1932 3514 3528 3589">
    <p class='ocr_par' dir='ltr' id='par_1_98' title="bbox 1932 3514 3528 3589">
     <span class='ocr_line' id='line_1_98' title="bbox 1932 3514 3528 3589; baseline 0.005 -23"><span class='ocrx_word' id='word_1_700' title='bbox 1932 3514 2080 3584; x_wconf 87' lang='lat' dir='ltr'><strong>jicio,</strong></span> <span class='ocrx_word' id='word_1_701' title='bbox 2109 3532 2206 3584; x_wconf 90' lang='lat' dir='ltr'><strong>quo</strong></span> <span class='ocrx_word' id='word_1_702' title='bbox 2237 3533 2339 3570; x_wconf 76' lang='lat' dir='ltr'><strong>nox</strong></span> <span class='ocrx_word' id='word_1_703' title='bbox 2365 3533 2473 3571; x_wconf 89' lang='lat' dir='ltr'><strong>mea</strong></span> <span class='ocrx_word' id='word_1_704' title='bbox 2502 3517 2554 3570; x_wconf 89' lang='lat' dir='ltr'><strong>in</strong></span> <span class='ocrx_word' id='word_1_705' title='bbox 2581 3518 2769 3571; x_wconf 88' lang='lat' dir='ltr'><strong>lumine</strong></span> <span class='ocrx_word' id='word_1_706' title='bbox 2807 3529 2893 3572; x_wconf 86' lang='lat' dir='ltr'><strong>tuo</strong></span> <span class='ocrx_word' id='word_1_707' title='bbox 2930 3521 3130 3589; x_wconf 81' lang='lat' dir='ltr'><strong>deﬁciat</strong></span> <span class='ocrx_word' id='word_1_708' title='bbox 3155 3563 3168 3584; x_wconf 89' lang='lat'><strong>,</strong></span> <span class='ocrx_word' id='word_1_709' title='bbox 3216 3531 3266 3573; x_wconf 89' lang='lat' dir='ltr'><strong>ut</strong></span> <span class='ocrx_word' id='word_1_710' title='bbox 3303 3523 3354 3575; x_wconf 91' lang='lat' dir='ltr'><strong>in</strong></span> <span class='ocrx_word' id='word_1_711' title='bbox 3397 3523 3528 3576; x_wconf 69' lang='lat' dir='ltr'><strong>diei‘</strong></span> 
     </span>
    </p>
   </div>
   <div class='ocr_carea' id='block_1_99' title="bbox 1943 3605 3531 3679">
    <p class='ocr_par' dir='ltr' id='par_1_99' title="bbox 1943 3605 3531 3679">
     <span class='ocr_line' id='line_1_99' title="bbox 1943 3605 3531 3679; baseline 0.007 -22"><span class='ocrx_word' id='word_1_712' title='bbox 1943 3605 2170 3660; x_wconf 73' lang='lat' dir='ltr'><strong>claritate</strong></span> <span class='ocrx_word' id='word_1_713' title='bbox 2211 3607 2364 3661; x_wconf 84' lang='lat' dir='ltr'><strong>simul</strong></span> <span class='ocrx_word' id='word_1_714' title='bbox 2400 3608 2659 3662; x_wconf 88' lang='lat' dir='ltr'><strong>ambulare</strong></span> <span class='ocrx_word' id='word_1_715' title='bbox 2698 3611 2967 3679; x_wconf 85' lang='lat' dir='ltr'><strong>possimus.</strong></span> <span class='ocrx_word' id='word_1_716' title='bbox 3016 3611 3059 3664; x_wconf 87' lang='lat'><em>0</em></span> <span class='ocrx_word' id='word_1_717' title='bbox 3104 3627 3214 3665; x_wconf 88' lang='lat' dir='ltr'><strong>vere</strong></span> <span class='ocrx_word' id='word_1_718' title='bbox 3254 3615 3531 3678; x_wconf 79' lang='lat' dir='ltr'><strong>artiﬁciosa</strong></span> 
     </span>
    </p>
   </div>
   <div class='ocr_carea' id='block_1_100' title="bbox 1942 3697 3527 3772">
    <p class='ocr_par' dir='ltr' id='par_1_100' title="bbox 1942 3697 3527 3772">
     <span class='ocr_line' id='line_1_100' title="bbox 1942 3697 3527 3772; baseline 0.005 -24"><span class='ocrx_word' id='word_1_719' title='bbox 1942 3698 2053 3766; x_wconf 84' lang='lat' dir='ltr'><strong>apis</strong></span> <span class='ocrx_word' id='word_1_720' title='bbox 2092 3697 2207 3766; x_wconf 87' lang='lat' dir='ltr'><strong>Dei,</strong></span> <span class='ocrx_word' id='word_1_721' title='bbox 2237 3709 2524 3754; x_wconf 84' lang='lat' dir='ltr'><strong>construens</strong></span> <span class='ocrx_word' id='word_1_722' title='bbox 2563 3704 2703 3771; x_wconf 79' lang='lat' dir='ltr'><strong>favos</strong></span> <span class='ocrx_word' id='word_1_723' title='bbox 2746 3703 2899 3754; x_wconf 86' lang='lat' dir='ltr'><strong>divini</strong></span> <span class='ocrx_word' id='word_1_724' title='bbox 2942 3705 3155 3756; x_wconf 87' lang='lat' dir='ltr'><strong>nectaris</strong></span> <span class='ocrx_word' id='word_1_725' title='bbox 3197 3703 3389 3772; x_wconf 79' lang='lat' dir='ltr'><strong>plenas,</strong></span> <span class='ocrx_word' id='word_1_726' title='bbox 3421 3723 3527 3758; x_wconf 80' lang='lat' dir='ltr'><strong>ma-</strong></span> 
     </span>
    </p>
   </div>
   <div class='ocr_carea' id='block_1_101' title="bbox 1944 3791 3530 3864">
    <p class='ocr_par' dir='ltr' id='par_1_101' title="bbox 1944 3791 3530 3864">
     <span class='ocr_line' id='line_1_101' title="bbox 1944 3791 3530 3864; baseline 0.004 -23"><span class='ocrx_word' id='word_1_727' title='bbox 1944 3799 2119 3842; x_wconf 87' lang='lat' dir='ltr'><strong>nantes</strong></span> <span class='ocrx_word' id='word_1_728' title='bbox 2156 3791 2548 3844; x_wconf 85' lang='lat' dir='ltr'><strong>misericordiam</strong></span> <span class='ocrx_word' id='word_1_729' title='bbox 2587 3801 2632 3844; x_wconf 90' lang='lat' dir='ltr'><strong>et</strong></span> <span class='ocrx_word' id='word_1_730' title='bbox 2670 3793 2941 3858; x_wconf 86' lang='lat' dir='ltr'><strong>veritatem,</strong></span> <span class='ocrx_word' id='word_1_731' title='bbox 2977 3810 3065 3864; x_wconf 87' lang='lat' dir='ltr'><strong>per</strong></span> <span class='ocrx_word' id='word_1_732' title='bbox 3093 3811 3216 3863; x_wconf 90' lang='lat' dir='ltr'><strong>quos</strong></span> <span class='ocrx_word' id='word_1_733' title='bbox 3247 3795 3530 3848; x_wconf 84' lang='lat' dir='ltr'><strong>discurrens</strong></span> 
     </span>
    </p>
   </div>
   <div class='ocr_carea' id='block_1_102' title="bbox 1944 3881 3526 3954">
    <p class='ocr_par' dir='ltr' id='par_1_102' title="bbox 1944 3881 3526 3954">
     <span class='ocr_line' id='line_1_102' title="bbox 1944 3881 3526 3954; baseline 0.003 -21"><span class='ocrx_word' id='word_1_734' title='bbox 1944 3881 2209 3934; x_wconf 75' lang='lat' dir='ltr'><strong>deiiciatur</strong></span> <span class='ocrx_word' id='word_1_735' title='bbox 2233 3883 2402 3935; x_wconf 86' lang='lat' dir='ltr'><strong>anima</strong></span> <span class='ocrx_word' id='word_1_736' title='bbox 2429 3900 2557 3949; x_wconf 88' lang='lat' dir='ltr'><strong>mea,</strong></span> <span class='ocrx_word' id='word_1_737' title='bbox 2587 3893 2633 3935; x_wconf 89' lang='lat' dir='ltr'><strong>et</strong></span> <span class='ocrx_word' id='word_1_738' title='bbox 2667 3883 2803 3936; x_wconf 89' lang='lat' dir='ltr'><strong>vitali</strong></span> <span class='ocrx_word' id='word_1_739' title='bbox 2828 3893 2973 3952; x_wconf 82' lang='lat' dir='ltr'><strong>pastu</strong></span> <span class='ocrx_word' id='word_1_740' title='bbox 2997 3884 3238 3954; x_wconf 85' lang='lat' dir='ltr'><strong>quidquid</strong></span> <span class='ocrx_word' id='word_1_741' title='bbox 3263 3888 3313 3937; x_wconf 88' lang='lat' dir='ltr'><strong>in</strong></span> <span class='ocrx_word' id='word_1_742' title='bbox 3343 3902 3394 3937; x_wconf 86' lang='lat' dir='ltr'><strong>se</strong></span> <span class='ocrx_word' id='word_1_743' title='bbox 3421 3886 3490 3938; x_wconf 89' lang='lat' dir='ltr'><strong>mi</strong></span> <span class='ocrx_word' id='word_1_744' title='bbox 3510 3917 3526 3925; x_wconf 82' lang='lat'><strong>-</strong></span> 
     </span>
    </p>
   </div>
   <div class='ocr_carea' id='block_1_103' title="bbox 1945 3973 3530 4041">
    <p class='ocr_par' dir='ltr' id='par_1_103' title="bbox 1945 3973 3530 4041">
     <span class='ocr_line' id='line_1_103' title="bbox 1945 3973 3530 4041; baseline 0.002 -16"><span class='ocrx_word' id='word_1_745' title='bbox 1945 3990 2039 4026; x_wconf 89' lang='lat' dir='ltr'><strong>nus</strong></span> <span class='ocrx_word' id='word_1_746' title='bbox 2070 3973 2271 4038; x_wconf 86' lang='lat' dir='ltr'><strong>invenit,</strong></span> <span class='ocrx_word' id='word_1_747' title='bbox 2295 3984 2382 4027; x_wconf 91' lang='lat' dir='ltr'><strong>aut</strong></span> <span class='ocrx_word' id='word_1_748' title='bbox 2408 3975 2711 4028; x_wconf 89' lang='lat' dir='ltr'><strong>imbecillum</strong></span> <span class='ocrx_word' id='word_1_749' title='bbox 2733 3975 2900 4038; x_wconf 87' lang='lat' dir='ltr'><strong>sentit,</strong></span> <span class='ocrx_word' id='word_1_750' title='bbox 2925 3976 3167 4028; x_wconf 84' lang='lat' dir='ltr'><strong>resarcire</strong></span> <span class='ocrx_word' id='word_1_751' title='bbox 3192 3987 3236 4028; x_wconf 88' lang='lat' dir='ltr'><strong>et</strong></span> <span class='ocrx_word' id='word_1_752' title='bbox 3267 3975 3530 4041; x_wconf 75' lang='lat' dir='ltr'><strong>suﬂ&#39;ulcire</strong></span> 
     </span>
    </p>
   </div>
   <div class='ocr_carea' id='block_1_104' title="bbox 1947 4066 2166 4117">
    <p class='ocr_par' dir='ltr' id='par_1_104' title="bbox 1947 4066 2166 4117">
     <span class='ocr_line' id='line_1_104' title="bbox 1947 4066 2166 4117; baseline 0 -1"><span class='ocrx_word' id='word_1_753' title='bbox 1947 4066 2166 4117; x_wconf 78' lang='lat' dir='ltr'><strong>molitur.</strong></span> 
     </span>
    </p>
   </div>
   <div class='ocr_carea' id='block_1_105' title="bbox 2014 4154 3531 4225">
    <p class='ocr_par' dir='ltr' id='par_1_105' title="bbox 2014 4154 3531 4225">
     <span class='ocr_line' id='line_1_105' title="bbox 2014 4154 3531 4225; baseline -0.001 -18"><span class='ocrx_word' id='word_1_754' title='bbox 2014 4155 2067 4207; x_wconf 70' lang='grc'><strong>2.</strong></span> <span class='ocrx_word' id='word_1_755' title='bbox 2086 4155 2404 4208; x_wconf 81' lang='lat' dir='ltr'><strong>Benedicitur</strong></span> <span class='ocrx_word' id='word_1_756' title='bbox 2425 4154 2675 4208; x_wconf 87' lang='lat' dir='ltr'><strong>Dominus</strong></span> <span class='ocrx_word' id='word_1_757' title='bbox 2697 4173 2784 4225; x_wconf 87' lang='lat' dir='ltr'><strong>per</strong></span> <span class='ocrx_word' id='word_1_758' title='bbox 2810 4157 3117 4225; x_wconf 77' lang='lat' dir='ltr'><strong>prteconium</strong></span> <span class='ocrx_word' id='word_1_759' title='bbox 3144 4155 3244 4206; x_wconf 90' lang='lat' dir='ltr'><strong>oris</strong></span> <span class='ocrx_word' id='word_1_760' title='bbox 3266 4155 3358 4219; x_wconf 90' lang='lat' dir='ltr'><strong>tui,</strong></span> <span class='ocrx_word' id='word_1_761' title='bbox 3387 4164 3435 4207; x_wconf 90' lang='lat' dir='ltr'><strong>et</strong></span> <span class='ocrx_word' id='word_1_762' title='bbox 3463 4156 3531 4223; x_wconf 83' lang='lat' dir='ltr'><strong>[i-</strong></span> 
     </span>
    </p>
   </div>
   <div class='ocr_carea' id='block_1_106' title="bbox 1946 4246 3531 4317">
    <p class='ocr_par' dir='ltr' id='par_1_106' title="bbox 1946 4246 3531 4317">
     <span class='ocr_line' id='line_1_106' title="bbox 1946 4246 3531 4317; baseline -0.001 -18"><span class='ocrx_word' id='word_1_763' title='bbox 1946 4247 2056 4300; x_wconf 85' lang='lat' dir='ltr'><strong>dele</strong></span> <span class='ocrx_word' id='word_1_764' title='bbox 2081 4247 2447 4300; x_wconf 84' lang='lat' dir='ltr'><strong>ministerium:</strong></span> <span class='ocrx_word' id='word_1_765' title='bbox 2473 4247 2610 4317; x_wconf 86' lang='lat' dir='ltr'><strong>quod</strong></span> <span class='ocrx_word' id='word_1_766' title='bbox 2640 4248 2709 4300; x_wconf 86' lang='lat' dir='ltr'><strong>sic</strong></span> <span class='ocrx_word' id='word_1_767' title='bbox 2726 4248 2985 4299; x_wconf 84' lang='lat' dir='ltr'><strong>conciuere</strong></span> <span class='ocrx_word' id='word_1_768' title='bbox 3009 4257 3054 4299; x_wconf 86' lang='lat' dir='ltr'><strong>ct</strong></span> <span class='ocrx_word' id='word_1_769' title='bbox 3076 4246 3374 4315; x_wconf 82' lang='lat' dir='ltr'><strong>respondere</strong></span> <span class='ocrx_word' id='word_1_770' title='bbox 3402 4249 3531 4317; x_wconf 81' lang='lat' dir='ltr'><strong>facis</strong></span> 
     </span>
    </p>
   </div>
   <div class='ocr_carea' id='block_1_107' title="bbox 1946 4331 3534 4408">
    <p class='ocr_par' dir='ltr' id='par_1_107' title="bbox 1946 4331 3534 4408">
     <span class='ocr_line' id='line_1_107' title="bbox 1946 4331 3534 4408; baseline -0.001 -18"><span class='ocrx_word' id='word_1_771' title='bbox 1946 4331 2142 4391; x_wconf 82' lang='lat' dir='ltr'><strong>canenti</strong></span> <span class='ocrx_word' id='word_1_772' title='bbox 2169 4337 2255 4390; x_wconf 87' lang='lat' dir='ltr'><strong>tibi</strong></span> <span class='ocrx_word' id='word_1_773' title='bbox 2285 4336 2504 4390; x_wconf 87' lang='lat' dir='ltr'><strong>Domino</strong></span> <span class='ocrx_word' id='word_1_774' title='bbox 2523 4379 2538 4403; x_wconf 96' lang='lat'><strong>,</strong></span> <span class='ocrx_word' id='word_1_775' title='bbox 2567 4347 2620 4390; x_wconf 89' lang='lat' dir='ltr'><strong>ut</strong></span> <span class='ocrx_word' id='word_1_776' title='bbox 2645 4337 2886 4406; x_wconf 85' lang='lat' dir='ltr'><strong>quidquid</strong></span> <span class='ocrx_word' id='word_1_777' title='bbox 2905 4338 2966 4390; x_wconf 89' lang='lat' dir='ltr'><strong>de</strong></span> <span class='ocrx_word' id='word_1_778' title='bbox 2985 4338 3094 4408; x_wconf 81' lang='lat' dir='ltr'><strong>ejus</strong></span> <span class='ocrx_word' id='word_1_779' title='bbox 3128 4336 3438 4404; x_wconf 86' lang='lat' dir='ltr'><strong>plenitudine</strong></span> <span class='ocrx_word' id='word_1_780' title='bbox 3463 4335 3534 4389; x_wconf 80' lang='lat' dir='ltr'><strong>ad</strong></span> 
     </span>
    </p>
   </div>
   <div class='ocr_carea' id='block_1_108' title="bbox 1947 4411 3530 4501">
    <p class='ocr_par' dir='ltr' id='par_1_108' title="bbox 1947 4411 3530 4501">
     <span class='ocr_line' id='line_1_108' title="bbox 1947 4411 3530 4501; baseline 0.001 -20"><span class='ocrx_word' id='word_1_781' title='bbox 1947 4446 2038 4482; x_wconf 87' lang='lat' dir='ltr'><strong>nos</strong></span> <span class='ocrx_word' id='word_1_782' title='bbox 2070 4445 2226 4498; x_wconf 84' lang='lat' dir='ltr'><strong>usque</strong></span> <span class='ocrx_word' id='word_1_783' title='bbox 2251 4429 2526 4496; x_wconf 89' lang='lat' dir='ltr'><strong>redundat,</strong></span> <span class='ocrx_word' id='word_1_784' title='bbox 2558 4430 2840 4500; x_wconf 83' lang='lat' dir='ltr'><strong>jucundius</strong></span> <span class='ocrx_word' id='word_1_785' title='bbox 2873 4411 3116 4501; x_wconf 69' lang='lat' dir='ltr'><strong>eﬁiciatur</strong></span> <span class='ocrx_word' id='word_1_786' title='bbox 3138 4440 3184 4484; x_wconf 86' lang='lat' dir='ltr'><strong>et</strong></span> <span class='ocrx_word' id='word_1_787' title='bbox 3215 4430 3413 4498; x_wconf 87' lang='lat' dir='ltr'><strong>gratius</strong></span> <span class='ocrx_word' id='word_1_788' title='bbox 3441 4447 3530 4497; x_wconf 88' lang='lat' dir='ltr'><strong>per</strong></span> 
     </span>
    </p>
   </div>
   <div class='ocr_carea' id='block_1_109' title="bbox 1948 4521 3532 4593">
    <p class='ocr_par' dir='ltr' id='par_1_109' title="bbox 1948 4521 3532 4593">
     <span class='ocr_line' id='line_1_109' title="bbox 1948 4521 3532 4593; baseline 0.001 -21"><span class='ocrx_word' id='word_1_789' title='bbox 1948 4531 2086 4572; x_wconf 86' lang='lat' dir='ltr'><strong>tuum</strong></span> <span class='ocrx_word' id='word_1_790' title='bbox 2105 4523 2377 4591; x_wconf 73' lang='lat' dir='ltr'><strong>elegantem</strong></span> <span class='ocrx_word' id='word_1_791' title='bbox 2402 4522 2725 4593; x_wconf 78' lang='lat' dir='ltr'><strong>famulatum,</strong></span> <span class='ocrx_word' id='word_1_792' title='bbox 2746 4532 2792 4576; x_wconf 88' lang='lat' dir='ltr'><strong>et</strong></span> <span class='ocrx_word' id='word_1_793' title='bbox 2822 4524 3122 4576; x_wconf 86' lang='lat' dir='ltr'><strong>succinctam</strong></span> <span class='ocrx_word' id='word_1_794' title='bbox 3152 4521 3470 4580; x_wconf 84' lang='lat' dir='ltr'><strong>nmmlitiam,</strong></span> <span class='ocrx_word' id='word_1_795' title='bbox 3487 4531 3532 4574; x_wconf 89' lang='lat' dir='ltr'><strong>et</strong></span> 
     </span>
    </p>
   </div>
   <div class='ocr_carea' id='block_1_110' title="bbox 1946 4597 3536 4691">
    <p class='ocr_par' dir='ltr' id='par_1_110' title="bbox 1946 4614 3536 4691">
     <span class='ocr_line' id='line_1_110' title="bbox 1946 4614 3536 4691; baseline -0.001 -24"><span class='ocrx_word' id='word_1_796' title='bbox 1946 4616 2096 4684; x_wconf 74' lang='lat' dir='ltr'><strong>fidele</strong></span> <span class='ocrx_word' id='word_1_797' title='bbox 2143 4633 2204 4668; x_wconf 87' lang='lat' dir='ltr'><strong>ac</strong></span> <span class='ocrx_word' id='word_1_798' title='bbox 2241 4626 2432 4668; x_wconf 84' lang='lat' dir='ltr'><strong>castum</strong></span> <span class='ocrx_word' id='word_1_799' title='bbox 2469 4614 2780 4685; x_wconf 69' lang='lat' dir='ltr'><strong>simplexque</strong></span> <span class='ocrx_word' id='word_1_800' title='bbox 2816 4616 3144 4691; x_wconf 85' lang='lat' dir='ltr'><strong>ministerium</strong></span> <span class='ocrx_word' id='word_1_801' title='bbox 3192 4631 3210 4668; x_wconf 91' lang='lat'><strong><em>:</em></strong></span> <span class='ocrx_word' id='word_1_802' title='bbox 3256 4614 3390 4686; x_wconf 88' lang='lat' dir='ltr'><strong>quod</strong></span> <span class='ocrx_word' id='word_1_803' title='bbox 3457 4615 3536 4668; x_wconf 80' lang='lat' dir='ltr'><strong>ita</strong></span> 
     </span>
    </p>
   </div>
   <div class='ocr_carea' id='block_1_111' title="bbox 1947 4707 3530 4777">
    <p class='ocr_par' dir='ltr' id='par_1_111' title="bbox 1947 4707 3530 4777">
     <span class='ocr_line' id='line_1_111' title="bbox 1947 4707 3530 4777; baseline -0.002 -16"><span class='ocrx_word' id='word_1_804' title='bbox 1947 4708 2262 4777; x_wconf 76' lang='lat' dir='ltr'><strong>rrsplendere</strong></span> <span class='ocrx_word' id='word_1_805' title='bbox 2290 4709 2416 4777; x_wconf 78' lang='lat' dir='ltr'><strong>facis</strong></span> <span class='ocrx_word' id='word_1_806' title='bbox 2447 4723 2533 4775; x_wconf 87' lang='lat' dir='ltr'><strong>per</strong></span> <span class='ocrx_word' id='word_1_807' title='bbox 2557 4707 2781 4777; x_wconf 75' lang='lat' dir='ltr'><strong>argutias</strong></span> <span class='ocrx_word' id='word_1_808' title='bbox 2816 4717 2927 4759; x_wconf 89' lang='lat' dir='ltr'><strong>tuas</strong></span> <span class='ocrx_word' id='word_1_809' title='bbox 2947 4717 2993 4758; x_wconf 85' lang='lat' dir='ltr'><strong>et</strong></span> <span class='ocrx_word' id='word_1_810' title='bbox 3027 4707 3339 4773; x_wconf 80' lang='lat' dir='ltr'><strong>vigilantiam</strong></span> <span class='ocrx_word' id='word_1_811' title='bbox 3368 4715 3530 4767; x_wconf 88' lang='lat' dir='ltr'><strong>tuam,</strong></span> 
     </span>
    </p>
   </div>
   <div class='ocr_carea' id='block_1_112' title="bbox 1949 4799 3533 4870">
    <p class='ocr_par' dir='ltr' id='par_1_112' title="bbox 1949 4799 3533 4870">
     <span class='ocr_line' id='line_1_112' title="bbox 1949 4799 3533 4870; baseline -0.001 -18"><span class='ocrx_word' id='word_1_812' title='bbox 1949 4809 2002 4852; x_wconf 87' lang='lat' dir='ltr'><strong>ut</strong></span> <span class='ocrx_word' id='word_1_813' title='bbox 2025 4801 2323 4870; x_wconf 85' lang='lat' dir='ltr'><strong>perstringat</strong></span> <span class='ocrx_word' id='word_1_814' title='bbox 2345 4800 2534 4861; x_wconf 87' lang='lat' dir='ltr'><strong>oculos,</strong></span> <span class='ocrx_word' id='word_1_815' title='bbox 2562 4809 2606 4852; x_wconf 86' lang='lat' dir='ltr'><strong>et</strong></span> <span class='ocrx_word' id='word_1_816' title='bbox 2632 4801 2682 4850; x_wconf 89' lang='lat' dir='ltr'><strong>in</strong></span> <span class='ocrx_word' id='word_1_817' title='bbox 2703 4814 2756 4852; x_wconf 87' lang='lat' dir='ltr'><strong>se</strong></span> <span class='ocrx_word' id='word_1_818' title='bbox 2779 4799 2979 4869; x_wconf 88' lang='lat' dir='ltr'><strong>rapiat;</strong></span> <span class='ocrx_word' id='word_1_819' title='bbox 3013 4799 3106 4850; x_wconf 82' lang='lat' dir='ltr'><strong>nisi</strong></span> <span class='ocrx_word' id='word_1_820' title='bbox 3127 4805 3176 4850; x_wconf 86' lang='lat' dir='ltr'><strong>tu</strong></span> <span class='ocrx_word' id='word_1_821' title='bbox 3195 4799 3325 4850; x_wconf 86' lang='lat' dir='ltr'><strong>idem</strong></span> <span class='ocrx_word' id='word_1_822' title='bbox 3347 4799 3533 4852; x_wconf 81' lang='lat' dir='ltr'><strong>innuas</strong></span> 
     </span>
    </p>
   </div>
   <div class='ocr_carea' id='block_1_113' title="bbox 1909 4875 3532 4960">
    <p class='ocr_par' dir='ltr' id='par_1_113' title="bbox 1909 4875 3532 4960">
     <span class='ocr_line' id='line_1_113' title="bbox 1909 4875 3532 4960; baseline -0.001 -16"><span class='ocrx_word' id='word_1_823' title='bbox 1909 4949 1922 4960; x_wconf 42' lang='grc' dir='ltr'>ι</span> <span class='ocrx_word' id='word_1_824' title='bbox 1948 4890 2245 4956; x_wconf 88' lang='lat' dir='ltr'><strong>Dominum,</strong></span> <span class='ocrx_word' id='word_1_825' title='bbox 2273 4901 2328 4943; x_wconf 88' lang='lat' dir='ltr'><strong>ut</strong></span> <span class='ocrx_word' id='word_1_826' title='bbox 2353 4875 2598 4960; x_wconf 84' lang='lat' dir='ltr'><strong>quidquid</strong></span> <span class='ocrx_word' id='word_1_827' title='bbox 2623 4891 2672 4941; x_wconf 89' lang='lat' dir='ltr'><strong>in</strong></span> <span class='ocrx_word' id='word_1_828' title='bbox 2702 4900 2749 4942; x_wconf 89' lang='lat' dir='ltr'><strong>te</strong></span> <span class='ocrx_word' id='word_1_829' title='bbox 2774 4889 3061 4942; x_wconf 84' lang='lat' dir='ltr'><strong>delectabile</strong></span> <span class='ocrx_word' id='word_1_830' title='bbox 3086 4889 3234 4953; x_wconf 69' lang='lat' dir='ltr'><strong>lucet,</strong></span> <span class='ocrx_word' id='word_1_831' title='bbox 3263 4893 3532 4958; x_wconf 76' lang='lat' dir='ltr'><strong>referentes</strong></span> 
     </span>
    </p>
   </div>
   <div class='ocr_carea' id='block_1_114' title="bbox 1949 4980 3532 5052">
    <p class='ocr_par' dir='ltr' id='par_1_114' title="bbox 1949 4980 3532 5052">
     <span class='ocr_line' id='line_1_114' title="bbox 1949 4980 3532 5052; baseline -0.003 -14"><span class='ocrx_word' id='word_1_832' title='bbox 1949 5002 2041 5038; x_wconf 88' lang='lat' dir='ltr'><strong>nos</strong></span> <span class='ocrx_word' id='word_1_833' title='bbox 2065 4985 2132 5037; x_wconf 89' lang='lat' dir='ltr'><strong>ad</strong></span> <span class='ocrx_word' id='word_1_834' title='bbox 2159 4985 2321 5044; x_wconf 88' lang='lat' dir='ltr'><strong>illum,</strong></span> <span class='ocrx_word' id='word_1_835' title='bbox 2351 4984 2512 5052; x_wconf 86' lang='lat' dir='ltr'><strong>ipsius</strong></span> <span class='ocrx_word' id='word_1_836' title='bbox 2540 4998 2648 5035; x_wconf 83' lang='lat' dir='ltr'><strong>esse</strong></span> <span class='ocrx_word' id='word_1_837' title='bbox 2679 4994 3012 5052; x_wconf 85' lang='lat' dir='ltr'><strong>agnoscamus</strong></span> <span class='ocrx_word' id='word_1_838' title='bbox 3051 4980 3113 5034; x_wconf 87' lang='lat' dir='ltr'><strong>de</strong></span> <span class='ocrx_word' id='word_1_839' title='bbox 3147 4982 3289 5050; x_wconf 87' lang='lat' dir='ltr'><strong>cujus</strong></span> <span class='ocrx_word' id='word_1_840' title='bbox 3316 4981 3532 5033; x_wconf 77' lang='lat' dir='ltr'><strong>bonitate</strong></span> 
     </span>
    </p>
   </div>
   <div class='ocr_carea' id='block_1_115' title="bbox 1950 5071 3536 5145">
    <p class='ocr_par' dir='ltr' id='par_1_115' title="bbox 1950 5071 3536 5145">
     <span class='ocr_line' id='line_1_115' title="bbox 1950 5071 3536 5145; baseline -0.003 -16"><span class='ocrx_word' id='word_1_841' title='bbox 1950 5088 2052 5130; x_wconf 88' lang='lat' dir='ltr'><strong>tam</strong></span> <span class='ocrx_word' id='word_1_842' title='bbox 2078 5077 2237 5129; x_wconf 84' lang='lat' dir='ltr'><strong>bonus</strong></span> <span class='ocrx_word' id='word_1_843' title='bbox 2261 5092 2331 5139; x_wconf 87' lang='lat' dir='ltr'><strong>es,</strong></span> <span class='ocrx_word' id='word_1_844' title='bbox 2357 5085 2401 5128; x_wconf 89' lang='lat' dir='ltr'><strong>et</strong></span> <span class='ocrx_word' id='word_1_845' title='bbox 2427 5075 2488 5127; x_wconf 87' lang='lat' dir='ltr'><strong>de</strong></span> <span class='ocrx_word' id='word_1_846' title='bbox 2516 5075 2660 5144; x_wconf 86' lang='lat' dir='ltr'><strong>cujus</strong></span> <span class='ocrx_word' id='word_1_847' title='bbox 2687 5075 2901 5145; x_wconf 85' lang='lat' dir='ltr'><strong>puritate</strong></span> <span class='ocrx_word' id='word_1_848' title='bbox 2926 5082 2971 5125; x_wconf 78' lang='lat' dir='ltr'><strong>et</strong></span> <span class='ocrx_word' id='word_1_849' title='bbox 2997 5071 3313 5142; x_wconf 86' lang='lat' dir='ltr'><strong>simplicitate</strong></span> <span class='ocrx_word' id='word_1_850' title='bbox 3332 5089 3392 5125; x_wconf 85' lang='lat' dir='ltr'><strong>ac</strong></span> <span class='ocrx_word' id='word_1_851' title='bbox 3417 5073 3536 5141; x_wconf 73' lang='lat' dir='ltr'><strong>pul—</strong></span> 
     </span>
    </p>
   </div>
   <div class='ocr_carea' id='block_1_116' title="bbox 1949 5164 3538 5237">
    <p class='ocr_par' dir='ltr' id='par_1_116' title="bbox 1949 5164 3538 5237">
     <span class='ocr_line' id='line_1_116' title="bbox 1949 5164 3538 5237; baseline -0.004 -15"><span class='ocrx_word' id='word_1_852' title='bbox 1949 5168 2231 5222; x_wconf 86' lang='lat' dir='ltr'><strong>chritudine</strong></span> <span class='ocrx_word' id='word_1_853' title='bbox 2270 5183 2446 5237; x_wconf 89' lang='lat' dir='ltr'><strong>purus,</strong></span> <span class='ocrx_word' id='word_1_854' title='bbox 2482 5167 2697 5235; x_wconf 75' lang='lat' dir='ltr'><strong>simplex</strong></span> <span class='ocrx_word' id='word_1_855' title='bbox 2739 5176 2784 5218; x_wconf 90' lang='lat' dir='ltr'><strong>et</strong></span> <span class='ocrx_word' id='word_1_856' title='bbox 2824 5164 3035 5235; x_wconf 73' lang='lat' dir='ltr'><strong>pulcher&quot;</strong></span> <span class='ocrx_word' id='word_1_857' title='bbox 3057 5176 3212 5229; x_wconf 84' lang='lat' dir='ltr'><strong>es;et</strong></span> <span class='ocrx_word' id='word_1_858' title='bbox 3227 5164 3313 5216; x_wconf 79' lang='lat' dir='ltr'><strong>illi</strong></span> <span class='ocrx_word' id='word_1_859' title='bbox 3333 5176 3538 5234; x_wconf 78' lang='lat' dir='ltr'><strong>agentes</strong></span> 
     </span>
    </p>
   </div>
   <div class='ocr_carea' id='block_1_117' title="bbox 1949 5255 3535 5334">
    <p class='ocr_par' dir='ltr' id='par_1_117' title="bbox 1949 5255 3535 5334">
     <span class='ocr_line' id='line_1_117' title="bbox 1949 5255 3535 5334; baseline -0.003 -20"><span class='ocrx_word' id='word_1_860' title='bbox 1949 5264 2138 5334; x_wconf 85' lang='lat' dir='ltr'><strong>gratias</strong></span> <span class='ocrx_word' id='word_1_861' title='bbox 2158 5260 2220 5313; x_wconf 84' lang='lat' dir='ltr'><strong>de</strong></span> <span class='ocrx_word' id='word_1_862' title='bbox 2253 5261 2380 5313; x_wconf 88' lang='lat' dir='ltr'><strong>bono</strong></span> <span class='ocrx_word' id='word_1_863' title='bbox 2406 5269 2514 5324; x_wconf 84' lang='lat' dir='ltr'><strong>tuo,</strong></span> <span class='ocrx_word' id='word_1_864' title='bbox 2547 5259 2678 5310; x_wconf 87' lang='lat' dir='ltr'><strong>dono</strong></span> <span class='ocrx_word' id='word_1_865' title='bbox 2702 5274 2794 5311; x_wconf 86' lang='lat' dir='ltr'><strong>suo</strong></span> <span class='ocrx_word' id='word_1_866' title='bbox 2824 5258 3056 5328; x_wconf 70' lang='lat' dir='ltr'><strong>dignetur</strong></span> <span class='ocrx_word' id='word_1_867' title='bbox 3073 5259 3092 5287; x_wconf 87' lang='grc'>²</span> <span class='ocrx_word' id='word_1_868' title='bbox 3115 5274 3204 5310; x_wconf 87' lang='lat' dir='ltr'><strong>nos</strong></span> <span class='ocrx_word' id='word_1_869' title='bbox 3231 5257 3316 5309; x_wconf 89' lang='lat' dir='ltr'><strong>tibi</strong></span> <span class='ocrx_word' id='word_1_870' title='bbox 3346 5255 3535 5326; x_wconf 78' lang='lat' dir='ltr'><strong>adjun-</strong></span> 
     </span>
    </p>
   </div>
   <div class='ocr_carea' id='block_1_118' title="bbox 2015 5390 2724 5456">
    <p class='ocr_par' dir='ltr' id='par_1_118' title="bbox 2015 5390 2724 5456">
     <span class='ocr_line' id='line_1_118' title="bbox 2015 5390 2724 5456; baseline -0.006 -11"><span class='ocrx_word' id='word_1_871' title='bbox 2015 5399 2031 5430; x_wconf 79' lang='grc' dir='ltr'>ι</span> <span class='ocrx_word' id='word_1_872' title='bbox 2068 5405 2172 5445; x_wconf 79' lang='lat' dir='ltr'><strong>MSS.</strong></span> <span class='ocrx_word' id='word_1_873' title='bbox 2194 5395 2343 5444; x_wconf 79' lang='lat' dir='ltr'><strong>vatic.</strong></span> <span class='ocrx_word' id='word_1_874' title='bbox 2368 5399 2588 5456; x_wconf 86' lang='lat' dir='ltr'><strong>quatuor,</strong></span> <span class='ocrx_word' id='word_1_875' title='bbox 2618 5390 2724 5442; x_wconf 84' lang='lat' dir='ltr'><strong>Dei.</strong></span> 
     </span>
    </p>
   </div>
   <div class='ocr_carea' id='block_1_119' title="bbox 2015 5450 3536 5516">
    <p class='ocr_par' dir='ltr' id='par_1_119' title="bbox 2015 5450 3536 5516">
     <span class='ocr_line' id='line_1_119' title="bbox 2015 5450 3536 5516; baseline -0.005 -9"><span class='ocrx_word' id='word_1_876' title='bbox 2015 5461 2035 5491; x_wconf 81' lang='grc'><strong><em>²</em></strong></span> <span class='ocrx_word' id='word_1_877' title='bbox 2067 5459 2141 5507; x_wconf 84' lang='lat' dir='ltr'><strong>sic</strong></span> <span class='ocrx_word' id='word_1_878' title='bbox 2163 5465 2266 5507; x_wconf 81' lang='lat' dir='ltr'><strong>Mss.</strong></span> <span class='ocrx_word' id='word_1_879' title='bbox 2287 5450 2555 5506; x_wconf 81' lang='lat' dir='ltr'><strong>sexdecim.</strong></span> <span class='ocrx_word' id='word_1_880' title='bbox 2576 5450 2638 5503; x_wconf 79' lang='grc' dir='ltr'><strong>Ἀι</strong></span> <span class='ocrx_word' id='word_1_881' title='bbox 2676 5454 2786 5516; x_wconf 66' lang='grc' dir='ltr'><strong>ωδ.</strong></span> <span class='ocrx_word' id='word_1_882' title='bbox 2811 5453 2995 5502; x_wconf 82' lang='lat' dir='ltr'><strong>habent</strong></span> <span class='ocrx_word' id='word_1_883' title='bbox 3007 5465 3036 5516; x_wconf 94' lang='lat'><strong>_:_</strong></span> <span class='ocrx_word' id='word_1_884' title='bbox 3052 5457 3095 5502; x_wconf 89' lang='lat' dir='ltr'><strong>et</strong></span> <span class='ocrx_word' id='word_1_885' title='bbox 3116 5450 3188 5500; x_wconf 77' lang='lat' dir='ltr'><strong>illi</strong></span> <span class='ocrx_word' id='word_1_886' title='bbox 3198 5454 3397 5513; x_wconf 74' lang='lat' dir='ltr'><strong>agentes</strong></span> <span class='ocrx_word' id='word_1_887' title='bbox 3416 5461 3536 5516; x_wconf 66' lang='lat' dir='ltr'><strong>grao</strong></span> 
     </span>
    </p>
   </div>
   <div class='ocr_carea' id='block_1_120' title="bbox 1950 5513 3486 5584">
    <p class='ocr_par' dir='ltr' id='par_1_120' title="bbox 1950 5513 3486 5584">
     <span class='ocr_line' id='line_1_120' title="bbox 1950 5513 3486 5584; baseline -0.007 -13"><span class='ocrx_word' id='word_1_888' title='bbox 1950 5520 2042 5571; x_wconf 74' lang='lat' dir='ltr'><strong>liis</strong></span> <span class='ocrx_word' id='word_1_889' title='bbox 2064 5520 2124 5570; x_wconf 90' lang='lat' dir='ltr'><strong>de</strong></span> <span class='ocrx_word' id='word_1_890' title='bbox 2147 5518 2264 5570; x_wconf 84' lang='lat' dir='ltr'><strong>bono</strong></span> <span class='ocrx_word' id='word_1_891' title='bbox 2285 5525 2365 5569; x_wconf 91' lang='lat' dir='ltr'><strong>tuo</strong></span> <span class='ocrx_word' id='word_1_892' title='bbox 2387 5517 2600 5578; x_wconf 73' lang='lat' dir='ltr'><strong>Domino,</strong></span> <span class='ocrx_word' id='word_1_893' title='bbox 2628 5515 2711 5581; x_wconf 83' lang='lat' dir='ltr'><strong>qui</strong></span> <span class='ocrx_word' id='word_1_894' title='bbox 2733 5517 2858 5565; x_wconf 87' lang='lat' dir='ltr'><strong>dono</strong></span> <span class='ocrx_word' id='word_1_895' title='bbox 2877 5527 2963 5565; x_wconf 90' lang='lat' dir='ltr'><strong>suo</strong></span> <span class='ocrx_word' id='word_1_896' title='bbox 2984 5513 3206 5578; x_wconf 82' lang='lat' dir='ltr'><strong>dignatus</strong></span> <span class='ocrx_word' id='word_1_897' title='bbox 3226 5519 3312 5573; x_wconf 84' lang='lat' dir='ltr'><strong>est,</strong></span> <span class='ocrx_word' id='word_1_898' title='bbox 3354 5513 3449 5562; x_wconf 85' lang='lat' dir='ltr'><strong>ete.</strong></span> <span class='ocrx_word' id='word_1_899' title='bbox 3477 5577 3486 5584; x_wconf 25' lang='grc' dir='ltr'>ἱ</span> 
     </span>
    </p>
   </div>
   <div class='ocr_carea' id='block_1_121' title="bbox 2016 5596 3534 5673">
    <p class='ocr_par' dir='ltr' id='par_1_121' title="bbox 2016 5596 3534 5673">
     <span class='ocr_line' id='line_1_121' title="bbox 2016 5596 3534 5673; baseline -0.005 -21"><span class='ocrx_word' id='word_1_900' title='bbox 2016 5603 2332 5673; x_wconf 81' lang='lat' dir='ltr'><strong>&#39;_neeognita_</strong></span> <span class='ocrx_word' id='word_1_901' title='bbox 2350 5601 2498 5673; x_wconf 81' lang='lat' dir='ltr'><strong>estad</strong></span> <span class='ocrx_word' id='word_1_902' title='bbox 2521 5615 2567 5650; x_wconf 92' lang='lat' dir='ltr'><strong>a.</strong></span> <span class='ocrx_word' id='word_1_903' title='bbox 2587 5601 2672 5663; x_wconf 83' lang='lat' dir='ltr'><strong>bg.</strong></span> <span class='ocrx_word' id='word_1_904' title='bbox 2694 5600 2761 5673; x_wconf 73' lang='lat' dir='ltr'><strong>bl.</strong></span> <span class='ocrx_word' id='word_1_905' title='bbox 2779 5599 2864 5673; x_wconf 81' lang='lat' dir='ltr'><strong>bn.</strong></span> <span class='ocrx_word' id='word_1_906' title='bbox 2889 5596 3101 5673; x_wconf 71' lang='lat' dir='ltr'><strong>e.</strong></span> <span class='ocrx_word' id='word_1_907' title='bbox 3123 5609 3277 5673; x_wconf 39' lang='grc' dir='ltr'><strong>ξεῖν.</strong></span> <span class='ocrx_word' id='word_1_908' title='bbox 3293 5597 3329 5659; x_wconf 88' lang='lat' dir='ltr'><strong>j.</strong></span> <span class='ocrx_word' id='word_1_909' title='bbox 3357 5596 3392 5645; x_wconf 90' lang='lat' dir='ltr'><strong>l.</strong></span> <span class='ocrx_word' id='word_1_910' title='bbox 3419 5609 3467 5645; x_wconf 93' lang='lat' dir='ltr'><strong>n.</strong></span> <span class='ocrx_word' id='word_1_911' title='bbox 3488 5609 3534 5645; x_wconf 89' lang='lat' dir='ltr'><strong>r.</strong></span> 
     </span>
    </p>
   </div>
   <div class='ocr_carea' id='block_1_122' title="bbox 1953 5659 3251 5726">
    <p class='ocr_par' dir='ltr' id='par_1_122' title="bbox 1953 5659 3251 5726">
     <span class='ocr_line' id='line_1_122' title="bbox 1953 5659 3251 5726; baseline -0.01 -9"><span class='ocrx_word' id='word_1_912' title='bbox 1953 5681 1994 5717; x_wconf 91' lang='lat' dir='ltr'><strong>s.</strong></span> <span class='ocrx_word' id='word_1_913' title='bbox 2019 5665 2094 5716; x_wconf 88' lang='lat' dir='ltr'><strong>sb.</strong></span> <span class='ocrx_word' id='word_1_914' title='bbox 2115 5672 2152 5714; x_wconf 92' lang='lat' dir='ltr'><strong>t.</strong></span> <span class='ocrx_word' id='word_1_915' title='bbox 2173 5659 2250 5714; x_wconf 51' lang='lat' dir='ltr'><strong>vi.</strong></span> <span class='ocrx_word' id='word_1_916' title='bbox 2273 5665 2353 5714; x_wconf 87' lang='lat' dir='ltr'><strong>vd.</strong></span> <span class='ocrx_word' id='word_1_917' title='bbox 2379 5665 2595 5726; x_wconf 89' lang='lat' dir='ltr'><strong>quinque</strong></span> <span class='ocrx_word' id='word_1_918' title='bbox 2621 5659 2665 5713; x_wconf 62' lang='grc' dir='ltr'><strong>ξ.</strong></span> <span class='ocrx_word' id='word_1_919' title='bbox 2685 5661 2744 5711; x_wconf 89' lang='lat' dir='ltr'><strong>ad</strong></span> <span class='ocrx_word' id='word_1_920' title='bbox 2766 5670 2867 5710; x_wconf 78' lang='lat' dir='ltr'><strong>Am.</strong></span> <span class='ocrx_word' id='word_1_921' title='bbox 2893 5659 3000 5707; x_wconf 76' lang='lat' dir='ltr'><strong>uad.</strong></span> <span class='ocrx_word' id='word_1_922' title='bbox 3027 5665 3101 5706; x_wconf 82' lang='lat' dir='ltr'><strong>Er.</strong></span> <span class='ocrx_word' id='word_1_923' title='bbox 3142 5665 3251 5707; x_wconf 73' lang='grc' dir='ltr'><strong>ων.</strong></span> 
     </span>
    </p>
   </div>
   <div class='ocr_carea' id='block_1_123' title="bbox 2017 5739 3530 5858">
    <p class='ocr_par' dir='ltr' id='par_1_123' title="bbox 2017 5739 3530 5858">
     <span class='ocr_line' id='line_1_123' title="bbox 2017 5739 3530 5858; baseline -0.004 -64"><span class='ocrx_word' id='word_1_924' title='bbox 2017 5745 2231 5858; x_wconf 54' lang='grc' dir='ltr'><strong>(αὶῶιὶεε</strong></span> <span class='ocrx_word' id='word_1_925' title='bbox 2247 5746 2306 5796; x_wconf 78' lang='lat'><strong>&#39;57</strong></span> <span class='ocrx_word' id='word_1_926' title='bbox 2328 5759 2339 5795; x_wconf 94' lang='lat'>:</span> <span class='ocrx_word' id='word_1_927' title='bbox 2362 5757 2471 5809; x_wconf 68' lang='lat' dir='ltr'><strong>quae</strong></span> <span class='ocrx_word' id='word_1_928' title='bbox 2491 5751 2653 5794; x_wconf 85' lang='lat' dir='ltr'><strong>autem</strong></span> <span class='ocrx_word' id='word_1_929' title='bbox 2675 5743 2763 5796; x_wconf 75' lang='grc'><strong>109</strong></span> <span class='ocrx_word' id='word_1_930' title='bbox 2782 5750 2908 5802; x_wconf 88' lang='lat' dir='ltr'><strong>erat,</strong></span> <span class='ocrx_word' id='word_1_931' title='bbox 2926 5753 3052 5790; x_wconf 83' lang='lat' dir='ltr'><strong>nunc</strong></span> <span class='ocrx_word' id='word_1_932' title='bbox 3068 5739 3175 5788; x_wconf 69' lang='grc'><strong>211.</strong></span> <span class='ocrx_word' id='word_1_933' title='bbox 3204 5740 3318 5802; x_wconf 68' lang='lat' dir='ltr'><strong>Scri;</strong></span> <span class='ocrx_word' id='word_1_934' title='bbox 3336 5747 3382 5790; x_wconf 86' lang='lat' dir='ltr'><strong>ta</strong></span> <span class='ocrx_word' id='word_1_935' title='bbox 3411 5739 3530 5789; x_wconf 68' lang='lat' dir='ltr'><strong>forte</strong></span> 
     </span>
    </p>
   </div>
   <div class='ocr_carea' id='block_1_124' title="bbox 1954 5823 2536 5858">
    <p class='ocr_par' dir='ltr' id='par_1_124' title="bbox 1954 5823 2536 5858">
     <span class='ocr_line' id='line_1_124' title="bbox 1954 5823 2536 5858; baseline -0.003 0"><span class='ocrx_word' id='word_1_936' title='bbox 1954 5823 2031 5858; x_wconf 71' lang='lat'><strong>31).</strong></span> <span class='ocrx_word' id='word_1_937' title='bbox 2054 5823 2160 5858; x_wconf 66' lang='lat' dir='ltr'><strong>~HR).</strong></span> <span class='ocrx_word' id='word_1_938' title='bbox 2528 5829 2536 5838; x_wconf 96' lang='lat'><strong><em>‘</em></strong></span> 
     </span>
    </p>
   </div>
  </div>
