4122 6350
527 407 634 467 “9

527 540 667 594 gere,
698 520 777 577 vel
801 534 997 591 quoquo
1039 514 1188 573 modo
1223 514 1539 585 subiungere,
1564 518 1618 565 ut
1656 508 1853 581 plenius
1877 504 2113 575 subjicia-

530 634 652 674 mur
668 615 766 681 illi,
790 614 933 685 cujus
953 622 999 665 te
1016 609 1169 663 ductu
1196 624 1255 660 ac
1276 603 1615 659 moderatione
1640 600 1790 654 talem
1813 597 2108 670 gaudemus,

530 718 590 765 ut
634 716 682 762 et
714 704 803 761 tibi
837 702 1093 772 contingat
1117 698 1336 770 gaudere
1362 695 1425 748 de
1451 692 1628 747 nobis:
1652 690 1785 762 quod
1814 705 1913 742 non
1943 686 2111 756 difﬁdo

535 803 665 874 fore,
705 798 748 853 si
783 796 881 851 tuis
919 809 999 848 me
1038 789 1347 847 orationibus
1392 786 1617 857 adjuves,
1653 783 1798 855 cujus
1838 781 2114 835 imitatione

512 930 513 933 η
535 867 771 946 nonnihil
785 889 897 959 jam
920 884 1126 957 profeci,
1150 891 1202 935 ut
1227 880 1343 934 talis
1369 893 1474 932 esse
1501 874 1796 930 desiderem.
1830 871 1977 924 Vides
1993 867 2114 937 quid

538 984 716 1056 facias,
748 982 883 1053 quod
922 978 995 1033 sic
1028 976 1184 1030 bonus
1211 990 1283 1037 es,
1311 987 1463 1043 quam
1486 985 1578 1023 nos
1606 967 1776 1037 rapias
1801 965 1853 1017 in
1892 978 2115 1016 amorem

537 1054 776 1150 proximi,
803 1072 892 1145 qui
920 1070 1061 1124 nobis
1087 1068 1277 1139 primus
1294 1065 1360 1117 ad
1386 1062 1701 1116 dilectionem
1724 1056 1821 1110 Dei
1840 1065 1885 1109 et
1910 1054 2115 1150 ultimus

537 1143 725 1241 gradus
750 1143 844 1227 est,
870 1171 917 1217 et
938 1160 1082 1231 quasi
1108 1160 1249 1213 limes
1264 1172 1359 1226 quo
1376 1154 1469 1207 sibi
1493 1163 1696 1221 uterque
1721 1147 2001 1201 aunectitur
2017 1143 2116 1197 Dei

536 1268 584 1313 et
610 1255 862 1328 proximi;
883 1253 937 1306 in
963 1268 1062 1320 quo
1090 1266 1201 1315 nos,
1220 1256 1274 1300 ut
1298 1246 1425 1309 dixi,
1447 1242 1590 1314 quasi
1612 1241 1769 1294 limite
1795 1248 1983 1292 stantes
2007 1252 2116 1289 am-

538 1348 717 1401 borum
756 1344 922 1397 calore
949 1332 1222 1412 tangimur,
1252 1345 1298 1391 et
1326 1335 1587 1389 amborum
1612 1334 1887 1402 ﬂagramus
1924 1343 2113 1381 amore.

540 1438 647 1494 Sed
672 1444 916 1506 quantum
945 1448 1035 1486 nos
1067 1432 1161 1485 iste
1187 1428 1317 1499 ignis
1353 1424 1596 1480 exusserit
1622 1433 1667 1476 et
1689 1419 1971 1492 purgaverit
1998 1433 2118 1489 pro-

537 1530 685 1595 ximi,
716 1536 909 1581 tantum
939 1540 1031 1578 nos
1067 1524 1119 1575 in
1161 1520 1307 1574 illum
1348 1516 1597 1589 puriorem
1626 1512 1719 1566 Dei
1743 1513 1816 1565 ire
1841 1509 2113 1579 compellit.

538 1620 608 1675 In
654 1634 752 1686 quo
786 1617 902 1689 jam
944 1613 1115 1668 nullus
1159 1610 1301 1665 nobis
1348 1605 1553 1660 amandi
1592 1604 1771 1657 modus
1820 1601 2116 1671 imponitur,

539 1710 743 1783 quando
776 1710 883 1779 ipse
913 1707 983 1761 ibi
1019 1703 1198 1759 modus
1226 1711 1299 1755 est
1330 1700 1439 1753 sine
1464 1696 1614 1751 modo
1640 1709 1829 1749 amare.
1856 1692 1976 1746 Non
2001 1707 2119 1762 ergo

538 1802 811 1859 verendum
834 1809 906 1853 est
932 1815 994 1851 ne
1015 1798 1129 1867 plus
1154 1807 1376 1847 amemus
1396 1789 1668 1843 Dominum
1685 1794 1937 1848 nostrum,
1957 1783 2043 1837 sed
2058 1798 2121 1835 ne

541 1895 728 1954 minus,
759 1890 1057 1945 timendum.

611 1987 667 2041 5.
702 1983 826 2037 Ηαξε
854 1980 1063 2051 epistola
1089 1975 1339 2049 superior,
1365 1988 1479 2044 qua!
1504 1971 1590 2025 tibi
1619 1987 1697 2025 me
1730 1968 1874 2039 quasi
1900 1965 2124 2019 abstersa

541 2081 741 2137 tristitia
769 2080 1005 2149 felicitate
1040 2074 1314 2136 actionum,
1343 2070 1407 2125 de
1444 2067 1636 2122 liberali
1664 2066 1764 2119 otio
1799 2060 1933 2136 quod
1959 2069 2120 2113 tecum

542 2172 670 2225 mihi
705 2185 851 2238 agere
879 2167 1020 2223 licuit
1046 2167 1099 2219 in
1123 2166 1216 2218 hoc
1251 2177 1368 2217 rure
1396 2160 1558 2231 posito
1592 2158 1730 2230 (nam
1754 2156 1825 2209 ita
1854 2152 2002 2208 licere
2026 2167 2119 2220 po-

542 2263 656 2334 tuit)
688 2262 928 2316 latiorem
957 2256 1123 2324 offert,
1163 2265 1428 2323 antequam
1460 2266 1582 2305 sane
1609 2244 1903 2302 venerabilis
1931 2242 2123 2310 episco-

543 2371 637 2426 pus
666 2371 755 2408 nos
779 2353 980 2405 visitare
1006 2350 1320 2419 dignaretur,
1349 2342 1492 2413 quasi
1519 2350 1651 2394 meta
1670 2339 1874 2393 illorum
1904 2333 2119 2402 gaudio-

541 2424 654 2500 rum
697 2444 885 2513 scripta
922 2450 1015 2507 est,
1060 2448 1106 2494 et
1147 2436 1280 2509 quod
1319 2450 1436 2489 vere
1479 2433 1648 2495 mirer,
1683 2430 1855 2483 eodem
1888 2426 1969 2478 die
1994 2424 2124 2478 venit

540 2552 639 2605 quo
672 2534 859 2604 scripta
891 2540 981 2586 est.
1016 2527 1153 2594 Quid
1188 2527 1281 2581 hoc
1308 2534 1399 2586 est,
1434 2538 1625 2594 quaeso,
1652 2519 1823 2573 anima
1858 2532 1987 2581 mea,
2025 2513 2123 2568 nisi

544 2628 673 2698 forte
689 2624 823 2694 quod
846 2639 936 2677 nos
962 2620 1205 2682 delectat;
1229 2628 1393 2672 tamen
1414 2614 1504 2669 etsi
1528 2614 1789 2667 honestum
1809 2617 1900 2675 est,
1925 2623 2024 2660 non
2049 2614 2125 2658 ta-

542 2735 656 2773 men
683 2718 806 2773 satis
826 2716 964 2778 utile,
996 2716 1113 2785 quia
1137 2714 1190 2766 in
1221 2724 1363 2782 parte
1389 2708 1497 2764 est?
1528 2704 1743 2761 Interim
1762 2704 1874 2758 licet
1894 2702 2124 2755 universo

544 2810 676 2864 hanc
700 2810 864 2879 ipsam
895 2816 1108 2877 parteut,
1139 2804 1193 2857 id
1228 2812 1298 2857 est
1325 2817 1416 2854 nos
1439 2800 1597 2869 ipsos,
1626 2804 1871 2867 quantum
1896 2808 1987 2863 pro
2009 2807 2127 2861 pec-

540 2902 666 2955 catis
693 2901 874 2955 nostris
903 2898 1043 2952 nobis
1068 2897 1196 2950 cedit
1227 2894 1455 2957 materia,
1477 2891 1531 2944 id
1549 2900 1619 2945 est
1646 2905 1735 2943 nos
1761 2887 1858 2958 ipsi
1879 2886 2121 2948 cedimus,

543 2994 685 3049 nobis
705 2992 1006 3046 elimatiores
1038 2998 1085 3044 et
1115 2983 1639 3058 compaginabiliores,
1672 2981 1715 3035 si
1743 2990 1909 3033 tamen
1934 2976 2125 3030 admit-

541 3086 607 3140 tis
626 3086 719 3139 hoc
755 3083 977 3147 verbum,
1011 3091 1188 3151 aptare
1222 3078 1510 3131 moliamur.
1539 3074 1705 3127 Habes
1735 3071 2000 3141 epistolam
2025 3084 2126 3121 non

544 3192 636 3246 pro
664 3184 748 3228 tua
774 3171 1136 3243 magnitudine,
1160 3168 1247 3223 sed
1281 3183 1373 3238 pro
1413 3182 1523 3219 mea
1559 3163 1801 3234 parvitate
1827 3160 2122 3230 longiorem,

542 3284 645 3337 qua
669 3276 717 3320 te
744 3262 1134 3336 provocaverim,
1162 3269 1215 3313 ut
1232 3260 1347 3332 jam
1373 3274 1471 3311 non
1492 3272 1584 3326 pro
1607 3271 1718 3308 mea
1754 3253 2015 3325 parvitate,
2038 3249 2127 3303 sed

546 3374 639 3429 pro
666 3366 752 3410 tua
771 3352 1119 3423 magnitudine
1146 3351 1269 3405 mihi
1295 3348 1507 3419 epistola
1534 3346 1774 3400 mittatur.
1810 3343 1937 3410 ρυω
1962 3351 2127 3395 tauten

544 3458 947 3520 quantacumque
968 3445 1082 3509 erit,
1114 3443 1236 3496 mihi
1273 3442 1424 3513 longa
1446 3456 1547 3493 non
1576 3438 1687 3503 erit,
1715 3438 1796 3489 cui
1821 3445 1976 3489 totum
1999 3444 2127 3487 tem-

547 3558 642 3612 pus
670 3539 810 3593 breve
839 3537 997 3593 estad
1024 3547 1071 3592 te
1093 3533 1376 3606 legendum.
1396 3531 1633 3587 Rescribe
1650 3529 1773 3583 mihi
1797 3527 2122 3597 quaudo,aut

544 3633 629 3687 ubi
653 3648 912 3686 occurrere
939 3631 1161 3694 debeam,
1183 3636 1387 3699 propter
1405 3625 1549 3679 illaut
1570 3638 1774 3677 causam
1795 3636 1895 3690 qua
1916 3634 1994 3672 me
2012 3618 2128 3686 jus-

543 3724 654 3779 sisti
685 3734 959 3777 occurrere.
996 3719 1144 3786 Quod
1176 3719 1219 3773 si
1256 3730 1327 3773 est
1359 3719 1575 3787 integra,
1617 3724 1663 3768 et
1697 3730 1797 3767 non
1835 3716 1964 3784 forte
1986 3708 2128 3763 aliud

545 3815 725 3870 melius
747 3815 953 3885 placuit,
981 3822 1100 3865 tunc
1126 3824 1423 3872 occurram;
1447 3813 1523 3862 sin
1552 3807 1737 3867 minus,
1762 3820 1884 3875 rogo
1910 3812 1978 3867 te,
2009 3802 2126 3854 nolo

546 3924 625 3962 me
646 3924 677 3960 a
709 3923 857 3961 cursu
892 3919 1087 3958 revoces
1114 3919 1222 3956 meo
1255 3918 1274 3957 :
1302 3902 1394 3955 illa
1419 3901 1552 3955 enim
1577 3896 1688 3953 sola
1714 3897 1821 3951 visa
1850 3905 1941 3957 est,
1976 3910 2129 3965 quam

547 3978 887 4068 prmponerem
917 3993 1059 4048 mihi.
1085 3991 1295 4047 Fratres
1327 4007 1497 4045 omnes
1534 3990 1617 4058 qui
1655 3987 1796 4042 nobis
1830 3987 1884 4041 in
1908 3984 2126 4040 Domino

544 4089 766 4144 conservi
792 4095 927 4151 sunt,
956 4095 1003 4140 et
1032 4083 1258 4139 desidero
1284 4081 1520 4149 multum,
1553 4090 1598 4135 et
1623 4079 1807 4134 saluto.

1030 4194 1362 4252 EPISTOLA
1395 4193 1488 4250 cx
1516 4197 1533 4217 ο
1566 4192 1661 4267 (a).

546 4313 855 4383 Augustinus
881 4312 1066 4368 Severo
1090 4312 1344 4383 episcopo,
1373 4308 1694 4364 blandissime
1716 4306 2039 4376 expostulans
2081 4313 2127 4359 et

616 4421 826 4468 querens
853 4421 908 4458 se
931 4403 992 4458 ab
1030 4404 1144 4474 ipso
1185 4414 1443 4473 tantopere
1480 4401 1745 4456 laudatum
1787 4400 1839 4453 in
1871 4400 2129 4469 superiore

616 4495 846 4563 epistola.

548 4585 774 4640 Domino
822 4584 1128 4638 beatissimo
1168 4592 1328 4651 atque
1365 4581 1691 4646 dulcissimo,
1725 4581 2009 4635 venerabili
2041 4580 2125 4633 ni-

620 4675 891 4746 miumque
916 4674 1251 4729 desiderabili
1274 4672 1422 4726 fratri
1441 4681 1496 4727 et
1509 4672 1871 4727 consacerdoti
1889 4674 2122 4737 Sevauo,

617 4777 673 4821 et
695 4764 787 4837 qui
818 4778 987 4820 tecum
1010 4772 1133 4820 sunt
1157 4764 1427 4830 fratribus,
1455 4764 1786 4819 AUGUSTINUS
1812 4773 1866 4818 et
1893 4764 1980 4835 qui
2009 4780 2124 4818 me-

619 4874 741 4913 cum
772 4866 893 4911 sunt
919 4857 1129 4923 fratres,
1157 4856 1209 4911 in
1241 4856 1465 4910 Domino
1489 4855 1732 4910 salutem.

619 4974 674 5025 1.
702 4969 933 5040 Epistola
978 4983 1119 5034 mea,
1146 4984 1305 5039 quam
1334 4969 1571 5038 pervexit
1611 4966 1951 5022 cbarissimus
1988 4965 2125 5021 ﬁlius

548 5073 602 5119 et
626 5063 983 5118 condiaconus
1023 5071 1207 5117 noster
1239 5060 1585 5128 Timotheus,
1634 5062 1741 5131 jam
1787 5070 1966 5131 parata
2011 5070 2122 5116 erat

550 5155 875 5228 profecturo,
902 5154 1113 5225 quando
1142 5154 1234 5209 ﬁlii
1270 5154 1437 5210 nostri
1467 5154 1862 5221 Quodvultdeus
1892 5162 1947 5208 et
1981 5152 2123 5207 Gau~

552 5249 759 5304 dentius
781 5247 846 5302 ad
874 5262 971 5301 nos
997 5257 1255 5302 venerunt
1278 5262 1397 5302 cum
1419 5246 1607 5302 litteris
1629 5247 1751 5300 tuis.
1784 5246 1909 5301 Inde
1930 5245 2126 5299 factum

547 5348 630 5397 est
656 5350 712 5393 ut
738 5339 993 5396 c0ntinno
1039 5338 1398 5409 proficiscens,
1441 5354 1545 5394 non
1582 5338 1794 5393 afferret
1824 5337 2127 5405 responsio-

551 5445 674 5485 nem
706 5446 904 5498 meam,
935 5432 1181 5501 quoniam
1213 5442 1331 5501 post
1358 5431 1566 5485 illorum
1587 5430 1869 5485 adventum
1901 5438 2125 5499 quantu-

611 5568 630 5585 '
665 5564 731 5615 Ad
762 5580 810 5631 a._
846 5580 896 5617 a.
934 5566 1021 5630 bg.
1046 5564 1116 5617 bl.
1139 5580 1183 5616 c.
1210 5567 1288 5616 cb.
1308 5581 1380 5617 cc.
1419 5567 1545 5631 ﬁ'._g.
1568 5581 1652 5631 gg.
1672 5578 1753 5630 gv.
1788 5566 1827 5631 j.
1852 5581 1902 5616 n.
1942 5579 2060 5631 r.,s.
2085 5573 2122 5617 t.

547 5626 669 5678 duos
688 5632 764 5678 sb.
782 5629 906 5679 duos
928 5626 999 5680 ve.
1022 5637 1226 5692 quatuor
1244 5644 1291 5679 v.
1318 5626 1593 5691 emendata;
1605 5626 1764 5680 'et'ad
1790 5626 1895 5679 λιιι.
1920 5630 2029 5680 Bad.
2049 5636 2123 5679 Er.
2168 5629 2187 5633 ⁷’

545 5696 656 5741 bov.

606 5772 680 5833 (a)
697 5769 829 5841 .Alias
851 5772 970 5824 135:
991 5783 1103 5836 qna
1119 5781 1284 5825 autem
1305 5774 1392 5826 no
1411 5782 1531 5833 erat,
1551 5789 1677 5826 nunc
1692 5776 1800 5826 2l3.
1820 5777 1997 5839 Scripta
2020 5785 2129 5841 post

544 5844 866 5895 superiorem.

1763 392 1820 451 S.
1861 382 2229 451 AUGUSTINI
2268 386 2566 445 EPISCOPI

3698 385 3801 444 ‘20

2224 498 2562 569 lumcumque
2585 498 2725 570 apud
2765 491 2864 556 nos
2905 499 3214 556 immoratus
3242 509 3344 569 est,
3378 508 3433 557 et
3456 501 3798 573 profecturus

2218 604 2315 660 per
2335 590 2490 645 horas
2506 590 2739 661 singulas
2753 590 3048 645 videbatur.
3068 590 3173 646 Sed
3190 592 3287 646 etsi
3310 607 3404 661 per
3427 607 3547 646 eum
3576 607 3801 662 respono

2216 681 2438 748 dissem,
2481 681 2653 737 adhuc
2675 682 2884 736 debitor
2912 682 3101 737 forem.
3132 682 3262 738 Nam
3292 692 3347 738 et
3380 699 3520 738 nunc
3550 684 3692 754 quod
3719 685 3800 739 vi-

2217 770 2349 826 deor
2381 774 2719 843 reSpondisse
2743 772 2955 829 debitor
3001 790 3140 838 sum,
3182 791 3287 829 non
3340 776 3461 830 dico
3501 777 3801 839 cbaritatis.

2216 878 2374 932 quam
2406 872 2551 917 tanto
2572 864 2739 935 magis
2761 865 3017 920 debemus
3042 877 3239 936 quanto
3271 868 3496 936 amplius
3523 867 3770 936 impende
3787 895 3803 907 -

2218 954 2404 1021 rimus,
2446 954 2597 1025 cujus
2624 970 2723 1010 nos
2754 966 3037 1026 perpetuos
3076 957 3346 1012 debitores
3388 959 3620 1011 ostendit
3657 959 3804 1027 Apo-

2219 1046 2388 1101 stolus
2408 1047 2610 1113 dicens,
2636 1046 2842 1102 Nemini
2859 1049 3132 1120 quidquam
3153 1048 3391 1117 debeatis,
3413 1051 3509 1103 nisi
3529 1051 3805 1104 utinvicem

2218 1136 2442 1207 diligatis
2486 1136 2660 1211 (Rom.
2710 1154 2825 1202 xm,
2872 1139 2961 1207 8);
3009 1140 3102 1193 sed
3144 1140 3308 1209 ipsius
3350 1140 3587 1210 epistolm
3632 1150 3739 1196 tua:
3786 1159 3801 1194 :

2218 1228 2430 1297 quando
2455 1230 2596 1284 enim
2622 1230 2879 1285 sufﬁciam
2910 1242 3011 1285 tuae
3047 1232 3313 1296 suavitati,
3340 1241 3603 1303 tantaeque
3631 1234 3805 1289 avidi-

2222 1318 2315 1372 tati
2336 1320 2495 1373 animi
2521 1320 2612 1384 tui,
2633 1337 2788 1390 quam
2816 1321 2943 1376 milii
2969 1323 3101 1376 lecta
3121 1322 3415 1378 nuntiavit?
3442 1324 3569 1379 Rem
3588 1326 3803 1395 quidem

2221 1409 2347 1462 mibi
2376 1410 2427 1463 in
2457 1419 2508 1464 te
2544 1412 2874 1467 notissimam
2918 1413 3241 1480 insinuavit;
3281 1427 3644 1471 verumtamen
3694 1417 3800 1471 etsi

2221 1517 2326 1556 non
2359 1503 2485 1557 mihi
2513 1504 2587 1558 rei
2616 1519 2766 1558 nova:
2791 1505 3124 1572 insinuatrix,
3157 1521 3291 1561 nova
3313 1515 3489 1562 tamen
3518 1508 3809 1578 rescripto-

2220 1611 2337 1651 rum
2364 1597 2600 1651 exactrix
2629 1596 2744 1651 fuit.

2290 1685 2346 1739 2.
2370 1686 2574 1741 Miraris
2610 1689 2831 1742 fortasse
2857 1704 2954 1744 cur
2989 1705 3074 1745 me
3105 1689 3263 1759 hujus
3300 1689 3463 1745 debiti
3499 1690 3806 1763 persoluto.

2222 1791 2335 1831 rem
2365 1779 2619 1847 imparem
2645 1778 2840 1842 dicam,
2869 1795 2987 1834 cum
3022 1790 3074 1834 tu
3101 1781 3168 1835 de
3196 1797 3280 1836 me
3301 1790 3405 1835 tam
3433 1783 3652 1837 multum
3683 1798 3811 1839 sen-

2225 1868 2342 1934 tias,
2371 1870 2461 1939 qui
2495 1885 2582 1924 me
2608 1878 2852 1941 tanquam
2904 1872 3078 1925 anima
3109 1888 3225 1927 mea
3268 1875 3479 1929 noveris
3514 1892 3526 1927 :
3564 1874 3658 1929 sed
3699 1874 3802 1930 hoc

2224 1958 2392 2029 ipsum
2423 1968 2505 2015 est
2529 1961 2669 2030 quod
2713 1962 2840 2017 mibi
2866 1979 3111 2033 magnam
3139 1963 3502 2018 difﬁcultatem
3535 1965 3657 2020 fecit
3685 1983 3806 2021 res-

2226 2050 2488 2121 pondendi
2520 2053 2705 2108 litteris
2738 2055 2862 2119 tuis,
2894 2055 3016 2124 quia
3056 2065 3111 2109 et
3141 2067 3367 2126 quantus
3404 2055 3534 2110 mihi
3576 2058 3807 2112 videaris

2225 2156 2385 2211 parco
2409 2142 2584 2197 dicere
2606 2153 2821 2214 propter
2839 2145 3211 2200 verecundiam
3240 2156 3403 2213 tuam,
3432 2156 3485 2202 et
3511 2150 3692 2219 utique
3708 2149 3812 2201 ini-

2226 2247 2325 2287 nus
2347 2233 2588 2298 dicendo,
2613 2251 2733 2289 cum
2763 2245 2814 2290 tu
2844 2237 2894 2291 in
2933 2253 3018 2291 me
3040 2248 3237 2293 tantam
3267 2240 3472 2294 laudem
3494 2243 3805 2309 contuleris,

2224 2323 2353 2393 quid
2384 2325 2481 2379 nisi
2503 2325 2713 2381 debitor
2736 2329 3053 2384 remanebo?
3070 2330 3220 2398 Quod
3244 2347 3349 2386 non
3377 2348 3639 2400 curarem,
3671 2334 3715 2387 si
3742 2350 3808 2389 ea

2226 2430 2343 2484 quae
2359 2414 2426 2470 de
2445 2431 2532 2471 me
2553 2416 2619 2471 ad
2642 2433 2726 2472 me
2742 2419 2948 2473 locutus
2967 2436 3046 2487 es,
3075 2438 3177 2475 non
3199 2439 3261 2476 ex
3284 2422 3542 2478 charitate
3562 2425 3813 2479 sinceris-

2225 2504 2359 2560 sima
2401 2506 2539 2561 dicta
2588 2507 2804 2573 scirem,
2837 2510 2930 2565 sed
2972 2512 3270 2567 adulatione
3300 2513 3507 2569 inimica
3536 2517 3810 2573 amicitim.

2235 2599 2344 2653 lloc
2375 2600 2566 2670 quippe
2591 2602 2748 2656 modo
2773 2618 2870 2657 nec
2885 2603 3091 2658 debitor
3118 2605 3317 2667 ﬁerem,
3336 2608 3454 2676 quia
3478 2608 3596 2661 talia
3620 2623 3814 2677 repen-

2228 2692 2356 2748 dere
2384 2708 2487 2747 non
2510 2692 2758 2749 deberem
2782 2712 2795 2748 :
2818 2695 2910 2749 sed
2939 2704 3136 2766 quanto
3160 2698 3326 2767 magis
3346 2700 3467 2753 novi
3487 2715 3643 2770 quam
3664 2700 3813 2755 fideli

2226 2782 2404 2835 animo
2418 2783 2671 2852 loqueris,
2693 2795 2836 2839 tanto
2858 2786 3022 2855 magis
3036 2786 3186 2841 video
3198 2798 3395 2856 quanto
3408 2789 3583 2844 debito
3594 2805 3811 2860 graver.

2300 2875 2352 2929 5.
2387 2875 2522 2929 Vide
2547 2886 2719 2930 autem
2747 2876 2871 2946 quid
2904 2877 3031 2931 mibi
3070 2879 3307 2948 contigit,
3339 2888 3397 2933 ut
3428 2896 3514 2935 me
3548 2882 3813 2951 quodam-

2230 2964 2388 3018 modo
2413 2965 2523 3034 ipse
2552 2965 2897 3033 laudaverim,
2920 2966 3011 3037 qui
3036 2983 3121 3023 me
3144 2984 3171 3020 a
3205 2978 3255 3022 te
3286 2968 3511 3023 fideliter
3538 2971 3813 3025 laudatum

2228 3053 2475 3111 dixerim.
2510 3054 2613 3111 Sed
2638 3056 2762 3127 quid
2785 3056 2927 3111 aliud
2950 3057 3205 3125 dicerem,
3228 3076 3385 3130 quam
3423 3061 3473 3115 id
3494 3063 3634 3131 quod
3658 3063 3729 3119 de
3756 3075 3813 3119 te

2229 3146 2498 3207 admonui.
2531 3163 2686 3217 quem
2722 3149 2739 3181 ⁸
2770 3149 2928 3205 nosti.
2960 3149 3095 3206 Ecce
3131 3153 3258 3206 mihi
3291 3170 3480 3208 novam
3522 3155 3619 3210 feci
3655 3174 3811 3227 qua:-

2231 3240 2460 3293 stionem
2501 3256 2658 3310 quam
2702 3247 2755 3294 tu
2793 3256 2895 3296 non
2943 3245 3294 3312 proposuisti,
3325 3255 3380 3300 et
3420 3262 3537 3301 eam
3572 3249 3815 3304 fortassis

2239 3340 2517 3399 exspectas
2541 3340 2597 3385 ut
2620 3332 2821 3386 solvam
2854 3348 2869 3387 :
2897 3333 2965 3387 ita
2993 3334 3120 3388 mihi
3146 3350 3329 3404 parum
3355 3346 3469 3392 erat
3490 3338 3628 3408 quod
3654 3339 3815 3393 debi-

2234 3429 2319 3475 tor
2346 3436 2518 3487 eram,
2556 3423 2656 3477 nisi
2680 3424 2839 3478 etiam
2879 3440 2964 3478 me
2991 3426 3249 3494 ampliore
3273 3426 3456 3482 debito
3483 3429 3593 3499 ipse
3618 3444 3814 3483 cumu—

2232 3513 2435 3580 larem;
2487 3530 2786 3585 quanquam
2834 3516 2933 3572 hoc
2974 3518 3126 3573 facile
3174 3520 3242 3573 sit
3286 3521 3607 3585 ostendere,
3656 3534 3732 3589 et,
3763 3523 3813 3577 si

2230 3620 2335 3659 non
2349 3606 2646 3669 ostendam,
2663 3604 2812 3663 facile
2843 3608 2936 3662 tibi
2959 3609 3161 3674 videre,
3183 3619 3236 3663 et
3267 3626 3389 3664 vera
3412 3610 3692 3666 inﬁdeliter
3706 3612 3814 3667 dici

2231 3712 2406 3767 posse,
2440 3709 2491 3752 et
2528 3713 2633 3753 non
2684 3714 2808 3754 vera
2845 3699 3090 3757 ﬁdeliter.
3137 3701 3236 3770 Qui
3268 3704 3407 3757 enim
3435 3705 3514 3759 sic
3551 3705 3723 3760 credit
3749 3714 3814 3759 ut

2236 3789 2512 3859 loquitur,
2563 3792 2662 3845 etsi
2712 3807 2817 3845 non
2863 3808 2984 3870 vera
3040 3795 3312 3864 loquitur,
3368 3798 3591 3852 ﬁdeliter
3644 3799 3818 3868 loqui-

2232 3888 2348 3943 tur;
2399 3881 2486 3949 qui
2516 3893 2693 3935 autem
2739 3898 2846 3937 non
2896 3883 3065 3939 credit
3090 3902 3207 3956 qua:
3235 3887 3500 3957 loquitur,
3550 3890 3651 3944 etsi
3684 3906 3814 3944 vera

2230 3971 2480 4043 loquitur,
2528 3974 2811 4031 inﬁdeliter
2859 3977 3109 4046 loquitur.
3137 3978 3400 4050 Numquid
3449 3998 3575 4051 ergo
3627 3981 3815 4037 dubito

2230 4064 2369 4134 quod
2398 4080 2460 4119 ea
2486 4065 2551 4119 de
2578 4081 2664 4121 me
2682 4067 2869 4121 credas
2894 4083 3011 4138 quae
3031 4070 3322 4139 scripsisti?
3341 4070 3468 4139 Qua:
3499 4088 3617 4126 cum
3647 4074 3699 4126 in
3728 4089 3817 4129 me

2231 4172 2334 4209 non
2361 4172 2612 4226 agnosco,
2635 4158 2851 4228 potuisti
2882 4158 3105 4215 ﬁdeliter
3124 4160 3190 4215 de
3218 4177 3301 4216 me
3329 4178 3431 4216 non
3459 4179 3580 4217 vera
3610 4164 3813 4218 dicere.

2299 4251 2353 4304 4.
2382 4249 2485 4305 Sed
2518 4251 2640 4304 nolo
2671 4260 2725 4307 te
2752 4253 2833 4307 vel
2859 4253 3223 4308 benevolentia
3249 4255 3326 4309 sic
3354 4253 3498 4321 falli;
3535 4256 3620 4309 cui
3651 4257 3817 4309 henc-

2228 4343 2474 4397 volentize
2510 4343 2717 4399 debitor
2744 4360 2882 4411 sum,
2925 4346 3043 4416 quia
3081 4355 3135 4402 et
3171 4358 3275 4399 tam
3314 4348 3558 4414 ﬁdeliter,
3609 4358 3662 4403 et
3706 4359 3816 4402 tam

2230 4433 2485 4489 benevole
2510 4451 2572 4490 ea
2597 4450 2715 4504 quae
2743 4451 2864 4489 vera
2897 4445 3037 4499 sunt,
3059 4452 3269 4503 possum
3299 4438 3364 4491 de
3392 4448 3443 4494 te
3464 4440 3660 4505 dicere,
3686 4440 3812 4500 nisi.

2231 4533 2287 4578 ut
2311 4540 2466 4595 supra
2494 4528 2622 4593 dixi,
2655 4528 2985 4582 verecundia:
3013 4538 3114 4582 tua:
3161 4545 3455 4599 parcerem.
3489 4532 3599 4603 Ego
3631 4543 3813 4586 autem

2229 4618 2442 4686 quando
2468 4617 2653 4671 laudor
2676 4633 2705 4671 a
2744 4620 3148 4688 germanissimo
3176 4632 3228 4675 et
3257 4623 3668 4677 fatniliarissimo
3692 4626 3813 4677 ani-

2229 4725 2330 4764 ma:
2373 4726 2525 4777 mem,
2566 4710 2707 4765 velut
2742 4726 2774 4765 a
2815 4711 3019 4780 meipso
3058 4712 3260 4776 lauder,
3300 4715 3377 4769 sic
3415 4715 3606 4769 habeo.
3659 4714 3814 4783 Quod

2229 4804 2403 4857 cernis
2451 4818 2606 4872 quam
2652 4803 2936 4857 molestum
2977 4804 3067 4870 sit,
3115 4806 3273 4860 etiam
3307 4820 3434 4861 vera
3465 4808 3508 4861 si
3547 4809 3813 4862 dicantur.

2230 4894 2443 4961 Quanto
2473 4896 2650 4961 potius
2672 4894 2795 4964 quia
2822 4895 2978 4948 etiam
3009 4911 3127 4949 cum
3163 4898 3236 4950 sis
3274 4899 3439 4954 altera
3468 4901 3641 4954 anima
3669 4916 3812 4967 mea,

2230 4987 2335 5040 imo
2363 5003 2461 5040 una
2498 4989 2567 5042 sit
2591 4988 2764 5040 anima
2795 4996 2879 5040 tua
2903 4994 2955 5041 et
2985 5004 3122 5053 mea,
3149 4989 3225 5043 sic
3262 4989 3314 5043 in
3356 5005 3441 5045 me
3477 4990 3671 5046 falleris
3713 5008 3814 5060 pu-

2231 5076 2389 5129 tando
2418 5075 2544 5130 mihi
2575 5076 2761 5131 adesse
2785 5093 2901 5146 qum
2927 5077 3137 5145 desunt,
3166 5081 3433 5149 quomodo
3455 5091 3508 5136 et
3531 5082 3598 5137 de
3618 5098 3675 5137 se
3699 5085 3815 5152 ipse

2230 5183 2364 5222 unus
2386 5168 2545 5221 lnnno
2574 5167 2680 5221 falli
2713 5169 2916 5238 potest?
2941 5170 3089 5236 Quod
3118 5187 3221 5224 non
3267 5181 3467 5225 tantum
3512 5174 3630 5228 ideo
3658 5175 3805 5237 nolo,

2228 5275 2296 5313 ne
2310 5275 2464 5329 quem
2483 5259 2642 5329 diligo
2659 5270 2711 5312 tu
2726 5258 2943 5325 fallaris,
2962 5276 3141 5314 verum
3165 5262 3320 5315 etiam
3340 5279 3405 5317 ne
3420 5267 3593 5319 minus
3610 5280 3731 5319 ores
3756 5276 3814 5320 ut

2229 5350 2327 5404 sim
2348 5350 2486 5419 quod
2510 5350 2616 5418 jain
2644 5366 2731 5405 me
2756 5365 2874 5405 esse
2894 5351 3098 5406 credis:
3124 5369 3220 5407 nec
3248 5354 3298 5407 in
3317 5370 3382 5409 co
3407 5371 3523 5410 sum
3549 5358 3638 5412 tibi
3662 5359 3813 5412 debi-

2231 5452 2335 5505 tor,
2368 5453 2424 5497 ut
2452 5443 2637 5497 eadem
2675 5458 2955 5514 progressu
2984 5445 3364 5500 benevolentiw
3387 5450 3599 5503 credam
3631 5459 3683 5504 et
3726 5450 3810 5504 lo-

2232 5553 2364 5608 quar
2397 5537 2465 5592 de
2496 5547 2547 5592 te
2566 5538 2724 5599 bona,
2752 5552 2871 5606 quin
2899 5537 3074 5593 adhuc
3111 5549 3163 5593 et
3186 5550 3237 5593 tu
3276 5541 3365 5595 tibi
3391 5541 3582 5598 deesse
3614 5559 3813 5613 cogno-

2230 5629 2353 5691 scis.
2386 5629 2480 5684 sed
2522 5638 2579 5683 ut
2619 5631 2797 5683 animo
2835 5638 2936 5682 tam
2966 5630 3179 5699 quidem
3216 5632 3476 5687 benevolo
3507 5651 3566 5689 ca
3607 5645 3807 5692 tantum

2231 5722 2403 5778 dicam
2434 5721 2568 5776 bona
2596 5729 2704 5787 tua,
2732 5719 2870 5776 dona
2894 5720 3007 5788 Dei,
3032 5721 3099 5778 de
3118 5724 3305 5794 quibus
3328 5725 3380 5781 in
3403 5734 3452 5781 te
3472 5736 3649 5785 certus
3664 5743 3804 5784 sum.

2296 5842 2313 5875 ⁸
2336 5849 2440 5890 Mss.
2464 5838 2637 5888 decem
2656 5869 2672 5895 ,
2696 5847 2838 5891 quam
2854 5833 2992 5886 nosti.
