4122 6350
278 387 379 446 ﬁl

279 522 431 590 Quod
470 533 576 576 non
624 521 745 581 ideo
784 538 888 579 non
922 524 1054 580 facio
1084 539 1149 580 ne
1176 524 1328 580 fallar
1360 525 1412 579 lu
1450 526 1548 589 eis,
1577 526 1671 581 sed
1701 541 1769 580 ne
1805 536 1862 580 tu

276 629 306 665 a
343 627 429 667 me
468 612 735 681 laudatus,
757 613 870 684 ipse
902 624 953 671 te
980 615 1224 671 laudasse
1253 616 1512 680 videaris;
1554 626 1609 671 et
1645 626 1863 688 propter

278 704 419 756 illam
463 702 680 771 justitim
727 706 1000 775 regulam,
1045 722 1144 775 qua
1176 706 1306 761 mihi
1354 706 1469 761 fieri
1512 706 1654 762 uolo.
1710 706 1859 773 Quod

273 798 319 851 si
352 794 470 851 fieri
502 794 680 861 debet,
708 797 846 865 eligo
878 812 1000 853 esse
1041 798 1268 857 debitor.
1296 797 1546 867 quamdiu
1586 807 1713 870 puto
1756 814 1859 852 non

274 903 395 941 esse
441 887 776 953 faciendum;
824 888 868 942 si
896 896 1074 943 autem
1105 888 1217 942 fieri
1249 903 1351 941 non
1381 887 1558 951 debet,
1590 903 1686 942 nec
1711 886 1859 941 debi-

276 987 361 1032 ιοιδ
386 993 526 1033 sum.

250 1082 257 1141 ξ
346 1070 402 1125 5.
433 1069 538 1125 Sed
566 1068 684 1123 novi
707 1068 844 1138 quod
874 1067 1001 1121 mihi
1041 1067 1106 1122 ad
1134 1068 1248 1122 bare
1284 1068 1609 1138 respondere
1646 1068 1854 1138 possis:

250 1171 351 1223 ,tta
391 1162 490 1214 ista
530 1160 759 1229 loqueris
802 1159 950 1229 quasi
997 1160 1253 1228 prolixam
1288 1161 1565 1229 epistolam
1608 1170 1747 1214 tuam
1790 1160 1859 1216 de

276 1251 519 1306 laudibus
548 1252 679 1305 meis
703 1251 1135 1305 desideraverim.
1169 1251 1318 1304 Absit
1348 1261 1403 1305 ut
1431 1252 1533 1306 hoc
1561 1251 1627 1306 de
1655 1261 1706 1306 te
1731 1268 1853 1307 cre-

274 1343 432 1407 dam;
476 1341 571 1396 sed
609 1341 828 1411 epistola
860 1350 966 1403 tua.
1013 1342 1136 1395 nolo
1170 1341 1349 1396 dicere
1378 1357 1535 1411 quam
1561 1342 1729 1409 veris,
1770 1343 1855 1397 Vel

278 1450 438 1500 quam
468 1450 571 1485 non
606 1432 764 1493 veris,
797 1433 950 1501 plena
992 1442 1164 1486 tamen
1195 1433 1435 1486 laudibus
1472 1434 1626 1500 meis,
1664 1433 1766 1487 hoc.
1791 1433 1858 1488 de

273 1535 361 1573 me
391 1529 450 1572 ut
484 1518 952 1587 reprehenderem,
989 1518 1146 1571 etiam
1193 1526 1243 1571 te
1293 1519 1542 1585 nolente,
1586 1519 1855 1588 flagitavit.

272 1609 405 1666 Nam
435 1609 478 1661 si
516 1608 640 1677 quid
671 1607 811 1660 aliud
849 1607 1063 1661 volebas
1105 1616 1161 1661 tit
1199 1607 1513 1671 scriberem,
1557 1608 1854 1677 largitorem

275 1715 360 1754 me
387 1699 745 1762 desiderabas,
778 1715 879 1752 non
910 1698 1248 1754 redditorem.
1277 1699 1443 1753 Porro
1467 1699 1687 1769 justitize
1714 1700 1847 1754 ordo

274 1789 353 1843 sic
383 1790 569 1853 habet,
613 1799 670 1842 ut
708 1789 940 1844 debitum
988 1789 1133 1857 prius
1170 1789 1489 1856 reddamus;
1531 1799 1640 1843 tum
1667 1789 1856 1844 deinde

274 1881 361 1934 cui
403 1879 694 1946 reddimus,
745 1881 791 1936 si
844 1880 945 1936 hoc
987 1882 1177 1950 placet,
1224 1881 1421 1951 aliquid
1471 1889 1526 1935 et
1574 1882 1851 1935 donemus.

275 1971 586 2040 Quanquam
615 1972 773 2026 etiam
820 1971 938 2025 talia
982 1973 1155 2041 qualia
1191 1972 1505 2026 desiderasti
1552 1979 1611 2027 ut
1652 1972 1855 2027 scribe-

276 2080 409 2127 rem,
434 2062 481 2117 si
501 2063 799 2131 diligentius
820 2074 1084 2134 praicepta
1110 2063 1373 2119 dominica
1393 2065 1707 2135 cogitemus,
1736 2065 1857 2119 red-

275 2153 446 2207 dimus
492 2154 665 2221 potius
706 2171 861 2224 quam
904 2155 1186 2219 donamus,
1238 2160 1281 2210 si
1330 2157 1527 2210 nemini
1573 2158 1853 2225 quidquam

276 2245 576 2299 debendum
604 2253 706 2309 est,
735 2246 838 2298 nisi
868 2254 923 2299 ut
944 2247 1168 2300 invicem
1198 2246 1498 2316 diligamus.
1527 2246 1641 2315 lpsa
1664 2249 1856 2316 quippe

276 2336 486 2389 dilectio
514 2335 677 2404 exigit
702 2334 957 2398 debitum,
983 2346 1037 2389 ut
1062 2336 1313 2391 fraterna:
1333 2336 1577 2390 cbaritati
1616 2338 1856 2392 servien-

277 2436 379 2489 tes,
406 2442 528 2480 eum
556 2426 645 2495 qui
666 2440 724 2479 se
743 2425 978 2494 adjuvari
1006 2435 1149 2480 recte
1168 2427 1313 2490 velit,
1342 2426 1394 2481 in
1415 2443 1521 2497 quo
1555 2442 1853 2495 possumus,

276 2516 608 2585 adjuvemus.
636 2515 764 2583 Sed,
793 2516 863 2570 mi
902 2518 1086 2583 frater,
1116 2526 1170 2572 et
1198 2525 1250 2571 tu
1287 2517 1446 2571 credo
1472 2518 1611 2587 quod
1644 2520 1855 2572 noveris

274 2617 466 2674 quanta
495 2606 597 2661 sint
625 2608 676 2661 in
709 2608 951 2661 manibus
990 2609 1143 2674 meis,
1174 2609 1367 2678 quibus
1392 2609 1461 2663 ob
1487 2608 1725 2663 diversas
1753 2625 1851 2664 eu-

276 2713 360 2751 ras
386 2712 520 2767 quas
547 2708 742 2752 nostra;
770 2698 1039 2753 servitutis
1068 2699 1360 2753 necessitas
1391 2698 1569 2764 habet,
1605 2701 1686 2754 vix
1716 2700 1847 2754 milii

275 2786 609 2853 paucissima:
635 2795 798 2857 gutta:
828 2789 1079 2858 temporis
1120 2789 1401 2850 stillantur,
1443 2806 1575 2859 quas
1613 2789 1731 2844 aliis
1762 2806 1853 2843 re-

276 2877 371 2931 bus
398 2878 442 2931 si
471 2877 801 2948 impendero,
827 2887 1009 2933 contra
1038 2878 1268 2934 officium
1298 2896 1475 2934 meum
1514 2879 1641 2935 mihi
1682 2880 1855 2936 facere

276 2968 476 3022 videor.

342 3059 396 3109 6.
427 3057 581 3125 Quod
617 3057 759 3112 enim
798 3058 913 3124 vis,
958 3068 1019 3113 ut
1060 3058 1128 3112 ad
1178 3067 1231 3113 te
1276 3059 1533 3129 prolixam
1577 3061 1853 3131 epistolam

272 3150 523 3215 scribam,
548 3158 603 3204 et
628 3149 728 3203 hoc
755 3150 966 3221 quidem
994 3150 1185 3217 debeo,
1213 3150 1414 3211 fateor;
1441 3151 1613 3207 debeo
1640 3168 1857 3222 prorsus

274 3241 376 3296 hoe
402 3250 510 3296 tam
537 3240 698 3307 dulci,
722 3249 827 3296 tam
853 3243 1095 3308 sincerae,
1122 3252 1225 3296 tam
1256 3258 1417 3297 merae
1446 3243 1700 3298 voluntati
1729 3251 1850 3299 tute.

275 3333 378 3389 Sed
400 3334 524 3405 quia
553 3335 721 3389 bonus
761 3350 819 3390 es
845 3343 1049 3389 amator
1073 3334 1313 3404 iustitiae,
1360 3335 1481 3390 inde
1507 3347 1560 3391 te
1588 3337 1853 3392 admoneo

272 3437 329 3481 ut
356 3427 425 3482 de
454 3427 542 3481 illa
580 3443 735 3497 quam
766 3427 962 3497 diligis,
992 3426 1094 3482 hoc
1139 3443 1168 3481 a
1211 3443 1297 3482 me
1346 3428 1598 3483 libentius
1644 3429 1851 3483 audias.

273 3518 459 3574 Cernis
488 3519 633 3589 prius
658 3534 779 3575 esse
802 3519 942 3587 quod
972 3526 1027 3573 et
1054 3518 1147 3573 tibi
1164 3528 1217 3573 et
1243 3519 1385 3584 aliis,
1410 3534 1566 3589 quam
1593 3520 1733 3590 quod
1763 3520 1855 3575 tibi

273 3607 640 3663 tantummodo
688 3609 894 3673 debeo;
933 3618 988 3662 et
1021 3615 1229 3677 tempus
1257 3607 1323 3662 ad
1349 3609 1526 3663 omnia
1573 3609 1701 3663 mihi
1748 3625 1852 3665 non

273 3701 483 3765 sullieit,
516 3701 729 3770 quando
780 3717 881 3757 nec
923 3701 987 3756 ad
1032 3702 1117 3755 illa
1147 3718 1265 3770 qua:
1306 3703 1481 3771 priora
1520 3713 1660 3758 sunt.
1703 3704 1855 3760 Unde

279 3811 467 3850 clunes
509 3794 804 3849 eharissimi
839 3805 893 3850 et
946 3795 1338 3852 familiarissimi
1381 3796 1506 3865 mei,
1534 3815 1758 3868 quorum
1800 3800 1854 3855 in

274 3887 487 3940 nomine
528 3885 723 3940 Christi
769 3886 908 3940 inter
949 3886 1151 3957 primos
1197 3886 1325 3941 mihi
1368 3903 1446 3949 es.
1502 3905 1613 3943 rem
1661 3888 1855 3945 facient

272 3975 427 4031 oﬂicii
470 3977 587 4044 sui,
628 3978 673 4031 si
729 3993 834 4033 non
873 3977 1043 4031 solum
1103 3978 1205 4032 alia
1255 3979 1385 4033 mihi
1426 3979 1705 4035 scribenda
1753 3982 1852 4050 ipsi

272 4081 374 4120 non
414 4066 708 4135 imponant,
738 4083 916 4121 verum
961 4069 1120 4123 etiam
1158 4077 1384 4124 caeteros
1409 4080 1600 4139 quanta
1633 4082 1855 4139 possunt

271 4158 586 4213 auctoritate
643 4168 699 4215 et
758 4168 936 4215 sancta
990 4160 1314 4231 benignitate
1378 4162 1731 4231 prohibeant;
1784 4182 1852 4221 ne

272 4248 451 4303 videar
498 4265 599 4319 ego
639 4249 804 4304 durus
846 4266 967 4305 cum
1009 4266 1038 4305 a
1081 4252 1300 4320 singulis
1340 4252 1501 4320 petita
1540 4268 1646 4307 non
1687 4254 1852 4310 dede-

219 4341 229 4349 '
272 4354 352 4402 ro,
395 4340 525 4393 dum
571 4356 633 4395 ea
674 4341 794 4394 volo
842 4342 1011 4411 magis
1055 4342 1279 4397 reddere
1320 4357 1438 4411 qua:
1476 4344 1720 4398 omnibus
1753 4344 1850 4400 de-

270 4428 386 4483 beo.
424 4430 661 4499 Denique
699 4447 818 4485 cum
864 4431 1002 4485 sicut
1048 4446 1324 4502 speramus
1347 4442 1403 4487 et
1430 4435 1743 4501 promissum
1775 4442 1852 4489 tc-

272 4534 478 4581 nemus,
520 4521 586 4574 ad
613 4536 711 4575 nos
743 4522 947 4575 venerit
979 4521 1362 4578 Venerabilitas
1408 4533 1525 4589 tua,
1565 4526 1703 4579 scies
1730 4526 1848 4595 qui-

269 4610 367 4665 bus
403 4613 657 4682 operibus
701 4614 991 4667 litterarum
1029 4624 1085 4669 et
1121 4625 1374 4686 quantum
1414 4626 1705 4686 occupatus
1723 4618 1846 4685 sim,

272 4711 321 4756 et
355 4702 642 4758 instantius
670 4704 828 4758 facies
848 4704 985 4773 quod
1017 4707 1219 4776 rogavi,
1251 4715 1307 4759 ut
1332 4715 1385 4760 et
1410 4708 1543 4763 alios
1582 4723 1715 4778 quos
1744 4724 1842 4777 po-

272 4793 448 4857 tueris,
478 4793 606 4847 mibi
632 4794 830 4864 aliquid
855 4795 997 4848 aliud
1027 4795 1366 4850 scribendum
1408 4797 1647 4853 volentes
1674 4797 1849 4866 injun-

268 4898 411 4952 gere,
442 4899 473 4937 a
501 4900 590 4941 me
617 4884 937 4940 demoliaris.
970 4888 1224 4944 Dominus
1255 4889 1394 4943 Deus
1429 4900 1613 4945 noster
1633 4890 1849 4960 impleat

270 4975 444 5030 cordis
472 4976 550 5031 tui
582 4987 684 5031 Iam
718 4976 968 5047 grandem
994 4986 1050 5032 et
1068 4988 1174 5033 tam
1202 4989 1439 5034 sanctum
1479 4980 1653 5035 sinum
1690 4996 1848 5052 quem

270 5061 382 5133 ipse
409 5064 557 5132 fecit,
586 5065 800 5121 domine
825 5068 1146 5122 beatissime.

731 5201 1059 5258 EPISTOLA
1096 5201 1209 5258 exn
1234 5206 1252 5227 ο
1283 5203 1386 5275 (α).

278 5315 591 5386 Augustinus
624 5314 909 5368 Victoriano
952 5316 1269 5386 presbytero,
1314 5317 1579 5371 consolans
1622 5334 1737 5371 eum
1780 5319 1851 5371 ad

342 5406 614 5459 toleranter
639 5406 929 5474 accipienda
954 5404 1089 5459 mala
1111 5422 1224 5475 qua:
1249 5406 1466 5473 barbari,
1496 5407 1548 5459 in
1573 5406 1781 5460 Italiam
1802 5416 1849 5462 et

328 5536 348 5553 ‘
370 5542 502 5585 Hanc
524 5534 889 5601 emendavimus
919 5536 1057 5601 juxta
1089 5548 1137 5585 a.
1160 5533 1227 5584 bl.
1247 5549 1291 5584 c.
1315 5548 1382 5585 ec.
1407 5537 1486 5585 ch.
1512 5536 1560 5584 fr.
1579 5550 1629 5599 g.
1655 5551 1739 5600 gg.
1763 5552 1844 5601 gv.

264 5594 460 5708 ilia.
471 5609 515 5647 ε.
538 5598 618 5647 sb.
640 5603 679 5647 ι.
701 5596 825 5646 duos
843 5594 935 5645 an
945 5598 1068 5647 duos
1103 5611 1177 5647 vc.
1203 5606 1405 5660 quatuor
1444 5612 1489 5647 v.
1525 5594 1715 5648 ethui."
1736 5594 1826 5648 ΒΞά

325 5759 399 5823 (α)
416 5760 655 5828 “13132
676 5773 695 5828 ε
706 5772 817 5815 mne
832 5768 998 5811 autem
1017 5760 1098 5811 llt
1123 5770 1246 5828 erat,
1265 5777 1389 5812 nunc
1424 5764 1525 5815 1-48.
1546 5766 1721 5828 scripta
1756 5779 1849 5816 ex-

272 5832 417 5873 ouate
437 5836 515 5873 an.
536 5822 647 5883 409,
672 5822 796 5872 forte
815 5833 986 5873 mense
1004 5824 1230 5871 novemb.

1481 389 1957 447 EPISTOI.AllUM
1996 390 2274 451 CLASSIS
2314 392 2377 450 ll.

3437 409 3545 465 ιη

2042 506 2349 579 Hispaniam
2373 510 2707 567 incursionem
2740 516 3003 586 facientes,
3051 518 3327 589 inferebant
3360 526 3548 579 sanctis

2038 602 2157 656 viris
2181 613 2227 657 et
2249 605 2407 658 sacris
2432 605 2723 677 virginibus.

1969 690 2192 746 Domino
2216 693 2560 750 dilectissimo
2585 706 2637 750 et
2653 697 3143 754 desiderantissime
3167 701 3311 756 fratri
3333 712 3386 758 et
3401 719 3548 759 com-

2039 785 2355 857 presbytcro
2396 786 2758 857 VICTORIANO,
2806 793 3176 860 Al‘Cl‘STlNUs,
3227 794 3277 848 in
3321 797 3548 851 Domino

2034 875 2278 931 salutem.

2038 968 2088 1020 1.
2123 968 2334 1024 Littera:
2366 980 2469 1024 tum
2512 971 2860 1041 impleverunt
2886 977 3071 1044 grandi
3102 975 3286 1030 dolore
3317 992 3411 1032 cor
3448 996 3519 1034 no

1964 1067 2131 1111 strum
2154 1100 2166 1123 ,
2199 1061 2390 1127 quibus
2418 1064 2595 1131 petisti
2627 1076 2680 1117 ul
2711 1066 2912 1133 prolixo
2937 1082 3097 1137 opere
3121 1067 3293 1138 aliqua
3319 1084 3543 1139 reSpon—

1962 1146 2178 1213 derem;
2225 1165 2343 1205 cum
2384 1152 2577 1207 talibus
2608 1154 2759 1208 malis
2802 1156 2966 1225 magis
3004 1158 3195 1226 prolixi
3219 1160 3464 1230 gemitus
3490 1172 3545 1217 et

1963 1239 2154 1304 fletus,
2196 1257 2352 1310 quam
2392 1243 2581 1312 prolixi
2628 1245 2743 1298 libri
2781 1246 3092 1302 debeantur.
3139 1249 3307 1304 Totus
3347 1252 3542 1320 quippe

1963 1329 2191 1385 mundus
2226 1332 2384 1386 tantis
2415 1332 2663 1403 affligitur
2690 1335 2926 1389 cladibus
2950 1378 2963 1399 ,
2996 1348 3045 1390 ul
3078 1354 3217 1409 pene
3244 1356 3363 1409 pars
3397 1342 3540 1395 nulla

1962 1428 2221 1476 terrarum
2249 1424 2356 1487 sit,
2404 1426 2493 1479 ubi
2526 1442 2632 1479 non
2665 1427 2784 1479 talia
2808 1467 2825 1492 ,
2866 1429 3037 1496 qualia
3065 1431 3357 1500 scripsisti,
3389 1446 3539 1486 euin-

1962 1512 2236 1568 mittantur
2259 1523 2417 1584 atque
2461 1517 2792 1585 plangantur.
2837 1519 2965 1572 Nam
3001 1530 3130 1575 ante
3158 1537 3373 1590 parvum
3404 1533 3539 1578 tem-

1963 1620 2058 1673 pus
2081 1644 2097 1670 ,
2128 1606 2288 1659 etiam
2329 1607 2380 1660 in
2425 1607 2527 1662 illis
2560 1610 2932 1664 solitudinibus
2953 1610 3166 1683 Egypti
3192 1652 3208 1675 ,
3238 1613 3323 1666 tibi
3351 1629 3539 1667 mona-

1961 1695 2121 1749 steria
2150 1706 2393 1765 separata
2419 1698 2487 1750 ab
2517 1701 2659 1751 omni
2699 1701 2956 1769 strepitu,
2995 1702 3142 1770 quasi
3182 1717 3363 1756 secura
3394 1703 3539 1757 dele-

1960 1795 2146 1853 gerant
2178 1787 2230 1850 ⁸,
2263 1803 2291 1840 a
2326 1788 2563 1842 barbaris
2604 1790 2860 1844 interfecti
2896 1801 3016 1846 sunt
3043 1792 3250 1845 fratres.
3288 1791 3538 1847 Jamvero

1963 1892 2084 1945 quas
2112 1878 2270 1932 modo
2296 1879 2346 1931 in
2378 1881 2681 1949 regionibus
2706 1881 2884 1949 Italiae,
2917 1898 3033 1951 qua:
3056 1884 3107 1936 in
3129 1882 3310 1939 Galliis
3340 1883 3537 1938 nefaria

1961 1978 2263 2036 perpetrata
2303 1970 2446 2035 sint,
2498 1970 2655 2025 etiam
2686 1987 2781 2025 vos
2822 1972 2987 2027 latere
3026 1988 3129 2026 non
3164 1974 3428 2039 arbitror;
3469 1973 3537 2028 de

1966 2057 2210 2125 lliSpauis
2237 2075 2449 2128 quoque
2476 2068 2552 2114 tot
2579 2061 2889 2129 provinciis,
2923 2078 3042 2131 qua:
3072 2063 3137 2115 ab
3163 2062 3247 2117 his
3272 2065 3423 2117 malis
3447 2063 3537 2118 diu

1961 2149 2273 2203 videbantur
2305 2152 2538 2219 intactzc,
2566 2162 2844 2219 auferunt
2867 2154 2974 2221 jam
3003 2154 3122 2206 talia
3150 2154 3401 2207 nuntiari.
3430 2154 3537 2208 Sed

1960 2240 2083 2308 quid
2116 2242 2269 2309 longe
2303 2240 2475 2294 imus?
2508 2242 2644 2296 Ecce
2666 2242 2718 2295 in
2744 2243 2957 2311 regione
2982 2251 3164 2296 nostra
3189 2242 3533 2311 llipponensi,

1960 2331 2209 2398 quoniam
2236 2345 2353 2383 eam
2383 2329 2592 2384 barbari
2622 2347 2725 2384 non
2755 2333 3070 2401 attigerunt,
3097 2333 3407 2386 clericorum
3434 2333 3535 2386 do-

1961 2422 2271 2476 natistarum
2308 2431 2363 2477 et
2390 2421 2883 2477 Circumeellionum
2912 2423 3185 2477 latrocinia
3214 2423 3292 2476 sic
3330 2432 3537 2478 vastant

1960 2512 2239 2579 ecclesias,
2278 2523 2337 2568 ut
2378 2513 2720 2569 barbarorum
2747 2514 2971 2569 fortasse
2994 2513 3129 2570 facta
3163 2516 3373 2569 mitiora
3403 2515 3530 2569 sint.

1959 2602 2088 2669 Quis
2112 2604 2250 2657 enim
2290 2604 2545 2659 barbarus
2567 2606 2867 2675 excogitare
2890 2607 3062 2674 potuit
3087 2605 3225 2675 quod
3256 2606 3375 2672 isti,
3402 2615 3459 2660 ut
3481 2607 3532 2659 in

1960 2695 2144 2750 oculos
2171 2697 2482 2752 clericorum
2513 2710 2812 2751 nostrorum
2858 2697 3057 2750 calcem
3087 2706 3140 2750 ct
3177 2705 3386 2751 acetum
3413 2697 3535 2751 mit-

1962 2794 2151 2847 terent,
2173 2801 2397 2854 quorum
2422 2786 2657 2840 membra
2680 2787 2836 2840 etiam
2860 2797 3049 2842 caetera
3075 2787 3235 2856 plagis
3259 2786 3535 2841 horrendis

1960 2874 2368 2945 vulneribusque
2391 2876 2737 2931 sauciarunt?
2770 2877 3144 2945 Deprmdantur
3164 2878 3320 2931 etiam
3347 2878 3535 2932 domos

1959 2966 2162 3036 aiquas
2187 2976 2241 3022 et
2266 2968 2572 3034 incendunt,
2604 2969 2803 3025 fructus
2829 2971 3005 3024 aridos
3032 2971 3225 3039 diripiu
3248 2981 3318 3037 .t,
3355 2970 3532 3024 humi-

1960 3058 2057 3111 dos
2087 3058 2344 3121 fundunt,
2379 3067 2435 3114 et
2476 3061 2598 3114 talia
2641 3061 2847 3115 caeteris
2891 3062 3291 3125 comminando,
3340 3062 3537 3117 multos

1960 3150 2119 3204 etiam
2159 3151 2473 3219 rebaptizari
2502 3153 2841 3221 compellunt.
2874 3152 3046 3206 Pridie
3067 3168 3220 3220 quam
3251 3155 3346 3206 ista
3386 3154 3450 3207 ad
3483 3163 3536 3208 te

1959 3241 2193 3307 dictavi,
2231 3258 2295 3297 ex
2319 3259 2424 3297 uno
2456 3243 2573 3299 loco
2599 3260 2690 3314 per
2720 3244 3019 3314 hujusmodi
3051 3254 3279 3300 terrores
3303 3248 3536 3316 quadra-

1958 3333 2102 3402 ginta
2128 3342 2184 3388 et
2210 3344 2331 3389 octo
2359 3334 2549 3388 animae
2588 3336 2717 3389 mihi
2746 3337 3079 3405 rebaptizatae
3109 3338 3357 3391 nuntiate
3386 3346 3530 3392 sunt.

2028 3425 2083 3480 9..
2112 3426 2406 3495 Plaugenda
2435 3436 2557 3481 sunt
2582 3430 2714 3493 luce,
2748 3445 2851 3481 non
2875 3429 3132 3495 miranda,
3158 3440 3212 3485 et
3232 3430 3537 3484 exclaman—

1958 3516 2083 3570 dum
2121 3517 2188 3571 ad
2216 3517 2376 3570 Deum
2397 3556 2415 3584 ,
2442 3526 2498 3571 ut
2534 3533 2639 3573 non
2664 3519 2951 3573 secundqu
2980 3522 3163 3574 merita
3196 3529 3400 3575 nostra.
3440 3522 3538 3576 sed

1959 3607 2249 3661 secundum
2280 3607 2692 3662 misericordiam
2722 3624 2871 3663 suam
2909 3624 2938 3663 a
2976 3611 3131 3663 tantis
3155 3610 3307 3664 malis
3350 3610 3540 3665 liberet

1959 3714 2075 3752 nos.
2108 3698 2236 3752 Nam
2257 3698 2381 3768 quid
2412 3699 2589 3768 utique
2610 3701 2925 3769 sperandum
2951 3701 3045 3755 fuit
3071 3704 3250 3770 generi
3279 3701 3533 3767 humano,

1961 3806 2080 3844 cum
2125 3789 2237 3844 huic
2268 3800 2323 3846 et
2351 3792 2403 3844 in
2434 3791 2713 3860 Propliclis
2751 3804 2803 3846 et
2845 3795 2897 3846 in
2927 3793 3213 3863 Evangelio
3241 3804 3384 3847 tanto
3411 3804 3538 3850 ante

1960 3880 2205 3950 pra-dicta
2253 3880 2398 3935 sint?
2436 3881 2551 3936 Non
2596 3884 2771 3952 itaque
2801 3883 3057 3937 debemus
3102 3894 3206 3938 tam
3251 3885 3537 3957 nobisipsis

1958 3989 2076 4028 esse
2121 3973 2413 4039 contrarii,
2464 3983 2523 4029 ut
2567 3976 2849 4031 credamus
2894 3976 3106 4044 quando
3152 3977 3435 4046 leguntur,
3480 3985 3537 4030 et

1956 4081 2243 4135 queramur
2286 4066 2500 4135 quando
2526 4066 2857 4135 eoniplentur
2888 4084 2901 4119 :
2933 4066 3025 4120 sed
3057 4066 3230 4135 potius
3258 4078 3312 4120 et
3337 4066 3412 4120 illi
3441 4067 3534 4135 qui

1958 4158 2216 4213 increduli
2239 4159 2459 4220 fuerant,
2482 4174 2600 4213 cum
2624 4159 2738 4213 haec
2760 4158 2810 4211 in
2832 4159 3026 4211 sanctis
3048 4157 3220 4211 Libris
3235 4158 3532 4225 conscripta

1958 4251 2193 4317 legerent
2238 4250 2321 4303 vel
2369 4249 2649 4314 audirent,
2695 4264 2833 4303 nunc
2875 4249 3062 4303 saltem
3091 4248 3311 4302 credere
3339 4248 3536 4303 debent

1955 4358 2075 4397 cum
2123 4342 2380 4413 compleri
2425 4342 2533 4410 jam
2581 4341 2792 4407 vident;
2840 4350 2897 4395 ut
2939 4340 3007 4396 de
3049 4340 3131 4394 bis
3176 4349 3282 4395 tam
3331 4341 3540 4411 magnis

1957 4434 2221 4504 pressaris
2267 4444 2515 4505 tanquam
2561 4434 2612 4488 in
2659 4433 2908 4488 torculari
2956 4434 3162 4488 Domini
3205 4434 3298 4489 Dei
3341 4436 3539 4499 nostri,

1955 4529 2093 4580 sicut
2126 4541 2343 4579 amurca
2377 4525 2671 4580 infidelium
2713 4525 3150 4579 murmurantium
3188 4534 3239 4580 et
3284 4525 3534 4596 blasphe—

1956 4620 2209 4673 mantium
2235 4619 2370 4684 fluit,
2397 4618 2464 4671 ita
2491 4619 2662 4672 oleum
2684 4633 2893 4687 quoque
2914 4617 3148 4671 fidelium
3170 4618 3539 4672 confitentium

1953 4721 2005 4763 et
2033 4700 2295 4763 orantium
2324 4709 2546 4778 exprimi
2573 4717 2626 4761 et
2655 4708 2840 4776 liquari
2872 4722 2976 4761 non
3016 4717 3208 4763 cesset.
3257 4706 3362 4761 Illis
3390 4710 3531 4761 enim

1953 4799 2043 4870 qui
2066 4810 2250 4854 contra
2279 4799 2621 4854 cbristianam
2664 4798 2822 4852 fidem
2853 4800 3101 4868 querelas
3127 4799 3314 4868 impias
3334 4798 3541 4867 jactare

1954 4907 2059 4944 non
2084 4889 2394 4961 quiescunt,
2423 4890 2660 4944 dicentes
2689 4888 2830 4959 quod
2856 4900 3135 4960 antequam
3165 4890 3263 4943 ista
3294 4890 3539 4944 doctrina

1954 4999 2051 5054 per
2074 4982 2328 5037 mundum
2352 4983 2747 5053 praedicaretur,
2776 4992 2920 5037 tanta
2946 4985 3080 5038 mala
3109 4999 3214 5038 non
3237 4985 3536 5054 patiebatur

1953 5090 2120 5146 genus
2146 5076 2430 5129 humanum
2449 5114 2467 5140 ,
2498 5074 2648 5129 facile
2675 5083 2758 5129 est
2780 5089 2845 5129 ex
2869 5075 3152 5145 Evangelio
3174 5075 3535 5146 respondere;

1956 5166 2212 5220 Dominus
2249 5166 2390 5220 enim
2420 5165 2550 5219 dicit
2582 5183 2596 5219 :
2628 5164 2817 5221 Servus
2845 5167 3068 5221 nesciens
3108 5168 3409 5221 voluntatem
3441 5168 3535 5220 do»-

1955 5257 2079 5310 mini
2101 5258 2180 5310 sui
2187 5296 2204 5322 ,
2232 5265 2281 5309 et
2305 5256 2493 5324 faciens
2516 5256 2670 5327 digna
2688 5257 2871 5327 plagis,
2899 5255 3152 5325 vapulabit
3178 5274 3401 5327 paucas;
3423 5274 3531 5311 ser-

1954 5365 2043 5402 vus
2068 5358 2233 5402 autem
2252 5347 2413 5403 sciens
2438 5348 2743 5402 voluntatem
2766 5348 2957 5402 domini
2980 5348 3080 5413 sui,
3109 5358 3154 5400 et
3176 5349 3362 5419 faciens
3378 5350 3534 5420 digna

1956 5441 2145 5512 plagis,
2174 5438 2429 5512 vapulabit
2455 5441 2641 5494 multas
2674 5438 2827 5511 (an.
2856 5455 2952 5502 xu,
2979 5440 3069 5505 47,
3098 5438 3213 5510 48).
3245 5439 3379 5507 Quid
3404 5456 3535 5511 ergo

1957 5535 2149 5588 mirum
2174 5575 2190 5599 ,
2220 5534 2265 5587 si
2302 5531 2605 5589 cbristianis
2636 5531 2961 5601 temporibus
2988 5531 3088 5585 iste
3121 5531 3381 5597 mundus,
3411 5542 3531 5587 tan-

1956 5640 2112 5693 quam
2141 5638 2327 5678 servus
2356 5623 2465 5692 jam
2496 5624 2671 5678 sciens
2696 5623 3021 5677 voluntatem
3064 5623 3272 5678 Domini
3315 5626 3395 5678 sui
3422 5666 3437 5692 ,
3476 5635 3532 5681 et

1956 5715 2155 5771 faciens
2173 5715 2326 5785 digna
2346 5716 2529 5787 plagis,
2549 5716 2760 5787 vapulat
2780 5714 3007 5770 multas?
3035 5716 3322 5773 Attendunt
3338 5731 3535 5790 quanta

2019 5827 2035 5857 ί
2070 5830 2201 5887 tov.,
2223 5824 2471 5890 degebant.
2498 5832 2551 5876 At
2571 5825 2680 5875 Edd.
2706 5823 2783 5875 alii
2810 5832 2860 5875 et
2881 5833 3015 5889 Mss,
3033 5824 3323 5891 delegerant.
