4122 6350
551 378 658 434 425

553 493 824 552 celeritate
854 488 1200 560 Evangelium
1244 485 1592 557 pra-dicatur,
1639 489 1825 537 etnon
1864 477 2145 534 attendunt

554 594 750 658 quanta
779 583 1131 654 perversitate
1155 577 1532 633 contemnitur.
1559 574 1708 629 Servi
1736 581 1910 627 autem
1935 569 2028 624 Dei
2045 568 2144 623 hu-

555 677 712 730 miles
745 685 802 732 e;
840 673 1044 737 sancti,
1088 670 1178 740 qui
1219 667 1500 737 dupliciter
1527 665 1665 719 mala
1709 663 2017 732 temporalia
2045 675 2141 730 pa-

554 765 776 833 titintur,
801 769 922 837 quia
942 775 998 820 et
1019 764 1086 818 ab
1107 763 1234 832 ipsis
1259 760 1454 830 impiis,
1484 767 1672 813 etcum
1693 756 1822 826 ipsis
1844 757 2137 825 patiuntur,

557 859 757 913 habent
802 856 1190 910 consolationes
1235 868 1386 916 suas,
1434 859 1489 905 et
1531 865 1680 919 spem
1732 847 1893 903 futuri
1936 848 2137 912 seculi;

554 950 696 1004 unde
731 948 860 1003 dicit
900 947 1184 1016 Apostolus
1213 961 1226 996 :
1258 943 1378 996 Non
1419 951 1536 996 sunt
1569 939 1837 1011 condigna:
1879 940 2140 1008 passiones

555 1043 708 1111 hujus
735 1039 970 1110 temporis
1002 1038 1070 1091 ad
1097 1041 1318 1108 futuram
1343 1035 1590 1106 gloriam,
1621 1049 1736 1105 qua:
1759 1033 2060 1088 revelabitur
2083 1033 2138 1086 in

555 1134 695 1188 nobis
723 1132 894 1203 (Rom.
929 1146 1044 1195 vm,
1075 1128 1184 1200 18).

624 1227 677 1280 á½….
701 1224 932 1279 Proinde
954 1265 969 1287 ,
1010 1222 1351 1286 charissime,
1397 1221 1556 1275 etiam
1586 1220 1691 1274 illis
1719 1234 1944 1289 quorum
1979 1219 2136 1273 verba

552 1316 685 1372 dicis
715 1325 768 1371 te
795 1314 934 1370 ferre
957 1330 1062 1369 non
1097 1329 1273 1384 posse,
1297 1313 1545 1382 quoniam
1575 1313 1776 1376 dicunt,
1807 1312 1863 1365 Si
1889 1326 1988 1366 nos
2015 1325 2140 1379 pec-

551 1416 762 1461 catores
788 1407 884 1460 ista
909 1408 1216 1469 meruimus,
1243 1419 1406 1473 quare
1431 1411 1484 1458 et
1508 1404 1646 1455 servi
1676 1402 1766 1455 Dei
1790 1401 2135 1456 barbarorum

554 1500 694 1554 ferro
735 1499 994 1570 perempti
1041 1508 1200 1563 sunt,
1246 1507 1299 1551 et
1336 1497 1546 1550 ancillm
1579 1496 1668 1548 Dei
1710 1495 1936 1564 captivae
1963 1494 2137 1548 ducta:

551 1591 712 1646 sunt?
743 1591 1010 1645 humiliter
1037 1600 1088 1644 et
1128 1589 1390 1643 veraciter
1421 1597 1475 1644 et
1510 1587 1594 1656 pie
1621 1585 1883 1655 responde
1909 1605 1922 1638 :
1953 1585 2136 1653 Quan-

552 1683 793 1737 tamlibet
813 1682 955 1736 enim
989 1680 1244 1751 justitiam
1288 1693 1594 1743 servemus,
1625 1677 2009 1747 quantumlibet
2033 1676 2140 1730 Do-

553 1776 698 1830 mino
749 1774 1104 1830 obedientiam
1148 1771 1496 1826 exhibeamus
1523 1812 1537 1836 ,
1589 1769 1842 1838 numquid
1887 1768 2137 1823 meliores

551 1880 671 1921 esse
695 1879 976 1935 possumus
1005 1864 1107 1918 illis
1134 1863 1301 1920 tribus
1331 1862 1478 1922 viris,
1511 1861 1598 1928 qui
1629 1861 1678 1912 in
1707 1860 1974 1913 caminum
2001 1859 2136 1927 ignis

551 1959 791 2012 ardentis
828 1973 922 2026 pro
955 1955 1317 2011 conservanda
1349 1955 1464 2023 lege
1494 1953 1587 2008 Dei
1629 1951 1853 2022 projecti
1886 1951 2041 2005 sunt?
2071 1952 2138 2005 Et

552 2057 726 2102 tamen
754 2049 867 2117 lege
905 2046 1030 2116 quid
1070 2047 1176 2100 illic
1221 2046 1362 2099 dicat
1391 2044 1606 2096 Aznrias
1631 2084 1645 2107 ,
1695 2057 1832 2096 unus
1858 2058 1922 2095 ex
1967 2042 2136 2096 tribus

549 2140 638 2209 qui
665 2141 910 2206 aperiens
929 2155 990 2192 os
1011 2154 1162 2191 suum
1190 2137 1240 2190 in
1266 2136 1438 2189 medio
1461 2136 1614 2203 ignis,
1639 2134 1768 2187 dixit
1792 2149 1805 2186 :
1837 2132 2135 2186 Benedictus

549 2245 602 2282 es
623 2270 636 2294 ,
673 2227 882 2281 Domine
913 2227 1046 2280 Deus
1077 2238 1276 2296 patrum
1313 2236 1600 2278 nostrorum
1624 2266 1637 2288 ,
1665 2233 1712 2277 et
1750 2222 2020 2276 laudabilis
2041 2239 2064 2304 ;.
2088 2232 2136 2276 et

549 2323 825 2391 gloriosum
850 2336 1027 2373 nomen
1059 2329 1196 2372 tuum
1223 2320 1272 2370 in
1299 2315 1487 2370 stecula
1516 2332 1532 2369 :
1558 2317 1795 2385 quoniam
1808 2317 1981 2385 justus
2007 2331 2056 2368 es
2082 2315 2134 2368 in

549 2410 779 2464 omn-ibus
807 2427 918 2481 quw
944 2410 1106 2480 fecisti
1135 2408 1274 2462 nobis
1297 2450 1310 2469 ,
1341 2417 1385 2460 et
1413 2408 1581 2460 omnia
1610 2423 1763 2473 Opera
1795 2415 1881 2458 tua
1903 2422 2020 2460 vera
2041 2447 2054 2468 ,
2087 2414 2135 2460 et

546 2512 696 2555 recta:
721 2502 815 2555 viae
854 2509 980 2564 tute,
1014 2511 1060 2553 et
1085 2500 1252 2552 omnia
1281 2500 1478 2569 jmticia
1508 2509 1594 2551 tua
1631 2499 1827 2561 veritas,
1864 2508 1910 2552 et
1933 2497 2134 2567 judicia

548 2592 767 2644 veritatis
799 2592 957 2659 fecisti
987 2607 1076 2660 per
1100 2590 1268 2643 omnia
1293 2605 1406 2659 qua:
1428 2589 1642 2642 intulisti
1671 2589 1811 2641 nobis
1833 2629 1846 2648 ,
1876 2598 1920 2641 et
1945 2587 2132 2641 civitati

547 2693 735 2736 sancta:
761 2693 960 2750 patrum
991 2692 1274 2735 nostrorum
1301 2680 1618 2743 Jerusalem;
1661 2680 1897 2750 quoniam
1925 2680 1977 2732 in
2001 2680 2103 2732 veri
2113 2709 2132 2718 -

549 2787 651 2829 tate
676 2786 719 2828 et
729 2775 928 2846 judicio
957 2775 1170 2828 intulisti
1191 2773 1331 2826 nobis
1355 2774 1523 2825 omnia
1551 2774 1676 2836 Itrec,
1703 2783 1908 2843 prapter
1927 2782 2133 2843 peccata

547 2877 758 2930 nostra;
803 2867 1040 2929 quoniam
1073 2867 1385 2935 peccavimus
1409 2906 1421 2928 ,
1455 2875 1501 2918 et
1541 2865 1664 2936 Legi
1693 2876 1793 2918 tua:
1819 2882 1918 2918 non
1953 2865 2130 2935 parui-

547 2975 656 3013 mus
678 2999 692 3025 ,
723 2968 766 3012 et
795 2960 1048 3012 mandatis
1077 2959 1173 3011 tuis
1203 2975 1300 3011 non
1329 2957 1676 3012 obaudivimus
1695 2999 1710 3022 ,
1748 2967 1801 3010 ut
1842 2958 1964 3010 bene
1988 2956 2130 3011 nobis

547 3059 704 3112 esset;
751 3059 796 3102 et
823 3050 992 3102 omnia
1020 3065 1134 3118 qua:
1158 3049 1372 3102 intulisti
1401 3049 1573 3112 nobis,
1608 3049 1658 3102 in
1687 3049 1886 3119 judicio
1909 3065 2022 3102 vero
2052 3049 2134 3102 in-

547 3141 726 3195 tulisti.
779 3140 842 3192 Et
873 3141 1127 3195 tradidisti
1157 3157 1247 3194 nos
1275 3142 1326 3193 in
1358 3157 1540 3194 manus
1569 3141 1854 3202 iniquorum
1882 3141 2130 3196 inimicis-

544 3237 788 3289 simorum
817 3239 1192 3307 transfugarum
1216 3276 1228 3299 ,
1257 3243 1302 3288 et
1328 3235 1433 3304 regi
1458 3235 1648 3304 iujusto
1675 3245 1720 3287 et
1752 3235 1964 3306 pessimo
1993 3235 2130 3288 ultra

544 3328 825 3381 universam
854 3337 1058 3382 terram.
1102 3328 1164 3380 Et
1195 3344 1328 3381 nunc
1353 3345 1450 3380 non
1473 3337 1544 3381 est
1569 3337 1621 3380 ut
1649 3329 1895 3398 possimus
1933 3329 2132 3397 aperire

543 3435 600 3471 os
633 3434 650 3472 :
677 3434 787 3472 rere
813 3419 1042 3488 confusio
1065 3428 1110 3471 et
1137 3418 1459 3489 opprobrium
1492 3421 1612 3490 facti
1632 3436 1805 3472 sumus
1827 3421 1982 3473 servis
2007 3421 2126 3486 tuis,

540 3521 587 3562 et
629 3510 698 3562 eis
737 3510 822 3579 qui
865 3519 911 3564 te
942 3511 1130 3562 colunt.
1175 3509 1258 3562 Ne
1297 3511 1564 3563 tradideris
1601 3528 1691 3563 nos
1736 3512 1788 3563 in
1833 3521 2129 3582 perpetuum

545 3610 750 3670 propter
787 3617 964 3654 nomen
992 3612 1133 3653 tuum
1158 3643 1172 3668 ,
1207 3601 1450 3666 Domine,
1495 3611 1541 3654 et
1568 3619 1628 3654 ne
1659 3603 1946 3671 despexeris
1971 3613 2128 3655 testa-

542 3702 763 3744 mentum
794 3703 967 3759 tuum,
1011 3702 1058 3744 et
1089 3708 1150 3745 ne
1187 3692 1450 3746 abstuleris
1481 3693 1877 3746 misericordiam
1920 3703 2060 3748 luant
2095 3711 2126 3748 Î·

540 3783 704 3848 nobis,
735 3795 940 3854 propter
964 3783 1221 3837 Abraham
1246 3784 1332 3854 qui
1356 3802 1388 3836 a
1415 3795 1461 3838 te
1489 3786 1700 3839 dilectus
1725 3796 1816 3852 est,
1847 3796 1892 3839 et
1923 3798 2127 3857 propter

539 3873 692 3929 Isaac
731 3869 926 3929 servum
953 3885 1091 3928 tuum
1114 3917 1126 3939 ,
1177 3884 1223 3929 et
1265 3875 1428 3930 Israel
1464 3888 1692 3931 sanctum
1722 3887 1861 3930 tuum
1887 3920 1902 3944 ,
1950 3878 2125 3948 quibus

538 3960 736 4022 locutus
763 3985 814 4021 es
839 3951 1292 4039 ntultiplicaturum
1320 3978 1366 4022 te
1393 3985 1557 4022 semen
1579 3985 1748 4022 eorum
1776 3981 1827 4022 ut
1854 3983 1992 4023 astra
2012 3973 2125 4025 coeli

537 4069 585 4114 et
605 4077 813 4114 arenam
837 4062 992 4115 utaris
1015 4076 1034 4115 :
1058 4062 1316 4132 quoniam,
1345 4061 1575 4125 Domine,
1594 4063 1790 4115 minimi
1810 4065 1930 4133 facti
1951 4081 2123 4118 sumus

538 4167 646 4222 prae
690 4152 920 4206 omnibus
959 4152 1245 4206 nationibus
1268 4195 1284 4220 ,
1331 4162 1377 4207 et
1413 4170 1587 4207 sumus
1635 4154 1846 4209 humiles
1883 4156 2032 4209 hodie
2068 4157 2122 4210 in

535 4254 669 4297 terra
707 4254 912 4315 prapter
937 4257 1144 4314 peccata
1173 4257 1344 4300 nostra
1375 4245 1535 4314 (Dan.
1565 4263 1653 4312 Î¹Î¹Î¹,
1681 4247 1750 4301 26
1775 4281 1791 4290 -
1810 4248 1924 4318 57).
1961 4249 2121 4304 Vides

533 4344 700 4401 certe,
726 4336 906 4400 frater,
935 4338 1116 4406 quales
1142 4339 1260 4404 viri,
1294 4355 1452 4409 quam
1478 4341 1668 4405 sancti,
1698 4357 1854 4411 quam
1879 4343 2038 4396 fortes
2067 4343 2117 4397 in

536 4426 714 4480 medio
743 4427 1120 4495 tribulationis,
1154 4430 1240 4482 ubi
1269 4439 1444 4485 tamen
1472 4433 1551 4486 eis
1581 4435 1911 4502 parcebatur,
1954 4444 2005 4488 et
2026 4449 2119 4488 eos

535 4532 696 4571 urere
724 4518 836 4587 ipsa
878 4519 1089 4574 llannna
1131 4521 1446 4587 verebatur,
1497 4535 1710 4592 peccata
1754 4539 1847 4579 sua
1895 4525 2118 4581 confitc-

533 4607 757 4674 bantur,
815 4625 914 4681 pro
977 4612 1167 4681 quibus
1222 4628 1279 4667 se
1327 4613 1486 4683 digne
1544 4624 1597 4669 et
1646 4615 1791 4685 juste
1853 4616 2118 4672 humiliari

532 4712 791 4758 noverant
815 4745 828 4768 ,
857 4720 956 4759 nec
987 4706 1249 4760 tacebant.
1441 4775 1444 4778 q

603 4795 657 4848 4.
706 4794 969 4865 Numquid
1013 4797 1171 4851 etiam
1217 4789 1464 4853 meliores
1511 4814 1631 4854 esse
1675 4815 1956 4869 possumus
2003 4801 2119 4871 ipso

532 4885 770 4954 Daniele,
800 4888 866 4943 de
893 4905 998 4958 quo
1021 4905 1116 4958 per
1135 4889 1469 4944 Ezechielem
1503 4892 1810 4960 prophetam
1834 4893 1961 4947 dicit
1980 4893 2119 4949 Deus

535 4979 600 5032 ad
633 4979 921 5049 principem
952 4981 1076 5053 Tyri
1110 5000 1122 5035 :
1157 4980 1422 5052 Numquid
1452 4993 1504 5035 tu
1528 4985 1804 5053 sapientior
1830 5002 1981 5056 quam
2011 4986 2119 5038 Da-

534 5071 634 5124 niel
666 5070 874 5144 (Ezeclt.
906 5089 1104 5138 xxvm,
1133 5071 1236 5144 3)?
1257 5073 1322 5127 Et
1349 5074 1437 5144 qui
1467 5076 1681 5146 ponitur
1707 5094 1841 5131 unus
1869 5079 1918 5132 in
1951 5079 2117 5132 tribus

526 5162 684 5234 justis
710 5180 843 5234 quos
881 5164 1010 5218 dicit
1057 5165 1194 5219 Deus
1232 5165 1377 5220 stilos
1419 5182 1477 5221 se
1511 5168 1892 5233 liberaturum;
1937 5179 2116 5222 osten'

530 5256 664 5311 dens
699 5259 879 5328 utique
923 5259 973 5311 in
1019 5258 1120 5312 illis
1156 5268 1265 5314 tres
1305 5261 1559 5329 quasdam
1592 5261 1787 5315 fortnas
1827 5262 2112 5331 juslorum,

529 5363 664 5418 quos
692 5351 761 5403 ita
793 5365 850 5404 se
875 5351 1216 5406 liberaturum
1240 5352 1386 5420 dicit,
1417 5361 1591 5408 utnec
1620 5355 1756 5407 ï¬lios
1781 5370 1903 5408 suos
1933 5369 2113 5408 secum

529 5442 788 5505 libarent.
835 5444 927 5499 sed
973 5445 1074 5515 ipsi
1117 5447 1214 5500 soli
1260 5447 1580 5512 liberentur,
1627 5445 1767 5509 Noe,
1813 5446 2034 5510 Daniel,
2063 5456 2116 5501 et

529 5533 632 5590 Job
662 5533 773 5608 ('ld.
808 5551 920 5601 xw,
955 5537 1039 5602 14,
1075 5537 1162 5607 16)
1193 5536 1307 5608 (a)?
1336 5535 1477 5605 Lege
1506 5544 1685 5590 tamen
1713 5535 1870 5590 etiam
1903 5553 2114 5606 precem

587 5691 710 5764 (Î±Î»Î¹Î¹
728 5698 892 5764 tame
906 5726 921 5753 ,
939 5708 962 5736 Î¹
980 5698 1045 5764 â¸Î¹Î¹Î¹.
1063 5691 1130 5741 ait
1145 5690 1193 5740 in
1368 5690 1434 5762 de
1451 5691 1590 5764 Urbis
1610 5692 1800 5764 excidio
1817 5707 1922 5757 cap.
1948 5697 1990 5756 t,
2018 5713 2038 5742 s
2047 5698 2114 5764 Î²Î¾-

533 5771 555 5800 s
573 5752 857 5826 gniï¬cantur
880 5755 992 5826 boni
1007 5753 1274 5826 praepositi,
1298 5753 1381 5826 qui
1397 5761 1577 5826 regunt
1601 5762 1650 5803 et
1660 5752 1944 5826 gubernant
1960 5752 2114 5808 Eccle-

533 5833 556 5864 Î¹
571 5814 692 5867 sum
710 5851 724 5878 ,
744 5816 987 5880 quomodo
1007 5814 1101 5865 Noe
1118 5814 1170 5864 in
1188 5814 1367 5866 diluvio
1404 5814 1694 5878 gubernavit
1727 5831 1902 5869 arcam.
1939 5828 1988 5869 ta
2001 5828 2110 5869 ma-

1809 361 1864 416 S.
1907 356 2275 418 AUGUSTINI
2318 357 2636 418 EPISCOP!â€™

3729 370 3840 429 Î¹Î¹Î¹

2253 474 2505 542 Dauielis,
2537 486 2592 532 et
2633 477 2750 533 vide
2775 479 3220 550 quemadmodum
3265 483 3320 538 in
3349 483 3649 555 captivitate
3689 487 3843 556 posi-

2251 573 2336 619 tus
2367 578 2602 636 peccata,
2631 585 2735 624 non
2759 579 2960 625 tantum
2992 574 3166 644 ptâ€˜puli
3193 575 3308 642 sui,
3336 591 3518 630 verum
3549 576 3710 632 etiam
3739 593 3840 633 sua

2248 661 2563 716 conï¬teatur
2584 703 2599 728 ,
2647 672 2700 716 et
2729 680 2823 732 pro
2853 664 2934 718 his
2959 665 3100 720 dicat
3130 683 3226 736 per
3257 668 3516 738 justitiam
3557 671 3650 726 Dei
3679 685 3739 727 se
3764 672 3838 725 ad

2249 750 2390 805 illam
2438 753 2757 824 captivitatis
2802 770 3013 825 poenam
3067 767 3120 813 et
3165 762 3450 830 opprobria
3500 763 3830 830 pervenisse.

2245 844 2334 899 Sic
2357 847 2496 899 enim
2527 847 2779 918 scriptum
2810 857 2892 903 est
2920 867 2932 902 :
2967 849 3032 903 Et
3069 851 3186 904 dedi
3210 853 3393 923 facient
3430 869 3594 907 meam
3618 855 3687 906 ad
3720 853 3838 908 Da-

2248 938 2439 990 minum
2480 937 2671 1005 Deum,
2721 951 2775 993 ut
2809 957 3079 1012 quwrerem
3107 960 3274 1013 preces
3303 952 3351 998 et
3385 945 3748 1000 obsecrationes
3782 947 3839 998 in

2238 1027 2642 1097 jejunationibus
2665 1039 2711 1083 ct
2730 1048 2897 1094 sacco,
2920 1043 2965 1085 et
2991 1044 3221 1102 precatus
3241 1051 3352 1087 sum
3373 1034 3649 1089 Dominum
3671 1036 3839 1090 Deum

2245 1134 2432 1184 meum,
2462 1129 2506 1173 et
2533 1124 2792 1192 confessus
2821 1140 2931 1176 sum
2949 1163 2963 1187 ,
2991 1134 3038 1177 et
3068 1124 3175 1178 dixi
3205 1140 3222 1178 :
3250 1124 3463 1179 Domine
3493 1126 3628 1180 Deus
3654 1144 3841 1199 magne

2244 1218 2290 1262 et
2319 1212 2564 1267 mirabilis
2585 1255 2599 1276 ,
2637 1224 2683 1267 et
2708 1217 2794 1284 qui
2819 1233 2985 1270 servas
3015 1226 3365 1271 testamentum
3396 1228 3537 1272 tuum
3560 1260 3574 1282 ,
3607 1231 3654 1274 et
3679 1221 3840 1274 miseâ€”

2243 1303 2514 1357 ricordiam
2551 1304 2872 1376 diligentibus
2915 1319 2962 1362 te
3000 1319 3046 1362 et
3082 1309 3393 1363 servantibus
3437 1320 3683 1382 praecepta
3723 1323 3836 1377 tua,

2244 1396 2586 1462 peccavimus,
2615 1398 2852 1453 adversus
2874 1398 3057 1470 Legem
3079 1401 3289 1469 fecimus
3307 1443 3321 1467 ,
3356 1403 3510 1473 impie
3529 1403 3721 1474 egimus
3742 1447 3756 1470 ,
3790 1414 3839 1458 et

2241 1486 2554 1552 recessimus,
2583 1497 2628 1540 et
2654 1489 3009 1544 declinavimus
3027 1508 3059 1544 a
3079 1493 3340 1562 prteceptis
3363 1494 3480 1558 tuis,
3505 1504 3549 1546 et
3572 1511 3604 1546 a
3619 1495 3838 1563 judiciis

2242 1575 2373 1641 tuis,
2421 1586 2465 1630 et
2505 1595 2604 1632 non
2638 1581 2985 1635 exaudivimus
3023 1599 3192 1636 servos
3231 1593 3343 1638 tuos
3379 1583 3698 1654 Prophetas,
3744 1586 3836 1652 qui

2243 1668 2574 1739 loquebantur
2598 1673 2650 1726 in
2687 1674 2890 1728 nomine
2915 1685 2999 1728 tuo
3022 1679 3089 1728 ad
3119 1693 3258 1746 reges
3287 1687 3484 1731 nostros
3502 1717 3518 1743 ,
3549 1689 3595 1732 et
3623 1680 3692 1731 ad
3724 1695 3838 1732 om-

2241 1777 2354 1814 nem
2383 1764 2628 1833 pOpulum
2661 1775 2822 1820 teme.
2870 1766 3019 1832 Tibi,
3053 1768 3286 1834 Domine,
3311 1771 3537 1840 justitia,
3568 1771 3712 1826 nobis
3739 1790 3811 1826 au

2241 1859 2341 1904 tem
2371 1856 2601 1922 confusio
2630 1857 2798 1924 faciei,
2827 1859 2954 1911 sicut
2983 1860 3089 1914 dies
3114 1861 3194 1913 hic
3210 1861 3316 1914 viro
3337 1861 3369 1915 J
3378 1861 3498 1928 uda,
3525 1872 3571 1916 et
3597 1853 3838 1917 habitan-

2241 1943 2371 1997 tibus
2397 1944 2680 2000 Jerusalem
2705 1989 2719 2011 ,
2751 1959 2796 2001 et
2825 1951 2962 2003 omni
2991 1949 3156 2004 Israel"
3179 1992 3194 2016 ,
3235 1953 3319 2022 qui
3343 1954 3563 2024 proximi
3597 1965 3744 2020 sunt,
3785 1965 3837 2010 et

2239 2036 2326 2102 qui
2350 2036 2498 2106 longe
2539 2046 2654 2090 sunt
2681 2039 2734 2091 in
2766 2043 2906 2092 omni
2950 2051 3113 2104 terra,
3159 2042 3211 2095 in
3249 2059 3347 2112 qua
3371 2058 3456 2105 eos
3494 2043 3836 2099 disseminasti

2239 2125 2346 2193 ibi,
2383 2137 2587 2196 propter
2612 2131 2978 2183 contuntaciam
3020 2149 3191 2185 eorum
3215 2173 3229 2194 ,
3265 2134 3383 2202 quia
3427 2135 3835 2202 improbaverunt

2242 2228 2308 2285 te,
2331 2219 2562 2273 Domine.
2589 2221 2752 2276 Nobis
2776 2233 2940 2277 autem
2957 2227 3186 2297 cbnfusio
3211 2229 3379 2298 faciei,
3403 2229 3605 2300 regibus
3621 2232 3830 2294 nostris,

2239 2321 2286 2365 et
2312 2313 2624 2382 principibus
2645 2316 2856 2378 nostris,
2903 2327 2952 2370 et
2974 2318 3200 2388 patribus
3227 2321 3410 2374 nostris
3429 2360 3445 2386 ,
3478 2322 3565 2391 qui
3597 2324 3833 2392 peccavi-
3856 2302 3869 2310 â¸

2239 2419 2371 2457 mus.
2406 2402 2515 2458 Tibi
2548 2404 2769 2459 Domino
2795 2406 2902 2460 Deo
2929 2418 3100 2461 nostro
3129 2409 3474 2464 miserationes
3504 2421 3550 2464 et
3580 2413 3834 2482 prOpitia-

2239 2494 2397 2547 tiones
2433 2495 2472 2559 Â¹,
2502 2497 2740 2563 quoniam
2777 2498 3071 2552 recessimus
3089 2540 3104 2565 ,
3133 2508 3179 2552 et
3217 2517 3318 2553 non
3345 2502 3629 2556 audivimus
3657 2519 3832 2557 vocem

2238 2583 2445 2638 Domini
2475 2585 2572 2639 Dei
2603 2588 2785 2655 nostri,
2829 2597 2882 2641 ut
2913 2606 3130 2644 essemus
3156 2591 3208 2643 in
3233 2580 3494 2661 pra'ceptis
3524 2591 3645 2664 legis
3675 2593 3832 2665 hujus

2237 2693 2390 2745 quam
2429 2678 2564 2730 dedit
2594 2679 2646 2732 in
2671 2691 2940 2750 conspectu
2978 2689 3150 2735 nostra
3187 2682 3240 2735 in
3263 2699 3415 2736 manu
3438 2699 3694 2738 servorum
3718 2687 3831 2758 ejus

2241 2766 2633 2839 Prophetarum.
2680 2769 2748 2824 Et
2791 2772 2955 2826 omnis
2999 2771 3169 2827 Israel
3216 2784 3545 2844 peccaverunt
3585 2775 3830 2829 adversus

2238 2859 2394 2931 legem
2423 2872 2560 2914 luant
2577 2903 2592 2926 ,
2627 2871 2670 2916 et
2697 2862 3070 2916 declinaverunt
3096 2881 3158 2917 ne
3183 2866 3416 2918 audirent
3451 2882 3619 2919 vocem
3648 2877 3786 2920 tuam
3809 2882 3830 2921 :

2233 2963 2282 3007 et
2321 2954 2604 3023 supervenit
2646 2955 2788 3008 nobis
2833 2956 3117 3009 maledictio
3157 2965 3202 3008 et
3237 2958 3601 3027 jusjurandum
3625 2998 3641 3024 ,
3689 2959 3829 3027 quod

2234 3047 2478 3118 scriptum
2507 3057 2579 3101 est
2611 3048 2665 3100 in
2692 3049 2799 3119 lege
2824 3047 2994 3119 Moysi
3017 3036 3149 3103 servi
3182 3047 3302 3116 Dei,
3327 3051 3563 3120 quoniam
3594 3053 3852 3121 peccavi-.

2235 3159 2347 3197 mus
2372 3183 2386 3207 ,
2427 3152 2475 3196 et
2500 3144 2674 3197 statuit
2697 3160 2951 3197 sermones
2975 3161 3091 3197 suos
3111 3185 3124 3208 ,
3158 3161 3284 3218 quos
3318 3145 3512 3199 locutus
3540 3155 3613 3199 est
3640 3147 3709 3198 ad
3730 3163 3828 3200 nos

2235 3243 2283 3287 et
2307 3235 2376 3288 ad
2392 3235 2592 3304 judices
2620 3244 2816 3289 nostros
2839 3277 2854 3300 ,
2894 3237 2982 3305 qui
2997 3236 3300 3306 judicabant
3325 3254 3446 3300 nos,
3488 3238 3828 3309 superducere

2233 3325 2288 3378 in
2312 3328 2332 3357 Â³
2353 3343 2445 3379 nos
2469 3326 2604 3379 mala
2626 3343 2828 3398 magna,
2856 3343 2970 3396 qua:
2997 3344 3250 3397 nunquam
3279 3333 3412 3397 facta
3431 3337 3547 3381 sunt
3570 3329 3662 3383 sub
3683 3331 3824 3388 Ï‰Î·Î¹Î¹á½¶

2233 3415 2358 3469 caelo
2397 3417 2674 3470 secundum
2699 3435 2758 3470 ea
2786 3434 2898 3486 quae
2937 3423 3070 3488 facta
3099 3429 3214 3472 sunt
3241 3419 3293 3472 in
3317 3418 3620 3474 Jerusalem.
3674 3421 3825 3475 Sicut

2231 3511 2473 3578 scriptum
2498 3519 2569 3562 est
2593 3510 2644 3562 in
2669 3508 2801 3579 Lege
2826 3509 2996 3580 Moysi
3020 3552 3034 3574 ,
3072 3511 3241 3563 omnia
3279 3513 3414 3565 mala
3448 3511 3556 3565 lues
3580 3523 3823 3566 venerunt

2231 3605 2300 3656 ad
2329 3621 2438 3669 nos,
2472 3614 2519 3658 et
2543 3621 2642 3658 non
2665 3609 2950 3675 rogavimus
2976 3603 3436 3660 DominumDeum
3465 3616 3694 3659 nostrum
3713 3647 3729 3672 ,
3764 3621 3821 3662 ut

2229 3705 2467 3749 averteret
2505 3713 2537 3748 a
2575 3695 2715 3749 nobis
2740 3698 2942 3750 .delicta
2987 3707 3159 3751 nostra
3183 3740 3198 3764 ,
3247 3709 3293 3752 et
3328 3697 3823 3770 ut'intelligeremus

2230 3802 2426 3839 onmem
2461 3788 2720 3841 veritatem
2750 3797 2910 3841 tuam.
2954 3787 3024 3842 Et
3053 3791 3274 3859 vigilavit
3307 3790 3556 3845 Dominus
3581 3791 3720 3847 Deus
3748 3793 3821 3846 ad

2229 3894 2425 3931 onmem
2455 3888 2685 3932 sanctum
2709 3895 2879 3944 suum,
2907 3888 2953 3932 et
2980 3881 3216 3951 perduxit
3239 3898 3298 3934 ea
3325 3897 3439 3950 qua:
3462 3883 3580 3953 fecit
3605 3883 3673 3936 ad
3702 3900 3816 3949 nos,

2226 3968 2464 4038 quoniam
2493 3969 2666 4038 justus
2704 3967 2953 4023 Dominus
2991 3969 3127 4023 Deus
3170 3981 3338 4024 noster
3368 3972 3422 4025 in
3460 3973 3598 4026 Ï‰Î¹Î¹Î·á½·
3625 3975 3820 4028 mundo

2227 4075 2320 4112 suo
2345 4076 2492 4129 quem
2531 4060 2647 4128 fecit
2667 4102 2682 4127 ,
2707 4070 2873 4114 etnon
2898 4060 3178 4114 audivimus
3205 4077 3371 4115 vocem
3394 4063 3525 4135 ejus.
3559 4061 3628 4117 Et
3657 4081 3816 4128 nunc,

2227 4151 2444 4205 Domine
2485 4150 2624 4206 Deus
2664 4163 2867 4218 noster,
2907 4155 2992 4222 qui
3030 4153 3247 4208 eduxisti
3291 4156 3534 4226 papulam
3581 4165 3722 4209 tuam
3752 4157 3822 4211 de

2226 4251 2361 4296 terra
2390 4242 2612 4315 Egypti
2647 4244 2700 4298 in
2725 4261 2878 4298 manu
2903 4245 3026 4316 forti
3048 4286 3062 4310 ,
3095 4253 3141 4297 et
3167 4246 3326 4324 fecisti
3355 4246 3443 4299 tibi
3469 4264 3650 4302 nomen
3684 4248 3817 4301 sicut

2225 4337 2331 4388 dies
2355 4337 2454 4402 hic,
2484 4337 2667 4390 delicta
2691 4337 2930 4390 adversus
2957 4336 3114 4407 legem
3145 4345 3281 4388 tuam
3309 4337 3537 4404 fecimus.
3572 4336 3828 4404 Domine,-

2223 4427 2275 4480 in
2311 4429 2447 4481 omni
2472 4428 2814 4482 misericordia
2836 4438 2921 4480 tua
2949 4427 3224 4480 avertaturâ€˜
3249 4428 3464 4497 impetus
3492 4439 3625 4494 tuus,
3659 4440 3704 4480 et
3734 4429 3816 4483 ira

2227 4529 2312 4572 tua
2337 4536 2368 4572 a
2393 4521 2588 4573 civitate
2613 4529 2700 4571 tua
2722 4516 3010 4572 Jerusalem
3035 4560 3048 4584 ,
3077 4528 3121 4571 et
3147 4529 3314 4572 monte
3337 4531 3511 4574 sancto
3541 4533 3645 4574 tuo.
3678 4520 3818 4573 Pro-

2225 4622 2334 4682 pter
2352 4621 2554 4680 peccata
2571 4611 2701 4664 enim
2718 4621 2887 4665 nostra
2913 4621 2958 4664 et
2979 4611 3265 4669 iniquitates
3286 4621 3485 4667 oatrum
3502 4625 3811 4678 nostrorum,
3852 4593 3857 4602 I

2287 4795 2311 4867 â¸.
2338 4793 2411 4842 Sic
2445 4793 2618 4867 inttss.
2643 4805 2796 4867 prope
2825 4793 3070 4867 omnibus,
3085 4805 3274 4843 necnon
3305 4795 3573 4867 apudnam
3600 4803 3656 4867 st
3687 4797 3818 4867 apud

2354 4865 2463 4927 Am.
2481 4862 2553 4902 Er.
2580 4861 2689 4925 Lov.
2714 4853 2957 4927 habetur;
2981 4853 3101 4916 (mia
3122 4853 3422 4927 peccavimus
3443 4856 3563 4916 tibi,
3582 4853 3810 4927 _I)omiue,

2226 4925 2328 4980 Deo
2361 4923 2533 4980 nostra
2559 4915 2876 4966 miserationis
2912 4924 2958 4980 et
2995 4915 3356 4980 propitiationis.
3393 4928 3505 4978 Quae
3525 4915 3674 4970 etiam
3696 4915 3810 4970 add.

2222 4979 2365 5040 paulo
2389 4985 2496 5040 post
2515 4979 2677 5045 ferunt
2699 4991 2711 5025 :
2733 4988 2882 5038 Quam
2899 4977 3054 5045 dedit
3084 4977 3135 5028 in
3157 4977 3589 5045 conspectuâ€™nastro
3604 4995 3690 5045 per
3713 4996 3816 5031 mu-

2221 5039 2310 5090 nus
2333 5039 2577 5104 servorum
2616 5039 2721 5102 ejus
2761 5039 3110 5104 lâ€˜r0pltelutâ€˜ttttt
3130 5039 3342 5092 omnium
3375 5042 3548 5094 Israel.
3574 5039 3814 5094 {eccista-

2219 5108 2332 5211 á¼”ÎºÎ·Îµ
2349 5101 2502 5162 enim,
2531 5101 2647 5162 etc.,
2672 5115 2820 5166 quem
2857 5101 3025 5151 rursus
3048 5103 3206 5154 locum
3227 5106 3534 5155 restituimus
3549 5105 3608 5154 ad
3627 5116 3732 5156 MSS.
3761 5109 3816 5155 li-

2255 5176 2350 5211 em.

2255 5176 2334 5211 em
2340 5201 2350 5211 .

2284 5227 2303 5255 Â¹
2337 5233 2402 5273 tta
2427 5226 2475 5274 in
2506 5232 2620 5294 Î²ÎµÎ´Îµ.
2648 5232 2703 5274 At
2724 5227 2775 5275 in
2800 5227 3024 5276 excusis:
3050 5232 3136 5288 Qui
3147 5225 3433 5289 judicabant
3455 5227 3504 5279 in
3537 5241 3621 5279 nos
3643 5243 3815 5294 super-

2220 5284 2398 5336 ducere
2418 5286 2564 5345 mala,
2584 5294 2677 5336 etc.

2287 5349 2308 5379 Â³
2341 5354 2414 5396 l-lt'.
2443 5358 2495 5398 et
2517 5351 2626 5397 L'ov.
2656 5358 2711 5398 In
2732 5347 2950 5400 omnibus
2972 5348 3308 5401 misericordia
3329 5357 3430 5401 tua.
3452 5352 3815 5402 avertaturita-

2220 5421 2310 5479 que
2345 5407 2566 5479 impetus,
2613 5417 2714 5479 etc.
2735 5411 3036 5475 antiquiores
3067 5427 3186 5462 vero
3223 5413 3335 5462 Edd.
3365 5413 3565 5472 habent,
3593 5413 3644 5464 in
3681 5415 3816 5465 ÏƒÏ€Ï…Î¹á½¶

2218 5471 2553 5522 misericordia
2571 5479 2683 5534 tua;
2696 5473 2834 5540 juxta
2855 5471 2950 5540 á¾—Ï‡Î¹(
2966 5511 2978 5534 ,
3025 5482 3076 5525 et
3097 5489 3268 5525 omnes
3287 5484 3390 5526 Mss.
3410 5471 3618 5540 quorum
3639 5479 3815 5540 optimi

2219 5541 2389 5595 Imma
2411 5544 2580 5585 carent
2597 5535 2829 5598 particula
2851 5536 3029 5600 itaque,
3428 5535 3444 5540 -
3670 5535 3682 5550 -.

2227 5653 2248 5680 Î±
2266 5635 2402 5708 niele
2416 5638 2741 5700 signiï¬cantur
2758 5652 2928 5708 omnes
2941 5642 3098 5708 sancti
3117 5641 3438 5708 continentes.
3463 5650 3511 5691 tn
3535 5645 3622 5694 Job
3653 5647 3814 5708 sngui-

2227 5715 2249 5773 Îµ
2272 5697 2918 5773 ï¬mntyr'oumfesoonjugati
2935 5703 3076 5773 iuste;
3087 5709 3137 5751 et
3154 5703 3283 5773 bene
3305 5707 3579 5773 viventes.Â»
3601 5697 3812 5758 consule

2220 5760 2446 5869 38;:an
2472 5760 2642 5822 scr.'6,
2661 5762 2709 5810 in
2728 5760 2866 5825 \â€˜igil.
2888 5760 3036 5814 Nativ.
3061 5771 3193 5813 Dom.
3201 5802 3214 5828 ,
3241 5771 3288 5815 et
3309 5778 3409 5815 ser.
3428 5768 3476 5831 3,
3497 5767 3547 5816 in
3565 5775 3807 5832 Assumpt.
