4122 6350
327 348 428 406 ὶὲἰ

324 466 611 521 Jerusalem
637 477 684 521 et
710 468 932 538 populus
963 479 1077 524 tuus
1098 471 1149 522 in
1175 471 1522 539 confusione»:
1538 473 1666 526 venit
1686 475 1915 528 omnilms

323 565 407 628 Qui
435 562 628 612 circum
656 577 748 615 nos
769 571 906 616 sunt.
942 561 1006 614 Et
1031 579 1162 616 nunc
1181 564 1384 626 exaudi,
1418 562 1553 616 Dens
1579 576 1763 627 noster,
1798 584 1913 632 pre-

324 664 404 702 ces
424 650 557 702 servi
587 651 662 703 tui
689 662 734 704 et
762 653 1036 705 orationem
1062 654 1172 722 ejus
1192 695 1207 718 ,
1255 664 1301 707 et
1338 655 1540 708 ostende
1569 657 1709 708 nobis
1735 657 1914 722 facient

323 749 462 791 luam
482 739 554 792 ad
580 742 1034 809 sancti/irationem
1057 754 1196 796 tuam
1221 760 1332 813 qtae
1355 744 1550 797 deserta
1568 754 1659 798 est.
1697 744 1915 812 Propter

322 839 368 881 te
394 829 611 894 inclina,
644 829 861 884 Domine
887 831 1022 885 Deus
1053 850 1209 895 meus,
1233 851 1405 887 aurem
1435 845 1594 892 tuam.
1626 845 1670 888 et
1690 839 1913 900 exaudi;

321 923 465 991 aperi
491 925 665 976 oculos
693 935 806 979 tuos
824 967 839 990 ,
886 937 932 978 et
959 929 1070 980 ride
1097 929 1351 982 interitum
1374 940 1603 982 nostrum
1627 939 1673 983 et
1701 931 1912 984 civitatis

319 1023 420 1067 luce
443 1013 735 1070 Jerusalem
754 1059 768 1080 ,
802 1035 952 1086 super
975 1036 1125 1089 quam
1153 1021 1439 1074 invocatum
1462 1033 1534 1074 est
1562 1038 1743 1075 nomen
1772 1032 1913 1074 tuum

317 1121 469 1174 super
493 1122 606 1158 eam
638 1109 652 1136 ⁸
674 1147 690 1170 ,
718 1110 957 1176 quoniam
983 1126 1083 1162 non
1107 1111 1161 1162 in
1186 1121 1358 1164 nostra
1383 1112 1589 1180 justitia
1603 1112 1911 1181 jactarimus

318 1211 520 1263 precem
547 1206 770 1250 nostram
797 1199 850 1251 in
872 1207 1141 1269 conspectu
1169 1210 1275 1266 tuo,
1307 1202 1397 1256 sed
1421 1202 1490 1254 ad
1514 1194 1909 1256 misericordiam

317 1293 462 1338 tuam
494 1302 613 1354 quin
640 1303 826 1356 magna
853 1298 945 1342 est.
990 1288 1193 1343 Exaudi
1219 1290 1460 1358 Domine,
1491 1293 1768 1362 propitiare
1797 1291 1906 1346 Do-

317 1374 454 1427 mine
475 1416 491 1439 ,
540 1375 744 1433 intende
777 1375 1023 1442 Domine,
1065 1389 1113 1432 et
1153 1397 1216 1434 ne
1249 1381 1527 1436 tardaveris
1556 1383 1574 1412 ²
1607 1391 1812 1453 propter
1837 1392 1904 1444 te,

313 1461 459 1518 Deus
499 1483 679 1531 meus;
727 1469 968 1538 quoniam
1012 1486 1192 1524 nomen
1236 1480 1377 1524 tuum
1421 1473 1707 1526 invocatum
1743 1483 1814 1528 est
1854 1474 1906 1526 in

317 1556 518 1609 civitate
549 1568 653 1622 tua,
688 1576 843 1628 super
870 1558 1118 1614 civitatem
1138 1571 1276 1616 tuam
1307 1573 1352 1617 et
1383 1564 1629 1634 populum
1650 1576 1810 1618 tuum.
1841 1566 1908 1619 Et

318 1646 489 1699 adhuc
513 1665 594 1701 ine
617 1646 850 1718 loquente
877 1661 924 1704 et
949 1663 1126 1706 orante
1149 1664 1195 1706 et
1219 1663 1544 1708 enumerante
1569 1665 1771 1724 peccata
1796 1672 1906 1709 mea

316 1747 362 1790 et
387 1747 595 1806 peccata
633 1739 812 1809 populi
853 1742 950 1794 mei
979 1741 999 1772 ³
1028 1739 1186 1813 (Dan.
1215 1758 1268 1796 lx
1293 1783 1308 1807 ,
1338 1741 1537 1814 5-20).
1566 1744 1697 1799 Vide
1721 1761 1907 1814 quem-

313 1826 603 1883 admodum
645 1846 739 1884 sua
784 1841 998 1899 peccata
1047 1833 1192 1902 prius
1223 1832 1385 1898 dixit,
1419 1843 1473 1888 et
1504 1842 1694 1902 postea
1726 1836 1904 1904 pepuli

314 1921 417 1972 sui.
467 1920 535 1973 Et
580 1921 719 1974 hanc
760 1921 852 1974 Dei
879 1921 1215 1977 connnendat
1236 1923 1613 1992 justitiam,let
1650 1924 1787 1980 hanc
1814 1925 1907 1980 Dei

312 2005 526 2062 laudem
546 2010 694 2074 dicit,
719 2009 839 2080 quia
857 2027 962 2065 non
982 2012 1198 2080 injuste,
1225 2012 1317 2067 sed
1345 2028 1441 2082 pro
1466 2015 1694 2083 peccatis
1717 2031 1904 2070 eorum

314 2096 548 2163 ﬂagellat
574 2101 733 2154 etiam
767 2100 911 2169 ipsos
939 2111 1154 2156 sanctos
1180 2119 1324 2156 suos.
1354 2102 1408 2158 Si
1437 2119 1564 2174 ergo
1593 2105 1691 2158 ista
1721 2104 1907 2160 dicunt

311 2190 401 2258 qui
442 2189 897 2244 excellentissima
943 2193 1223 2246 sanctitate
1269 2193 1417 2262 ignes
1455 2203 1509 2248 et
1550 2193 1733 2249 leones
1761 2195 1904 2249 circa

311 2294 372 2330 se
411 2278 662 2332 innoxios
709 2279 1047 2346 habuerunt,
1099 2282 1223 2350 quid
1265 2298 1362 2337 nos
1397 2293 1606 2353 Oportet
1642 2284 1820 2340 dicere
1853 2285 1903 2340 in

312 2366 617 2424 humilitate
645 2381 849 2436 nostra,
877 2372 966 2441 qui
994 2381 1099 2426 tam
1129 2373 1283 2444 longe
1312 2374 1416 2428 illis
1442 2375 1671 2446 impares
1695 2392 1900 2442 sumus,

309 2472 797 2533 quantamcumque
818 2463 1076 2533 justitiam
1103 2482 1317 2522 scrvare
1343 2467 1616 2523 videamur
1631 2470 1656 2522 ?

381 2552 436 2606 5.
479 2551 586 2607 Sed
629 2569 696 2607 ne
725 2553 914 2623 aliquis
943 2555 1209 2610 existimet
1239 2557 1356 2614 illos
1386 2559 1478 2613 Dei
1516 2576 1700 2616 servos
1722 2603 1738 2628 ,
1770 2577 1906 2632 quos

308 2644 446 2699 dicis
469 2662 498 2699 a
528 2646 770 2700 barbaris
796 2647 1120 2716 interfectos,
1144 2652 1221 2704 sic
1246 2650 1389 2705 illam
1418 2663 1642 2709 mortem
1673 2655 1904 2712 evadere

309 2735 586 2799 debuisse,
614 2738 884 2806 quomodo
912 2748 1020 2794 tres
1045 2741 1117 2794 illi
1145 2740 1242 2795 viri
1269 2741 1336 2796 ab
1366 2743 1573 2812 ignibus
1591 2786 1606 2809 ,
1635 2754 1690 2800 et
1718 2746 1902 2802 Daniel

309 2841 341 2877 ει
391 2827 638 2882 leonibus
684 2828 936 2885 liberatus
981 2841 1101 2896 est;
1141 2831 1275 2887 sciat
1313 2834 1397 2888 illa
1431 2828 1720 2905 propterea
1768 2837 1902 2892 facta

311 2916 594 2985 miracula,
620 2929 676 2974 ut
699 2937 793 2975 eos
815 2938 997 2978 verum
1026 2924 1192 2979 Deum
1218 2925 1394 2981 colere
1415 2926 1696 2983 crederent
1724 2945 1899 3000 reges,

307 3026 340 3063 a
368 3012 564 3080 quibus
595 3013 648 3066 in
682 3014 768 3067 illa
798 3015 1056 3085 supplicia
1087 3015 1449 3072 tradebantur.
1479 3018 1591 3074 lloc
1616 3020 1759 3074 enim
1789 3031 1904 3076 erat

307 3099 361 3155 in
385 3104 600 3157 occulto
620 3104 822 3174 judicio
855 3114 911 3160 et
939 3107 1299 3162 misericordia
1332 3108 1444 3177 Dei,
1475 3119 1534 3164 ut
1559 3111 1662 3166 illis
1689 3113 1902 3182 regibus

307 3211 372 3248 eo
398 3196 562 3250 modo
587 3197 891 3253 consuleret
914 3199 981 3253 ad
1008 3201 1252 3255 salutem.
1277 3201 1541 3257 Antiocho
1563 3212 1740 3259 autetn
1763 3207 1898 3274 regi,

306 3287 398 3354 qui
426 3286 762 3344 Maeliabteos
792 3289 965 3359 ptenis
993 3289 1298 3346 crudelibus
1324 3292 1607 3359 interemit,
1637 3295 1804 3350 noluit
1829 3296 1901 3352 ita

304 3380 612 3444 consulere,
649 3381 744 3434 sed
787 3397 972 3436 eorum
1007 3383 1400 3453 gloriosissimis
1434 3384 1766 3453 passionibus
1808 3402 1902 3441 eor

305 3467 427 3523 duri
449 3471 591 3540 regis
611 3471 802 3525 acriori
823 3473 1108 3526 severitate
1132 3472 1356 3542 punivit.
1372 3473 1513 3544 Lege
1535 3477 1898 3543 tamen,etiam

308 3576 448 3614 unus
487 3562 699 3615 illorum
720 3604 735 3628 ,
767 3560 858 3632 qui
901 3573 1052 3617 sexto
1082 3563 1201 3617 loco
1231 3565 1547 3634 patiebatur,
1573 3566 1699 3636 quid
1738 3568 1896 3622 dicat.

305 3647 382 3704 Ita
409 3653 558 3706 enim
582 3651 837 3722 scriptum
867 3661 951 3708 est
977 3671 988 3706 :
1023 3654 1087 3706 Et
1113 3664 1224 3724 post
1249 3657 1382 3709 hunc
1405 3667 1602 3710 sextum
1640 3660 1899 3728 applicue—

305 3753 450 3794 runt.
513 3741 740 3814 Cumque
785 3743 868 3797 hic
926 3746 1183 3799 tormentis
1229 3747 1543 3800 excruciatus
1593 3758 1896 3816 moreretur,

305 3833 439 3885 dixit
463 3848 482 3886 :
510 3831 637 3886 Noli
666 3844 714 3887 te
737 3834 973 3888 seducere
997 3845 1202 3905 prapter
1230 3852 1321 3889 nos
1341 3853 1361 3900 ;
1390 3836 1498 3890 litec
1529 3838 1748 3906 patimur
1777 3856 1896 3907 pec-

304 3934 480 3979 cantes
505 3925 558 3978 in
583 3923 750 3978 Deum
778 3936 1024 3992 nostrum,
1047 3937 1092 3980 et
1117 3930 1254 3998 facta
1277 3937 1392 3981 sunt
1421 3929 1529 3983 haec
1555 3929 1710 4000 digna
1733 3929 1894 3984 nobis.

309 4013 387 4066 Tu
417 4025 588 4067 autem
629 4015 736 4068 noli
774 4024 822 4068 te
851 4025 1029 4086 putare
1069 4015 1371 4086 impunitum
1401 4019 1646 4086 futurum,
1677 4021 1761 4089 qui
1801 4015 1898 4072 ad-

303 4125 478 4162 versus
503 4106 668 4160 Deum
695 4117 741 4160 et
765 4105 948 4178 Legem
973 4109 1084 4175 eius
1110 4106 1298 4179 legibus
1323 4109 1421 4162 tuis
1445 4125 1673 4180 pugnare
1698 4110 1900 4165 voluisti

304 4201 324 4269 (
351 4200 395 4254 Il
424 4198 602 4255 Maeli.
626 4216 720 4264 vlt,
750 4200 838 4266 l8,
872 4202 936 4254 19
959 4201 1002 4270 ).
1038 4198 1198 4254 Vides
1226 4201 1387 4254 etiam
1420 4201 1502 4254 isti
1532 4218 1688 4271 quam
1721 4204 1897 4256 humi-

307 4292 434 4345 liter
457 4301 512 4346 et
539 4290 802 4346 veraciter
826 4291 1053 4360 sapiant,
1083 4289 1170 4360 qui
1200 4306 1296 4358 pro
1326 4293 1553 4359 peccatis
1581 4291 1690 4346 suis
1713 4309 1770 4346 se
1803 4294 1898 4346 lla-

304 4381 496 4453 gellari
526 4397 557 4436 a
593 4382 818 4436 Domino
858 4381 1215 4436 conﬁtentur:
1248 4382 1313 4436 de
1349 4397 1454 4450 quo
1495 4384 1750 4453 scriptum
1792 4397 1894 4452 esu,

310 4471 473 4537 Quem
513 4471 647 4524 enim
685 4471 850 4541 diligit
889 4469 1138 4525 Dominus
1177 4471 1382 4540 corripit
1422 4471 1602 4542 (Prov.
1647 4489 1724 4538 tu,
1767 4472 1894 4544 l9);

303 4563 539 4634 ﬂagellat
557 4573 725 4616 autent
744 4580 942 4618 omnem
959 4564 1120 4632 ﬁlium
1134 4579 1281 4634 quem
1300 4565 1474 4633 recipit
1498 4563 1573 4635 (Η
1577 4566 1681 4618 cbr.
1697 4582 1793 4631 xu,
1811 4568 1865 4637 b')
1883 4585 1893 4620 :

305 4657 452 4710 unde
474 4666 530 4711 et
551 4653 860 4726 Apostolus,
887 4655 950 4711 Si
975 4656 1107 4709 enim
1135 4657 1462 4726 nosmetipsos
1475 4658 1843 4726 judicaremns,
1867 4681 1899 4714 η

315 4748 532 4803 Domino
552 4766 653 4802 non
677 4750 848 4818 utique
857 4748 1228 4818 judicaremur.
1251 4748 1376 4802 Cum
1391 4749 1687 4818 judicamur
1709 4763 1875 4805 autem

367 4967 386 4997 ι
427 4973 472 5014 ιιι
498 4966 636 5028 prius
651 4966 764 5016 add.
782 4965 945 5024 deest,
960 4975 1105 5028 super
1126 4976 1262 5026 eam;
1295 4965 1502 5016 habetur
1519 4975 1682 5019 autem
1718 4970 1768 5018 in
1790 4979 1894 5020 Mss.

308 5043 356 5076 ει
381 5043 512 5076 ³011⁸1
530 5043 649 5076 ιιι.

307 5036 356 5151 ἐι
366 5029 683 5151 ’ᾶὲίὶᾊ1.ῗέῗ
693 5085 1082 5151 tradideris._sed
1094 5086 1274 5151 melius
1288 5087 1512 5151 plerique
1530 5097 1654 5149 Mss,
1671 5099 1783 5142 etne
1800 5099 1899 5142 tar-

301 5145 680 5221 dayerisﬂiuxta
698 5149 916 5221 Lxx_.‘_mé
936 5145 1196 5221 εξιιέοηξεὲδ,
1233 5145 1570 5221 et'vulgatam,
1593 5145 1652 5201 ne
1674 5153 1893 5221 moreris.

368 5207 554 5280 ζειρυᾶ
587 5218 703 5280 inv:
736 5211 927 5280 adt-igtur
965 5209 1059 5280 hoc
1094 5207 1201 5258 loco
1221 5222 1246 5280 ε,
1267 5207 1622 5280 4udiri_pocent_
1662 5212 1898 5280 dicentem

298 5269 660 5333 mihi,'Daniel,
684 5269 892 5337 intellige
914 5269 1206 5340 verbm.th
1229 5269 1392 5340 loquor
1415 5271 1518 5333 tibi,
1531 5272 1652 5382 (quia
1673 5287 1760 5338 ego
1781 5275 1895 5326 mis-

299 5348 385 5382 sus
398 5347 511 5382 sum
528 5333 595 5382 ad
611 5339 675 5382 te.
699 5343 816 5382 etc:
837 5343 938 5382 tum
954 5336 1176 5382 sequitur
1193 5346 1204 5380 ε
1229 5331 1344 5380 Vide
1361 5345 1530 5382 anema
1566 5335 1775 5382 modum.
1799 5345 1891 5382 etc.

299 5348 385 5384 sus
398 5347 511 5384 sum
528 5333 595 5384 ad
611 5331 675 5393 te,
699 5343 816 5393 etc.;
834 5331 938 5383 ium
954 5331 1176 5395 sequitur
1193 5346 1204 5380 ε
1229 5331 1344 5395 Vide
1361 5331 1775 5395 (pternadmodtim,
1799 5345 1891 5386 etc.

298 5403 357 5458 At
375 5397 430 5444 in
451 5391 745 5445 Mssmovem
769 5391 895 5456 past,
1105 5404 1212 5458 sum
1248 5392 1313 5441 ad
1337 5391 1406 5458 te,
1434 5391 1896 5458 hiec__insuper'adji-

298 5457 500 5505 ciuntur
521 5458 676 5516 verba
699 5450 857 5516 :iiv'am
873 5450 920 5505 et
933 5450 1140 5516 inticnael
1171 5467 1300 5516 unus
1313 5453 1374 5503 de
1395 5450 1590 5504 sunmus
1614 5450 1896 5516 migelortlm

295 5515 768 5585 Principibus
787 5513 1151 5585 inadjutorittm
1181 5511 1315 5573 mihi,
1352 5521 1398 5565 et
1427 5510 1704 5585 crntfortatii
1721 5531 1811 5585 me,
1837 5532 1895 5569 ac

294 5577 511 5641 restituit
547 5577 670 5628 mihi
694 5577 1000 5628 salutem'de
1022 5589 1227 5626 mcerore
1261 5590 1292 5624 α
1313 5589 1404 5638 quo
1432 5577 1629 5626 nimium
1662 5580 1856 5641 tenebar
1877 5594 1895 5641 ;

293 5640 436 5702 quod
459 5641 846 5689 additamentum
868 5652 965 5688 non
987 5643 1105 5690 satis
1124 5647 1352 5702 consonat
1381 5651 1518 5686 sacro
1541 5639 1718 5702 textui,
1732 5649 1795 5702 _et
1812 5639 1894 5690 reé

293 5699 422 5750 fera
445 5704 590 5750 abest
629 5715 828 5762 prorsus
864 5714 892 5750 τι
936 5707 1043 5751 Mss.
1086 5699 1302 5750 melioris
1338 5708 1464 5750 nota:
1509 5701 1642 5749 etab
1684 5699 1895 5754 editione

291 5769 481 5812 Erasm.

547 5844 776 5908 δωσεῖ.
817 5847 1098 5908 Acces'r.
1150 5846 1229 5908 Il.

1500 355 1979 412 [Ριδτοωιιιιλιι
2020 351 2301 416 CLASSIB
2340 359 2403 415 ll.

3499 377 3600 433 436

2020 491 2050 526 a
2095 474 2312 536 Domino
2341 478 2659 548 corripiatur,
2693 497 2755 534 ne
2781 496 2892 535 cum
2935 483 3028 536 ltoc
3073 487 3261 540 mundo
3303 490 3600 545 danmemur

2024 571 2065 636 fl
2087 570 2205 625 Cor.
2229 588 2304 635 xl,
2329 573 2416 633 5|,
2440 572 2556 641 59.).

2090 662 2142 714 6.
2179 663 2302 716 Haec
2328 662 2554 718 ﬁdeliter
2580 664 2716 734 lege,
2741 665 2969 721 ﬁdeliter
2994 668 3241 736 pra-dico,
3265 682 3317 726 et
3347 683 3599 742 quantmn

2021 763 2170 818 [mles
2195 769 2324 808 cave
2342 795 2358 819 ,
2385 765 2440 808 et
2463 758 2755 810 cavendum
2784 759 2918 814 doce
2937 801 2951 825 ,
2980 776 3046 815 ne
3072 761 3325 817 adversus
3355 765 3520 820 Deum
3549 768 3601 822 in

2019 845 2101 898 his
2138 847 2516 904 tentationibus
2548 857 2603 902 et
2639 850 3062 908 tribulationibus
3093 867 3472 912 murmuretur.
3496 860 3602 912 Bo-

2017 949 2115 988 nos
2143 935 2277 990 dicis
2311 938 2401 991 Dei
2429 954 2615 994 servos
2641 949 2696 993 et
2723 941 2905 996 ﬁdeles
2932 954 2985 996 et
3009 955 3240 1008 sanctos,
3269 946 3442 1016 gladio
3477 948 3600 1001 bar-

2016 1024 2265 1080 barorum
2311 1038 2634 1098 peremptos.
2661 1029 2796 1098 Quid
2824 1041 2998 1086 autem
3028 1034 3267 1103 interest,
3304 1047 3480 1092 utrum
3507 1055 3600 1095 eos

2018 1115 2178 1171 febris
2205 1132 2271 1170 an
2302 1119 2501 1172 ferrum
2531 1119 2599 1174 de
2623 1135 2847 1190 corpore
2881 1125 3139 1180 solverit?
3173 1128 3286 1182 Non
3316 1146 3419 1200 qua
3445 1147 3602 1188 occa-

2014 1205 2164 1261 sione
2188 1216 2400 1273 exeant,
2429 1209 2522 1264 sed
2549 1212 2732 1280 quales
2758 1213 2824 1266 ad
2851 1230 2910 1270 se
2933 1228 3124 1272 exeant
3144 1218 3400 1278 Dominus
3425 1233 3601 1278 atten-

2013 1296 2090 1350 dit
2119 1298 2168 1351 in
2195 1301 2366 1354 servis
2402 1301 2545 1365 suis,
2578 1303 2677 1356 nisi
2720 1305 2864 1373 quod
2905 1307 3159 1378 majorem
3193 1310 3352 1366 habet
3391 1329 3600 1383 pennam

2014 1389 2235 1458 languor
2273 1391 2557 1448 diuturnus
2581 1410 2738 1464 quam
2768 1397 3056 1453 citissimus
3089 1402 3300 1456 exitus:
3332 1415 3386 1460 et
3423 1415 3601 1462 tamen

2012 1481 2172 1535 etiam
2215 1483 2386 1551 ipsum
2420 1484 2725 1554 languorem
2751 1487 3057 1544 diuturnum
3086 1500 3140 1546 et
3168 1493 3490 1552 horrendum
3521 1499 3602 1554 le-

2011 1571 2204 1637 gimus,
2220 1573 2438 1654 qualem
2470 1591 2655 1642 passus
2677 1586 2760 1630 est
2782 1577 2884 1632 Job
2909 1579 3014 1643 ille,
3041 1581 3194 1650 cujus
3219 1594 3362 1639 certe
3383 1586 3603 1654 justitite

2015 1660 2153 1714 Deus
2190 1648 2304 1730 ipse
2341 1663 2430 1732 qui
2476 1663 2582 1719 falli
2632 1681 2735 1720 ιιοιι
2784 1677 2977 1736 potest,
3023 1648 3129 1727 tale
3167 1648 3410 1742 perhibet
3455 1680 3603 1734 testi-

2011 1753 2247 1806 monium
2258 1793 2272 1806 .

2083 1843 2135 1896 7.
2177 1845 2500 1902 Gravissima
2551 1865 2682 1906 sane
2725 1861 2780 1906 et
2833 1853 3056 1909 multum
3105 1855 3332 1914 dolenda
3385 1871 3466 1916 est
3513 1860 3601 1918 illa

2009 1937 2288 2004 captivitas
2317 1940 2630 1996 feminarum
2657 1955 2922 2000 castarum
2948 1956 3107 2017 atque
3140 1962 3441 2006 sanctarum
3462 1993 3477 2017 ,
3506 1958 3598 2009 sed

2009 2040 2116 2079 non
2156 2037 2238 2081 est
2279 2030 2519 2098 captivus
2565 2049 2747 2088 earum
2794 2036 2951 2101 Dens,
2993 2053 3092 2093 nec
3131 2041 3366 2110 captivas
3402 2043 3602 2100 deserit

2009 2128 2154 2180 suas,
2185 2118 2230 2171 si
2270 2120 2416 2172 novit
2453 2136 2596 2176 suas.
2628 2124 2756 2178 Nam
2797 2135 2851 2179 et
2891 2125 2966 2180 illi
3008 2130 3175 2183 sancti
3214 2147 3439 2200 quorum
3479 2150 3600 2204 pas-

2009 2206 2189 2260 siones
2217 2217 2272 2262 et
2308 2210 2672 2267 confessiones
2709 2213 2776 2268 de
2815 2214 3101 2285 Scripturis
3131 2223 3330 2275 sanctis
3357 2238 3597 2280 comme-

2009 2300 2242 2364 moravi,
2275 2301 2342 2354 ab
2367 2300 2607 2358 hostibus
2647 2305 2789 2361 ducti
2819 2315 2980 2376 atque
3005 2309 3057 2363 in
3084 2312 3388 2380 captivitate
3417 2317 3596 2384 positi,

2010 2387 2100 2442 illa
2139 2389 2388 2446 dixerunt
2421 2409 2541 2462 quae
2575 2397 2874 2467 conscripta
2905 2398 3209 2469 legerentur
3244 2417 3275 2456 a
3322 2405 3476 2460 nobis
3497 2447 3514 2472 ,
3544 2419 3601 2463 ut

2009 2479 2334 2538 disceremus
2359 2486 2597 2554 captivos
2624 2487 2718 2542 Dei
2746 2501 2933 2544 servos
2971 2507 3077 2544 non
3110 2492 3285 2548 deseri
3313 2510 3344 2549 a
3373 2495 3600 2552 Domino

2008 2588 2124 2628 suo.
2157 2574 2310 2632 Unde
2337 2587 2515 2633 autem
2554 2580 2753 2636 scimus
2781 2581 2908 2651 quid
2950 2584 3108 2637 etiam
3141 2601 3237 2654 per
3265 2587 3392 2642 istas
3427 2592 3601 2644 omni-

2009 2676 2200 2736 potens
2223 2677 2278 2722 et
2299 2670 2604 2726 misericors
2628 2672 2771 2728 Deus
2797 2675 2849 2727 in
2862 2675 2990 2754 .ipsa
3019 2685 3156 2729 terra
3183 2677 3455 2734 barbarica
3485 2681 3598 2736 ﬁeri

2010 2759 2137 2813 velit
2177 2761 2496 2816 mirabilium
2539 2765 2801 2818 suorum?
2829 2765 3057 2819 Tantum
3100 2783 3208 2822 non
3249 2770 3473 2824 eessetis
3503 2787 3599 2841 pro

2008 2851 2112 2906 illis
2138 2852 2484 2922 ingemiscere
2509 2855 2576 2908 ad
2606 2856 2795 2924 Deum,
2817 2865 2872 2911 et
2897 2872 3136 2928 quairere
3163 2871 3414 2930 quantum
3449 2874 3600 2930 pote.

2006 2944 2125 3011 stis,
2154 2955 2207 3000 et
2234 2955 2486 3016 quantum
2517 2948 2631 3017 ipse
2657 2949 2914 3018 pennittit
2934 2993 2948 3016 ,
2975 2967 3094 3005 enm
3121 2961 3332 3022 tempus
3353 2963 3408 3008 et
3437 2956 3600 3010 facul-

2007 3045 2170 3096 tatem
2199 3037 2425 3103 dederit,
2448 3041 2572 3109 quid
2599 3041 2667 3096 de
2699 3043 2800 3097 illis
2824 3045 3018 3098 factum
3046 3045 3132 3106 sit,
3164 3046 3244 3100 vel
3271 3062 3390 3114 qua:
3419 3057 3596 3102 vestra

2007 3128 2212 3195 p0>8lnl
2237 3129 2432 3184 habere
2455 3131 2664 3185 solatia.
2688 3131 2819 3186 Nam
2845 3132 2914 3188 de
2940 3131 3174 3188 Sitifensi
3207 3135 3222 3166 ¹
3247 3145 3371 3190 ante
3398 3151 3596 3206 panem

2005 3234 2176 3274 annos
2202 3219 2385 3275 Severi
2412 3220 2646 3292 θρίδρορί
2671 3222 2846 3291 neptis
2870 3225 3288 3280 sanctimonialis
3307 3241 3335 3279 a
3357 3227 3596 3282 barbaris

2005 3311 2161 3366 ducta
2192 3321 2271 3367 est
2290 3352 2306 3377 ,
2347 3322 2399 3368 et
2430 3329 2526 3384 per
2555 3315 2849 3370 mirabilem
2891 3318 2982 3373 Dei
3022 3317 3442 3374 misericordiam
3471 3336 3591 3374 cum

2007 3403 2209 3458 honore
2248 3422 2438 3476 magno
2477 3409 2588 3462 suis
2627 3409 2933 3478 parentibus
2966 3411 3210 3465 restituta
3248 3419 3352 3468 est.
3397 3412 3594 3466 Domus

2005 3495 2144 3548 enim
2175 3497 2259 3548 illa
2290 3497 2633 3551 barbarormn
2661 3499 2746 3552 ubi
2776 3501 2986 3569 captiva
3015 3501 3248 3570 ingressa
3284 3510 3387 3568 est,
3418 3502 3592 3555 subita

2003 3586 2164 3655 coepit
2211 3586 2544 3642 dominorum
2592 3589 2895 3645 infirmitate
2935 3591 3145 3660 jactari,
3189 3593 3260 3645 ita
3308 3601 3368 3646 ut
3406 3609 3597 3647 omnes

2005 3675 2103 3744 ipsi
2135 3677 2379 3744 barbari,
2409 3688 2517 3733 tres
2543 3680 2642 3733 nisi
2673 3680 2851 3746 fallor,
2879 3683 2962 3736 vel
2987 3683 3212 3750 amplius
3238 3682 3429 3739 fratres
3448 3725 3464 3748 ,
3497 3701 3574 3753 pc-

2006 3769 2384 3823 riculosissima
2431 3770 2732 3824 infirmitate
2773 3772 3094 3828 laborarent.
3139 3775 3375 3840 Quorum
3424 3785 3592 3830 mater

2004 3859 2377 3914 animadvertit
2416 3861 2642 3930 puellam
2673 3863 2782 3916 Deo
2813 3863 3079 3928 deditam,
3109 3874 3162 3919 et
3189 3866 3414 3922 credidit
3450 3871 3590 3938 quod

2005 3949 2118 4018 ejus
2153 3951 2482 4005 orationibus
2521 3949 2603 4006 sui
2643 3952 2730 4006 ﬁlii
2772 3965 2989 4022 possunt
3023 3956 3449 4022 tib-imminentis
3481 3958 3590 4027 jam

2006 4042 2192 4094 mortis
2233 4042 2467 4110 periculo
2507 4043 2757 4109 liberari;
2807 4047 2988 4113 petivit
3031 4055 3088 4099 ut
3129 4058 3306 4101 oraret
3351 4066 3445 4117 pro
3487 4050 3587 4114 eis,

2007 4134 2261 4200 po|3iccns
2287 4133 2423 4202 quod
2446 4176 2458 4197 ,
2488 4135 2530 4188 si
2558 4136 2688 4190 salvi
2719 4136 2839 4189 facti
2869 4147 3043 4192 essent
3065 4181 3080 4202 ,
3110 4154 3227 4192 eam
3257 4141 3366 4195 suis
3395 4158 3554 4209 paren
3573 4173 3588 4182 -

2008 4226 2142 4276 libus
2173 4226 2476 4280 redderent.
2507 4227 2774 4296 Jejunavit
2802 4228 2886 4281 illa
2927 4239 2981 4283 et
3017 4231 3220 4294 oravit,
3251 4241 3306 4284 et
3343 4234 3586 4286 exaudita

2003 4319 2255 4370 continuo
2300 4327 2402 4371 est.
2436 4319 2515 4372 Ad
2567 4318 2667 4373 hoc
2708 4320 2850 4374 enim
2894 4320 3085 4374 factum
3132 4331 3282 4388 erat,
3333 4333 3587 4392 quantum

2003 4413 2180 4462 exitus
2207 4408 2406 4463 docuit.
2439 4408 2512 4464 Ita
2539 4411 2609 4464 illi
2638 4421 2742 4464 tam
2781 4413 3058 4480 repentino
3090 4413 3180 4467 Dei
3210 4415 3469 4469 beneﬁcio
3499 4432 3591 4470 sa~

2004 4498 2112 4551 luto
2155 4509 2438 4570 percepta,
2483 4501 2737 4555 mirantes
2776 4518 2894 4556 eam
2941 4513 2995 4556 ct
3038 4505 3398 4572 honorantes,
3445 4509 3588 4577 quod

2003 4607 2185 4646 eorum
2215 4604 2384 4649 mater
2409 4595 2724 4662 promiserat
2751 4595 3122 4666 impleverunt.

2073 4685 2125 4739 8.
2167 4684 2269 4739 Ora
2310 4700 2438 4755 ergo
2479 4685 2643 4740 Deum
2686 4701 2780 4754 pro
2809 4687 2906 4752 eis,
2947 4697 2998 4741 et
3026 4704 3148 4758 roga
3180 4691 3420 4745 utetiam
3450 4691 3590 4760 ipsas

2002 4776 2193 4830 doceat
2221 4776 2343 4830 talia
2371 4775 2579 4841 dicere,
2607 4776 2780 4846 qualia
2818 4792 2978 4846 supra
3018 4791 3345 4834 memoratus
3372 4793 3590 4834 sanctus

2005 4868 2241 4932 Azarias,
2271 4869 2409 4922 inter
2431 4874 2624 4921 czctcra
2664 4867 2715 4921 in
2755 4869 2995 4924 oratione
3033 4879 3088 4924 et
3124 4871 3459 4926 confessione
3492 4889 3586 4928 sua

2003 4961 2134 5014 fudit
2160 4961 2225 5013 ad
2251 4961 2435 5014 Deum.
2464 4960 2553 5015 Sic
2577 4961 2718 5014 enim
2744 4971 2868 5015 sunt
2895 4962 2997 5016 ill-.e
3024 4963 3074 5016 in
3105 4973 3244 5018 terra
3270 4965 3586 5035 captivitatis

2001 5064 2141 5113 sum,
2171 5049 2438 5117 quomodo
2477 5059 2629 5102 erant
2655 5050 2730 5102 illi
2763 5051 2812 5103 in
2841 5067 2901 5105 ea
2933 5061 3068 5106 terra
3092 5095 3104 5117 ,
3136 5054 3221 5108 ubi
3252 5069 3352 5109 nec
3376 5055 3583 5109 sacriﬁ-

2002 5155 2126 5194 care
2155 5154 2304 5193 more
2332 5155 2428 5193 suo
2461 5149 2707 5207 poterant
2738 5141 2962 5196 Domino
2981 5183 2995 5206 ,
3029 5144 3166 5196 sicut
3189 5158 3288 5198 nec
3317 5144 3429 5198 ista:
3458 5161 3583 5214 pos-

2001 5239 2143 5292 sunt,
2177 5229 2258 5285 vel
2286 5230 2424 5285 ferre
2450 5231 2770 5287 oblationem
2797 5233 2864 5286 ad
2896 5234 3062 5290 altare
3093 5235 3203 5298 Dei,
3235 5236 3319 5289 vel
3346 5236 3585 5292 invenire

2001 5324 2070 5377 ibi
2110 5322 2438 5376 sacerdotem
2481 5338 2573 5392 per
2613 5339 2768 5392 quem
2812 5323 3038 5378 offerant
3075 5326 3204 5380 Deo.
3244 5326 3414 5381 Donet
3454 5342 3582 5396 ergo

1999 5414 2078 5469 eis
2117 5413 2368 5468 Dominus
2394 5421 2452 5467 ut
2479 5414 2527 5468 ei
2554 5413 2762 5480 dicant,
2788 5414 2927 5484 quod
2954 5414 3173 5471 Azarias
3201 5415 3332 5470 dixit
3368 5417 3421 5472 in
3452 5431 3582 5471 con-

2065 5580 2080 5611 ι
2117 5585 2248 5639 ωιτη
2271 5591 2384 5628 nam
2414 5575 2662 5641 sitifazsi’s.
2681 5577 2915 5641 eadem.
2937 5585 3098 5641 tum,
3122 5578 3500 5641 misilist'nsts.
3526 5592 3578 5633 Αι

1997 5637 2294 5713 «suis
2317 5637 2515 5713 ιιειξιεριὲ
2539 5653 2653 5712 "me
2670 5641 2732 5690 de
2757 5637 2983 5713 δαίῖαιεξτ
3004 5637 3199 5713 supple:
3244 5645 3471 5713 restans.
3495 5644 3578 5692 νει

1998 5701 2115 5761 quid
2137 5701 2324 5769 simile;
2348 5702 2490 5769 utiin
2513 5704 2736 5769 proxime
2759 5701 2988 5769 sequenti
3013 5701 3234 5764 epiétola,
3267 5701 3356 5754 ubi
3375 5704 3578 5769 legitur,

2003 5759 2118 5825 duos
2139 5761 2189 5815 in
2209 5759 2431 5816 Sinitensi
2452 5759 2530 5814 vel
2543 5759 3012 5828 Hipponemi'ltabes.

2847 5845 3257 5934 minitante.)
