4014 6338
491 353 595 412 627

491 467 832 538 sequentibus
869 477 1082 534 precum
1113 477 1324 516 suarum
1350 477 1363 513 :
1395 458 1515 512 Non
1547 464 1618 510 est
1644 457 1694 508 in
1723 455 1814 508 Itoc
1854 464 2075 525 tempore

493 559 724 626 princeps
770 565 814 608 et
861 555 1104 624 prop/tcta
1152 563 1196 606 et
1239 552 1364 614 dux,
1407 566 1506 603 non
1555 548 1869 609 holocausta,
1919 560 2075 615 neque

493 651 711 713 oblatio,
740 663 895 716 neque
931 645 1323 714 supplicationes
1341 682 1355 705 ,
1384 657 1472 694 nec
1515 641 1651 694 locus
1683 638 1750 692 ad
1776 637 2074 706 sacriﬁcan-

492 741 613 792 dum
637 741 690 791 in
717 745 981 804 conspectu
1017 744 1121 796 tuo,
1147 744 1190 785 et
1216 734 1434 785 invenire
1459 728 1885 793 misericordiam;
1909 727 1998 781 sed
2022 728 2075 780 in

493 830 665 881 anima
699 829 914 880 contrita
956 835 1000 877 et
1039 824 1218 892 spiritu
1245 822 1540 875 humilitatis
1570 821 1897 890 accipiamur.
1927 818 2073 874 Sicut

493 921 546 972 in
579 915 1086 972 holocaustomatibus
1115 915 1324 966 arietum
1353 920 1398 966 et
1428 923 1687 982 taurorum
1705 952 1719 974 ,
1747 921 1792 964 et
1826 911 1877 963 in
1903 910 2075 963 multi-

495 1009 668 1062 tudine
692 1023 936 1078 agnorum
969 1005 1260 1075 pinguium,
1294 1004 1366 1056 sic
1392 1004 1482 1072 ﬁat
1513 1003 1818 1070 sacriﬁcium
1848 1011 2070 1054 nostrum

493 1100 542 1152 in
565 1106 828 1168 conspectu
851 1105 935 1148 tuo
957 1094 1104 1146 hodie
1124 1093 1363 1162 per/icere
1381 1092 1728 1160 subsequentes
1749 1100 1813 1157 te,
1835 1091 2074 1161 quoniam

493 1206 591 1242 non
617 1188 708 1241 erit
733 1185 962 1254 confusio
991 1184 1052 1236 iis
1075 1183 1161 1251 qui
1190 1182 1242 1235 itt
1279 1191 1324 1234 te
1349 1181 1631 1249 conﬁdunt.
1656 1179 1723 1233 Et
1752 1196 1884 1232 nunc
1913 1180 2075 1249 sequi-

489 1295 604 1332 mur
630 1288 730 1330 toto
756 1275 905 1328 corde
925 1283 970 1328 et
999 1274 1228 1326 timemus
1254 1282 1320 1338 te,
1343 1280 1387 1325 et
1411 1271 1683 1342 qua'rintus
1707 1270 1888 1338 facient
1913 1277 2072 1334 tuam,

493 1369 707 1422 Domine
726 1385 746 1432 ,'
772 1383 832 1420 ne
857 1364 1137 1437 confundas
1161 1379 1275 1428 nos,
1297 1362 1384 1415 sed
1414 1364 1497 1432 fac
1523 1360 1778 1414 nobiscum
1802 1359 2074 1412 secundum

491 1458 924 1512 mansuetudinem
953 1467 1125 1522 tuam,
1163 1463 1208 1507 et
1233 1452 1504 1506 secundum
1532 1451 1898 1504 multitudinem
1929 1450 2075 1502 mise-

489 1550 726 1604 ricordia»:
749 1559 880 1614 tute,
911 1557 954 1600 et
985 1547 1138 1601 libera
1171 1561 1264 1598 nos
1291 1543 1564 1597 secundum
1595 1541 1957 1627 mirabiliaJua
1976 1581 1993 1606 ,
2027 1549 2075 1594 et

491 1643 557 1696 da
585 1641 802 1712 gloriam
832 1639 1020 1693 nomini
1045 1646 1131 1692 tuo
1152 1680 1165 1702 ,
1190 1635 1410 1689 Domine
1429 1675 1442 1699 ,
1468 1643 1516 1688 et
1538 1643 1853 1687 revereantur
1881 1647 2070 1696 omnes,

491 1735 577 1803 qui
623 1731 889 1787 ostendunt
937 1729 1089 1783 servis
1137 1729 1235 1780 tuis
1281 1726 1447 1790 mala,
1498 1734 1543 1777 et
1589 1722 1965 1793 confundantur
2012 1722 2075 1774 ab

493 1825 872 1893 omnipotentia,
897 1832 942 1874 et
967 1823 1125 1874 virtus
1149 1826 1326 1872 eorum
1351 1825 1661 1879 conteratur,
1687 1824 1733 1867 et
1760 1814 1920 1868 sciant
1947 1829 2074 1882 quo-

493 1917 628 1970 niam
655 1925 707 1969 tu
732 1931 782 1969 es
808 1913 1058 1967 Dominus
1084 1911 1220 1964 Deus
1245 1910 1388 1963 solus
1415 1917 1460 1962 et
1486 1908 1733 1979 gloriosus
1759 1907 1811 1960 in
1845 1906 2075 1959 universo

492 2007 610 2061 orbe
634 2003 818 2077 terrte(
844 1995 974 2057 Dait.
1000 2019 1076 2068 tn,
1101 2002 1265 2057 58-45
1287 2002 1328 2072 ).

562 2098 614 2151 9.
640 2096 762 2150 l-latc
782 2095 887 2148 illis
907 2093 1222 2158 dicentibus,
1242 2103 1294 2146 et
1311 2092 1375 2145 ad
1401 2092 1561 2145 Deum
1585 2091 2074 2160 ingemiscentibus,

493 2187 711 2240 omnino
736 2186 845 2241 suis
873 2185 1045 2239 aderit
1081 2188 1168 2253 qui
1198 2184 1307 2238 suis
1338 2183 1527 2236 adesse
1565 2183 1870 2242 consuevit.
1905 2191 1960 2236 et
1987 2193 2078 2236 aut

492 2277 622 2332 nihil
661 2293 842 2330 earum
871 2276 1182 2329 castissimis
1207 2274 1460 2328 membris
1496 2272 1709 2326 libidine
1738 2271 1917 2325 hostili
1954 2288 2077 2340 pcr-

492 2368 687 2438 petrari
732 2368 1040 2436 permittet;
1083 2373 1174 2418 aut
1215 2365 1259 2418 si
1303 2364 1604 2434 permittet,
1638 2377 1742 2416 non
1776 2363 2074 2431 imputabit.

492 2459 623 2512 tium
652 2459 791 2512 enim
821 2459 1030 2511 auiu'tus
1053 2457 1193 2510 nulla
1216 2455 1584 2509 consensionis
1614 2454 1943 2522 turpittaliue
1968 2471 2082 2508 ma-

494 2550 720 2612 culatur,
752 2548 912 2602 etiam
941 2561 1157 2602 carnem
1187 2561 1337 2600 suam
1368 2544 1606 2599 defendit
1629 2560 1658 2598 a
1686 2545 1906 2598 crimine
1934 2545 1949 2575 ί
1979 2563 1992 2598 :
2025 2553 2082 2599 et

493 2640 748 2710 quidquid
775 2640 827 2694 in
867 2655 928 2694 ea
958 2654 1056 2693 nec
1085 2639 1374 2717 commisit,
1402 2652 1501 2690 nec
1531 2636 1771 2706 permisit
1795 2635 1954 2688 libido
1984 2651 2080 2704 pa-

494 2717 672 2786 tientis
691 2772 705 2796 ,
737 2731 901 2784 solius
929 2730 1030 2785 erit
1055 2731 1206 2798 culpa
1236 2729 1512 2793 facientis;
1540 2728 1817 2796 onmisque
1845 2729 1929 2780 illa
1961 2728 2080 2781 vio-

492 2823 654 2877 lentia
681 2837 786 2876 non
814 2838 909 2892 pro
935 2821 1292 2890 corruptionis
1330 2819 1688 2889 turpitudine,
1717 2819 1808 2872 sed
1841 2834 1934 2887 pro
1963 2835 2082 2887 pas-

493 2913 658 2968 sionis
697 2914 912 2967 vulnere
954 2912 1310 2982 deputabitur.
1344 2912 1571 2965 Tantum
1614 2911 1757 2964 enim
1805 2910 1857 2963 in
1901 2919 2078 2965 mente

493 3006 633 3060 valet
659 3007 934 3075 integritas
959 3006 1237 3069 castitatis,
1261 3013 1319 3059 ut
1345 3005 1432 3059 illa
1460 3005 1729 3069 inviolata,
1759 3021 1859 3058 nec
1885 3005 1935 3058 iu
1963 3020 2081 3058 cor-

494 3110 623 3165 pore
653 3097 820 3165 possit
851 3096 1097 3164 pudicitia
1130 3097 1337 3162 violari,
1368 3096 1517 3166 cujus
1549 3098 1784 3151 membra
1813 3099 2082 3165 potuerint

495 3189 733 3258 superari
764 3186 860 3257 (a).
898 3188 1025 3242 Haec
1059 3188 1281 3257 epistola
1326 3202 1421 3257 pro
1449 3199 1538 3242 tuo
1579 3187 1845 3243 desiderio
1883 3187 2081 3255 brevis,

495 3296 591 3350 pro
635 3281 769 3335 meis
808 3291 980 3334 tamen
1030 3280 1464 3349 occupationibus
1509 3281 1731 3334 multum
1774 3281 1998 3350 prolixa,
2027 3289 2082 3334 et

493 3381 710 3441 propter
740 3372 1019 3440 perlatoris
1046 3371 1436 3426 festinationem
1468 3370 1626 3425 nimis
1657 3372 1947 3425 accelerata
1971 3370 2084 3425 suf-

498 3462 639 3516 ficiat
671 3461 913 3516 charitati
945 3470 1068 3515 tuas.
1108 3461 1268 3515 Multo
1294 3461 1507 3514 uberius
1537 3475 1629 3513 vos
1661 3461 1918 3513 Dominus
1947 3474 2080 3513 cou-

497 3553 772 3618 solabitur,
806 3554 849 3606 si
879 3553 1181 3622 Scripturas
1209 3554 1325 3622 ejus
1352 3552 1706 3606 intentissime
1736 3552 1989 3620 legeritis.

961 3662 1285 3717 EPISTULA
1325 3662 1464 3716 cxu
1497 3666 1512 3685 ο
1540 3660 1635 3734 (b).

497 3770 756 3825 Donatum
786 3771 1199 3843 exproconsulent
1225 3772 1452 3825 hortatur
1480 3782 1530 3824 ut
1557 3771 1752 3842 abjecto
1784 3773 1921 3826 ontui
1947 3775 2082 3844 fastu

568 3871 781 3916 sectetur
804 3861 1080 3926 Christum,
1107 3873 1252 3930 atque
1281 3864 1346 3915 ad
1387 3863 1628 3917 Ecclesia:
1652 3863 1913 3918 catholica:
1939 3881 2077 3918 com-

567 3953 856 4007 munionem
885 3969 1003 4006 suos
1029 3953 1237 4007 alliciat.

499 4064 728 4118 Domino
755 4064 970 4128 eximio,
1004 4073 1059 4119 et
1085 4065 1443 4118 sincerissima
1471 4063 1754 4119 dilectione
1786 4065 2083 4120 honorabili

569 4156 717 4211 fratri
748 4157 998 4225 Denuo,
1028 4159 1362 4214 Aucusrnvus
1382 4199 1396 4225 ,
1423 4159 1474 4211 in
1510 4158 1734 4212 Domino
1760 4160 2005 4213 salutem.

570 4269 623 4322 1.
663 4267 812 4334 Quod
862 4277 912 4321 te
958 4268 1412 4322 administrantem
1461 4269 1682 4321 multum
1733 4268 2080 4334 desiderans,

496 4358 656 4411 etiam
681 4372 802 4411 cum
827 4357 1036 4411 Tibilim
1062 4361 1082 4388 ²
1111 4359 1367 4422 venisses,
1392 4358 1572 4410 videre
1598 4372 1702 4411 non
1732 4358 1895 4426 potui,
1920 4359 2083 4413 credo

413 4439 438 4461 ⁸
501 4458 779 4516 propterea
811 4449 1004 4502 factum
1049 4464 1207 4514 esse,
1239 4457 1296 4503 ut
1319 4449 1498 4502 animo
1543 4459 1634 4502 tuo
1676 4451 1816 4503 curis
1860 4452 2084 4519 publicis

499 4539 748 4607 expedito
797 4540 971 4607 potius
1018 4539 1240 4606 fruerer,
1271 4556 1427 4607 quam
1471 4550 1528 4592 ut
1571 4540 1661 4594 illa
1698 4543 1965 4608 salutatio,
1998 4557 2083 4598 me

497 4627 638 4697 apud
684 4639 734 4684 te
779 4630 991 4695 otioso,
1041 4640 1094 4684 et
1140 4639 1190 4683 te
1237 4631 1549 4700 negotioso,
1600 4634 1770 4685 neutri
1818 4642 2079 4700 nostrum,

495 4728 754 4790 quantum
798 4722 926 4775 satis
966 4732 1136 4789 esset,
1169 4723 1490 4777 desiderium
1536 4732 1894 4793 temperaret:
1934 4739 2083 4779 reco-

497 4813 615 4866 lens
645 4813 838 4884 quippe
864 4813 1193 4869 honestatem
1224 4815 1291 4869 ab
1317 4815 1529 4870 ineunte
1556 4824 1710 4870 (etate
1738 4816 1929 4871 indolis
1957 4827 2080 4884 tum,

495 4904 832 4961 abundanter
878 4905 1126 4960 idonemn
1185 4915 1329 4959 tuum
1376 4916 1563 4976 pectus
1606 4907 1850 4961 existiu'no
1892 4909 1977 4963 cui
2024 4924 2084 4963 se

493 4994 744 5051 Christus
787 4995 1082 5065 largissime
1124 4994 1402 5062 infundat,
1447 5005 1505 5050 ut
1551 4995 1754 5050 fructus
1795 4997 1843 5051 ei
1891 4997 2084 5053 all‘cras

563 5147 581 5213 ξ
616 5146 691 5196 sic
705 5146 844 5198 Corb.
867 5145 977 5213 god.
1003 5148 1195 5213 Optima:
1230 5153 1376 5198 notae.
1403 5148 1516 5197 εδδ.
1560 5164 1679 5213 vero
1704 5159 1755 5201 et
1781 5150 1949 5213 plures
1973 5161 2079 5203 Mss.

497 5205 718 5279 habent;
743 5213 832 5279 Aut
851 5205 902 5279 si
913 5205 1167 5279 permittet,
1195 5222 1306 5279 eum
1326 5223 1493 5279 eorum
1514 5211 1702 5263 animus
1723 5205 1856 5262 nulla
1885 5227 2084 5279 consen-

497 5270 983 5380 ῗοέιρςὺῃξξιὲξὴιαάὶηε
1004 5271 1290 5332 maculat-ur,
1317 5270 1462 5321 etiam
1485 5286 1680 5323 carnem
1700 5288 1839 5324 suam
1859 5274 2084 5337 defendet

561 5391 582 5421 ³
605 5391 737 5452 Apud
759 5391 868 5440 uad.
892 5399 993 5441 Am.
1021 5398 1071 5443 et
1093 5399 1187 5454 Er.,
1211 5391 1416 5443 Cibilim.

562 5471 581 5490 ‘
601 5474 870 5540 Anecensita
889 5479 967 5523 est
989 5473 1048 5522 ad
1070 5487 1116 5540 ιζ.
1141 5475 1226 5537 bg.
1252 5474 1390 5540 hinc.
1411 5487 1482 5524 ec.
1507 5475 1557 5523 tl.
1598 5491 1648 5540 g.
1683 5491 1764 5540 gv.
1787 5490 1837 5525 n.
1883 5490 1928 5527 r.
1971 5488 2014 5526 s.
2041 5483 2062 5528 t

499 5543 576 5580 ve.
597 5537 704 5582 tres
723 5535 799 5583 sb.
824 5533 948 5584 duos
970 5549 1016 5584 v.
1043 5536 1102 5584 ad
1124 5533 1224 5585 Ani.
1251 5536 1360 5585 uad.
1384 5542 1456 5584 Er.
1476 5543 1585 5588 ιον.

561 5612 635 5734 (ag
657 5615 756 5686 vid.
777 5615 862 5664 lib.
887 5618 908 5666 t
935 5619 999 5666 de
1020 5619 1273 5677 Civit.Dei,
1293 5632 1397 5680 cap.
1426 5621 1484 5668 l6
1501 5629 1549 5669 ct
1576 5620 1648 5669 18.

561 5672 613 5734 (ὁ
653 5675 778 5724 Alias
795 5677 885 5726 428
905 5692 1043 5734 :qua
1065 5689 1228 5730 autem
1256 5681 1344 5729 H2
1366 5693 1486 5734 erat.
1509 5696 1634 5734 nunc

561 5672 885 5750 λιιιλςιὲε
905 5692 1043 5750 ιιιιιφ
1065 5689 1239 5750 autem
1254 5672 1486 5750 ﬂerat,
1509 5696 1634 5734 nunc
1659 5684 1764 5734 HT.
1801 5686 1913 5748 Scrij
1933 5693 1977 5736 ta
1998 5699 2083 5736 cx-

502 5741 651 5785 eunte
668 5748 746 5786 an.
768 5739 878 5801 409,
897 5739 980 5790 aut
997 5741 1195 5793 ineunte
1213 5743 1319 5793 410.

1727 337 1784 392 S.
1826 330 2189 392 AUGUSTINI
2228 333 2529 392 EPISCOPI

3657 336 3762 396 £28

2182 460 2380 506 acterna
2419 463 2474 507 et
2503 455 2705 508 cmiesti
2735 454 2901 524 gloria
2939 468 3095 525 quam
3137 453 3408 525 temporali
3448 462 3503 508 et
3543 461 3759 508 terreno

2182 545 2446 612 prmcouio
2470 545 2760 614 digniores.

2250 634 2304 686 2.
2346 638 2390 688 Α
2421 638 2597 690 multis
2640 638 2779 690 enim
2801 679 2816 702 ,
2848 638 2954 691 imo
2984 653 3200 707 prorsus
3228 637 3294 692 ab
3333 637 3579 692 omnibus
3623 651 3759 706 quos

2179 728 2264 780 vel
2311 729 2628 796 percontari,
2671 730 2751 782 vel
2797 730 2938 784 ultro
2981 731 3138 784 etiam
3190 730 3536 799 praedicantes
3574 730 3761 783 audire

2179 818 2360 885 potui,
2407 819 2703 872 castitatem
2750 821 3102 891 virtutemque
3136 821 3606 874 administratioois
3658 830 3760 873 tum

2179 916 2484 962 constanter
2513 911 2728 962 omnino
2758 910 3092 966 laudantibus
3133 922 3290 981 atque
3331 910 3759 979 prmferentibus,

2179 1008 2233 1052 ct
2259 999 2374 1052 sine
2409 998 2514 1053 ullo
2540 1001 2788 1070 scrupulo
2815 1003 3042 1057 dissona:
3074 1004 3338 1058 varietatis
3365 1005 3543 1072 accepi
3565 1045 3578 1068 ,
3610 1014 3667 1058 et
3697 1021 3763 1056 eo

2179 1091 2376 1144 certius
2411 1106 2518 1160 quo
2564 1093 2875 1162 ignorabant
2917 1097 3358 1150 necessitudinem
3403 1105 3663 1160 nostram,
3711 1106 3763 1149 et

2179 1189 2354 1235 utrum
2380 1190 2431 1236 te
2461 1184 2542 1238 vel
2570 1185 2796 1238 tenuiter
2819 1201 3031 1242 nossem
3060 1189 3270 1256 penitus
3293 1189 3598 1241 nesciebant
3624 1204 3764 1256 pra:-

2180 1271 2442 1326 dicatores
2476 1274 2578 1340 tui,
2613 1291 2679 1329 ne
2708 1277 2875 1346 magis
2901 1292 2992 1332 eos
3021 1279 3236 1332 auribus
3264 1280 3397 1332 meis
3435 1293 3493 1332 se
3522 1279 3762 1342 dedisse,

2179 1379 2334 1432 quam
2377 1380 2497 1418 vera
2529 1365 2595 1420 de
2632 1376 2682 1420 te
2719 1381 2968 1437 spargere
3005 1369 3300 1423 crederem.
3329 1369 3403 1423 lbi
3433 1370 3574 1424 enim
3617 1380 3705 1424 est
3732 1385 3764 1424 a

2180 1457 2408 1511 vanitate
2454 1468 2654 1512 remota
2703 1460 2952 1526 laudatio,
2998 1461 3084 1514 ubi
3127 1461 3287 1515 etiam
3334 1462 3652 1532 vituperatio
3695 1457 3768 1516 ab

2179 1548 2469 1604 offensione
2502 1565 2689 1605 secura
2713 1562 2816 1606 est.
2851 1553 3223 1607 Verumtamen
3247 1593 3262 1618 ,
3293 1569 3324 1607 0
3356 1553 3516 1608 frater
3540 1555 3763 1618 eximie,

2180 1650 2234 1694 et
2259 1643 2616 1696 sincerissima
2647 1644 2933 1699 dilectione
2977 1644 3322 1709 honorabilis,
3351 1660 3454 1698 non
3487 1661 3626 1698 nunc
3663 1645 3766 1699 do-

2179 1735 2378 1787 cendus
2406 1749 2464 1788 es
2484 1776 2496 1797 ,
2529 1735 2622 1790 sed
2653 1737 2875 1791 fortasse
2917 1737 3280 1791 admonendus
3303 1777 3318 1800 ,
3349 1752 3559 1791 omnem
3604 1735 3766 1790 istam

2179 1827 2399 1895 gloriam
2441 1826 2741 1896 famamque
2772 1828 3078 1897 pepularetn
3112 1845 3214 1881 non
3254 1828 3305 1880 in
3336 1843 3429 1882 ore
3460 1828 3602 1897 vulgi
3640 1843 3769 1882 esse

2181 1918 2480 1981 laetabilem,
2525 1919 2617 1972 sed
2666 1919 2718 1972 in
2761 1919 2918 1974 rebus
2960 1920 3088 1989 ipsis
3127 1936 3141 1971 :
3187 1935 3304 1988 qua:
3352 1918 3554 1973 etiamsi
3604 1916 3771 1986 vulgo

2180 2003 2512 2076 displiceant,
2546 2009 2756 2076 proprio
2796 2016 2973 2062 tamen
3022 2009 3223 2078 fulgore
3267 2023 3328 2062 ac
3371 2008 3630 2076 pondere,
3659 2023 3769 2060 non

2183 2099 2547 2169 imperitorum
2588 2100 3048 2154 commendatione
3097 2101 3340 2168 pretiosae
3380 2109 3539 2163 sunt;
3569 2099 3772 2167 magis-

2182 2206 2283 2259 que
2313 2189 2643 2244 miserandus
2669 2198 2752 2244 est
2779 2191 2867 2259 qui
2897 2190 3019 2244 talia
3047 2190 3338 2258 improbat,
3370 2203 3526 2257 quam
3557 2187 3650 2241 ille
3676 2187 3772 2256 qui

2181 2280 2249 2335 de
2294 2281 2482 2334 talibus
2523 2279 2850 2349 improbatur
2882 2280 3198 2350 judicandus
3239 2280 3422 2332 miser.
3462 2277 3592 2332 Cum
3638 2292 3778 2332 vero

2183 2375 2413 2443 placent,
2446 2384 2494 2426 et
2527 2374 2624 2426 sibi
2653 2373 2828 2428 debita
2860 2372 3016 2426 laude
3043 2371 3369 2442 populariter
3397 2385 3606 2439 quoque
3632 2384 3778 2437 pra:-

2183 2463 2443 2529 dicantur,
2473 2479 2569 2516 nec
2611 2463 2686 2516 sic
2724 2463 2936 2532 quidem
2980 2463 3107 2530 ipsae
3148 2461 3374 2530 majores
3415 2459 3781 2528 melioresque

2184 2553 2317 2608 fiunt
2345 2555 2518 2608 alieno
2543 2553 2780 2622 judicio;
2812 2553 3058 2622 quoniam
3101 2553 3429 2620 integrantur
3461 2550 3649 2603 intima
3680 2564 3779 2603 ve-

2183 2648 2357 2709 ritate,
2389 2657 2438 2700 et
2465 2647 2629 2700 solius
2659 2645 3000 2700 conscientia:
3040 2644 3231 2697 robore
3273 2643 3586 2696 solidantur.
3617 2639 3782 2696 Unde

2184 2738 2692 2809 tnagishomiuibus
2731 2747 2874 2790 recte
2912 2734 3365 2797 existimantibus,
3411 2749 3568 2802 quam
3610 2732 3661 2785 ei
3704 2732 3783 2786 de

2183 2849 2290 2901 quo
2329 2833 2514 2899 vulgus
2553 2832 2687 2884 bene
2729 2829 3030 2893 existimat,
3063 2827 3257 2898 aliquid
3293 2841 3361 2880 ex
3401 2839 3467 2879 eo
3505 2822 3782 2878 felicitatis

2184 2923 2393 2978 accidit.

2256 3017 2310 3069 5.
2341 3014 2469 3080 Qua:
2497 3028 2615 3067 cum
2647 3013 2845 3081 optime
2872 3011 3109 3076 noveris,
3134 3009 3216 3062 vir
3241 3008 3412 3074 boue,
3443 3007 3684 3071 intuere,
3720 3012 3781 3059 ut

2185 3107 2411 3177 cmpisti,
2443 3107 2724 3160 fortissima
2753 3105 2926 3159 cordis
2956 3105 3068 3157 acie
3098 3102 3376 3156 Dominum
3409 3109 3651 3154 nostrum
3683 3099 3782 3153 Je-

2185 3215 2300 3253 sum
2328 3199 2591 3253 Christum
2614 3239 2626 3261 ,
2655 3204 2708 3250 ct
2731 3196 2798 3249 ab
2827 3195 2972 3248 omni
3015 3194 3155 3247 inani
3197 3192 3330 3245 fastu
3373 3190 3591 3245 omnino
3621 3189 3783 3243 detu-

2186 3305 2448 3355 mescens,
2471 3304 2686 3359 assurge
2708 3289 2757 3341 iu
2783 3287 2926 3341 illum
2954 3287 3041 3356 qui
3069 3300 3172 3339 non
3194 3293 3412 3338 ventose
3432 3283 3626 3336 allevat
3645 3296 3782 3335 con-

2185 3394 2369 3433 versos
2393 3378 2460 3432 ad
2485 3395 2565 3445 se,
2593 3379 2684 3432 sed
2711 3377 2869 3433 certis
2900 3376 3019 3430 fidei
3043 3375 3281 3444 passibus
3305 3373 3592 3427 innitentes
3613 3381 3784 3440 atque

2185 3471 2536 3525 ascendentes
2581 3469 2805 3524 collocat
2846 3469 2896 3521 in
2942 3467 3267 3536 sempiterno
3296 3463 3503 3534 fastigio
3538 3463 3786 3518 caelestis

2186 3571 2346 3629 atque
2368 3561 2618 3629 angelicae
2644 3559 2930 3628 dignitatis.
2972 3558 3074 3612 Per
3094 3572 3250 3626 quem
3279 3566 3329 3610 te
3355 3557 3583 3611 obsecro
3607 3564 3666 3609 ut
3694 3570 3782 3609 re-

2186 3652 2388 3707 scribas
2409 3651 2556 3714 mihi,
2584 3659 2806 3720 tuosque
2827 3665 3013 3704 omnes
3031 3665 3164 3719 quos
3186 3652 3239 3702 in
3261 3647 3513 3702 Siniteusi
3539 3647 3621 3702 vel
3649 3646 3786 3716 Hip-

2186 3744 2408 3816 ponensi
2442 3744 2604 3798 habes
2623 3786 2638 3810 ,
2668 3743 2733 3797 ad
2758 3742 3032 3797 catholicae
3063 3741 3313 3795 Ecclesia:
3341 3741 3784 3794 communionem

2187 3835 2410 3889 comiter
2439 3844 2493 3889 et
2518 3835 2744 3903 benigne
2765 3833 3082 3888 adhorteris.
3118 3832 3172 3885 In
3199 3831 3350 3900 cujus
3378 3830 3584 3900 gremio
3607 3829 3783 3883 etiam

2188 3939 2389 3998 patrem
2422 3936 2568 3982 tuum
2597 3927 2909 3982 laudabilem
2934 3935 2985 3980 et
3007 3924 3274 3994 egregium
3298 3924 3466 3977 virum
3488 3921 3586 3975 abs
3614 3930 3664 3975 te
3684 3936 3786 3990 ge-

2187 4023 2352 4075 nitum
2380 4035 2497 4075 esse
2524 4018 2741 4088 cogn'ovi
2764 4035 2779 4082 ;
2801 4033 2956 4086 quem
2981 4024 3037 4069 ut
3056 4015 3234 4070 debito
3255 4014 3458 4068 meritis
3485 4013 3602 4081 ejus
3631 4027 3658 4063 a
3691 4028 3786 4067 me

2188 4113 2364 4167 officio
2389 4113 2585 4166 salutes
2616 4120 2757 4180 peto,
2787 4119 2841 4164 et
2868 4124 2962 4163 nos
2990 4109 3164 4163 visere
3191 4122 3292 4160 non
3324 4121 3499 4176 gravet
3515 4105 3578 4158 is.
3619 4103 3784 4170 Quod

2188 4205 2344 4258 etiam
2379 4213 2591 4272 propter
2620 4217 2731 4255 rem
2762 4209 2937 4265 tuam,
2964 4214 3119 4268 quam
3154 4197 3236 4250 hic
3265 4196 3429 4250 habes
3448 4237 3460 4259 ,
3495 4194 3783 4249 meliorem

2189 4295 2326 4363 apud
2358 4295 2520 4347 Deum
2553 4290 2844 4345 faciendam
2867 4332 2880 4354 ,
2909 4306 3011 4342 non
3044 4289 3374 4358 impudenter
3401 4301 3651 4356 exposco.
3679 4286 3786 4342 Dei

2189 4383 2551 4439 misericordia
2579 4395 2629 4439 te
2655 4382 3134 4452 circumplectatur,
3158 4379 3298 4434 etab
3325 4378 3470 4433 omni
3496 4376 3782 4447 iniquitate

2187 4486 2487 4532 conservet.

2629 4566 2959 4620 EPISTULA
2999 4563 3159 4619 cxut
3184 4568 3201 4587 θ
3242 4561 3338 4632 (τι).

2188 4657 2510 4714 Cresconiunt
2538 4665 2681 4728 rogat
2709 4657 3019 4728 Augustinus
3046 4665 3097 4707 ut
3121 4670 3229 4708 suis
3252 4670 3341 4724 pro
3369 4651 3418 4704 F
3420 4651 3616 4705 arentia
3638 4651 3778 4719 peti-

2733 4749 2882 4801 tionis
2911 4749 3115 4816 adjutor
3139 4746 3220 4798 sit.

2191 4842 2412 4895 Domino
2441 4839 2815 4905 dilectissimo,
2862 4841 3155 4907 meritoque
3186 4834 3477 4890 honorabili
3509 4842 3564 4890 et
3598 4834 3779 4888 susci-

2262 4933 2455 5001 piendo
2480 4932 2627 4988 fratri
2658 4932 2952 4986 Cnsscouto
2971 4929 3069 5002 (ὁ),
3094 4932 3443 4995 Aucusrtsus,
3469 4929 3522 4981 iu
3544 4928 3784 4982 Domino

2258 5025 2502 5078 salutem.

2261 5118 2316 5173 Si
2338 5117 2404 5171 ab
2428 5119 2524 5171 ista
2546 5131 2700 5171 causa
2728 5115 3147 5180 dissimulavero,
3177 5115 3242 5170 de
3268 5130 3370 5185 qua
3399 5123 3500 5169 tua:
3527 5114 3781 5184 religioni

2251 5254 2270 5272 ·
2288 5252 2452 5314 Epistt.
2465 5259 2605 5310 exui,
2621 5257 2761 5311 CXIV,
2781 5257 2884 5301 cxv
2903 5259 2953 5299 et.
2975 5257 3098 5297 cxvt
3120 5251 3171 5314 in
3184 5227 3292 5314 Mss.
3319 5263 3414 5314 non
3438 5250 3781 5314 reperiuntur,

2191 5313 2279 5364 nisi
2300 5313 2348 5363 in
2371 5313 2559 5361 duobus
2584 5322 2602 5356 \
2617 5316 2816 5364 aticanis
2828 5321 2879 5363 et
2897 5316 2943 5362 in
2963 5326 3060 5359 uno
3077 5313 3410 5373 antiquissimo
3431 5313 3737 5360 Corbeiensi.

2250 5377 2322 5439 (a)
2343 5376 2463 5424 Alias
2479 5374 2568 5424 229
2589 5389 2600 5422 :
2621 5390 2730 5438 qua:
2744 5384 2908 5426 autem
2928 5377 2944 5422 1
2960 5375 3025 5439 15-
3034 5382 3156 5439 erat,
3177 5386 3303 5421 nunc
3324 5374 3412 5439 15._
3424 5375 3613 5439 ﬁeriij
3649 5374 3784 5422 circa

2188 5435 2279 5488 hoc
2298 5435 2516 5498 tempus,
2535 5435 2691 5486 sive—tt
2725 5452 2752 5485 r.
2773 5446 2884 5487 ante
2903 5451 2981 5486 an.
3002 5435 3109 5498 409,
3131 5449 3222 5484 nec
3240 5443 3344 5495 [est
3363 5435 3469 5482 415.

2251 5499 2320 5561 (θ)
2339 5495 2642 5546 (resconium
2657 5533 2669 5556 ,
2694 5501 2768 5546 cui
2789 5499 2945 5548 semel
2969 5504 3018 5546 et
3039 5497 3215 5545 iterum
3239 5499 3300 5561 de
3322 5509 3465 5544 causa
3481 5495 3696 5561 Faventii
3723 5508 3784 5543 se

2188 5555 2438 5622 scripsisse
2457 5555 2663 5609 testatur
2696 5561 2774 5614 hic
2810 5563 3115 5622 Augustinus,
3151 5559 3446 5618 suspicamur
3485 5571 3598 5622 esse
3640 5555 3785 5622 illum

2188 5619 2341 5685 ipsum
2361 5623 2602 5671 tribunum
2620 5619 2932 5673 custodiendo
2950 5620 3096 5672 littori
3123 5624 3416 5685 praefectum,
3451 5619 3515 5685 ad
3551 5632 3707 5681 quem
3738 5619 3787 5685 is

2188 5681 2807 5809 Eppst'intitpvmiserataudito
2843 5693 2982 5750 raptu
3017 5681 3246 5745 Faventii,
3286 5687 3338 5729 ut
3370 5683 3483 5731 dicit
3519 5688 3692 5744 postea
3734 5681 3781 5728 in

2321 5781 2332 5794 .
2412 5765 2458 5797 ι).

2321 5781 2332 5794 ι
2355 5765 2458 5797 lli).
