4122 6350
360 371 460 430 429

355 498 478 541 ecce
522 482 719 539 iterum
765 479 972 544 scribo;
1004 492 1110 534 non
1150 478 1321 533 solum
1361 476 1652 533 Eximietas
1695 487 1814 558 tqa,
1846 477 1940 532 sed

355 575 512 630 etiam
540 574 676 644 ipse,
708 571 945 642 quisquis
974 570 1062 625 ille
1083 578 1184 636 est,
1217 570 1268 624 in
1289 569 1442 639 cujus
1467 584 1627 625 causa
1658 570 1941 624 Faventius

355 665 432 723 sic
459 677 646 735 raptus
671 674 773 729 est,
797 663 988 718 merito
1010 677 1097 717 me
1124 661 1379 731 culpabit,
1405 670 1460 716 et
1486 671 1630 716 recte
1653 661 1944 729 reprehen-

352 755 480 814 det:
525 754 773 823 judicans
799 753 1004 822 utique,
1040 752 1084 806 si
1111 752 1271 806 etiam
1304 751 1416 820 ipse
1444 750 1511 805 ad
1545 749 1802 804 auxilium
1836 748 1942 803 Ec-

356 847 540 904 clesiae
561 843 926 913 confugisset,
965 843 1007 897 si
1035 842 1085 898 ei
1115 842 1287 896 simile
1316 841 1512 911 aliquid
1539 841 1850 907 accidisset,
1872 840 1941 893 ita

358 953 441 993 me
469 937 634 992 fuisse
661 936 731 991 ab
755 936 872 1006 ejus
900 935 1217 989 necessitate
1245 942 1300 988 et
1327 933 1666 988 tribulatione
1687 931 1941 987 dissimu-

353 1031 604 1086 laturum.
630 1027 848 1093 Deinde,
864 1027 906 1082 si
931 1027 1206 1082 hominum
1223 1026 1541 1082 existimatio
1554 1024 1942 1081 contemnenda

353 1131 451 1187 est,
482 1123 581 1192 ipsi
607 1121 831 1176 Domino
861 1121 968 1174 Deo
997 1129 1178 1174 nostro
1209 1116 1336 1189 quid
1361 1118 1554 1182 dicam,
1581 1125 1635 1173 et
1662 1132 1818 1187 quam
1856 1131 1943 1171 ra-

353 1215 548 1269 tionem
588 1213 807 1268 reddam
829 1254 844 1279 ,
869 1213 912 1267 si
951 1219 1205 1283 quantum
1252 1199 1468 1279 posSum
1507 1225 1614 1264 non
1651 1224 1811 1279 egero
1836 1223 1942 1279 .pro

351 1306 467 1375 ejus
494 1305 685 1370 salute,
715 1304 805 1374 qui
833 1319 890 1358 se
920 1303 1196 1367 Ecclesiae,
1225 1303 1310 1357 cui
1339 1302 1515 1357 servio
1535 1344 1550 1368 ,
1572 1301 1823 1357 tuendum
1850 1299 1942 1354 ad-

349 1396 745 1466 juvandumque
772 1395 1058 1461 commisit,
1091 1393 1309 1448 domine
1332 1393 1676 1448 dilectissime
1701 1399 1756 1447 et
1781 1407 1943 1447 vene-

353 1486 534 1539 rabilis
562 1484 676 1538 ﬁli?
703 1485 851 1555 Rogo
880 1484 1060 1553 itaque
1087 1483 1470 1554 Benignitatem
1501 1492 1663 1548 tuam,
1692 1481 1940 1553 quoniam

352 1575 566 1630 diﬁicite
593 1584 648 1630 et
676 1573 986 1628 incredibile
1024 1582 1127 1637 est,
1158 1582 1217 1627 ut
1243 1587 1348 1626 non
1373 1575 1482 1642 jam
1509 1573 1591 1627 vel
1622 1571 1833 1626 noveris
1857 1572 1942 1627 vel

353 1681 510 1721 nosse
549 1666 720 1735 possis
750 1665 803 1719 in
839 1679 942 1734 qua
972 1679 1133 1719 causa
1173 1663 1420 1718 detentus
1459 1663 1560 1725 sit,
1592 1663 1692 1717 hoc
1729 1662 1940 1716 interim

350 1757 487 1825 apud
527 1755 886 1826 apparitorem
929 1755 1018 1824 qui
1062 1769 1182 1808 eum
1215 1761 1392 1819 tenet,
1430 1753 1738 1823 petitionem
1769 1767 1940 1807 meam

351 1847 602 1916 adjuvare
622 1846 876 1916 digneris,
897 1855 954 1900 ut
975 1844 1133 1901 faciat
1151 1845 1289 1915 quod
1309 1845 1645 1914 Imperatoris
1667 1845 1941 1915 lege'prm-

349 1940 542 2009 cipitur
563 1939 641 2010 (α)
668 1956 681 1992 :
710 1949 768 1993 ut
793 1953 916 1994 eum
946 1937 1084 2008 apud
1112 1939 1241 1992 Acta
1265 1937 1598 2007 municipalia
1629 1936 1942 2010 interrogari

352 1952 542 2009 ctpttur
563 1952 641 2010 ta)
668 1956 681 1992 :
710 1952 768 1993 ut
793 1953 916 1994 eum
946 1952 1084 2008 apuu
1112 1952 1241 1992 aeta
1265 1952 1598 2007 mumctpana
1629 1952 1826 1991 mterro
1899 1953 1942 1991 ιιι

352 2033 537 2098 faciat,
564 2041 738 2086 utrum
777 2032 876 2086 sibi
913 2031 1040 2086 velit
1077 2030 1191 2084 dies
1221 2029 1430 2100 triginta
1470 2029 1720 2094 concedi,
1752 1952 1942 2097 quigéus

351 2133 468 2192 agat
488 2123 590 2176 sub
613 2123 882 2177 moderata
903 2121 1143 2176 custodia
1166 2122 1216 2175 in
1239 2136 1300 2176 ea
1320 2120 1534 2176 civitate
1558 2121 1607 2174 in
1635 2135 1735 2189 qua
1757 2119 1944 2174 deten-

352 2223 436 2270 tus
458 2223 575 2281 est,
609 2222 666 2269 ut
697 2229 791 2268 sua
817 2213 1052 2278 ordinet,
1086 2219 1432 2282 sumptusque
1461 2211 1754 2281 provideat.
1795 2210 1940 2277 Quo.

352 2321 466 2359 rum
491 2305 700 2359 dierum
726 2306 923 2373 spatio,
957 2313 1043 2358 tua
1077 2304 1232 2359 nobis
1260 2312 1527 2358 annuente
1554 2302 1939 2370 benevolentia,

354 2397 402 2452 si
427 2398 544 2466 ejus
572 2413 787 2452 causam
819 2399 987 2451 amica
1014 2397 1394 2466 disceptatione
1422 2397 1571 2450 linire
1593 2396 1938 2466 potuerimus,

352 2488 736 2556 gratulabimur
760 2507 773 2542 :
797 2489 840 2542 si
870 2497 1047 2542 autem
1071 2505 1175 2543 non
1199 2478 1548 2557 potuerimus,
1567 2488 1801 2542 inveniet
1820 2503 1943 2542 eum

353 2580 526 2633 exitus
551 2579 869 2648 iudiciorum
896 2580 987 2649 qui
1018 2579 1271 2648 placuerit
1300 2580 1424 2644 Deo,
1455 2579 1746 2634 secundum
1767 2595 1943 2634 causa:

357 2669 518 2739 ipsius
559 2673 810 2726 meritum
849 2672 930 2727 vel
966 2672 1175 2726 Domini
1209 2672 1711 2742 omnipotentissimi
1752 2673 1942 2728 volun-

361 2767 539 2816 tatem.

819 2895 1150 2950 EPISTOLA
1189 2895 1480 2966 cxrvw).

450 3067 457 3072 .
499 3023 580 3078 Ad
609 3023 963 3080 Florentino»:
991 3043 1143 3097 super
1169 3026 1344 3080 eadem
1371 3043 1523 3081 causa
1549 3026 1802 3082 Faventit'.

363 3156 586 3213 Domino
629 3157 976 3214 dilectissimo
1021 3159 1130 3213 ﬁlio
1166 3161 1502 3214 Faonsmmo
1525 3199 1539 3226 ,
1571 3159 1942 3226 Aucusrmus,

854 3251 905 3304 in
938 3251 1162 3304 Domino
1191 3250 1436 3304 salutem.

427 3387 590 3456 Cujus
614 3386 892 3458 potestatis
913 3385 1154 3454 jussione
1180 3384 1493 3438 Favenlium
1528 3383 1769 3453 rapueris
1789 3425 1804 3450 ,
1835 3383 1947 3453 ipse

360 3476 589 3532 videris:
617 3477 718 3531 hoc
740 3485 915 3530 autem
942 3476 1074 3541 scio,
1102 3475 1241 3545 quod
1271 3477 1444 3530 omnis
1473 3483 1706 3545 potestas
1730 3477 1829 3530 sub
1851 3476 1948 3529 im-

360 3568 508 3639 perio
535 3568 842 3633 constituta,
865 3565 1202 3636 imperatoris
1223 3566 1304 3619 sui
1326 3565 1529 3635 legibus
1549 3565 1729 3619 servit.
1754 3559 1950 3630 Quam-

359 3661 439 3714 vis
457 3659 708 3730 ergojam
726 3674 820 3729 per
837 3658 1052 3712 fratrem
1071 3667 1123 3712 et
1135 3657 1621 3728 compresbyterum
1639 3671 1815 3710 meum
1827 3655 1950 3711 Coe-

358 3748 608 3803 lestinum
637 3748 871 3802 miserim
901 3749 1105 3817 legem,
1142 3762 1298 3816 quam
1342 3746 1556 3816 quidem
1586 3754 1641 3801 et
1665 3756 1946 3816 antequam

358 3839 630 3894 mitterem
648 3881 662 3905 ,
693 3840 938 3909 ignorare
969 3840 1146 3908 utique
1174 3853 1278 3891 non
1308 3838 1533 3892 deberes
1553 3879 1568 3904 ,
1598 3853 1699 3907 qua
1725 3852 1949 3892 conces-

358 3947 474 3986 sum
508 3940 595 3987 est
630 3933 710 3986 eis
737 3931 826 4002 qui
859 3930 1237 4000 praecipiuntur
1263 3930 1330 3983 ab
1355 3930 1530 3998 aliqua
1571 3937 1834 3999 potestate
1857 3929 1949 3998 ju-

357 4023 511 4078 diciis
537 4024 800 4088 exhiberi,
835 4031 891 4076 ut
923 4022 989 4076 ad
1018 4021 1177 4077 Gesta
1206 4019 1541 4090 municipalia
1571 4020 1946 4090 perducantur,

357 4123 518 4183 atque
543 4113 654 4168 illic
692 4113 1086 4183 interrogentur
1110 4118 1288 4166 utrum
1323 4111 1488 4165 velint
1516 4111 1726 4180 triginta
1750 4110 1866 4165 dies
1896 4111 1949 4165 in

358 4220 419 4260 ea
441 4205 658 4260 civitate
678 4207 768 4261 ubi
791 4213 1055 4270 tenentur,
1077 4219 1237 4274 agere
1263 4204 1361 4257 sub
1388 4203 1659 4257 moderata
1687 4203 1946 4271 custodia,

359 4296 426 4350 ad
455 4296 718 4366 parandos
743 4297 842 4351 sibi
865 4296 1088 4361 fructus,
1113 4296 1194 4349 vel
1227 4310 1338 4349 rem
1370 4309 1541 4359 suam,
1570 4295 1704 4346 sicut
1731 4308 1950 4349 necesse

360 4386 554 4451 fuerit,
583 4386 962 4451 ordinandam;
1000 4401 1118 4456 qua:
1148 4387 1231 4440 lex
1253 4426 1265 4448 ,
1295 4385 1432 4440 sicut
1459 4383 1586 4437 mihi
1626 4393 1950 4438 memoratus

360 4479 642 4550 presbyter
671 4477 1024 4546 renuntiavit,
1058 4484 1162 4529 tua:
1191 4475 1431 4545 religioni
1473 4473 1689 4528 recitata
1719 4483 1801 4528 est
1828 4491 1840 4526 :
1874 4482 1951 4527 ta-

360 4585 483 4624 men
511 4571 671 4624 etiam
703 4584 843 4622 nunc
868 4582 985 4621 eam
1011 4581 1130 4622 cum
1155 4565 1239 4619 his
1264 4564 1453 4618 litteris
1482 4563 1766 4619 identidem
1797 4564 1947 4630 misi;

361 4679 468 4718 non
498 4672 705 4718 terrens
725 4700 742 4727 ,
773 4659 869 4714 sed
899 4673 1090 4728 rogans
1109 4698 1124 4724 ,
1147 4665 1200 4712 et
1237 4671 1332 4726 pro
1361 4655 1576 4709 homine
1606 4656 1833 4709 humane
1854 4696 1867 4719 ,
1898 4665 1952 4710 et

362 4753 650 4824 episcopali
688 4749 1084 4814 misericordia,
1110 4754 1368 4817 quantutn
1408 4746 1520 4815 ipsa
1565 4745 1823 4815 permittit
1850 4745 1950 4798 hu-

361 4846 591 4898 manitas
627 4851 684 4897 et
720 4842 909 4910 pietas,
943 4838 1301 4901 intercedens,
1329 4837 1542 4891 domine
1568 4836 1660 4902 ﬁli,
1686 4845 1743 4889 ut
1768 4845 1821 4890 et
1849 4836 1950 4890 hoc

362 4933 743 4988 existimationi
771 4939 873 4984 tuae
903 4938 956 4984 et
983 4929 1224 4999 petitioni
1255 4943 1388 4983 meae
1419 4936 1669 4996 praestare
1694 4926 1946 4996 digneris,

354 5034 411 5079 ct
443 5023 587 5095 quod
614 5023 699 5078 lex
731 5020 1072 5090 Imperatoris
1101 5019 1269 5089 jubet,
1297 5017 1448 5088 cujus
1473 5017 1778 5087 reipublicae
1807 5017 1948 5071 mili-

359 5127 464 5181 tas,
491 5131 615 5171 meo
642 5129 853 5185 quoque
875 5114 1172 5168 interventu
1194 5118 1249 5166 et
1267 5109 1636 5181 deprecatione
1660 5109 1951 5166 accedente

359 5209 537 5266 facere
565 5225 670 5264 non
693 5207 949 5278 graveris.

420 5378 501 5442 (a)
523 5386 688 5430 Exstat
702 5393 850 5442 super
871 5378 962 5429 hac
976 5391 1036 5429 re
1057 5379 1140 5442 lex
1159 5390 1189 5427 a
1204 5377 1472 5442 Theodosio
1490 5377 1600 5442 data
1616 5378 1693 5442 A30
1723 5377 1948 5430 decemb.

359 5439 571 5503 811.580.
593 5439 777 5503 Verum
794 5442 1087 5503 Augustinus
1111 5440 1187 5489 hic
1216 5440 1372 5503 verba
1403 5439 1507 5503 fere
1539 5439 1777 5503 ipsissima
1796 5443 1952 5503 refert

359 5502 568 5573 alterius
591 5501 736 5565 legis,
756 5499 898 5611 quam
917 5502 1027 5574 tulit
1053 5501 1287 5550 Honorius
1306 5512 1385 5549 an.
1419 5499 1530 5558 409,
1553 5499 1634 5550 die
1653 5499 1710 5550 21
1743 5502 1951 5563 januarii

360 5576 414 5611 ω
433 5565 546 5611 Cod.
567 5564 748 5611 Theod.
790 5567 855 5611 tl).
873 5565 922 5611 9.
944 5570 1019 5611 ttt.
1039 5563 1086 5611 2.

360 5564 414 5613 in
433 5565 546 5614 Cod.
567 5563 748 5613 Théod.
769 5563 855 5611 lib.
873 5565 922 5622 9,
944 5565 1019 5613 tit.
1039 5563 1086 5612 2.

425 5625 501 5688 (ιν)
518 5624 643 5674 Alias
657 5624 748 5674 2'28
769 5639 779 5673 :
806 5638 916 5688 quae
933 5634 1098 5675 autem
1111 5623 1199 5674 114
1222 5630 1346 5685 erat,
1366 5635 1493 5673 nunc
1510 5623 1558 5673 5.
1583 5624 1760 5687 Scripta
1775 5624 1949 5674 eodem

361 5687 607 5752 tempore,
629 5695 737 5752 post
755 5687 1074 5748 superiorem.
1623 5719 1628 5724 .

1549 365 2028 422 EPISTOLARUM
2064 364 2341 422 CLASSIS
2377 364 2438 420 II.

3529 368 3634 428 830

2513 477 2696 533 EPIS‘I’
2705 476 2846 535 OLA
2885 477 3022 533 CXV
3054 477 3154 551 (a).

2119 567 2199 620 Ad
2223 566 2564 623 Fortunatae:
2581 567 2859 624 Cirtemem
2878 570 3189 642 episcopum,
3214 570 3278 626 de
3295 571 3468 627 eadem
3483 588 3560 629 re.

2049 659 2276 714 Domino
2304 659 2612 716 beatissimo
2646 669 2700 716 et
2726 662 3102 722 venerabiliter
3139 663 3454 720 charissimo
3480 664 3631 722 fratri

2117 756 2172 804 et
2194 749 2559 806 consacerdoti
2598 749 2939 819 Fon'ruru'ro,
2967 761 3022 807 et
3043 752 3134 822 qui
3163 761 3338 808 tecum
3376 764 3502 809 sunt
3526 755 3633 810 fra-

2121 840 2310 907 tribus,
2335 841 2772 909 Aucusrnvusﬂn
2802 843 3030 899 Domino
3055 844 3299 900 salutem.

2118 930 2429 986 Faventium
2465 932 2602 988 bene
2637 933 2787 989 novit
2822 933 3084 990 Sanctitas
3117 944 3239 1001 tua,
3267 937 3357 1006 qui
3389 936 3631 992 Paratia-

2047 1023 2227 1078 nensis
2267 1023 2434 1078 saltus
2475 1023 2768 1082 conductor
2807 1024 2927 1080 fuit.
2973 1025 3056 1091 Is,
3105 1039 3224 1080 eum
3267 1027 3335 1082 ab
3389 1028 3632 1096 ejusdem

2049 1115 2397 1184 possessionis
2439 1115 2655 1172 domino
2701 1117 2884 1174 nescio
2917 1118 3043 1187 quid
3079 1118 3180 1174 sibi
3220 1125 3518 1187 metueret,
3566 1123 3632 1174 ad

2049 1206 2443 1277 iiipponensem
2468 1207 2702 1277 confugit
2729 1207 3040 1274 ecclesiam;
3072 1216 3126 1262 et
3155 1208 3226 1263 ibi
3254 1217 3388 1274 erat,
3417 1218 3477 1263 ut
3502 1223 3636 1264 con-

2047 1297 2306 1368 fugientes
2330 1297 2524 1363 solent,
2545 1308 2861 1368 exspectans
2877 1299 3145 1368 quomodo
3168 1314 3262 1368 per
3285 1301 3634 1356 intercessio-

2047 1401 2168 1442 nem
2192 1396 2426 1458 nostram
2449 1402 2544 1444 sua
2574 1387 2784 1458 negotia
2803 1389 3128 1446 terminaret.
3156 1389 3276 1455 Qui,
3306 1397 3363 1443 ut
3389 1403 3532 1459 sape
3549 1390 3628 1454 ﬁt,

2051 1493 2143 1545 per
2157 1477 2272 1532 dies
2287 1478 2522 1548 singulos
2534 1479 2710 1533 minus
2724 1478 3004 1548 minusque
3015 1479 3288 1544 sollicitus,
3301 1488 3357 1535 et
3370 1481 3519 1549 quasi
3539 1481 3634 1534 ad-

2047 1567 2283 1621 versario
2302 1576 2546 1622 cessante
2571 1582 2809 1634 securus,
2834 1583 2954 1623 cum
2980 1569 3046 1622 ab
3071 1568 3242 1623 amico
3266 1584 3364 1624 suo
3387 1570 3454 1625 de
3477 1585 3631 1626 cmna
3680 1628 3686 1634 _

2046 1657 2409 1728 egrederetur,
2438 1659 2615 1715 subito
2643 1670 2825 1729 raptus
2854 1668 2936 1715 est
2977 1676 3006 1714 a
3044 1660 3351 1720 Florentino
3379 1662 3626 1731 quodam,

2047 1756 2104 1802 ut
2133 1749 2348 1816 dicunt,
2376 1747 2596 1825 Comitis
2632 1751 2872 1817 Ofﬁciali,
2906 1767 3001 1820 per
3041 1761 3365 1807 armatorum
3394 1767 3627 1821 manum,

2046 1851 2242 1911 quanta
2268 1842 2344 1897 eis
2360 1842 2424 1896 ad
2451 1841 2552 1898 hoc
2576 1842 2769 1898 factum
2797 1843 3040 1898 sufﬁcere
3063 1845 3178 1899 visa
3202 1853 3306 1905 est.
3338 1843 3490 1911 Quod
3509 1860 3630 1899 cum

1995 1995 2000 2000 ,
2046 1932 2177 1987 mihi
2195 1933 2511 2000 nuntiatum,
2532 1942 2583 1988 et
2607 1934 2780 1988 adhuc
2797 1950 2826 1988 a
2845 1950 2949 2005 quo
2967 1935 3090 1990 vela
3119 1935 3310 2005 quibus
3335 1945 3518 2006 raptus
3532 1937 3636 1991 fue-

2046 2025 2117 2080 rit
2161 2024 2521 2094 ignoraretur,
2548 2027 2779 2095 suspicio
2827 2035 3002 2080 tamen
3030 2036 3173 2082 esset
3208 2027 3275 2084 de
3315 2027 3409 2086 illo
3431 2071 3446 2094 ,
3473 2045 3632 2099 quem

2047 2126 2290 2172 metuens
2313 2132 2372 2174 se
2401 2134 2496 2188 per
2522 2119 2801 2173 ecclesiam
2829 2119 3104 2184 tuebatur;
3132 2121 3388 2178 continuo
3418 2121 3538 2176 misi
3569 2121 3634 2175 ad

2049 2207 2336 2276 tribunum,
2361 2209 2450 2278 qui
2473 2209 2818 2264 custodiendo
2842 2210 3004 2264 littori
3027 2211 3345 2267 constitutus
3369 2220 3469 2268 est.
3497 2213 3638 2266 Misit

2047 2297 2338 2352 militares:
2372 2314 2530 2353 nemo
2557 2300 2724 2369 potuit
2761 2300 3004 2368 reperiri.
3057 2300 3163 2354 Sed
3193 2318 3348 2357 ntane
3382 2303 3637 2373 cognovi-

2048 2402 2165 2440 mus
2193 2396 2248 2442 et
2275 2388 2326 2442 in
2357 2404 2458 2458 qua
2489 2389 2648 2444 domo
2678 2389 2855 2456 fuerit,
2878 2399 2932 2445 et
2957 2391 3100 2460 quod
3125 2402 3247 2462 post
3271 2393 3397 2463 galli
3422 2403 3639 2450 cantum

2047 2491 2168 2532 cum
2199 2479 2288 2532 illo
2324 2479 2681 2546 abscesserit,
2709 2481 2800 2550 qui
2841 2497 2962 2535 eum
2997 2491 3256 2537 tenuerat.
3300 2483 3469 2538 Etiam
3516 2486 3640 2542 illuc

2049 2568 2166 2621 misi
2193 2585 2297 2635 quo
2319 2569 2596 2624 dicebatur
2618 2570 2877 2625 abductus
2902 2590 2916 2625 :
2941 2572 3028 2626 ubi
3055 2574 3640 2631 memoralusOfﬁciaiis

2049 2659 2314 2724 inventus,
2341 2661 2637 2716 concedere
2660 2661 2974 2733 presbytero
2995 2679 3150 2734 quem
3176 2663 3443 2730 miseram,
3469 2667 3642 2722 noluit

2051 2759 2110 2804 ut
2134 2753 2255 2803 eum
2285 2750 2470 2805 saltem
2499 2751 2720 2806 videret.
2762 2752 2883 2807 Alio
2909 2752 2996 2808 die
3024 2754 3143 2807 misi
3188 2753 3424 2822 litteras,
3459 2765 3644 2824 petens

2049 2849 2107 2894 ut
2136 2841 2184 2894 ei
2215 2840 2602 2895 concederetur
2626 2841 2766 2911 quod
2786 2843 2947 2912 jussit
2974 2843 3024 2896 in
3053 2845 3226 2902 causis
3255 2844 3447 2898 talibus
3473 2845 3645 2915 Impe-

2051 2938 2230 2996 rator,
2261 2930 2310 2984 id
2352 2940 2434 2985 est
2461 2941 2518 2984 ut
2547 2931 2694 2986 Actis
2742 2932 3149 3001 municipalibus
3191 2934 3647 3004 interrogarentur

2051 3021 2142 3091 qui
2174 3023 2424 3091 praecepti
2453 3022 2646 3076 fuerint
2673 3023 2978 3086 exhibendi,
3005 3034 3178 3078 utrum
3207 3025 3372 3080 velint
3399 3027 3452 3080 in
3482 3042 3544 3082 ea
3563 3026 3646 3086 ci-

2052 3112 2215 3166 vitate
2258 3112 2356 3166 sub
2385 3112 2623 3166 custodia
2659 3113 2930 3167 moderata
2963 3113 3172 3184 triginta
3217 3115 3333 3170 dies
3375 3131 3564 3186 agere,
3589 3124 3648 3173 ut

2051 3218 2164 3257 rem
2195 3218 2344 3256 suam
2372 3203 2618 3257 ordinent
2637 3205 2720 3258 vel
2753 3215 3050 3274 praeparent
3078 3217 3320 3276 sumptus
3343 3225 3356 3260 :
3385 3207 3438 3262 id
3465 3207 3647 3278 utique

2051 3293 2362 3348 existimans
2383 3293 2521 3364 quod
2547 3309 2638 3362 per
2659 3294 2773 3349 dies
2798 3295 2942 3364 ipsos
2964 3311 3240 3364 possemus
3269 3295 3496 3353 fortasse
3519 3312 3650 3352 cau-

2054 3399 2166 3439 sam
2193 3385 2306 3454 ejus
2345 3385 2512 3438 amica
2560 3385 2946 3454 disceptatione
2988 3387 3161 3442 ﬁnire.
3202 3387 3320 3441 Jam
3354 3404 3480 3443 vero
3523 3403 3649 3454 cum

2054 3474 2143 3528 illo
2173 3474 2396 3528 Ofﬁciali
2433 3473 2700 3542 profectus
2739 3473 2929 3529 ductus
2965 3484 3047 3530 est
3073 3495 3085 3528 :
3115 3476 3208 3531 sed
3238 3487 3412 3532 metus
3457 3487 3540 3532 est
3579 3493 3649 3533 ne

2055 3563 2192 3619 forte
2220 3564 2287 3618 ad
2315 3561 2620 3619 Consularis
2655 3565 2937 3634 perductus
2977 3565 3212 3621 ofﬁcium
3234 3607 3248 3631 ,
3279 3569 3404 3621 mali
3445 3568 3649 3638 aliquid

2055 3656 2300 3724 patiatur.
2341 3656 2511 3711 liabet
2548 3657 2689 3711 enim
2729 3673 2942 3712 causam
2988 3674 3106 3712 cum
3139 3659 3353 3714 homine
3392 3661 3648 3728 pecunio-

2055 3746 2302 3812 sissimo,
2330 3746 2571 3816 quamvis
2608 3747 2802 3817 judicis
2849 3748 3126 3818 integritas
3177 3749 3315 3803 fama
3353 3751 3648 3808 clarissima

2057 3839 2389 3909 praedicetur.
2433 3840 2509 3896 Ne
2548 3840 2674 3910 quid
2719 3851 2893 3896 tamen
2948 3843 3085 3912 apud
3130 3843 3374 3898 Ofﬁcium
3423 3847 3647 3914 pecunia

2058 3933 2358 4002 praevaleat,
2378 3942 2501 4003 peto
2521 3934 2864 3990 Sanctitatem
2889 3944 3052 4001 tuam,
3067 3935 3285 3992 domine
3304 3939 3649 3994 dilectissime

2056 4031 2110 4076 et
2136 4022 2453 4076 venerabilis
2480 4023 2641 4077 frater
2661 4065 2675 4088 ,
2702 4031 2758 4079 ut
2783 4024 3077 4079 honorabili
3108 4026 3369 4097 nobisque
3390 4028 3648 4084 charissi-

2058 4128 2147 4168 mo
2173 4112 2451 4169 Consulari
2479 4115 2716 4185 digneris
2743 4116 2952 4171 tradere
2976 4117 3181 4172 litteras
3203 4134 3371 4184 meas,
3396 4128 3450 4174 et
3479 4120 3572 4175 has
3594 4121 3649 4176 ci

2056 4206 2234 4275 legere
2260 4223 2274 4270 ;
2302 4206 2423 4276 quia
2453 4207 2532 4261 bis
2563 4208 2803 4262 eamdem
2842 4225 3055 4272 causam
3084 4211 3354 4268 insinuare
3392 4229 3648 4269 necessa-

2057 4297 2195 4350 rium
2237 4312 2341 4351 non
2379 4313 2497 4352 esse
2534 4299 2820 4354 arbitratus
2844 4315 2993 4367 sum;
3021 4311 3076 4356 et
3099 4302 3215 4372 ejus
3237 4318 3411 4360 causa:
3437 4304 3652 4362 differat

2058 4388 2380 4442 audientiam
2400 4430 2415 4456 ,
2443 4389 2692 4459 quoniam
2732 4391 2915 4445 nescio
2945 4402 3120 4446 utrum
3152 4393 3206 4448 in
3245 4410 3306 4448 ea
3333 4410 3534 4450 nocens
3577 4412 3648 4452 an

2059 4478 2316 4533 innocens
2343 4479 2428 4532 sit.
2462 4480 2528 4532 Et
2560 4479 2705 4550 quod
2745 4481 2886 4536 circa
2927 4483 3171 4537 eumdem
3214 4485 3358 4554 leges
3395 4500 3500 4539 non
3531 4502 3649 4541 ser-

2059 4577 2193 4623 vam:
2222 4577 2365 4636 sunt,
2402 4579 2460 4623 ut
2499 4569 2575 4624 sic
2601 4579 2877 4639 raperetur
2896 4613 2910 4636 ,
2938 4588 3110 4641 neque
3149 4583 3204 4626 ut
3227 4575 3293 4629 ab
3321 4573 3650 4645 Imperatore

2058 4669 2379 4730 prarceptum
2411 4669 2511 4727 est,
2538 4661 2601 4712 ad
2631 4665 2758 4714 Acta
2787 4663 3124 4731 municipalia
3155 4665 3531 4734 perduceretur
3561 4667 3638 4722 in.

2062 4751 2440 4820 terrogandus,
2471 4757 2649 4805 utrtn
2677 4751 2990 4808 beneficium
3016 4755 3285 4811 dilationis
3319 4759 3478 4813 vellet
3509 4761 3646 4814 acci-

2059 4858 2218 4912 pere,
2251 4859 2356 4897 uon
2378 4851 2709 4910 contemnat;
2737 4853 2796 4898 ut
2822 4860 2918 4914 per
2958 4846 3060 4901 hoc
3090 4851 3353 4918 possimus
3378 4865 3498 4906 cum
3531 4851 3646 4920 ejus

2056 4935 2361 4990 adversario
2387 4950 2501 4989 rem
2529 4933 2702 4990 ﬁnire.

2534 5027 2860 5084 EPISTOLA
2903 5028 3062 5086 CXVI
3088 5032 3182 5104 (ιθ).

2059 5119 2311 5176 Generosa
2343 5119 2605 5175 Numide
2631 5120 2898 5176 Consulari
2940 5125 3250 5195 Augustinus
3288 5127 3645 5182 commendans

2602 5212 2807 5266 causam
2839 5212 3088 5268 Faventit'.

2057 5304 2283 5360 Domino
2325 5305 2520 5359 eximio
2559 5314 2615 5360 et
2661 5307 2850 5360 merito
2893 5308 3117 5379 insigni,
3159 5309 3645 5383 honorabiliterque

2127 5396 2443 5453 charissimo
2471 5397 2582 5452 ﬁlio
2609 5396 2920 5467 Geuenoso,
2944 5400 3304 5468 AUGUSTINUS,
3335 5403 3388 5457 in
3417 5403 3639 5460 Βοωὶυ»

2127 5490 2373 5545 salutem.

2095 5667 2098 5672 ι
2117 5603 2190 5672 (a)
2211 5602 2336 5654 Alias
2349 5602 2441 5654 250
2462 5617 2473 5652 ;
2493 5615 2606 5672 qua;
2623 5611 2788 5655 autem
2824 5605 2914 5655 115
2931 5611 3053 5668 erat,
3073 5618 3201 5655 nunc
3215 5606 3248 5656 9
3264 5614 3319 5657 et
3355 5607 3432 5658 M.
3465 5607 3647 5671 Scripta

2056 5665 2200 5728 paulo
2216 5673 2326 5728 post
2341 5665 2662 5728 superiOrem.

2055 5725 2332 5850 ;u§)l;)r$lrigs
2351 5725 2434 5778 251
2461 5739 2604 5791 :qua:
2622 5734 2784 5779 autem
2805 5726 2895 5776 116
2913 5734 3035 5790 erat,
3056 5742 3184 5780 nunc
3217 5730 3292 5781 10.
3315 5732 3497 5795 Scripta
3529 5740 3641 5779 cum
