4122 6350
469 395 566 454 451

541 513 678 567 Laus
712 518 768 566 et
807 508 1112 580 praedicatio
1151 507 1623 566 administrationis
1664 515 1766 561 tuae
1807 516 1860 561 ct
1909 505 2046 560 fama

469 605 722 676 pmcktra
741 617 862 657 cum
891 618 976 658 me
999 618 1096 672 pro
1123 602 1404 658 dilectione
1423 615 1578 671 quam
1605 599 1708 654 tuis
1728 598 1932 653 meritis
1953 599 2048 651 be-

466 694 884 763 nevolentiaque
920 693 1211 758 debemus,
1240 691 1524 761 plurimum
1561 688 1882 751 delectaret,
1914 703 2050 741 nun-

465 801 625 855 quam
649 783 821 838 adhuc
842 783 893 837 in
920 781 1098 851 aliquo
1121 779 1381 834 beneflcio
1403 777 1719 848 postulando
1742 776 2048 832 Eximietati

469 888 572 930 tua:
604 889 720 929 mea
751 872 1064 927 intercessio
1093 870 1263 924 extitit
1287 884 1542 934 onerosa,
1571 868 1792 922 domine
1808 866 2046 920 dilectis-

465 968 603 1022 sime
627 975 681 1021 et
707 963 1021 1021 venerabilis
1064 961 1160 1016 fili.
1197 960 1303 1016 Sed
1345 976 1484 1014 nunc
1510 959 1635 1030 quid
1673 959 1727 1013 in
1753 959 1964 1013 civitate
1994 957 2047 1011 in

466 1072 569 1127 qua
597 1056 846 1112 Ecclesia:
873 1054 964 1108 Dei
994 1048 1207 1118 servio,
1246 1051 1442 1106 factum
1471 1050 1574 1118 sit,
1605 1065 1725 1106 cum
1753 1065 1819 1106 ex
1856 1047 2049 1103 litteris

463 1164 595 1216 quas
624 1148 693 1201 ad
728 1144 1084 1200 venerabilem
1124 1143 1342 1198 fratrem
1371 1151 1426 1197 et
1460 1142 1832 1212 coepiscopum
1869 1153 2046 1194 meum

469 1239 815 1292 Fortunatam
842 1235 985 1302 dedi,
1013 1235 1321 1304 cognoverit
1349 1233 1662 1289 Prmstantia
1688 1241 1774 1287 tua
1801 1246 1905 1302 qua
1934 1231 2048 1285 fuc-

465 1331 562 1384 rim
596 1329 910 1385 necessitate
935 1327 1246 1398 compulsus
1271 1334 1328 1381 ut
1350 1326 1662 1396 petitionem
1690 1339 1862 1379 meam
1893 1323 2044 1392 inge-

463 1435 636 1475 rerem
667 1418 1103 1488 occupationibus
1130 1417 1259 1482 tuis,
1293 1425 1380 1470 tua
1405 1412 2042 1485 benignitas‘pervidehit.

464 1510 530 1563 Et
556 1508 794 1578 profecto
825 1507 985 1562 facies
1016 1506 1156 1577 quod
1196 1521 1301 1560 non
1332 1505 1504 1560 solum
1537 1504 1799 1572 integrum
1820 1543 1834 1566 ,
1861 1515 2042 1556 verum

395 1653 407 1666 ,
462 1601 618 1653 etiam
641 1599 984 1653 christianum
1009 1597 1242 1666 judicem
1263 1595 1436 1660 decet,
1459 1610 1523 1650 eo
1549 1594 1688 1649 circa
1716 1606 1814 1647 nos
1841 1592 2041 1652 animo,

461 1689 530 1745 de
549 1705 656 1760 quo
679 1690 729 1743 in
751 1689 966 1742 nomine
980 1687 1178 1742 Christi
1199 1687 1379 1756 utique
1400 1685 1568 1740 fuerat
1588 1681 2040 1755 praesumendum.

888 1796 1214 1855 EPISTOLA
1253 1796 1435 1853 cxvn
1469 1802 1490 1821 θ
1520 1795 1614 1866 (ιι).

461 1890 740 1946 Dioscorus
777 1890 846 1944 ad
883 1891 1216 1960 Augustinum
1243 1888 1394 1941 mittit
1432 1892 1615 1941 multas
1644 1885 1940 1957 quazstiones
1983 1900 2044 1938 ea;

506 1982 645 2036 libris
668 1981 939 2046 Ciceronis,
969 1995 1154 2051 rogans
1175 1987 1228 2032 at
1251 1988 1446 2032 malure
1472 1978 1540 2032 ad
1563 1995 1647 2032 eas
1670 1975 1990 2046 respondeat.

534 2073 840 2127 Prommiari
869 2072 1008 2144 apud
1047 2081 1097 2125 te
1132 2087 1232 2124 non
1273 2071 1442 2124 solum
1472 2071 1784 2139 super/luunt
1813 2077 1914 2130 est,
1954 2066 2043 2121 sed

461 2166 613 2220 etiam
637 2165 920 2229 molestum,
943 2163 1028 2233 qui
1056 2177 1183 2225 rem,
1211 2178 1310 2214 non
1343 2159 1488 2214 verba
1516 2160 1790 2214 desideras.
1820 2156 2044 2229 Ideoque

458 2255 760 2323 simpliciter
787 2253 927 2306 audi.
958 2253 1127 2308 Scaea:
1153 2251 1375 2323 Alypius
1403 2261 1609 2322 rogatus
1649 2268 1682 2304 a
1723 2266 1820 2316 me,
1857 2250 2042 2320 stemus

459 2346 714 2416 pollicitus
753 2353 885 2407 erat,
913 2353 1072 2396 tecum
1117 2341 1420 2412 respondere
1455 2342 1771 2411 dialogorum
1811 2341 2041 2409 pauculis

456 2436 993 2509 interrogatiunculis;
1041 2447 1087 2490 et
1129 2437 1366 2505 quoniam
1411 2436 1465 2490 in
1503 2433 1816 2488 Mauritania
1858 2433 2041 2486 dicitur

457 2530 701 2601 hodieque
728 2545 853 2595 esse,
890 2537 1002 2598 peto
1033 2528 1216 2580 viribus
1244 2525 1470 2580 omnibus
1500 2536 1544 2580 et
1569 2541 1711 2596 rogo,
1739 2533 1793 2578 ut
1819 2532 1871 2578 tu
1901 2523 2039 2576 solus

453 2619 756 2690 respondere
795 2619 1036 2692 digneris,
1081 2618 1215 2687 quod
1253 2619 1403 2672 etiam
1456 2626 1700 2688 prwsente
1733 2616 1844 2687 ipso
1881 2619 2041 2687 fratre

455 2722 559 2773 tuo,
592 2713 699 2764 sine
718 2709 868 2764 dubio
894 2713 1119 2782 facturus
1152 2727 1283 2764 eras.
1313 2709 1433 2763 Non
1469 2719 1540 2764 est
1570 2709 1810 2780 pecunia,
1839 2726 1938 2771 non
1968 2718 2038 2762 est

454 2817 655 2866 aurum,
687 2800 826 2872 quod
843 2816 934 2870 pro
960 2801 1132 2870 quovis
1174 2801 1388 2853 daturus
1427 2816 1537 2853 eras
1572 2799 1750 2869 procul
1794 2800 1962 2858 dubio.
1994 2800 2039 2853 si

455 2892 691 2955 haberes;
722 2907 854 2944 nunc
891 2905 1010 2944 vero
1043 2894 1151 2944 sine
1190 2890 1358 2944 labore
1397 2891 1612 2959 loqueris
1654 2888 1792 2958 quod
1817 2890 2033 2958 requiro.

456 2979 663 3035 Possem
692 2990 738 3035 te
767 2981 880 3052 plus
904 2990 952 3034 et
980 2997 1068 3051 per
1102 2979 1284 3034 inultas
1308 2980 1489 3033 charos
1528 2988 1638 3032 tuos
1672 2994 1919 3043 exorare;
1949 2980 2041 3033 sed

454 3073 567 3125 novi
595 3072 818 3126 aninnun
843 3080 1002 3137 tuum,
1025 3071 1111 3140 qui
1131 3087 1231 3124 non
1262 3071 1432 3141 rogari
1458 3070 1731 3132 desiderat,
1764 3070 1858 3124 sed
1874 3071 2036 3124 omni-

452 3163 543 3217 bus
569 3173 825 3233 prtestare,
859 3164 899 3216 si
927 3171 1122 3216 tantum
1150 3161 1278 3216 absit
1305 3162 1438 3231 quod
1460 3161 1682 3226 dedecet,
1705 3162 1842 3233 quod
1868 3163 1918 3217 in
1941 3163 2036 3218 hac

453 3270 509 3308 re
532 3254 726 3324 penitus
750 3252 878 3306 nihil
903 3261 974 3306 est
999 3251 1255 3306 dedecoris
1293 3267 1312 3305 :
1342 3261 1506 3305 tamen
1550 3251 1893 3322 quodcumque
1927 3262 2032 3320 est,

453 3353 568 3414 peto
608 3353 811 3415 prtestcs
854 3345 1166 3415 navigatura.
1202 3342 1538 3413 Nosti'qnam
1580 3345 1705 3398 mihi
1745 3346 2037 3400 molestissi-

452 3452 591 3489 mum
615 3444 686 3489 est
723 3436 863 3489 oneri
884 3451 1023 3502 esse,
1052 3452 1150 3490 non
1177 3436 1290 3489 dico
1321 3435 1610 3492 Sinceritati
1645 3444 1776 3503 tute,
1804 3439 1892 3493 sed
1925 3439 2035 3493 cui-

453 3527 610 3594 piam.
642 3523 797 3579 Solus
825 3534 990 3579 autem
1021 3524 1157 3579 Deus
1186 3527 1320 3579 novit
1348 3527 1596 3596 quomodo
1631 3529 1787 3580 nimia
1824 3530 2037 3583 necessi-

455 3625 555 3670 tate
583 3615 829 3686 intpulsus
850 3617 942 3671 hoc
978 3617 1091 3686 feci.
1123 3616 1272 3671 Vobis
1296 3619 1425 3671 enim
1451 3618 1601 3672 salvis
1625 3629 1672 3672 et
1703 3623 1898 3690 favente
1923 3619 2033 3674 Deo

453 3706 778 3777 navigaturus
800 3723 912 3760 sum
940 3721 959 3760 :
983 3715 1030 3760 et
1059 3722 1220 3760 mores
1245 3706 1502 3760 hominum
1530 3724 1629 3760 non
1655 3709 1920 3778 ignoratis,
1950 3709 2036 3777 qui

453 3797 693 3866 proclives
715 3805 831 3851 sunt
849 3795 918 3849 ad
938 3795 1341 3868 vituperandum,
1364 3803 1412 3850 et
1436 3812 1607 3866 quam,
1631 3798 1676 3850 si
1699 3798 2036 3868 interrogatus

454 3889 566 3958 quis
593 3905 692 3941 non
715 3887 1064 3956 responderit,
1091 3887 1324 3940 indoctus
1353 3897 1400 3940 et
1427 3886 1572 3941 hebes
1596 3888 1850 3958 putabitur
1878 3888 2032 3944 vides.

455 3976 616 4048 Ergo,
649 3977 849 4031 obsecro
873 3986 920 4030 te
937 4018 952 4043 ,
974 3977 1042 4030 ad
1075 3977 1245 4030 omnia
1276 3976 1388 4031 sine
1412 3977 1728 4030 cunctatione
1749 3978 2037 4047 responde;

453 4087 516 4122 ne
541 4085 618 4121 me
641 4068 829 4122 tristem
858 4067 1101 4120 dimittas.
1132 4066 1222 4122 Sic
1249 4067 1446 4121 uideam
1468 4077 1698 4139 parentes
1732 4082 1897 4133 meos;
1918 4071 2038 4140 quia

453 4169 658 4229 propter
681 4159 775 4213 hoc
795 4159 955 4212 solum
978 4158 1254 4212 Cerdonem
1281 4160 1414 4226 misi,
1445 4168 1492 4214 et
1516 4160 1682 4231 ipsum
1709 4173 1935 4232 exspecto
1955 4180 2040 4217 so-

453 4251 580 4303 lum.
613 4248 794 4304 Frater
821 4248 1090 4314 Zenobius,
1120 4248 1364 4320 Magister
1378 4251 1632 4304 memoria:
1659 4254 1821 4321 factus
1847 4261 1918 4305 est
1936 4251 2034 4325 (b),

453 4352 500 4395 et
529 4342 660 4395 misit
703 4340 844 4395 nobis
886 4339 1183 4395 evectionem
1227 4356 1342 4393 cum
1379 4340 1612 4394 annonis.
1654 4339 1715 4396 Si
1739 4358 1830 4412 ego
1856 4343 2038 4414 dignus

453 4447 555 4484 non
594 4445 704 4482 sum
733 4438 790 4481 ut
814 4427 1119 4499 respondeas
1159 4428 1652 4497 interrogatiunculis
1676 4431 1830 4496 meis,
1861 4432 2039 4486 saltem

453 4521 721 4572 timeantur
741 4533 974 4572 annonte.
997 4516 1309 4571 Incolumem
1333 4526 1380 4570 te
1396 4534 1595 4571 summa
1616 4517 1865 4574 Divinitas
1886 4522 2039 4592 longa

451 4610 592 4664 nobis
618 4618 813 4664 tueatur
839 4618 1003 4664 (etate.
1033 4609 1209 4680 Papus
1227 4608 1498 4680 plurimum
1518 4606 1875 4681 Dignationem
1900 4621 2036 4667 tuam

451 4700 655 4754 salutat.

894 4767 1218 4824 EPISTOLA
1260 4769 1470 4824 CXVIII
1503 4769 1608 4840 θ).

454 4861 767 4931 Augustinus
797 4858 1039 4914 Dioscoro
1063 4859 1331 4929 respondet
1360 4861 1607 4930 ejusmodi
1629 4864 1925 4930 quaestiones
1949 4881 2038 4919 nec

518 4995 538 5012 '
563 4995 731 5060 Epistt.
751 4999 892 5043 CXVII
916 4999 968 5043 et
985 4999 1148 5060 (ἴχνιιὲ
1176 4992 1371 5060 collatae
1400 5003 1521 5060 sunt
1545 5009 1656 5046 cum
1677 5012 1732 5052 a.
1750 4999 1833 5060 b3.
1857 4999 1925 5048 bl.
1949 5001 2033 5051 bn.

449 5069 493 5106 c.
521 5055 669 5104 cc.’ll‘.
695 5069 746 5117 g.
911 5068 961 5103 n.
986 5068 1028 5102 r.
1045 5067 1086 5104 s.
1111 5056 1186 5104 sb.
1210 5068 1285 5104 vc.
1312 5055 1392 5105 vd.
1415 5057 1605 5108 duobus
1625 5065 1661 5109 t.
1687 5055 1893 5123 quafuor
1917 5076 1962 5112 v.
1987 5071 2038 5114 et

452 5131 564 5166 cum
587 5128 684 5166 Αιη.
707 5123 765 5165 Ba
803 5152 815 5164 .
839 5123 914 5164 ιη’.
937 5123 1046 5166 Lov.

452 5131 564 5166 cum
587 5128 684 5166 Ain.
707 5123 815 5166 Bad.
839 5123 914 5164 Er.
937 5123 1046 5166 Lov.

449 5259 462 5270 θ
513 5197 586 5259 (a)
605 5196 730 5270 alias
745 5197 977 5270 Siliquae
994 5202 1160 5246 autem
1186 5196 1271 5246 117
1289 5203 1414 5260 erat,
1452 5211 1581 5250 nunc
1609 5200 1659 5250 4.
1698 5203 1876 5266 Scripta
1911 5202 2036 5256 forte

447 5259 653 5309 ineunte
673 5273 752 5308 an.
771 5259 897 5308 410.
1796 5259 1811 5266 ’

478 5321 581 5393 “(0)
608 5339 629 5367 α
644 5320 866 5393 Magister
887 5319 1199 5393 memoriaea.
1212 5325 1268 5393 ut
1394 5323 1562 5393 Notitia
1573 5322 1863 5393 dignitatum
1880 5327 2036 5388 impe-

446 5383 508 5430 rii
522 5417 536 5442 ,
564 5382 940 5432 cannotationes
961 5394 1133 5431 omnes
1152 5382 1318 5442 dictat,
1339 5390 1392 5433 et
1410 5384 1586 5434 emittit
1599 5420 1614 5445 ,
1630 5382 1698 5436 ὀι
1745 5382 2038 5438 τεοὶὺυδῬε-

454 5461 478 5488 α
493 5443 702 5506 Spondet
719 5458 776 5506 εγ»
800 5443 942 5506 idest
958 5455 1069 5506 quae
1086 5443 1311 5506 Princeps
1331 5447 1483 5494 verbo
1513 5399 1840 5506 respontiebat
1855 5481 1870 5506 ,
1889 5452 2036 5506 Magi-

454 5461 478 5488 α
493 5456 732 5504 Spondet:
753 5459 776 5487 ι
800 5456 848 5492 tu
867 5456 942 5492 eSt
958 5456 1069 5514 quae
1086 5456 1311 5506 Pt'tnceps
1331 5456 1483 5494 verno
1513 5456 1870 5507 respondebat,
1889 5456 2036 5513 Magi-

453 5521 476 5548 c
494 5511 596 5573 _ster
615 5504 824 5573 dictabat
855 5504 1071 5552 brewter
1096 5511 1147 5553 et
1162 5506 1439 5573 annotabat
1457 5521 1470 5555 :
1490 5507 2036 5573 _em_it_tebat_diplomata

445 5564 510 5632 ad
530 5565 854 5632 usurlandum
878 5577 1070 5613 cursum
1096 5563 1367 5632 publicum;
1407 5567 1539 5632 unde
1572 5568 1650 5632 hic
1678 5563 1854 5632 dicitur
1877 5589 1899 5617 ι
1915 5584 2034 5623 eve-

445 5692 559 5741 quzr
583 5692 610 5727 a
631 5683 847 5790 Princsige
868 5685 1101 5734 dabantur
1123 5683 1302 5735 libellis
1316 5683 1628 5751 supplicibus.

511 5739 582 5790 (ο)
607 5738 727 5788 Alias
827 5757 839 5790 ε
864 5757 974 5790 cum
988 5753 1155 5790 autem
1173 5745 1264 5790 H8
1281 5756 1388 5790 erat
1406 5783 1422 5790 -
1443 5765 1570 5790 nunt!
1590 5755 1628 5790 PC.

511 5739 594 5825 Sf)"
601 5738 874 5825 litigiosi“;
864 5757 974 5806 quae
988 5753 1155 5797 autem
1173 5745 1264 5797 118
1281 5738 1389 5800 erat
1406 5738 1423 5813 ;
1443 5738 1668 5808 nuncin.
1688 5758 1866 5821 Scripta
1890 5772 1912 5825 ι
1921 5758 2032 5810 aulo

445 5805 897 5862 poetsuperiorem;
1407 5805 1419 5813 '
1596 5805 1611 5808 '
1662 5805 1734 5838 "3
1787 5805 1883 5831 ⁸“ο

1701 390 1758 448 S.
1805 383 2168 448 AUGUSTINI
2209 383 2506 443 EPISCOPI

3639 391 3749 448 £32

2227 501 2406 570 decprc
2428 501 2637 555 tractari
2661 501 2726 555 ab
2751 502 2986 572 episwpo
3009 541 3024 568 ,
3053 517 3145 556 nec
3167 502 3353 556 utiliter
3381 502 3508 557 disci
3533 519 3566 557 a
3602 504 3744 558 chri-

2223 589 2408 643 stiano.
2433 588 2669 659 Disputat
2696 590 2759 643 de
2777 591 3058 644 studiorum
3076 591 3179 659 ﬁne
3201 607 3262 644 ac
3291 590 3354 644 de
3370 608 3568 645 summa
3588 593 3743 660 bona,

2223 679 2494 732 exhortans
2517 678 2812 732 Dioscorum
2843 689 2896 734 ut
2923 679 3251 734 christianum
3275 691 3490 734 sectetur
3509 683 3740 753 philoso-

2226 771 2420 841 phiam,
2443 788 2554 842 quae
2577 773 2689 826 sola
2715 773 2897 826 divinae
2913 773 3210 826 humilitatis
3235 773 3462 844 exemplo
3485 776 3742 845 proposito

2223 863 2479 916 ueritatem
2521 864 2820 932 persuadere
2862 865 3044 934 potuit.
3078 863 3316 918 Illustrat
3358 866 3559 918 demum
3604 866 3744 925 locos

2223 953 2468 1024 quosdam
2498 954 2772 1023 Ciceronis,
2801 956 3218 1026 philosOphorum
3243 956 3306 1010 de
3339 955 3441 1011 Deo
3471 959 3745 1013 sententias

2223 1045 2652 1116 reprehendentis.

2221 1202 2446 1258 CAPUT
2463 1201 2820 1258 PRIMUM.—
2839 1204 2890 1258 l.
2911 1203 2990 1258 Tu
3019 1219 3103 1258 me
3120 1203 3582 1259 innumerabilium
3602 1221 3747 1275 quas.

2150 1294 2380 1349 stionum
2396 1294 2544 1349 turba
2568 1305 2787 1365 repente
2801 1296 3328 1362 circumvallandum,
3348 1296 3429 1350 vel
3447 1296 3624 1366 potius
3641 1296 3743 1351 ob-

2150 1385 2416 1440 ruendum
2431 1386 2657 1454 putasti,
2675 1386 2884 1439 etiamsi
2909 1393 3185 1440 vacantem
3209 1385 3544 1455 otiosumque
3567 1386 3744 1440 credi-

2149 1474 2270 1530 disti
2292 1493 2304 1529 :
2329 1475 2540 1545 quando
2565 1476 2707 1529 enim
2737 1491 2836 1546 ego
2867 1476 2919 1530 in
2945 1475 3186 1545 quolibet
3200 1476 3337 1542 otio,
3365 1483 3442 1530 tot
3457 1490 3634 1530 rerum
3653 1491 3746 1530 no-

2152 1565 2251 1621 dos
2278 1577 2382 1620 tam
2402 1566 2698 1634 festinanti,
2715 1575 2772 1621 et
2791 1576 2847 1621 ut
2864 1567 3072 1632 scribis,
3090 1566 3200 1635 jam
3227 1581 3362 1635 pene
3383 1566 3740 1634 proficiscenti

2149 1671 2360 1726 possem
2389 1656 2718 1712 dissolvere?
2737 1657 2972 1711 Numero
2998 1657 3140 1711 enim
3171 1671 3348 1712 rerum
3374 1657 3608 1726 ipsarum
3639 1657 3750 1711 inv

2148 1749 2382 1819 pedirer,
2421 1749 2628 1804 etiamsi
2670 1749 2796 1804 nodi
2843 1749 3064 1805 laciles‘
3096 1749 3162 1803 ad
3203 1750 3514 1805 solvendum
3539 1750 3738 1805 forent.

2147 1840 2316 1896 Tanta
2343 1850 2466 1895 sunt
2493 1851 2669 1896 autem
2699 1842 3047 1912 perplexitate
3089 1842 3306 1898 involuti
3327 1881 3344 1905 ,
3367 1851 3423 1897 et
3451 1843 3740 1898 tenacitate

2147 1933 2419 2003 constricti
2439 1974 2456 2000 ,
2483 1941 2540 1987 ut
2564 1934 2772 1988 etiamsi
2805 1935 2956 2003 pauci
2992 1943 3204 2000 essent,
3237 1934 3617 1989 otiosissimum
3649 1951 3741 1990 me

2146 2001 2491 2092 0&upantes,
2510 2038 2703 2093 magna
2726 2001 2877 2078 mora
2905 2024 3160 2093 temporis
3187 2023 3466 2093 fatigarent
3491 2025 3742 2078 intentio-

2147 2128 2290 2178 nem,
2316 2121 2474 2182 atque
2502 2121 2798 2183 Iattcrerent
2823 2129 3029 2184 ungues
3053 2127 3219 2168 meos.
3254 2114 3368 2184 Ego
3404 2125 3583 2169 autem
3622 2117 3738 2170 vel-

2145 2201 2250 2256 lem
2281 2211 2332 2257 te
2357 2203 2600 2272 abripere
2628 2202 2698 2258 de
2724 2202 2902 2258 medio
2927 2203 3301 2257 deliciosarunt
3333 2204 3739 2273 inquisitionum

2146 2301 2377 2358 tuarum,
2405 2301 2461 2348 et
2484 2293 2786 2363 constipare
2815 2293 2952 2348 inter
2977 2308 3134 2348 curas
3171 2308 3344 2360 meas,
3370 2303 3424 2348 ut
3455 2295 3537 2349 vel
3559 2294 3739 2350 disce-

2143 2397 2230 2436 res
2261 2399 2368 2437 non
2393 2397 2512 2438 esse
2539 2383 2768 2438 inaniter
2791 2384 3060 2450 curiosus,
3077 2382 3161 2438 vel
3187 2384 3550 2439 curiositatem
3583 2393 3738 2439 tuam

2144 2473 2426 2527 cibandam
2457 2484 2615 2544 atque
2651 2475 2987 2529 nutriendum
3032 2475 3308 2544 imponere
3351 2491 3457 2530 non
3507 2477 3740 2532 auderes

2142 2565 2242 2630 eis,
2273 2581 2498 2634 quorum
2542 2567 2681 2621 inter
2720 2581 2877 2622 curas
2907 2567 2990 2622 vel
3027 2568 3260 2621 maxima
3295 2582 3422 2622 cura
3451 2577 3535 2622 est
3560 2570 3738 2638 repri-

2143 2670 2290 2710 mere
2337 2670 2400 2710 ac
2443 2655 2716 2711 refrenare
2762 2657 3022 2711 curiosos.
3073 2656 3284 2724 Quanto
3328 2656 3472 2711 enim
3520 2658 3739 2724 melius,

2140 2757 2440 2816 quantoque
2460 2747 2808 2811 fructuosius,
2843 2748 2888 2802 si
2918 2748 2972 2802 in
3000 2747 3190 2802 dandis
3216 2748 3284 2802 ad
3310 2758 3360 2803 te
3387 2749 3506 2803 ullis
3542 2751 3740 2805 litteris

2143 2847 2349 2907 tempus
2381 2848 2540 2908 atque
2566 2855 2725 2907 opera
2755 2838 3096 2908 impenditur,
3115 2839 3180 2892 ad
3203 2839 3303 2894 hoc
3328 2843 3505 2908 potius
3532 2842 3738 2909 impen-

2139 2927 2302 2996 ditur,
2333 2937 2388 2983 ut
2426 2940 2735 2984 resecentur
2778 2945 2927 2984 vana:
2965 2940 3122 2999 atque
3162 2929 3378 2985 fallaces
3417 2932 3737 3001 cupiditates

2143 3028 2263 3083 tum,
2293 3034 2411 3089 qum
2441 3027 2589 3074 tanto
2621 3021 2788 3090 magis
2821 3019 3072 3075 cavendae
3093 3029 3216 3074 sunt
3235 3062 3249 3084 ,
3281 3031 3482 3090 quanto
3528 3022 3738 3078 facilius

2138 3107 2409 3176 decipiunt
2431 3149 2443 3172 ,
2473 3109 2654 3163 nescio
2683 3123 2786 3178 qua
2809 3110 2993 3163 umbra
3019 3108 3312 3164 honestatis
3343 3119 3399 3164 et
3434 3110 3736 3167 liberalium

2139 3197 2433 3253 studiorum
2478 3200 2692 3254 nomine
2733 3200 2919 3253 velata:
2955 3209 3115 3269 atque
3162 3200 3428 3269 palliata);
3470 3217 3628 3271 quam
3676 3213 3735 3259 ut

2140 3299 2326 3344 nOstro
2353 3290 2670 3356 min‘stcrio,
2703 3300 2884 3361 atque,
2912 3300 2971 3345 ut
2996 3291 3066 3346 ita
3094 3290 3343 3354 dixerim.
3372 3293 3645 3359 satellitio,
3680 3295 3734 3350 in

2137 3381 2468 3436 dominatum
2499 3384 2539 3446 ’,
2561 3397 2666 3452 quo
2689 3391 2794 3436 tam
2818 3384 3011 3438 bonam
3035 3393 3177 3438 tuam
3196 3394 3433 3440 tuentem
3458 3396 3730 3455 premant,

2139 3470 2510 3527 vehementius
2537 3472 2866 3528 excitentur?

2207 3562 2262 3616 2.
2288 3562 2426 3618 Ecce
2452 3563 2594 3618 cutim
2618 3573 2694 3618 tot
2719 3563 2914 3633 dialogi
2938 3563 3082 3631 lecti,
3107 3565 3151 3619 si
3178 3564 3244 3620 ad
3267 3565 3548 3620 videndum
3571 3566 3737 3622 ﬁnem
3765 3613 3770 3622 .

2137 3666 2192 3712 et
2228 3655 2611 3726 capessendum
2656 3655 2894 3711 omnium
2928 3659 3200 3713 actionum
3251 3667 3458 3712 tuarum
3506 3659 3637 3713 nihil
3678 3668 3734 3714 te

2137 3745 2480 3816 adiuverunt,
2503 3746 2630 3816 quid
2673 3756 2918 3816 prosunt,
2955 3747 3043 3802 dic
3085 3749 3254 3803 mihi?
3284 3749 3414 3803 Nam
3447 3751 3533 3804 ubi
3571 3751 3736 3806 linem

2140 3836 2488 3891 constitueris
2524 3837 2686 3892 totius
2723 3837 2877 3906 hujus
2908 3836 3300 3907 ﬂagrantissimi
3337 3839 3500 3893 studii
3531 3841 3605 3894 tui
3630 3881 3644 3904 ,
3675 3852 3736 3895 et

2139 3929 2233 3983 tibi
2252 3928 2585 3994 infructuosi,
2601 3936 2654 3983 et
2669 3927 2827 3982 nobis
2847 3928 3083 3993 molesti,
3109 3929 3330 3999 cpistola
3349 3939 3436 3984 tua
3447 3931 3576 3984 satis
3602 3931 3737 3984 indi-

2139 4033 2250 4074 cas.
2273 4018 2403 4073 Cum
2421 4018 2562 4072 enim
2579 4019 2645 4072 de
2673 4017 2942 4072 solvendis
2966 4020 3350 4088 quaestionibus
3365 4036 3498 4090 quas
3515 4021 3729 4088 misisti,

2139 4109 2277 4180 apud
2303 4125 2388 4164 me
2407 4125 2503 4180 per
2531 4109 2734 4164 litteras
2763 4120 3052 4179 satagercs,
3078 4109 3146 4163 ita
3173 4110 3432 4179 scripsisti
3469 4129 3481 4164 :
3515 4109 3732 4165 Possem

2141 4208 2206 4266 te,
2236 4199 2430 4268 inquis,
2466 4199 2579 4268 plus
2597 4209 2643 4252 et
2668 4215 2756 4269 per
2793 4199 2976 4252 multos
3000 4200 3182 4254 charos
3208 4208 3320 4252 tuos
3361 4217 3604 4265 .xorare;
3637 4202 3733 4258 sed

2141 4292 2257 4344 novi
2285 4292 2508 4344 animum
2537 4301 2698 4356 tuum,
2729 4291 2815 4362 qui
2837 4307 2938 4344 non
2963 4307 3140 4360 rogare
3161 4291 3429 4357 desiderat,
3455 4292 3542 4345 sed
3560 4293 3733 4346 omni-

2143 4381 2232 4434 bus
2262 4391 2522 4450 pra'stare,
2551 4381 2595 4434 si
2623 4390 2819 4434 tantum
2845 4380 2972 4434 absit
2996 4381 3129 4450 quod
3155 4380 3375 4446 dedecet,
3407 4382 3542 4450 quod
3560 4383 3611 4436 in
3634 4383 3731 4437 hac

2140 4487 2195 4523 re
2230 4471 2430 4540 penitus
2460 4471 2586 4524 nihil
2621 4480 2692 4524 est
2729 4470 2984 4524 dedecoris
3010 4487 3027 4524 :
3051 4481 3217 4525 tamen
3254 4471 3595 4541 quodcumque
3630 4484 3728 4539 est,

2143 4572 2255 4632 pcto
2285 4572 2508 4630 'pmzstes
2538 4563 2853 4632 navigatura.
2899 4563 2954 4617 lu
2998 4563 3080 4617 his
3123 4564 3298 4619 verbis
3341 4565 3578 4633 epistolae
3622 4573 3730 4621 tua:

2142 4660 2286 4704 recte
2308 4649 2520 4718 quidem
2543 4651 2609 4704 de
2629 4666 2716 4705 me
2731 4651 3023 4713 existimas,
3042 4652 3181 4720 quod
3198 4653 3446 4708 omnibus
3473 4664 3729 4724 praestare

2140 4738 2462 4805 desiderem,
2489 4741 2531 4792 si
2559 4740 2696 4794 absit
2721 4740 2861 4810 quod
2889 4741 3141 4806 dedecet;
3168 4744 3261 4797 sed
3294 4745 3346 4798 in
3377 4745 3477 4800 hac
3507 4762 3566 4800 re
3594 4747 3728 4800 nihil

2141 4843 2260 4882 esse
2292 4828 2592 4895 dedecoris,
2626 4846 2730 4883 non
2758 4830 2890 4886 mihi
2918 4831 3143 4885 videtur.
3167 4831 3282 4889 Non
3312 4835 3454 4889 enim
3479 4836 3675 4891 decora
3707 4837 3729 4868 ³

2141 4919 2302 4973 facies
2324 4935 2498 4976 rerum
2529 4921 2731 4990 attingi‘
2751 4934 2974 4978 censum
3003 4939 3200 4990 meum,
3243 4940 3363 4980 cum
3394 4933 3571 4997 cogito
3607 4931 3729 4999 epi-

2140 5025 2360 5080 scopum
2385 5011 2759 5066 ecelesiasticis
2781 5013 2926 5066 curis
2953 5015 3517 5086 circumstrepentibus
3540 5017 3728 5073 distri-

2140 5111 2284 5154 ctum
2307 5112 2463 5169 atque
2491 5100 2802 5167 distentum,
2831 5113 3048 5172 repente
3077 5105 3225 5172 quasi
3255 5107 3730 5165 obsurdescentem

2141 5193 2392 5248 cohibere
2412 5209 2472 5248 se
2504 5193 2572 5247 ab
2609 5193 2690 5248 his
2715 5195 2995 5262 omnibus,
3026 5205 3080 5249 et
3105 5196 3432 5267 dialogorum
3456 5199 3731 5255 Tulliano-

2140 5301 2259 5341 rum
2303 5286 2717 5354 quaestiunculas
2762 5285 2854 5340 uni
2892 5286 3211 5344 scholastico
3249 5303 3539 5358 exponere.
3573 5293 3728 5358 Quod

2140 5387 2393 5447 quantum
2424 5377 2712 5441 dedeceat,
2745 5392 3045 5446 quanquam
3076 5387 3280 5432 tuorum
3318 5381 3613 5435 studiorum
3641 5397 3729 5436 ra-

2141 5477 2264 5539 ptus
2288 5469 2478 5524 ardore
2516 5485 2732 5540 prorsus
2763 5469 2901 5527 nolis
2931 5470 3234 5539 attendere,
3267 5481 3323 5526 tu
3350 5473 3510 5529 etiam
3555 5477 3729 5530 sentis

2159 5697 2162 5701 λ
2202 5669 2221 5745 ξ
2389 5667 2746 5745 εἴξεξξὶῳιίξι
2771 5674 2897 5745 Mss,
2922 5669 3110 5745 etiamsi
3130 5673 3462 5745 nandi/licita
3484 5677 3566 5736 ad,
3596 5685 3698 5730 etc.

2202 5733 2221 5762 ²
2245 5730 2376 5788 Bad.,
2401 5727 2620 5779 satellitio
2637 5727 2930 5781 induratum.
2958 5739 3051 5792 En,
3068 5732 3287 5787 satellitio
3297 5727 3568 5790 'ittdurattt‘;

2203 5794 2222 5824 ³
2246 5799 2352 5843 Mss.
2379 5801 2486 5841 octo
2511 5800 2560 5842 et
2584 5801 2703 5853 MIL,
2725 5793 2977 5842 dedecora.
