  <div class='ocr_page' id='page_1' title='image "/cluster/home/n/w/nwhite01/storage/ocr_20150623/33/hvd.32044015471451/222.png"; bbox 0 0 4122 6350; ppageno 0'>
   <div class='ocr_carea' id='block_1_1' title="bbox 399 335 503 392">
    <p class='ocr_par' dir='ltr' id='par_1_1' title="bbox 399 335 503 392">
     <span class='ocr_line' id='line_1_1' title="bbox 399 335 503 392; baseline 0.01 -1"><span class='ocrx_word' id='word_1_1' title='bbox 399 335 503 392; x_wconf 69' lang='grc'><strong>435</strong></span> 
     </span>
    </p>
   </div>
   <div class='ocr_carea' id='block_1_2' title="bbox 399 442 1987 516">
    <p class='ocr_par' dir='ltr' id='par_1_2' title="bbox 399 442 1987 516">
     <span class='ocr_line' id='line_1_2' title="bbox 399 442 1987 516; baseline -0.006 -11"><span class='ocrx_word' id='word_1_2' title='bbox 399 462 598 505; x_wconf 90' lang='lat' dir='ltr'><strong>tamen.</strong></span> <span class='ocrx_word' id='word_1_3' title='bbox 628 446 768 516; x_wconf 83' lang='lat' dir='ltr'><strong>Quid</strong></span> <span class='ocrx_word' id='word_1_4' title='bbox 806 461 945 502; x_wconf 75' lang='lat' dir='ltr'><strong>enim</strong></span> <span class='ocrx_word' id='word_1_5' title='bbox 980 445 1119 502; x_wconf 83' lang='lat' dir='ltr'><strong>aliud</strong></span> <span class='ocrx_word' id='word_1_6' title='bbox 1161 445 1397 512; x_wconf 53' lang='lat' dir='ltr'><strong>iudicat,</strong></span> <span class='ocrx_word' id='word_1_7' title='bbox 1428 443 1572 515; x_wconf 88' lang='lat' dir='ltr'><strong>quod</strong></span> <span class='ocrx_word' id='word_1_8' title='bbox 1610 458 1731 499; x_wconf 91' lang='lat' dir='ltr'><strong>cum</strong></span> <span class='ocrx_word' id='word_1_9' title='bbox 1759 442 1987 498; x_wconf 80' lang='lat' dir='ltr'><strong>dixisses</strong></span> 
     </span>
    </p>
   </div>
   <div class='ocr_carea' id='block_1_3' title="bbox 400 535 1985 615">
    <p class='ocr_par' dir='ltr' id='par_1_3' title="bbox 400 535 1985 615">
     <span class='ocr_line' id='line_1_3' title="bbox 400 535 1985 615; baseline -0.011 -11"><span class='ocrx_word' id='word_1_10' title='bbox 400 550 451 604; x_wconf 92' lang='lat' dir='ltr'><strong>in</strong></span> <span class='ocrx_word' id='word_1_11' title='bbox 480 548 578 601; x_wconf 90' lang='lat' dir='ltr'><strong>hac</strong></span> <span class='ocrx_word' id='word_1_12' title='bbox 614 561 674 600; x_wconf 90' lang='lat' dir='ltr'><strong>re</strong></span> <span class='ocrx_word' id='word_1_13' title='bbox 700 543 911 615; x_wconf 91' lang='lat' dir='ltr'><strong>penitus</strong></span> <span class='ocrx_word' id='word_1_14' title='bbox 936 541 1065 597; x_wconf 84' lang='lat' dir='ltr'><strong>nihil</strong></span> <span class='ocrx_word' id='word_1_15' title='bbox 1086 556 1206 597; x_wconf 91' lang='lat' dir='ltr'><strong>esse</strong></span> <span class='ocrx_word' id='word_1_16' title='bbox 1239 539 1520 595; x_wconf 86' lang='lat' dir='ltr'><strong>dedecoris</strong></span> <span class='ocrx_word' id='word_1_17' title='bbox 1549 578 1563 602; x_wconf 94' lang='lat'><strong>,</strong></span> <span class='ocrx_word' id='word_1_18' title='bbox 1595 538 1769 592; x_wconf 91' lang='lat' dir='ltr'><strong>statim</strong></span> <span class='ocrx_word' id='word_1_19' title='bbox 1795 535 1985 605; x_wconf 84' lang='lat' dir='ltr'><strong>adjun-</strong></span> 
     </span>
    </p>
   </div>
   <div class='ocr_carea' id='block_1_4' title="bbox 399 626 1985 703">
    <p class='ocr_par' dir='ltr' id='par_1_4' title="bbox 399 626 1985 703">
     <span class='ocr_line' id='line_1_4' title="bbox 399 626 1985 703; baseline -0.011 -11"><span class='ocrx_word' id='word_1_20' title='bbox 399 638 519 694; x_wconf 75' lang='lat' dir='ltr'><strong>xisti</strong></span> <span class='ocrx_word' id='word_1_21' title='bbox 546 655 566 692; x_wconf 83' lang='lat'><strong>:</strong></span> <span class='ocrx_word' id='word_1_22' title='bbox 594 635 786 689; x_wconf 82' lang='lat' dir='ltr'><strong>Tamen</strong></span> <span class='ocrx_word' id='word_1_23' title='bbox 815 633 1162 703; x_wconf 73' lang='lat' dir='ltr'><strong>quodcumque</strong></span> <span class='ocrx_word' id='word_1_24' title='bbox 1186 640 1278 692; x_wconf 86' lang='lat' dir='ltr'><strong>est,</strong></span> <span class='ocrx_word' id='word_1_25' title='bbox 1304 639 1417 699; x_wconf 79' lang='lat' dir='ltr'><strong>peto</strong></span> <span class='ocrx_word' id='word_1_26' title='bbox 1439 637 1644 699; x_wconf 74' lang='lat' dir='ltr'><strong>pra&#39;stes</strong></span> <span class='ocrx_word' id='word_1_27' title='bbox 1668 626 1985 695; x_wconf 85' lang='lat' dir='ltr'><strong>navigatura.</strong></span> 
     </span>
    </p>
   </div>
   <div class='ocr_carea' id='block_1_5' title="bbox 398 717 1987 791">
    <p class='ocr_par' dir='ltr' id='par_1_5' title="bbox 398 717 1987 791">
     <span class='ocr_line' id='line_1_5' title="bbox 398 717 1987 791; baseline -0.011 -5"><span class='ocrx_word' id='word_1_28' title='bbox 398 730 511 786; x_wconf 77' lang='grc' dir='ltr'><strong>ΙΙυο</strong></span> <span class='ocrx_word' id='word_1_29' title='bbox 540 727 684 783; x_wconf 79' lang='lat' dir='ltr'><strong>enim</strong></span> <span class='ocrx_word' id='word_1_30' title='bbox 709 733 865 780; x_wconf 89' lang='lat' dir='ltr'><strong>sonat</strong></span> <span class='ocrx_word' id='word_1_31' title='bbox 881 723 1042 779; x_wconf 87' lang='lat' dir='ltr'><strong>videri</strong></span> <span class='ocrx_word' id='word_1_32' title='bbox 1070 722 1161 777; x_wconf 92' lang='lat' dir='ltr'><strong>tibi</strong></span> <span class='ocrx_word' id='word_1_33' title='bbox 1184 720 1397 791; x_wconf 86' lang='lat' dir='ltr'><strong>quidem</strong></span> <span class='ocrx_word' id='word_1_34' title='bbox 1428 718 1560 773; x_wconf 87' lang='lat' dir='ltr'><strong>nihil</strong></span> <span class='ocrx_word' id='word_1_35' title='bbox 1584 718 1636 772; x_wconf 92' lang='lat' dir='ltr'><strong>in</strong></span> <span class='ocrx_word' id='word_1_36' title='bbox 1668 717 1767 771; x_wconf 91' lang='lat' dir='ltr'><strong>hac</strong></span> <span class='ocrx_word' id='word_1_37' title='bbox 1795 732 1853 770; x_wconf 90' lang='lat' dir='ltr'><strong>re</strong></span> <span class='ocrx_word' id='word_1_38' title='bbox 1869 730 1987 769; x_wconf 86' lang='lat' dir='ltr'><strong>esse</strong></span> 
     </span>
    </p>
   </div>
   <div class='ocr_carea' id='block_1_6' title="bbox 399 810 1987 886">
    <p class='ocr_par' dir='ltr' id='par_1_6' title="bbox 399 810 1987 886">
     <span class='ocr_line' id='line_1_6' title="bbox 399 810 1987 886; baseline -0.011 -9"><span class='ocrx_word' id='word_1_39' title='bbox 399 821 714 886; x_wconf 75' lang='lat' dir='ltr'><strong>dedecoris,</strong></span> <span class='ocrx_word' id='word_1_40' title='bbox 742 828 917 873; x_wconf 89' lang='lat' dir='ltr'><strong>tamen</strong></span> <span class='ocrx_word' id='word_1_41' title='bbox 946 815 1317 886; x_wconf 87' lang='lat' dir='ltr'><strong>quodcumque</strong></span> <span class='ocrx_word' id='word_1_42' title='bbox 1354 820 1438 867; x_wconf 90' lang='lat' dir='ltr'><strong>est</strong></span> <span class='ocrx_word' id='word_1_43' title='bbox 1465 810 1774 873; x_wconf 85' lang='lat' dir='ltr'><strong>dedecoris,</strong></span> <span class='ocrx_word' id='word_1_44' title='bbox 1807 816 1987 877; x_wconf 73' lang='lat' dir='ltr'><strong>petere</strong></span> 
     </span>
    </p>
   </div>
   <div class='ocr_carea' id='block_1_7' title="bbox 401 903 1983 981">
    <p class='ocr_par' dir='ltr' id='par_1_7' title="bbox 401 903 1983 981">
     <span class='ocr_line' id='line_1_7' title="bbox 401 903 1983 981; baseline -0.009 -14"><span class='ocrx_word' id='word_1_45' title='bbox 401 923 453 967; x_wconf 89' lang='lat' dir='ltr'><strong>te</strong></span> <span class='ocrx_word' id='word_1_46' title='bbox 485 923 542 966; x_wconf 90' lang='lat' dir='ltr'><strong>ttt</strong></span> <span class='ocrx_word' id='word_1_47' title='bbox 582 921 829 981; x_wconf 68' lang='lat' dir='ltr'><strong>prmstem</strong></span> <span class='ocrx_word' id='word_1_48' title='bbox 871 908 1199 975; x_wconf 81' lang='lat' dir='ltr'><strong>navigatnro.</strong></span> <span class='ocrx_word' id='word_1_49' title='bbox 1235 905 1339 961; x_wconf 85' lang='lat' dir='ltr'><strong>Sed</strong></span> <span class='ocrx_word' id='word_1_50' title='bbox 1380 903 1505 975; x_wconf 87' lang='lat' dir='ltr'><strong>qttid</strong></span> <span class='ocrx_word' id='word_1_51' title='bbox 1547 912 1660 968; x_wconf 88' lang='lat' dir='ltr'><strong>est,</strong></span> <span class='ocrx_word' id='word_1_52' title='bbox 1690 915 1872 969; x_wconf 68' lang='lat' dir='ltr'><strong>qumso</strong></span> <span class='ocrx_word' id='word_1_53' title='bbox 1914 910 1983 963; x_wconf 93' lang='lat' dir='ltr'><strong>te,</strong></span> 
     </span>
    </p>
   </div>
   <div class='ocr_carea' id='block_1_8' title="bbox 402 991 1987 1073">
    <p class='ocr_par' dir='ltr' id='par_1_8' title="bbox 402 991 1987 1073">
     <span class='ocr_line' id='line_1_8' title="bbox 402 991 1987 1073; baseline -0.009 -14"><span class='ocrx_word' id='word_1_54' title='bbox 402 1003 544 1073; x_wconf 83' lang='lat' dir='ltr'><strong>quod</strong></span> <span class='ocrx_word' id='word_1_55' title='bbox 575 1000 859 1065; x_wconf 84' lang='lat' dir='ltr'><strong>addidisti,</strong></span> <span class='ocrx_word' id='word_1_56' title='bbox 890 998 1222 1069; x_wconf 83' lang='lat' dir='ltr'><strong>navigatura?</strong></span> <span class='ocrx_word' id='word_1_57' title='bbox 1250 998 1329 1049; x_wconf 87' lang='lat' dir='ltr'><strong>An</strong></span> <span class='ocrx_word' id='word_1_58' title='bbox 1361 1010 1480 1065; x_wconf 91' lang='lat' dir='ltr'><strong>ego,</strong></span> <span class='ocrx_word' id='word_1_59' title='bbox 1516 992 1617 1047; x_wconf 85' lang='lat' dir='ltr'><strong>nisi</strong></span> <span class='ocrx_word' id='word_1_60' title='bbox 1645 991 1987 1061; x_wconf 71' lang='lat' dir='ltr'><strong>navigaturus</strong></span> 
     </span>
    </p>
   </div>
   <div class='ocr_carea' id='block_1_9' title="bbox 401 1080 1987 1164">
    <p class='ocr_par' dir='ltr' id='par_1_9' title="bbox 401 1080 1987 1164">
     <span class='ocr_line' id='line_1_9' title="bbox 401 1080 1987 1164; baseline -0.01 -14"><span class='ocrx_word' id='word_1_61' title='bbox 401 1111 569 1161; x_wconf 86' lang='lat' dir='ltr'><strong>esses,</strong></span> <span class='ocrx_word' id='word_1_62' title='bbox 593 1101 849 1164; x_wconf 73' lang='lat' dir='ltr'><strong>przestare</strong></span> <span class='ocrx_word' id='word_1_63' title='bbox 888 1090 981 1145; x_wconf 88' lang='lat' dir='ltr'><strong>tibi</strong></span> <span class='ocrx_word' id='word_1_64' title='bbox 1015 1088 1213 1159; x_wconf 91' lang='lat' dir='ltr'><strong>aliquid</strong></span> <span class='ocrx_word' id='word_1_65' title='bbox 1240 1085 1519 1142; x_wconf 90' lang='lat' dir='ltr'><strong>dedecoris</strong></span> <span class='ocrx_word' id='word_1_66' title='bbox 1557 1098 1661 1140; x_wconf 90' lang='lat' dir='ltr'><strong>non</strong></span> <span class='ocrx_word' id='word_1_67' title='bbox 1691 1080 1987 1137; x_wconf 80' lang='lat' dir='ltr'><strong>deberem?</strong></span> 
     </span>
    </p>
   </div>
   <div class='ocr_carea' id='block_1_10' title="bbox 402 1174 1983 1253">
    <p class='ocr_par' dir='ltr' id='par_1_10' title="bbox 402 1174 1983 1253">
     <span class='ocr_line' id='line_1_10' title="bbox 402 1174 1983 1253; baseline -0.009 -11"><span class='ocrx_word' id='word_1_68' title='bbox 402 1188 659 1243; x_wconf 83' lang='lat' dir='ltr'><strong>Nimirum</strong></span> <span class='ocrx_word' id='word_1_69' title='bbox 692 1192 845 1253; x_wconf 89' lang='lat' dir='ltr'><strong>putas</strong></span> <span class='ocrx_word' id='word_1_70' title='bbox 874 1180 1015 1252; x_wconf 90' lang='lat' dir='ltr'><strong>quod</strong></span> <span class='ocrx_word' id='word_1_71' title='bbox 1044 1195 1180 1250; x_wconf 88' lang='lat' dir='ltr'><strong>aqua</strong></span> <span class='ocrx_word' id='word_1_72' title='bbox 1207 1178 1409 1233; x_wconf 87' lang='lat' dir='ltr'><strong>marina</strong></span> <span class='ocrx_word' id='word_1_73' title='bbox 1453 1174 1687 1231; x_wconf 82' lang='lat' dir='ltr'><strong>dedecus</strong></span> <span class='ocrx_word' id='word_1_74' title='bbox 1721 1174 1983 1232; x_wconf 84' lang='lat' dir='ltr'><strong>abluatur.</strong></span> 
     </span>
    </p>
   </div>
   <div class='ocr_carea' id='block_1_11' title="bbox 402 1267 1984 1346">
    <p class='ocr_par' dir='ltr' id='par_1_11' title="bbox 402 1267 1984 1346">
     <span class='ocr_line' id='line_1_11' title="bbox 402 1267 1984 1346; baseline -0.009 -15"><span class='ocrx_word' id='word_1_75' title='bbox 402 1278 551 1346; x_wconf 89' lang='lat' dir='ltr'><strong>Quod</strong></span> <span class='ocrx_word' id='word_1_76' title='bbox 587 1278 633 1332; x_wconf 89' lang='lat' dir='ltr'><strong>si</strong></span> <span class='ocrx_word' id='word_1_77' title='bbox 664 1278 734 1331; x_wconf 90' lang='lat' dir='ltr'><strong>ita</strong></span> <span class='ocrx_word' id='word_1_78' title='bbox 766 1285 931 1341; x_wconf 87' lang='lat' dir='ltr'><strong>esset,</strong></span> <span class='ocrx_word' id='word_1_79' title='bbox 961 1288 1138 1329; x_wconf 92' lang='lat' dir='ltr'><strong>meum</strong></span> <span class='ocrx_word' id='word_1_80' title='bbox 1178 1281 1325 1327; x_wconf 90' lang='lat' dir='ltr'><strong>certe</strong></span> <span class='ocrx_word' id='word_1_81' title='bbox 1363 1268 1456 1341; x_wconf 84' lang='lat' dir='ltr'><strong>qui</strong></span> <span class='ocrx_word' id='word_1_82' title='bbox 1493 1267 1833 1337; x_wconf 82' lang='lat' dir='ltr'><strong>navigaturus</strong></span> <span class='ocrx_word' id='word_1_83' title='bbox 1878 1278 1984 1318; x_wconf 91' lang='lat' dir='ltr'><strong>non</strong></span> 
     </span>
    </p>
   </div>
   <div class='ocr_carea' id='block_1_12' title="bbox 400 1368 1229 1437">
    <p class='ocr_par' dir='ltr' id='par_1_12' title="bbox 400 1368 1229 1437">
     <span class='ocr_line' id='line_1_12' title="bbox 400 1368 1229 1437; baseline -0.01 -13"><span class='ocrx_word' id='word_1_84' title='bbox 400 1386 537 1435; x_wconf 87' lang='lat' dir='ltr'><strong>sum,</strong></span> <span class='ocrx_word' id='word_1_85' title='bbox 570 1368 892 1437; x_wconf 81' lang='lat' dir='ltr'><strong>inexpiatum</strong></span> <span class='ocrx_word' id='word_1_86' title='bbox 910 1372 1229 1420; x_wconf 84' lang='lat' dir='ltr'><strong>remaneret.</strong></span> 
     </span>
    </p>
   </div>
   <div class='ocr_carea' id='block_1_13' title="bbox 471 1447 1986 1522">
    <p class='ocr_par' dir='ltr' id='par_1_13' title="bbox 471 1447 1986 1522">
     <span class='ocr_line' id='line_1_13' title="bbox 471 1447 1986 1522; baseline -0.01 -7"><span class='ocrx_word' id='word_1_87' title='bbox 471 1462 525 1515; x_wconf 80' lang='grc'><strong>5.</strong></span> <span class='ocrx_word' id='word_1_88' title='bbox 554 1459 753 1516; x_wconf 90' lang='lat' dir='ltr'><strong>Scribis</strong></span> <span class='ocrx_word' id='word_1_89' title='bbox 779 1460 941 1513; x_wconf 89' lang='lat' dir='ltr'><strong>etiam</strong></span> <span class='ocrx_word' id='word_1_90' title='bbox 965 1468 1128 1511; x_wconf 86' lang='lat' dir='ltr'><strong>nosse</strong></span> <span class='ocrx_word' id='word_1_91' title='bbox 1147 1468 1234 1509; x_wconf 92' lang='lat' dir='ltr'><strong>me</strong></span> <span class='ocrx_word' id='word_1_92' title='bbox 1259 1466 1416 1522; x_wconf 90' lang='lat' dir='ltr'><strong>quam</strong></span> <span class='ocrx_word' id='word_1_93' title='bbox 1440 1450 1535 1513; x_wconf 83' lang='lat' dir='ltr'><strong>tibi</strong></span> <span class='ocrx_word' id='word_1_94' title='bbox 1556 1447 1986 1504; x_wconf 87' lang='lat' dir='ltr'><strong>molestissimum</strong></span> 
     </span>
    </p>
   </div>
   <div class='ocr_carea' id='block_1_14' title="bbox 402 1541 1988 1619">
    <p class='ocr_par' dir='ltr' id='par_1_14' title="bbox 402 1541 1988 1619">
     <span class='ocr_line' id='line_1_14' title="bbox 402 1541 1988 1619; baseline -0.011 -8"><span class='ocrx_word' id='word_1_95' title='bbox 402 1557 469 1611; x_wconf 85' lang='lat' dir='ltr'><strong>sit</strong></span> <span class='ocrx_word' id='word_1_96' title='bbox 488 1553 637 1608; x_wconf 81' lang='lat' dir='ltr'><strong>oneri</strong></span> <span class='ocrx_word' id='word_1_97' title='bbox 662 1567 781 1608; x_wconf 88' lang='lat' dir='ltr'><strong>esse</strong></span> <span class='ocrx_word' id='word_1_98' title='bbox 801 1550 1048 1619; x_wconf 87' lang='lat' dir='ltr'><strong>cuipiam,</strong></span> <span class='ocrx_word' id='word_1_99' title='bbox 1078 1556 1133 1603; x_wconf 91' lang='lat' dir='ltr'><strong>et</strong></span> <span class='ocrx_word' id='word_1_100' title='bbox 1151 1544 1420 1601; x_wconf 87' lang='lat' dir='ltr'><strong>attestaris</strong></span> <span class='ocrx_word' id='word_1_101' title='bbox 1445 1543 1617 1597; x_wconf 82' lang='lat' dir='ltr'><strong>solum</strong></span> <span class='ocrx_word' id='word_1_102' title='bbox 1641 1541 1801 1595; x_wconf 89' lang='lat' dir='ltr'><strong>Deum</strong></span> <span class='ocrx_word' id='word_1_103' title='bbox 1824 1552 1988 1593; x_wconf 86' lang='lat' dir='ltr'><strong>nosse</strong></span> 
     </span>
    </p>
   </div>
   <div class='ocr_carea' id='block_1_15' title="bbox 402 1632 1987 1718">
    <p class='ocr_par' dir='ltr' id='par_1_15' title="bbox 402 1632 1987 1718">
     <span class='ocr_line' id='line_1_15' title="bbox 402 1632 1987 1718; baseline -0.01 -17"><span class='ocrx_word' id='word_1_104' title='bbox 402 1646 541 1718; x_wconf 79' lang='lat' dir='ltr'><strong>quod</strong></span> <span class='ocrx_word' id='word_1_105' title='bbox 568 1646 729 1700; x_wconf 85' lang='lat' dir='ltr'><strong>nimia</strong></span> <span class='ocrx_word' id='word_1_106' title='bbox 759 1641 1076 1699; x_wconf 83' lang='lat' dir='ltr'><strong>necessitate</strong></span> <span class='ocrx_word' id='word_1_107' title='bbox 1092 1639 1347 1709; x_wconf 89' lang='lat' dir='ltr'><strong>impulsus</strong></span> <span class='ocrx_word' id='word_1_108' title='bbox 1369 1636 1471 1693; x_wconf 90' lang='lat' dir='ltr'><strong>hoc</strong></span> <span class='ocrx_word' id='word_1_109' title='bbox 1498 1634 1708 1689; x_wconf 80' lang='lat' dir='ltr'><strong>feceris.</strong></span> <span class='ocrx_word' id='word_1_110' title='bbox 1734 1632 1830 1686; x_wconf 87' lang='lat' dir='ltr'><strong>llic</strong></span> <span class='ocrx_word' id='word_1_111' title='bbox 1856 1646 1987 1685; x_wconf 87' lang='lat' dir='ltr'><strong>sane</strong></span> 
     </span>
    </p>
   </div>
   <div class='ocr_carea' id='block_1_16' title="bbox 402 1726 1985 1807">
    <p class='ocr_par' dir='ltr' id='par_1_16' title="bbox 402 1726 1985 1807">
     <span class='ocr_line' id='line_1_16' title="bbox 402 1726 1985 1807; baseline -0.011 -12"><span class='ocrx_word' id='word_1_112' title='bbox 402 1755 524 1795; x_wconf 91' lang='lat' dir='ltr'><strong>cum</strong></span> <span class='ocrx_word' id='word_1_113' title='bbox 559 1736 839 1807; x_wconf 80' lang='lat' dir='ltr'><strong>epistolam</strong></span> <span class='ocrx_word' id='word_1_114' title='bbox 866 1743 1007 1789; x_wconf 89' lang='lat' dir='ltr'><strong>tuam</strong></span> <span class='ocrx_word' id='word_1_115' title='bbox 1040 1734 1269 1802; x_wconf 90' lang='lat' dir='ltr'><strong>legerem</strong></span> <span class='ocrx_word' id='word_1_116' title='bbox 1290 1770 1306 1796; x_wconf 95' lang='lat'><strong>,</strong></span> <span class='ocrx_word' id='word_1_117' title='bbox 1335 1729 1465 1783; x_wconf 85' lang='lat' dir='ltr'><strong>satis</strong></span> <span class='ocrx_word' id='word_1_118' title='bbox 1505 1726 1707 1781; x_wconf 85' lang='lat' dir='ltr'><strong>adverti</strong></span> <span class='ocrx_word' id='word_1_119' title='bbox 1748 1726 1985 1778; x_wconf 88' lang='lat' dir='ltr'><strong>aninnnn</strong></span> 
     </span>
    </p>
   </div>
   <div class='ocr_carea' id='block_1_17' title="bbox 400 1814 1986 1898">
    <p class='ocr_par' dir='ltr' id='par_1_17' title="bbox 400 1814 1986 1898">
     <span class='ocr_line' id='line_1_17' title="bbox 400 1814 1986 1898; baseline -0.01 -13"><span class='ocrx_word' id='word_1_120' title='bbox 400 1842 722 1898; x_wconf 78' lang='lat' dir='ltr'><strong>cognoscere</strong></span> <span class='ocrx_word' id='word_1_121' title='bbox 747 1824 1122 1883; x_wconf 76' lang='lat' dir='ltr'><strong>necessitatem</strong></span> <span class='ocrx_word' id='word_1_122' title='bbox 1164 1831 1305 1876; x_wconf 89' lang='lat' dir='ltr'><strong>tuam</strong></span> <span class='ocrx_word' id='word_1_123' title='bbox 1324 1861 1339 1885; x_wconf 95' lang='lat'><strong>,</strong></span> <span class='ocrx_word' id='word_1_124' title='bbox 1369 1834 1490 1873; x_wconf 91' lang='lat' dir='ltr'><strong>eum</strong></span> <span class='ocrx_word' id='word_1_125' title='bbox 1517 1832 1642 1872; x_wconf 86' lang='lat' dir='ltr'><strong>ecce</strong></span> <span class='ocrx_word' id='word_1_126' title='bbox 1671 1815 1798 1870; x_wconf 90' lang='lat' dir='ltr'><strong>mihi</strong></span> <span class='ocrx_word' id='word_1_127' title='bbox 1829 1814 1986 1869; x_wconf 65' lang='lat' dir='ltr'><strong>alters</strong></span> 
     </span>
    </p>
   </div>
   <div class='ocr_carea' id='block_1_18' title="bbox 401 1907 1987 1980">
    <p class='ocr_par' dir='ltr' id='par_1_18' title="bbox 401 1907 1987 1980">
     <span class='ocr_line' id='line_1_18' title="bbox 401 1907 1987 1980; baseline -0.009 -7"><span class='ocrx_word' id='word_1_128' title='bbox 401 1928 457 1973; x_wconf 84' lang='lat' dir='ltr'><strong>et</strong></span> <span class='ocrx_word' id='word_1_129' title='bbox 472 1918 651 1973; x_wconf 85' lang='lat' dir='ltr'><strong>dicis:</strong></span> <span class='ocrx_word' id='word_1_130' title='bbox 686 1916 856 1971; x_wconf 73' lang='lat' dir='ltr'><strong>Mores</strong></span> <span class='ocrx_word' id='word_1_131' title='bbox 893 1914 1153 1968; x_wconf 81' lang='lat' dir='ltr'><strong>hominum</strong></span> <span class='ocrx_word' id='word_1_132' title='bbox 1181 1928 1282 1965; x_wconf 82' lang='lat' dir='ltr'><strong>non</strong></span> <span class='ocrx_word' id='word_1_133' title='bbox 1319 1910 1565 1980; x_wconf 84' lang='lat' dir='ltr'><strong>ignoratis</strong></span> <span class='ocrx_word' id='word_1_134' title='bbox 1585 1951 1600 1973; x_wconf 92' lang='lat'><strong>,</strong></span> <span class='ocrx_word' id='word_1_135' title='bbox 1625 1908 1709 1977; x_wconf 86' lang='lat' dir='ltr'><strong>qui</strong></span> <span class='ocrx_word' id='word_1_136' title='bbox 1746 1907 1987 1977; x_wconf 81' lang='lat' dir='ltr'><strong>proclives</strong></span> 
     </span>
    </p>
   </div>
   <div class='ocr_carea' id='block_1_19' title="bbox 400 1996 1987 2076">
    <p class='ocr_par' dir='ltr' id='par_1_19' title="bbox 400 1996 1987 2076">
     <span class='ocr_line' id='line_1_19' title="bbox 400 1996 1987 2076; baseline -0.008 -15"><span class='ocrx_word' id='word_1_137' title='bbox 400 2018 517 2062; x_wconf 81' lang='lat' dir='ltr'><strong>sunt</strong></span> <span class='ocrx_word' id='word_1_138' title='bbox 541 2007 608 2059; x_wconf 86' lang='lat' dir='ltr'><strong>ad</strong></span> <span class='ocrx_word' id='word_1_139' title='bbox 634 2004 1040 2076; x_wconf 77' lang='lat' dir='ltr'><strong>vituperandum,</strong></span> <span class='ocrx_word' id='word_1_140' title='bbox 1061 2012 1110 2057; x_wconf 88' lang='lat' dir='ltr'><strong>et</strong></span> <span class='ocrx_word' id='word_1_141' title='bbox 1134 2018 1304 2070; x_wconf 86' lang='lat' dir='ltr'><strong>quam,</strong></span> <span class='ocrx_word' id='word_1_142' title='bbox 1324 2001 1367 2053; x_wconf 86' lang='lat' dir='ltr'><strong>si</strong></span> <span class='ocrx_word' id='word_1_143' title='bbox 1392 2001 1729 2068; x_wconf 80' lang='lat' dir='ltr'><strong>interrogatus</strong></span> <span class='ocrx_word' id='word_1_144' title='bbox 1754 1996 1864 2066; x_wconf 86' lang='lat' dir='ltr'><strong>quis</strong></span> <span class='ocrx_word' id='word_1_145' title='bbox 1882 2012 1987 2051; x_wconf 87' lang='lat' dir='ltr'><strong>non</strong></span> 
     </span>
    </p>
   </div>
   <div class='ocr_carea' id='block_1_20' title="bbox 401 2086 1987 2166">
    <p class='ocr_par' dir='ltr' id='par_1_20' title="bbox 401 2086 1987 2166">
     <span class='ocr_line' id='line_1_20' title="bbox 401 2086 1987 2166; baseline -0.008 -17"><span class='ocrx_word' id='word_1_146' title='bbox 401 2097 733 2166; x_wconf 79' lang='lat' dir='ltr'><strong>responderit,</strong></span> <span class='ocrx_word' id='word_1_147' title='bbox 764 2094 995 2155; x_wconf 81' lang='lat' dir='ltr'><strong>indoctus</strong></span> <span class='ocrx_word' id='word_1_148' title='bbox 1023 2103 1068 2145; x_wconf 87' lang='lat' dir='ltr'><strong>et</strong></span> <span class='ocrx_word' id='word_1_149' title='bbox 1096 2090 1241 2145; x_wconf 76' lang='lat' dir='ltr'><strong>hebes</strong></span> <span class='ocrx_word' id='word_1_150' title='bbox 1270 2088 1546 2159; x_wconf 76' lang='lat' dir='ltr'><strong>parabitur.</strong></span> <span class='ocrx_word' id='word_1_151' title='bbox 1577 2086 1687 2140; x_wconf 88' lang='lat' dir='ltr'><strong>lloc</strong></span> <span class='ocrx_word' id='word_1_152' title='bbox 1714 2086 1833 2141; x_wconf 92' lang='lat' dir='ltr'><strong>loco</strong></span> <span class='ocrx_word' id='word_1_153' title='bbox 1860 2100 1987 2138; x_wconf 83' lang='lat' dir='ltr'><strong>vero</strong></span> 
     </span>
    </p>
   </div>
   <div class='ocr_carea' id='block_1_21' title="bbox 400 2175 1986 2245">
    <p class='ocr_par' dir='ltr' id='par_1_21' title="bbox 400 2175 1986 2245">
     <span class='ocr_line' id='line_1_21' title="bbox 400 2175 1986 2245; baseline -0.006 -7"><span class='ocrx_word' id='word_1_154' title='bbox 400 2185 580 2238; x_wconf 83' lang='lat' dir='ltr'><strong>exarsi</strong></span> <span class='ocrx_word' id='word_1_155' title='bbox 631 2183 696 2238; x_wconf 86' lang='lat' dir='ltr'><strong>ad</strong></span> <span class='ocrx_word' id='word_1_156' title='bbox 747 2182 1147 2237; x_wconf 86' lang='lat' dir='ltr'><strong>rescribendum</strong></span> <span class='ocrx_word' id='word_1_157' title='bbox 1206 2179 1299 2233; x_wconf 88' lang='lat' dir='ltr'><strong>tibi</strong></span> <span class='ocrx_word' id='word_1_158' title='bbox 1339 2196 1351 2230; x_wconf 89' lang='lat'><strong><em>:</em></strong></span> <span class='ocrx_word' id='word_1_159' title='bbox 1400 2177 1503 2232; x_wconf 91' lang='lat' dir='ltr'><strong>hoc</strong></span> <span class='ocrx_word' id='word_1_160' title='bbox 1541 2176 1682 2237; x_wconf 85' lang='lat' dir='ltr'><strong>enim</strong></span> <span class='ocrx_word' id='word_1_161' title='bbox 1732 2175 1986 2245; x_wconf 84' lang='lat' dir='ltr'><strong>languore</strong></span> 
     </span>
    </p>
   </div>
   <div class='ocr_carea' id='block_1_22' title="bbox 400 2266 1987 2345">
    <p class='ocr_par' dir='ltr' id='par_1_22' title="bbox 400 2266 1987 2345">
     <span class='ocr_line' id='line_1_22' title="bbox 400 2266 1987 2345; baseline -0.007 -14"><span class='ocrx_word' id='word_1_162' title='bbox 400 2276 564 2331; x_wconf 88' lang='lat' dir='ltr'><strong>animi</strong></span> <span class='ocrx_word' id='word_1_163' title='bbox 593 2276 666 2330; x_wconf 89' lang='lat' dir='ltr'><strong>tui</strong></span> <span class='ocrx_word' id='word_1_164' title='bbox 693 2272 983 2345; x_wconf 84' lang='lat' dir='ltr'><strong>penetrasti</strong></span> <span class='ocrx_word' id='word_1_165' title='bbox 1014 2272 1141 2325; x_wconf 93' lang='lat' dir='ltr'><strong>mihi</strong></span> <span class='ocrx_word' id='word_1_166' title='bbox 1171 2279 1374 2340; x_wconf 89' lang='lat' dir='ltr'><strong>pectus,</strong></span> <span class='ocrx_word' id='word_1_167' title='bbox 1402 2278 1457 2323; x_wconf 88' lang='lat' dir='ltr'><strong>et</strong></span> <span class='ocrx_word' id='word_1_168' title='bbox 1486 2266 1720 2336; x_wconf 89' lang='lat' dir='ltr'><strong>irrupisti</strong></span> <span class='ocrx_word' id='word_1_169' title='bbox 1752 2266 1805 2320; x_wconf 87' lang='lat' dir='ltr'><strong>itt</strong></span> <span class='ocrx_word' id='word_1_170' title='bbox 1830 2279 1987 2320; x_wconf 86' lang='lat' dir='ltr'><strong>curas</strong></span> 
     </span>
    </p>
   </div>
   <div class='ocr_carea' id='block_1_23' title="bbox 401 2357 1987 2431">
    <p class='ocr_par' dir='ltr' id='par_1_23' title="bbox 401 2357 1987 2431">
     <span class='ocr_line' id='line_1_23' title="bbox 401 2357 1987 2431; baseline -0.008 -8"><span class='ocrx_word' id='word_1_171' title='bbox 401 2382 574 2431; x_wconf 85' lang='lat' dir='ltr'><strong>meas,</strong></span> <span class='ocrx_word' id='word_1_172' title='bbox 602 2374 660 2419; x_wconf 92' lang='lat' dir='ltr'><strong>ut</strong></span> <span class='ocrx_word' id='word_1_173' title='bbox 683 2363 1018 2419; x_wconf 88' lang='lat' dir='ltr'><strong>dissimulare</strong></span> <span class='ocrx_word' id='word_1_174' title='bbox 1046 2377 1149 2415; x_wconf 81' lang='lat' dir='ltr'><strong>non</strong></span> <span class='ocrx_word' id='word_1_175' title='bbox 1180 2375 1413 2430; x_wconf 84' lang='lat' dir='ltr'><strong>possem,</strong></span> <span class='ocrx_word' id='word_1_176' title='bbox 1441 2368 1692 2429; x_wconf 89' lang='lat' dir='ltr'><strong>quantum</strong></span> <span class='ocrx_word' id='word_1_177' title='bbox 1723 2372 1808 2411; x_wconf 88' lang='lat' dir='ltr'><strong>me</strong></span> <span class='ocrx_word' id='word_1_178' title='bbox 1848 2357 1987 2410; x_wconf 87' lang='lat' dir='ltr'><strong>Deus</strong></span> 
     </span>
    </p>
   </div>
   <div class='ocr_carea' id='block_1_24' title="bbox 400 2450 1988 2530">
    <p class='ocr_par' dir='ltr' id='par_1_24' title="bbox 400 2450 1988 2530">
     <span class='ocr_line' id='line_1_24' title="bbox 400 2450 1988 2530; baseline -0.008 -15"><span class='ocrx_word' id='word_1_179' title='bbox 400 2460 696 2530; x_wconf 71' lang='lat' dir='ltr'><strong>adiuvaret,</strong></span> <span class='ocrx_word' id='word_1_180' title='bbox 724 2456 923 2513; x_wconf 83' lang='lat' dir='ltr'><strong>mederi</strong></span> <span class='ocrx_word' id='word_1_181' title='bbox 959 2455 1086 2519; x_wconf 84' lang='lat' dir='ltr'><strong>tibi;</strong></span> <span class='ocrx_word' id='word_1_182' title='bbox 1126 2470 1231 2508; x_wconf 91' lang='lat' dir='ltr'><strong>non</strong></span> <span class='ocrx_word' id='word_1_183' title='bbox 1278 2462 1335 2507; x_wconf 92' lang='lat' dir='ltr'><strong>ut</strong></span> <span class='ocrx_word' id='word_1_184' title='bbox 1371 2452 1438 2507; x_wconf 90' lang='lat' dir='ltr'><strong>de</strong></span> <span class='ocrx_word' id='word_1_185' title='bbox 1476 2452 1578 2506; x_wconf 87' lang='lat' dir='ltr'><strong>tuis</strong></span> <span class='ocrx_word' id='word_1_186' title='bbox 1606 2450 1988 2521; x_wconf 68' lang='lat' dir='ltr'><strong>qurestionibus</strong></span> 
     </span>
    </p>
   </div>
   <div class='ocr_carea' id='block_1_25' title="bbox 401 2541 1989 2617">
    <p class='ocr_par' dir='ltr' id='par_1_25' title="bbox 401 2541 1989 2617">
     <span class='ocr_line' id='line_1_25' title="bbox 401 2541 1989 2617; baseline -0.008 -11"><span class='ocrx_word' id='word_1_187' title='bbox 401 2550 697 2606; x_wconf 82' lang='lat' dir='ltr'><strong>enodandis</strong></span> <span class='ocrx_word' id='word_1_188' title='bbox 726 2546 1164 2617; x_wconf 82' lang='lat' dir='ltr'><strong>explieandisque</strong></span> <span class='ocrx_word' id='word_1_189' title='bbox 1190 2545 1480 2614; x_wconf 87' lang='lat' dir='ltr'><strong>cogitarem</strong></span> <span class='ocrx_word' id='word_1_190' title='bbox 1502 2583 1516 2606; x_wconf 96' lang='lat'><strong>,</strong></span> <span class='ocrx_word' id='word_1_191' title='bbox 1550 2542 1644 2596; x_wconf 84' lang='lat' dir='ltr'><strong>sed</strong></span> <span class='ocrx_word' id='word_1_192' title='bbox 1684 2550 1741 2595; x_wconf 91' lang='lat' dir='ltr'><strong>ut</strong></span> <span class='ocrx_word' id='word_1_193' title='bbox 1768 2541 1989 2596; x_wconf 70' lang='lat' dir='ltr'><strong>felicita-</strong></span> 
     </span>
    </p>
   </div>
   <div class='ocr_carea' id='block_1_26' title="bbox 402 2635 1987 2710">
    <p class='ocr_par' dir='ltr' id='par_1_26' title="bbox 402 2635 1987 2710">
     <span class='ocr_line' id='line_1_26' title="bbox 402 2635 1987 2710; baseline -0.008 -12"><span class='ocrx_word' id='word_1_194' title='bbox 402 2654 511 2699; x_wconf 92' lang='lat' dir='ltr'><strong>tem</strong></span> <span class='ocrx_word' id='word_1_195' title='bbox 546 2652 693 2696; x_wconf 86' lang='lat' dir='ltr'><strong>tuam</strong></span> <span class='ocrx_word' id='word_1_196' title='bbox 732 2639 1055 2710; x_wconf 81' lang='lat' dir='ltr'><strong>pendentem</strong></span> <span class='ocrx_word' id='word_1_197' title='bbox 1090 2654 1153 2692; x_wconf 79' lang='lat' dir='ltr'><strong>ex</strong></span> <span class='ocrx_word' id='word_1_198' title='bbox 1181 2636 1374 2706; x_wconf 82' lang='lat' dir='ltr'><strong>linguis</strong></span> <span class='ocrx_word' id='word_1_199' title='bbox 1401 2635 1672 2689; x_wconf 85' lang='lat' dir='ltr'><strong>hominum</strong></span> <span class='ocrx_word' id='word_1_200' title='bbox 1699 2643 1858 2704; x_wconf 90' lang='lat' dir='ltr'><strong>atque</strong></span> <span class='ocrx_word' id='word_1_201' title='bbox 1886 2648 1987 2687; x_wconf 86' lang='lat' dir='ltr'><strong>nu-</strong></span> 
     </span>
    </p>
   </div>
   <div class='ocr_carea' id='block_1_27' title="bbox 404 2724 1989 2794">
    <p class='ocr_par' dir='ltr' id='par_1_27' title="bbox 404 2724 1989 2794">
     <span class='ocr_line' id='line_1_27' title="bbox 404 2724 1989 2794; baseline -0.007 -6"><span class='ocrx_word' id='word_1_202' title='bbox 404 2744 605 2789; x_wconf 89' lang='lat' dir='ltr'><strong>tantem</strong></span> <span class='ocrx_word' id='word_1_203' title='bbox 635 2748 663 2786; x_wconf 91' lang='lat' dir='ltr'><strong>a</strong></span> <span class='ocrx_word' id='word_1_204' title='bbox 695 2741 800 2787; x_wconf 89' lang='lat' dir='ltr'><strong>tam</strong></span> <span class='ocrx_word' id='word_1_205' title='bbox 828 2730 1020 2785; x_wconf 74' lang='lat' dir='ltr'><strong>infelici</strong></span> <span class='ocrx_word' id='word_1_206' title='bbox 1050 2728 1341 2783; x_wconf 89' lang='lat' dir='ltr'><strong>retinaculo</strong></span> <span class='ocrx_word' id='word_1_207' title='bbox 1370 2727 1764 2794; x_wconf 79' lang='lat' dir='ltr'><strong>abrumperent,</strong></span> <span class='ocrx_word' id='word_1_208' title='bbox 1792 2735 1847 2779; x_wconf 91' lang='lat' dir='ltr'><strong>et</strong></span> <span class='ocrx_word' id='word_1_209' title='bbox 1871 2724 1989 2778; x_wconf 84' lang='lat' dir='ltr'><strong>cui-</strong></span> 
     </span>
    </p>
   </div>
   <div class='ocr_carea' id='block_1_28' title="bbox 402 2810 1985 2885">
    <p class='ocr_par' dir='ltr' id='par_1_28' title="bbox 402 2810 1985 2885">
     <span class='ocr_line' id='line_1_28' title="bbox 402 2810 1985 2885; baseline -0.006 -7"><span class='ocrx_word' id='word_1_210' title='bbox 402 2826 526 2879; x_wconf 89' lang='lat' dir='ltr'><strong>dam</strong></span> <span class='ocrx_word' id='word_1_211' title='bbox 569 2823 680 2878; x_wconf 87' lang='lat' dir='ltr'><strong>sedi</strong></span> <span class='ocrx_word' id='word_1_212' title='bbox 725 2822 943 2876; x_wconf 87' lang='lat' dir='ltr'><strong>omnino</strong></span> <span class='ocrx_word' id='word_1_213' title='bbox 988 2821 1318 2874; x_wconf 56' lang='lat' dir='ltr'><strong>inconcussa</strong></span> <span class='ocrx_word' id='word_1_214' title='bbox 1362 2817 1649 2885; x_wconf 83' lang='lat' dir='ltr'><strong>stabilique</strong></span> <span class='ocrx_word' id='word_1_215' title='bbox 1686 2810 1985 2885; x_wconf 86' lang='lat' dir='ltr'><strong>religarcm.</strong></span> 
     </span>
    </p>
   </div>
   <div class='ocr_carea' id='block_1_29' title="bbox 404 2906 1989 2980">
    <p class='ocr_par' dir='ltr' id='par_1_29' title="bbox 404 2906 1989 2980">
     <span class='ocr_line' id='line_1_29' title="bbox 404 2906 1989 2980; baseline -0.006 -11"><span class='ocrx_word' id='word_1_216' title='bbox 404 2915 575 2980; x_wconf 86' lang='lat' dir='ltr'><strong>Tune,</strong></span> <span class='ocrx_word' id='word_1_217' title='bbox 599 2928 632 2967; x_wconf 92' lang='grc' dir='ltr'>ο</span> <span class='ocrx_word' id='word_1_218' title='bbox 658 2913 944 2977; x_wconf 81' lang='lat' dir='ltr'><strong>Dioscore,</strong></span> <span class='ocrx_word' id='word_1_219' title='bbox 972 2925 1074 2965; x_wconf 91' lang='lat' dir='ltr'><strong>nec</strong></span> <span class='ocrx_word' id='word_1_220' title='bbox 1113 2908 1351 2964; x_wconf 86' lang='lat' dir='ltr'><strong>Persium</strong></span> <span class='ocrx_word' id='word_1_221' title='bbox 1382 2916 1527 2961; x_wconf 88' lang='lat' dir='ltr'><strong>tuum</strong></span> <span class='ocrx_word' id='word_1_222' title='bbox 1563 2907 1783 2976; x_wconf 85' lang='lat' dir='ltr'><strong>respicis</strong></span> <span class='ocrx_word' id='word_1_223' title='bbox 1822 2906 1989 2960; x_wconf 81' lang='lat' dir='ltr'><strong>insul-</strong></span> 
     </span>
    </p>
   </div>
   <div class='ocr_carea' id='block_1_30' title="bbox 406 2997 1989 3068">
    <p class='ocr_par' dir='ltr' id='par_1_30' title="bbox 406 2997 1989 3068">
     <span class='ocr_line' id='line_1_30' title="bbox 406 2997 1989 3068; baseline -0.006 -8"><span class='ocrx_word' id='word_1_224' title='bbox 406 3015 608 3060; x_wconf 84' lang='lat' dir='ltr'><strong>tantem</strong></span> <span class='ocrx_word' id='word_1_225' title='bbox 640 3004 733 3058; x_wconf 90' lang='lat' dir='ltr'><strong>tibi</strong></span> <span class='ocrx_word' id='word_1_226' title='bbox 766 3011 1011 3058; x_wconf 84' lang='lat' dir='ltr'><strong>contorto</strong></span> <span class='ocrx_word' id='word_1_227' title='bbox 1034 3000 1316 3064; x_wconf 83' lang='lat' dir='ltr'><strong>versiculo,</strong></span> <span class='ocrx_word' id='word_1_228' title='bbox 1346 2999 1441 3063; x_wconf 89' lang='lat' dir='ltr'><strong>sed</strong></span> <span class='ocrx_word' id='word_1_229' title='bbox 1468 2999 1625 3068; x_wconf 90' lang='lat' dir='ltr'><strong>plane</strong></span> <span class='ocrx_word' id='word_1_230' title='bbox 1654 2997 1857 3068; x_wconf 88' lang='lat' dir='ltr'><strong>puerile</strong></span> <span class='ocrx_word' id='word_1_231' title='bbox 1892 3012 1989 3053; x_wconf 86' lang='lat' dir='ltr'><strong>ca-</strong></span> 
     </span>
    </p>
   </div>
   <div class='ocr_carea' id='block_1_31' title="bbox 404 3086 1989 3166">
    <p class='ocr_par' dir='ltr' id='par_1_31' title="bbox 404 3086 1989 3166">
     <span class='ocr_line' id='line_1_31' title="bbox 404 3086 1989 3166; baseline -0.004 -18"><span class='ocrx_word' id='word_1_232' title='bbox 404 3105 516 3166; x_wconf 85' lang='lat' dir='ltr'><strong>put,</strong></span> <span class='ocrx_word' id='word_1_233' title='bbox 545 3096 589 3149; x_wconf 92' lang='lat' dir='ltr'><strong>si</strong></span> <span class='ocrx_word' id='word_1_234' title='bbox 633 3108 823 3148; x_wconf 87' lang='lat' dir='ltr'><strong>sensus</strong></span> <span class='ocrx_word' id='word_1_235' title='bbox 865 3092 1024 3158; x_wconf 81' lang='lat' dir='ltr'><strong>adsit,</strong></span> <span class='ocrx_word' id='word_1_236' title='bbox 1070 3090 1262 3146; x_wconf 85' lang='lat' dir='ltr'><strong>idoneo</strong></span> <span class='ocrx_word' id='word_1_237' title='bbox 1309 3088 1537 3159; x_wconf 86' lang='lat' dir='ltr'><strong>colapho</strong></span> <span class='ocrx_word' id='word_1_238' title='bbox 1580 3086 1989 3143; x_wconf 78' lang='lat' dir='ltr'><strong>contendentem</strong></span> 
     </span>
    </p>
   </div>
   <div class='ocr_carea' id='block_1_32' title="bbox 403 3193 971 3257">
    <p class='ocr_par' dir='ltr' id='par_1_32' title="bbox 403 3193 971 3257">
     <span class='ocr_line' id='line_1_32' title="bbox 403 3193 971 3257; baseline -0.011 -15"><span class='ocrx_word' id='word_1_239' title='bbox 403 3197 566 3257; x_wconf 84' lang='lat' dir='ltr'><strong>atque</strong></span> <span class='ocrx_word' id='word_1_240' title='bbox 592 3193 926 3241; x_wconf 87' lang='lat' dir='ltr'><strong>coercentem</strong></span> <span class='ocrx_word' id='word_1_241' title='bbox 957 3200 971 3237; x_wconf 91' lang='lat'><strong>:</strong></span> 
     </span>
    </p>
   </div>
   <div class='ocr_carea' id='block_1_33' title="bbox 499 3335 1824 3400">
    <p class='ocr_par' dir='ltr' id='par_1_33' title="bbox 499 3335 1824 3400">
     <span class='ocr_line' id='line_1_33' title="bbox 499 3335 1824 3400; baseline -0.001 -14"><span class='ocrx_word' id='word_1_242' title='bbox 499 3339 629 3387; x_wconf 75' lang='lat' dir='ltr'><strong>Scire</strong></span> <span class='ocrx_word' id='word_1_243' title='bbox 651 3345 787 3388; x_wconf 82' lang='lat' dir='ltr'><strong>mum</strong></span> <span class='ocrx_word' id='word_1_244' title='bbox 811 3336 929 3386; x_wconf 91' lang='lat' dir='ltr'><strong>nihil</strong></span> <span class='ocrx_word' id='word_1_245' title='bbox 955 3344 1048 3400; x_wconf 86' lang='lat' dir='ltr'><strong>est,</strong></span> <span class='ocrx_word' id='word_1_246' title='bbox 1072 3337 1162 3387; x_wconf 88' lang='lat' dir='ltr'><strong>nisi</strong></span> <span class='ocrx_word' id='word_1_247' title='bbox 1187 3345 1237 3388; x_wconf 89' lang='lat' dir='ltr'><strong>te</strong></span> <span class='ocrx_word' id='word_1_248' title='bbox 1272 3339 1398 3388; x_wconf 85' lang='lat' dir='ltr'><strong>scire</strong></span> <span class='ocrx_word' id='word_1_249' title='bbox 1414 3337 1505 3386; x_wconf 87' lang='lat' dir='ltr'><strong>hoc</strong></span> <span class='ocrx_word' id='word_1_250' title='bbox 1524 3338 1643 3387; x_wconf 86' lang='lat' dir='ltr'><strong>sciat</strong></span> <span class='ocrx_word' id='word_1_251' title='bbox 1666 3335 1824 3387; x_wconf 85' lang='lat' dir='ltr'><strong>alter?</strong></span> 
     </span>
    </p>
   </div>
   <div class='ocr_carea' id='block_1_34' title="bbox 1189 3419 1687 3485">
    <p class='ocr_par' dir='ltr' id='par_1_34' title="bbox 1189 3419 1687 3485">
     <span class='ocr_line' id='line_1_34' title="bbox 1189 3419 1687 3485; baseline -0.004 -14"><span class='ocrx_word' id='word_1_252' title='bbox 1189 3419 1404 3485; x_wconf 79' lang='lat' dir='ltr'><strong>(I‘ersitts</strong></span> <span class='ocrx_word' id='word_1_253' title='bbox 1425 3426 1597 3484; x_wconf 81' lang='lat' dir='ltr'><strong>Satyra</strong></span> <span class='ocrx_word' id='word_1_254' title='bbox 1620 3422 1687 3483; x_wconf 84' lang='grc'><strong>1.)</strong></span> 
     </span>
    </p>
   </div>
   <div class='ocr_carea' id='block_1_35' title="bbox 412 3565 1998 3638">
    <p class='ocr_par' dir='ltr' id='par_1_35' title="bbox 412 3565 1998 3638">
     <span class='ocr_line' id='line_1_35' title="bbox 412 3565 1998 3638; baseline -0.002 -15"><span class='ocrx_word' id='word_1_255' title='bbox 412 3569 533 3635; x_wconf 79' lang='lat' dir='ltr'><strong>Tot,</strong></span> <span class='ocrx_word' id='word_1_256' title='bbox 560 3578 616 3623; x_wconf 91' lang='lat' dir='ltr'><strong>ut</strong></span> <span class='ocrx_word' id='word_1_257' title='bbox 643 3568 885 3638; x_wconf 87' lang='lat' dir='ltr'><strong>superius</strong></span> <span class='ocrx_word' id='word_1_258' title='bbox 905 3567 1034 3632; x_wconf 77' lang='lat' dir='ltr'><strong>dixi,</strong></span> <span class='ocrx_word' id='word_1_259' title='bbox 1064 3566 1234 3638; x_wconf 87' lang='lat' dir='ltr'><strong>legisti</strong></span> <span class='ocrx_word' id='word_1_260' title='bbox 1259 3566 1518 3637; x_wconf 82' lang='lat' dir='ltr'><strong>dialogos,</strong></span> <span class='ocrx_word' id='word_1_261' title='bbox 1552 3575 1628 3621; x_wconf 92' lang='lat' dir='ltr'><strong>tot</strong></span> <span class='ocrx_word' id='word_1_262' title='bbox 1653 3565 1998 3637; x_wconf 84' lang='lat' dir='ltr'><strong>philos0pho-</strong></span> 
     </span>
    </p>
   </div>
   <div class='ocr_carea' id='block_1_36' title="bbox 412 3658 1993 3729">
    <p class='ocr_par' dir='ltr' id='par_1_36' title="bbox 412 3658 1993 3729">
     <span class='ocr_line' id='line_1_36' title="bbox 412 3658 1993 3729; baseline -0.002 -15"><span class='ocrx_word' id='word_1_263' title='bbox 412 3676 532 3714; x_wconf 83' lang='lat' dir='ltr'><strong>rum</strong></span> <span class='ocrx_word' id='word_1_264' title='bbox 558 3658 988 3714; x_wconf 83' lang='lat' dir='ltr'><strong>altercationibus</strong></span> <span class='ocrx_word' id='word_1_265' title='bbox 1011 3674 1106 3713; x_wconf 90' lang='lat' dir='ltr'><strong>cor</strong></span> <span class='ocrx_word' id='word_1_266' title='bbox 1145 3659 1435 3713; x_wconf 88' lang='lat' dir='ltr'><strong>inseruisti.</strong></span> <span class='ocrx_word' id='word_1_267' title='bbox 1468 3658 1562 3713; x_wconf 91' lang='lat' dir='ltr'><strong>Dic</strong></span> <span class='ocrx_word' id='word_1_268' title='bbox 1591 3658 1719 3713; x_wconf 91' lang='lat' dir='ltr'><strong>mihi</strong></span> <span class='ocrx_word' id='word_1_269' title='bbox 1746 3660 1864 3729; x_wconf 84' lang='lat' dir='ltr'><strong>quis</strong></span> <span class='ocrx_word' id='word_1_270' title='bbox 1900 3674 1993 3712; x_wconf 84' lang='lat' dir='ltr'><strong>eo-</strong></span> 
     </span>
    </p>
   </div>
   <div class='ocr_carea' id='block_1_37' title="bbox 412 3748 1993 3818">
    <p class='ocr_par' dir='ltr' id='par_1_37' title="bbox 412 3748 1993 3818">
     <span class='ocr_line' id='line_1_37' title="bbox 412 3748 1993 3818; baseline -0.003 -14"><span class='ocrx_word' id='word_1_271' title='bbox 412 3766 531 3804; x_wconf 85' lang='lat' dir='ltr'><strong>rum</strong></span> <span class='ocrx_word' id='word_1_272' title='bbox 558 3750 715 3805; x_wconf 82' lang='lat' dir='ltr'><strong>iinem</strong></span> <span class='ocrx_word' id='word_1_273' title='bbox 731 3750 997 3804; x_wconf 90' lang='lat' dir='ltr'><strong>actionum</strong></span> <span class='ocrx_word' id='word_1_274' title='bbox 1014 3764 1229 3803; x_wconf 91' lang='lat' dir='ltr'><strong>suarum</strong></span> <span class='ocrx_word' id='word_1_275' title='bbox 1246 3749 1581 3804; x_wconf 90' lang='lat' dir='ltr'><strong>constituerit</strong></span> <span class='ocrx_word' id='word_1_276' title='bbox 1600 3749 1650 3803; x_wconf 92' lang='lat' dir='ltr'><strong>in</strong></span> <span class='ocrx_word' id='word_1_277' title='bbox 1670 3748 1809 3803; x_wconf 86' lang='lat' dir='ltr'><strong>fama</strong></span> <span class='ocrx_word' id='word_1_278' title='bbox 1831 3750 1993 3818; x_wconf 89' lang='lat' dir='ltr'><strong>vulgi,</strong></span> 
     </span>
    </p>
   </div>
   <div class='ocr_carea' id='block_1_38' title="bbox 410 3840 1993 3911">
    <p class='ocr_par' dir='ltr' id='par_1_38' title="bbox 410 3840 1993 3911">
     <span class='ocr_line' id='line_1_38' title="bbox 410 3840 1993 3911; baseline 0.001 -18"><span class='ocrx_word' id='word_1_279' title='bbox 410 3849 498 3895; x_wconf 89' lang='lat' dir='ltr'><strong>aut</strong></span> <span class='ocrx_word' id='word_1_280' title='bbox 522 3841 574 3895; x_wconf 92' lang='lat' dir='ltr'><strong>in</strong></span> <span class='ocrx_word' id='word_1_281' title='bbox 595 3841 772 3911; x_wconf 86' lang='lat' dir='ltr'><strong>lingua</strong></span> <span class='ocrx_word' id='word_1_282' title='bbox 794 3840 1066 3894; x_wconf 90' lang='lat' dir='ltr'><strong>hominum</strong></span> <span class='ocrx_word' id='word_1_283' title='bbox 1092 3840 1174 3895; x_wconf 93' lang='lat' dir='ltr'><strong>vel</strong></span> <span class='ocrx_word' id='word_1_284' title='bbox 1198 3840 1455 3894; x_wconf 89' lang='lat' dir='ltr'><strong>bonorum</strong></span> <span class='ocrx_word' id='word_1_285' title='bbox 1475 3849 1632 3909; x_wconf 88' lang='lat' dir='ltr'><strong>atque</strong></span> <span class='ocrx_word' id='word_1_286' title='bbox 1654 3840 1993 3909; x_wconf 88' lang='lat' dir='ltr'><strong>sapientium.</strong></span> 
     </span>
    </p>
   </div>
   <div class='ocr_carea' id='block_1_39' title="bbox 412 3930 1995 4002">
    <p class='ocr_par' dir='ltr' id='par_1_39' title="bbox 412 3930 1995 4002">
     <span class='ocr_line' id='line_1_39' title="bbox 412 3930 1995 4002; baseline -0.002 -16"><span class='ocrx_word' id='word_1_287' title='bbox 412 3931 490 3987; x_wconf 83' lang='lat' dir='ltr'><strong>Tu</strong></span> <span class='ocrx_word' id='word_1_288' title='bbox 516 3941 714 3997; x_wconf 86' lang='lat' dir='ltr'><strong>autem,</strong></span> <span class='ocrx_word' id='word_1_289' title='bbox 748 3940 801 3987; x_wconf 91' lang='lat' dir='ltr'><strong>et</strong></span> <span class='ocrx_word' id='word_1_290' title='bbox 826 3931 964 4002; x_wconf 90' lang='lat' dir='ltr'><strong>quod</strong></span> <span class='ocrx_word' id='word_1_291' title='bbox 991 3931 1159 4001; x_wconf 89' lang='lat' dir='ltr'><strong>magis</strong></span> <span class='ocrx_word' id='word_1_292' title='bbox 1185 3930 1485 4000; x_wconf 91' lang='lat' dir='ltr'><strong>pudendum</strong></span> <span class='ocrx_word' id='word_1_293' title='bbox 1513 3941 1611 3995; x_wconf 89' lang='lat' dir='ltr'><strong>est,</strong></span> <span class='ocrx_word' id='word_1_294' title='bbox 1637 3932 1745 4000; x_wconf 87' lang='lat' dir='ltr'><strong>jam</strong></span> <span class='ocrx_word' id='word_1_295' title='bbox 1781 3932 1995 4000; x_wconf 51' lang='lat' dir='ltr'><strong>naviga-</strong></span> 
     </span>
    </p>
   </div>
   <div class='ocr_carea' id='block_1_40' title="bbox 414 4020 1993 4092">
    <p class='ocr_par' dir='ltr' id='par_1_40' title="bbox 414 4020 1993 4092">
     <span class='ocr_line' id='line_1_40' title="bbox 414 4020 1993 4092; baseline -0.001 -17"><span class='ocrx_word' id='word_1_296' title='bbox 414 4031 583 4090; x_wconf 92' lang='lat' dir='ltr'><strong>turus,</strong></span> <span class='ocrx_word' id='word_1_297' title='bbox 615 4023 743 4078; x_wconf 86' lang='lat' dir='ltr'><strong>satis</strong></span> <span class='ocrx_word' id='word_1_298' title='bbox 771 4023 1025 4092; x_wconf 85' lang='lat' dir='ltr'><strong>praeclare</strong></span> <span class='ocrx_word' id='word_1_299' title='bbox 1054 4031 1104 4075; x_wconf 90' lang='lat' dir='ltr'><strong>te</strong></span> <span class='ocrx_word' id='word_1_300' title='bbox 1134 4021 1185 4075; x_wconf 92' lang='lat' dir='ltr'><strong>in</strong></span> <span class='ocrx_word' id='word_1_301' title='bbox 1213 4020 1389 4075; x_wconf 83' lang='lat' dir='ltr'><strong>Africa</strong></span> <span class='ocrx_word' id='word_1_302' title='bbox 1430 4020 1719 4091; x_wconf 82' lang='lat' dir='ltr'><strong>profecisse</strong></span> <span class='ocrx_word' id='word_1_303' title='bbox 1764 4022 1993 4085; x_wconf 88' lang='lat' dir='ltr'><strong>testaris,</strong></span> 
     </span>
    </p>
   </div>
   <div class='ocr_carea' id='block_1_41' title="bbox 414 4111 1994 4180">
    <p class='ocr_par' dir='ltr' id='par_1_41' title="bbox 414 4111 1994 4180">
     <span class='ocr_line' id='line_1_41' title="bbox 414 4111 1994 4180; baseline 0 -15"><span class='ocrx_word' id='word_1_304' title='bbox 414 4127 534 4166; x_wconf 89' lang='lat' dir='ltr'><strong>cum</strong></span> <span class='ocrx_word' id='word_1_305' title='bbox 559 4112 715 4167; x_wconf 89' lang='lat' dir='ltr'><strong>aliam</strong></span> <span class='ocrx_word' id='word_1_306' title='bbox 743 4112 811 4167; x_wconf 92' lang='lat' dir='ltr'><strong>ob</strong></span> <span class='ocrx_word' id='word_1_307' title='bbox 835 4126 1048 4167; x_wconf 82' lang='lat' dir='ltr'><strong>causam</strong></span> <span class='ocrx_word' id='word_1_308' title='bbox 1073 4119 1123 4165; x_wconf 91' lang='lat' dir='ltr'><strong>te</strong></span> <span class='ocrx_word' id='word_1_309' title='bbox 1148 4111 1297 4165; x_wconf 90' lang='lat' dir='ltr'><strong>oneri</strong></span> <span class='ocrx_word' id='word_1_310' title='bbox 1325 4126 1429 4164; x_wconf 88' lang='lat' dir='ltr'><strong>non</strong></span> <span class='ocrx_word' id='word_1_311' title='bbox 1460 4125 1579 4165; x_wconf 90' lang='lat' dir='ltr'><strong>esse</strong></span> <span class='ocrx_word' id='word_1_312' title='bbox 1603 4112 1801 4165; x_wconf 89' lang='lat' dir='ltr'><strong>asseris</strong></span> <span class='ocrx_word' id='word_1_313' title='bbox 1825 4126 1994 4180; x_wconf 85' lang='lat' dir='ltr'><strong>nego-</strong></span> 
     </span>
    </p>
   </div>
   <div class='ocr_carea' id='block_1_42' title="bbox 415 4202 2000 4273">
    <p class='ocr_par' dir='ltr' id='par_1_42' title="bbox 415 4202 2000 4273">
     <span class='ocr_line' id='line_1_42' title="bbox 415 4202 2000 4273; baseline 0.001 -16"><span class='ocrx_word' id='word_1_314' title='bbox 415 4203 717 4258; x_wconf 88' lang='lat' dir='ltr'><strong>tiosissimis</strong></span> <span class='ocrx_word' id='word_1_315' title='bbox 736 4244 751 4267; x_wconf 87' lang='lat'><strong>,</strong></span> <span class='ocrx_word' id='word_1_316' title='bbox 780 4212 833 4258; x_wconf 89' lang='lat' dir='ltr'><strong>et</strong></span> <span class='ocrx_word' id='word_1_317' title='bbox 860 4204 911 4258; x_wconf 91' lang='lat' dir='ltr'><strong>in</strong></span> <span class='ocrx_word' id='word_1_318' title='bbox 942 4203 1042 4257; x_wconf 90' lang='lat' dir='ltr'><strong>alia</strong></span> <span class='ocrx_word' id='word_1_319' title='bbox 1070 4203 1229 4273; x_wconf 87' lang='lat' dir='ltr'><strong>longe</strong></span> <span class='ocrx_word' id='word_1_320' title='bbox 1261 4202 1510 4256; x_wconf 85' lang='lat' dir='ltr'><strong>distantia</strong></span> <span class='ocrx_word' id='word_1_321' title='bbox 1552 4204 1767 4257; x_wconf 84' lang='lat' dir='ltr'><strong>intentis</strong></span> <span class='ocrx_word' id='word_1_322' title='bbox 1792 4202 2000 4272; x_wconf 83' lang='lat' dir='ltr'><strong>episco-</strong></span> 
     </span>
    </p>
   </div>
   <div class='ocr_carea' id='block_1_43' title="bbox 416 4295 1993 4366">
    <p class='ocr_par' dir='ltr' id='par_1_43' title="bbox 416 4295 1993 4366">
     <span class='ocr_line' id='line_1_43' title="bbox 416 4295 1993 4366; baseline -0.001 -17"><span class='ocrx_word' id='word_1_323' title='bbox 416 4296 527 4365; x_wconf 88' lang='lat' dir='ltr'><strong>pis,</strong></span> <span class='ocrx_word' id='word_1_324' title='bbox 557 4305 614 4351; x_wconf 91' lang='lat' dir='ltr'><strong>ut</strong></span> <span class='ocrx_word' id='word_1_325' title='bbox 641 4296 732 4350; x_wconf 90' lang='lat' dir='ltr'><strong>tibi</strong></span> <span class='ocrx_word' id='word_1_326' title='bbox 762 4304 1030 4366; x_wconf 77' lang='lat' dir='ltr'><strong>exponant</strong></span> <span class='ocrx_word' id='word_1_327' title='bbox 1059 4295 1373 4351; x_wconf 88' lang='lat' dir='ltr'><strong>Ciceronem</strong></span> <span class='ocrx_word' id='word_1_328' title='bbox 1400 4336 1414 4360; x_wconf 96' lang='lat'><strong>,</strong></span> <span class='ocrx_word' id='word_1_329' title='bbox 1444 4295 1544 4349; x_wconf 91' lang='lat' dir='ltr'><strong>nisi</strong></span> <span class='ocrx_word' id='word_1_330' title='bbox 1568 4296 1687 4365; x_wconf 91' lang='lat' dir='ltr'><strong>quia</strong></span> <span class='ocrx_word' id='word_1_331' title='bbox 1716 4296 1870 4350; x_wconf 90' lang='lat' dir='ltr'><strong>times</strong></span> <span class='ocrx_word' id='word_1_332' title='bbox 1901 4296 1993 4349; x_wconf 25' lang='lat' dir='ltr'><strong>ho-r</strong></span> 
     </span>
    </p>
   </div>
   <div class='ocr_carea' id='block_1_44' title="bbox 417 4384 1997 4457">
    <p class='ocr_par' dir='ltr' id='par_1_44' title="bbox 417 4384 1997 4457">
     <span class='ocr_line' id='line_1_44' title="bbox 417 4384 1997 4457; baseline -0.002 -15"><span class='ocrx_word' id='word_1_333' title='bbox 417 4387 587 4442; x_wconf 90' lang='lat' dir='ltr'><strong>mines</strong></span> <span class='ocrx_word' id='word_1_334' title='bbox 628 4387 887 4457; x_wconf 80' lang='lat' dir='ltr'><strong>proclives</strong></span> <span class='ocrx_word' id='word_1_335' title='bbox 914 4386 978 4439; x_wconf 90' lang='lat' dir='ltr'><strong>ad</strong></span> <span class='ocrx_word' id='word_1_336' title='bbox 1005 4385 1430 4455; x_wconf 85' lang='lat' dir='ltr'><strong>vituperandum,</strong></span> <span class='ocrx_word' id='word_1_337' title='bbox 1462 4400 1529 4439; x_wconf 90' lang='lat' dir='ltr'><strong>ne</strong></span> <span class='ocrx_word' id='word_1_338' title='bbox 1555 4384 1907 4455; x_wconf 79' lang='lat' dir='ltr'><strong>interrogatus</strong></span> <span class='ocrx_word' id='word_1_339' title='bbox 1929 4384 1997 4439; x_wconf 85' lang='lat' dir='ltr'><strong>ab</strong></span> 
     </span>
    </p>
   </div>
   <div class='ocr_carea' id='block_1_45' title="bbox 416 4476 1997 4546">
    <p class='ocr_par' dir='ltr' id='par_1_45' title="bbox 416 4476 1997 4546">
     <span class='ocr_line' id='line_1_45' title="bbox 416 4476 1997 4546; baseline -0.001 -15"><span class='ocrx_word' id='word_1_340' title='bbox 416 4479 516 4544; x_wconf 90' lang='lat' dir='ltr'><strong>eis,</strong></span> <span class='ocrx_word' id='word_1_341' title='bbox 537 4478 581 4531; x_wconf 87' lang='lat' dir='ltr'><strong>si</strong></span> <span class='ocrx_word' id='word_1_342' title='bbox 621 4492 724 4532; x_wconf 91' lang='lat' dir='ltr'><strong>non</strong></span> <span class='ocrx_word' id='word_1_343' title='bbox 760 4476 1119 4546; x_wconf 85' lang='lat' dir='ltr'><strong>responderis,</strong></span> <span class='ocrx_word' id='word_1_344' title='bbox 1143 4476 1386 4531; x_wconf 90' lang='lat' dir='ltr'><strong>indoctus</strong></span> <span class='ocrx_word' id='word_1_345' title='bbox 1415 4476 1657 4531; x_wconf 68' lang='lat' dir='ltr'><strong>et&#39;hebes</strong></span> <span class='ocrx_word' id='word_1_346' title='bbox 1683 4476 1911 4545; x_wconf 84' lang='lat' dir='ltr'><strong>puteris!</strong></span> <span class='ocrx_word' id='word_1_347' title='bbox 1952 4476 1997 4530; x_wconf 90' lang='lat'><strong>0</strong></span> 
     </span>
    </p>
   </div>
   <div class='ocr_carea' id='block_1_46' title="bbox 416 4569 1993 4641">
    <p class='ocr_par' dir='ltr' id='par_1_46' title="bbox 416 4569 1993 4641">
     <span class='ocr_line' id='line_1_46' title="bbox 416 4569 1993 4641; baseline 0 -17"><span class='ocrx_word' id='word_1_348' title='bbox 416 4586 532 4625; x_wconf 84' lang='lat' dir='ltr'><strong>rem</strong></span> <span class='ocrx_word' id='word_1_349' title='bbox 561 4570 772 4641; x_wconf 88' lang='lat' dir='ltr'><strong>dignam</strong></span> <span class='ocrx_word' id='word_1_350' title='bbox 806 4569 998 4639; x_wconf 84' lang='lat' dir='ltr'><strong>vigiliis</strong></span> <span class='ocrx_word' id='word_1_351' title='bbox 1024 4579 1078 4624; x_wconf 90' lang='lat' dir='ltr'><strong>et</strong></span> <span class='ocrx_word' id='word_1_352' title='bbox 1103 4570 1558 4625; x_wconf 88' lang='lat' dir='ltr'><strong>lucubrationibus</strong></span> <span class='ocrx_word' id='word_1_353' title='bbox 1590 4570 1993 4639; x_wconf 85' lang='lat' dir='ltr'><strong>episcoporum!</strong></span> 
     </span>
    </p>
   </div>
   <div class='ocr_carea' id='block_1_47' title="bbox 487 4660 1993 4733">
    <p class='ocr_par' dir='ltr' id='par_1_47' title="bbox 487 4660 1993 4733">
     <span class='ocr_line' id='line_1_47' title="bbox 487 4660 1993 4733; baseline 0.002 -17"><span class='ocrx_word' id='word_1_354' title='bbox 487 4662 541 4716; x_wconf 78' lang='grc'><strong>4.</strong></span> <span class='ocrx_word' id='word_1_355' title='bbox 573 4660 688 4715; x_wconf 87' lang='lat' dir='ltr'><strong>Non</strong></span> <span class='ocrx_word' id='word_1_356' title='bbox 711 4662 839 4716; x_wconf 91' lang='lat' dir='ltr'><strong>mihi</strong></span> <span class='ocrx_word' id='word_1_357' title='bbox 860 4661 1052 4716; x_wconf 82' lang='lat' dir='ltr'><strong>videris</strong></span> <span class='ocrx_word' id='word_1_358' title='bbox 1071 4661 1280 4716; x_wconf 91' lang='lat' dir='ltr'><strong>aliunde</strong></span> <span class='ocrx_word' id='word_1_359' title='bbox 1301 4662 1417 4717; x_wconf 90' lang='lat' dir='ltr'><strong>dies</strong></span> <span class='ocrx_word' id='word_1_360' title='bbox 1438 4671 1725 4733; x_wconf 88' lang='lat' dir='ltr'><strong>noctesque</strong></span> <span class='ocrx_word' id='word_1_361' title='bbox 1739 4665 1993 4733; x_wconf 82' lang='lat' dir='ltr'><strong>cogitare,</strong></span> 
     </span>
    </p>
   </div>
   <div class='ocr_carea' id='block_1_48' title="bbox 418 4752 1999 4823">
    <p class='ocr_par' dir='ltr' id='par_1_48' title="bbox 418 4752 1999 4823">
     <span class='ocr_line' id='line_1_48' title="bbox 418 4752 1999 4823; baseline 0.003 -18"><span class='ocrx_word' id='word_1_362' title='bbox 418 4752 518 4806; x_wconf 90' lang='lat' dir='ltr'><strong>nisi</strong></span> <span class='ocrx_word' id='word_1_363' title='bbox 537 4761 593 4805; x_wconf 93' lang='lat' dir='ltr'><strong>ut</strong></span> <span class='ocrx_word' id='word_1_364' title='bbox 610 4752 659 4805; x_wconf 92' lang='lat' dir='ltr'><strong>in</strong></span> <span class='ocrx_word' id='word_1_365' title='bbox 679 4752 868 4806; x_wconf 89' lang='lat' dir='ltr'><strong>studiis</strong></span> <span class='ocrx_word' id='word_1_366' title='bbox 885 4753 985 4807; x_wconf 90' lang='lat' dir='ltr'><strong>tuis</strong></span> <span class='ocrx_word' id='word_1_367' title='bbox 1004 4761 1163 4823; x_wconf 89' lang='lat' dir='ltr'><strong>atque</strong></span> <span class='ocrx_word' id='word_1_368' title='bbox 1175 4752 1412 4807; x_wconf 87' lang='lat' dir='ltr'><strong>doctrina</strong></span> <span class='ocrx_word' id='word_1_369' title='bbox 1435 4753 1667 4807; x_wconf 89' lang='lat' dir='ltr'><strong>lauderis</strong></span> <span class='ocrx_word' id='word_1_370' title='bbox 1688 4755 1754 4808; x_wconf 90' lang='lat' dir='ltr'><strong>ab</strong></span> <span class='ocrx_word' id='word_1_371' title='bbox 1773 4755 1999 4810; x_wconf 86' lang='lat' dir='ltr'><strong>homini-</strong></span> 
     </span>
    </p>
   </div>
   <div class='ocr_carea' id='block_1_49' title="bbox 419 4845 1997 4914">
    <p class='ocr_par' dir='ltr' id='par_1_49' title="bbox 419 4845 1997 4914">
     <span class='ocr_line' id='line_1_49' title="bbox 419 4845 1997 4914; baseline 0.002 -15"><span class='ocrx_word' id='word_1_372' title='bbox 419 4845 536 4899; x_wconf 88' lang='lat' dir='ltr'><strong>bus.</strong></span> <span class='ocrx_word' id='word_1_373' title='bbox 561 4845 712 4910; x_wconf 78' lang='lat' dir='ltr'><strong>Quod</strong></span> <span class='ocrx_word' id='word_1_374' title='bbox 733 4845 831 4899; x_wconf 88' lang='lat' dir='ltr'><strong>etsi</strong></span> <span class='ocrx_word' id='word_1_375' title='bbox 859 4858 1070 4914; x_wconf 88' lang='lat' dir='ltr'><strong>semper</strong></span> <span class='ocrx_word' id='word_1_376' title='bbox 1106 4845 1172 4898; x_wconf 89' lang='lat' dir='ltr'><strong>ad</strong></span> <span class='ocrx_word' id='word_1_377' title='bbox 1212 4853 1358 4900; x_wconf 87' lang='lat' dir='ltr'><strong>certa</strong></span> <span class='ocrx_word' id='word_1_378' title='bbox 1389 4854 1442 4899; x_wconf 92' lang='lat' dir='ltr'><strong>et</strong></span> <span class='ocrx_word' id='word_1_379' title='bbox 1476 4855 1619 4900; x_wconf 92' lang='lat' dir='ltr'><strong>recta</strong></span> <span class='ocrx_word' id='word_1_380' title='bbox 1660 4845 1997 4902; x_wconf 89' lang='lat' dir='ltr'><strong>tendentibus</strong></span> 
     </span>
    </p>
   </div>
   <div class='ocr_carea' id='block_1_50' title="bbox 428 4935 1999 5005">
    <p class='ocr_par' dir='ltr' id='par_1_50' title="bbox 428 4935 1999 5005">
     <span class='ocr_line' id='line_1_50' title="bbox 428 4935 1999 5005; baseline 0.002 -17"><span class='ocrx_word' id='word_1_381' title='bbox 428 4935 773 5005; x_wconf 87' lang='lat' dir='ltr'><strong>periculosum</strong></span> <span class='ocrx_word' id='word_1_382' title='bbox 794 4950 913 4989; x_wconf 90' lang='lat' dir='ltr'><strong>esse</strong></span> <span class='ocrx_word' id='word_1_383' title='bbox 938 4935 1190 5003; x_wconf 88' lang='lat' dir='ltr'><strong>judicavi,</strong></span> <span class='ocrx_word' id='word_1_384' title='bbox 1220 4952 1359 4991; x_wconf 90' lang='lat' dir='ltr'><strong>nunc</strong></span> <span class='ocrx_word' id='word_1_385' title='bbox 1384 4946 1560 4991; x_wconf 90' lang='lat' dir='ltr'><strong>tamen</strong></span> <span class='ocrx_word' id='word_1_386' title='bbox 1591 4937 1644 4990; x_wconf 93' lang='lat' dir='ltr'><strong>in</strong></span> <span class='ocrx_word' id='word_1_387' title='bbox 1682 4944 1735 4991; x_wconf 89' lang='lat' dir='ltr'><strong>te</strong></span> <span class='ocrx_word' id='word_1_388' title='bbox 1770 4939 1999 4992; x_wconf 81' lang='lat' dir='ltr'><strong>maxime</strong></span> 
     </span>
    </p>
   </div>
   <div class='ocr_carea' id='block_1_51' title="bbox 433 5024 1999 5097">
    <p class='ocr_par' dir='ltr' id='par_1_51' title="bbox 433 5024 1999 5097">
     <span class='ocr_line' id='line_1_51' title="bbox 433 5024 1999 5097; baseline 0.001 -17"><span class='ocrx_word' id='word_1_389' title='bbox 433 5025 699 5095; x_wconf 52' lang='lat' dir='ltr'><strong>txperiora</strong></span> <span class='ocrx_word' id='word_1_390' title='bbox 716 5024 832 5078; x_wconf 83' lang='lat' dir='ltr'><strong>Non</strong></span> <span class='ocrx_word' id='word_1_391' title='bbox 862 5025 1003 5079; x_wconf 90' lang='lat' dir='ltr'><strong>enim</strong></span> <span class='ocrx_word' id='word_1_392' title='bbox 1033 5024 1247 5080; x_wconf 90' lang='lat' dir='ltr'><strong>aliunde</strong></span> <span class='ocrx_word' id='word_1_393' title='bbox 1273 5041 1430 5094; x_wconf 91' lang='lat' dir='ltr'><strong>quam</strong></span> <span class='ocrx_word' id='word_1_394' title='bbox 1460 5042 1524 5081; x_wconf 78' lang='lat' dir='ltr'><strong>ex</strong></span> <span class='ocrx_word' id='word_1_395' title='bbox 1551 5026 1736 5082; x_wconf 87' lang='lat' dir='ltr'><strong>eadem</strong></span> <span class='ocrx_word' id='word_1_396' title='bbox 1763 5029 1999 5097; x_wconf 85' lang='lat' dir='ltr'><strong>pernicie</strong></span> 
     </span>
    </p>
   </div>
   <div class='ocr_carea' id='block_1_52' title="bbox 404 5115 1997 5186">
    <p class='ocr_par' dir='ltr' id='par_1_52' title="bbox 404 5115 1997 5186">
     <span class='ocr_line' id='line_1_52' title="bbox 404 5115 1997 5186; baseline 0.001 -15"><span class='ocrx_word' id='word_1_397' title='bbox 404 5160 416 5177; x_wconf 85' lang='lat'><em>.</em></span> <span class='ocrx_word' id='word_1_398' title='bbox 435 5131 525 5171; x_wconf 70' lang='lat' dir='ltr'><strong>ton</strong></span> <span class='ocrx_word' id='word_1_399' title='bbox 564 5115 739 5171; x_wconf 84' lang='lat' dir='ltr'><strong>vidisti</strong></span> <span class='ocrx_word' id='word_1_400' title='bbox 770 5130 871 5185; x_wconf 86' lang='lat' dir='ltr'><strong>qua</strong></span> <span class='ocrx_word' id='word_1_401' title='bbox 904 5115 1115 5171; x_wconf 79' lang='lat' dir='ltr'><strong>tandem</strong></span> <span class='ocrx_word' id='word_1_402' title='bbox 1164 5133 1220 5170; x_wconf 93' lang='lat' dir='ltr'><strong>re</strong></span> <span class='ocrx_word' id='word_1_403' title='bbox 1258 5133 1535 5186; x_wconf 76' lang='lat' dir='ltr'><strong>possemus</strong></span> <span class='ocrx_word' id='word_1_404' title='bbox 1560 5120 1790 5185; x_wconf 87' lang='lat' dir='ltr'><strong>moveri,</strong></span> <span class='ocrx_word' id='word_1_405' title='bbox 1821 5128 1878 5174; x_wconf 91' lang='lat' dir='ltr'><strong>ut</strong></span> <span class='ocrx_word' id='word_1_406' title='bbox 1906 5121 1997 5174; x_wconf 91' lang='lat' dir='ltr'><strong>tibi</strong></span> 
     </span>
    </p>
   </div>
   <div class='ocr_carea' id='block_1_53' title="bbox 404 5206 1997 5282">
    <p class='ocr_par' dir='ltr' id='par_1_53' title="bbox 404 5206 1997 5282">
     <span class='ocr_line' id='line_1_53' title="bbox 404 5206 1997 5282; baseline 0.003 -21"><span class='ocrx_word' id='word_1_407' title='bbox 404 5206 561 5281; x_wconf 56' lang='lat' dir='ltr'><strong>quod</strong></span> <span class='ocrx_word' id='word_1_408' title='bbox 604 5207 820 5277; x_wconf 86' lang='lat' dir='ltr'><strong>petebas</strong></span> <span class='ocrx_word' id='word_1_409' title='bbox 847 5207 1111 5263; x_wconf 86' lang='lat' dir='ltr'><strong>daremus.</strong></span> <span class='ocrx_word' id='word_1_410' title='bbox 1143 5208 1311 5276; x_wconf 91' lang='lat' dir='ltr'><strong>Quam</strong></span> <span class='ocrx_word' id='word_1_411' title='bbox 1342 5210 1481 5263; x_wconf 88' lang='lat' dir='ltr'><strong>enim</strong></span> <span class='ocrx_word' id='word_1_412' title='bbox 1511 5226 1757 5280; x_wconf 84' lang='lat' dir='ltr'><strong>perverse</strong></span> <span class='ocrx_word' id='word_1_413' title='bbox 1788 5221 1841 5265; x_wconf 91' lang='lat' dir='ltr'><strong>tu</strong></span> <span class='ocrx_word' id='word_1_414' title='bbox 1886 5213 1997 5282; x_wconf 90' lang='lat' dir='ltr'><strong>ipse</strong></span> 
     </span>
    </p>
   </div>
   <div class='ocr_carea' id='block_1_54' title="bbox 420 5298 1995 5372">
    <p class='ocr_par' dir='ltr' id='par_1_54' title="bbox 420 5298 1995 5372">
     <span class='ocr_line' id='line_1_54' title="bbox 420 5298 1995 5372; baseline 0.003 -20"><span class='ocrx_word' id='word_1_415' title='bbox 420 5313 526 5353; x_wconf 90' lang='lat' dir='ltr'><strong>non</strong></span> <span class='ocrx_word' id='word_1_416' title='bbox 557 5299 626 5354; x_wconf 90' lang='lat' dir='ltr'><strong>ob</strong></span> <span class='ocrx_word' id='word_1_417' title='bbox 649 5298 790 5353; x_wconf 90' lang='lat' dir='ltr'><strong>aliud</strong></span> <span class='ocrx_word' id='word_1_418' title='bbox 816 5298 881 5353; x_wconf 90' lang='lat' dir='ltr'><strong>ad</strong></span> <span class='ocrx_word' id='word_1_419' title='bbox 909 5314 971 5353; x_wconf 89' lang='lat' dir='ltr'><strong>ea</strong></span> <span class='ocrx_word' id='word_1_420' title='bbox 1005 5298 1255 5354; x_wconf 89' lang='lat' dir='ltr'><strong>discenda</strong></span> <span class='ocrx_word' id='word_1_421' title='bbox 1296 5316 1413 5370; x_wconf 81' lang='lat' dir='ltr'><strong>qua:</strong></span> <span class='ocrx_word' id='word_1_422' title='bbox 1449 5302 1744 5372; x_wconf 84' lang='lat' dir='ltr'><strong>interrogas</strong></span> <span class='ocrx_word' id='word_1_423' title='bbox 1773 5306 1995 5372; x_wconf 81' lang='lat' dir='ltr'><strong>raperis,</strong></span> 
     </span>
    </p>
   </div>
   <div class='ocr_carea' id='block_1_55' title="bbox 420 5390 1997 5463">
    <p class='ocr_par' dir='ltr' id='par_1_55' title="bbox 420 5390 1997 5463">
     <span class='ocr_line' id='line_1_55' title="bbox 420 5390 1997 5463; baseline 0.006 -20"><span class='ocrx_word' id='word_1_424' title='bbox 420 5390 522 5443; x_wconf 85' lang='lat' dir='ltr'><strong>nisi</strong></span> <span class='ocrx_word' id='word_1_425' title='bbox 561 5400 618 5445; x_wconf 91' lang='lat' dir='ltr'><strong>ut</strong></span> <span class='ocrx_word' id='word_1_426' title='bbox 658 5390 917 5457; x_wconf 88' lang='lat' dir='ltr'><strong>lauderis,</strong></span> <span class='ocrx_word' id='word_1_427' title='bbox 947 5400 1038 5445; x_wconf 88' lang='lat' dir='ltr'><strong>ant</strong></span> <span class='ocrx_word' id='word_1_428' title='bbox 1077 5408 1181 5445; x_wconf 91' lang='lat' dir='ltr'><strong>non</strong></span> <span class='ocrx_word' id='word_1_429' title='bbox 1213 5394 1525 5462; x_wconf 81' lang='lat' dir='ltr'><strong>vitupereris</strong></span> <span class='ocrx_word' id='word_1_430' title='bbox 1567 5395 1634 5449; x_wconf 90' lang='lat' dir='ltr'><strong>ab</strong></span> <span class='ocrx_word' id='word_1_431' title='bbox 1663 5394 1997 5463; x_wconf 88' lang='lat' dir='ltr'><strong>hominibus;</strong></span> 
     </span>
    </p>
   </div>
   <div class='ocr_carea' id='block_1_56' title="bbox 424 5482 1998 5554">
    <p class='ocr_par' dir='ltr' id='par_1_56' title="bbox 424 5482 1998 5554">
     <span class='ocr_line' id='line_1_56' title="bbox 424 5482 1998 5554; baseline 0.007 -21"><span class='ocrx_word' id='word_1_432' title='bbox 424 5489 532 5534; x_wconf 89' lang='lat' dir='ltr'><strong>tam</strong></span> <span class='ocrx_word' id='word_1_433' title='bbox 565 5496 815 5550; x_wconf 84' lang='lat' dir='ltr'><strong>perverse</strong></span> <span class='ocrx_word' id='word_1_434' title='bbox 840 5482 999 5537; x_wconf 84' lang='lat' dir='ltr'><strong>etiam</strong></span> <span class='ocrx_word' id='word_1_435' title='bbox 1032 5498 1130 5538; x_wconf 85' lang='lat' dir='ltr'><strong>nos</strong></span> <span class='ocrx_word' id='word_1_436' title='bbox 1158 5492 1307 5551; x_wconf 89' lang='lat' dir='ltr'><strong>putas</strong></span> <span class='ocrx_word' id='word_1_437' title='bbox 1336 5485 1386 5536; x_wconf 94' lang='lat' dir='ltr'><strong>in</strong></span> <span class='ocrx_word' id='word_1_438' title='bbox 1413 5493 1500 5537; x_wconf 90' lang='lat' dir='ltr'><strong>tua</strong></span> <span class='ocrx_word' id='word_1_439' title='bbox 1527 5487 1779 5554; x_wconf 90' lang='lat' dir='ltr'><strong>petitione</strong></span> <span class='ocrx_word' id='word_1_440' title='bbox 1807 5487 1998 5544; x_wconf 88' lang='lat' dir='ltr'><strong>talibus</strong></span> 
     </span>
    </p>
   </div>
   <div class='ocr_carea' id='block_1_57' title="bbox 422 5570 2000 5642">
    <p class='ocr_par' dir='ltr' id='par_1_57' title="bbox 422 5570 2000 5642">
     <span class='ocr_line' id='line_1_57' title="bbox 422 5570 2000 5642; baseline 0.006 -19"><span class='ocrx_word' id='word_1_441' title='bbox 422 5573 599 5626; x_wconf 89' lang='lat' dir='ltr'><strong>causis</strong></span> <span class='ocrx_word' id='word_1_442' title='bbox 623 5570 861 5641; x_wconf 90' lang='lat' dir='ltr'><strong>allegatis</strong></span> <span class='ocrx_word' id='word_1_443' title='bbox 890 5573 1113 5627; x_wconf 89' lang='lat' dir='ltr'><strong>moveri.</strong></span> <span class='ocrx_word' id='word_1_444' title='bbox 1156 5573 1221 5626; x_wconf 87' lang='lat' dir='ltr'><strong>Et</strong></span> <span class='ocrx_word' id='word_1_445' title='bbox 1260 5573 1458 5626; x_wconf 81' lang='lat' dir='ltr'><strong>utinam</strong></span> <span class='ocrx_word' id='word_1_446' title='bbox 1485 5589 1760 5642; x_wconf 84' lang='lat' dir='ltr'><strong>possemus</strong></span> <span class='ocrx_word' id='word_1_447' title='bbox 1790 5576 2000 5632; x_wconf 83' lang='lat' dir='ltr'><strong>efﬁcere</strong></span> 
     </span>
    </p>
   </div>
   <div class='ocr_carea' id='block_1_58' title="bbox 423 5663 2001 5734">
    <p class='ocr_par' dir='ltr' id='par_1_58' title="bbox 423 5663 2001 5734">
     <span class='ocr_line' id='line_1_58' title="bbox 423 5663 2001 5734; baseline 0.005 -19"><span class='ocrx_word' id='word_1_448' title='bbox 423 5672 480 5716; x_wconf 88' lang='lat' dir='ltr'><strong>ut</strong></span> <span class='ocrx_word' id='word_1_449' title='bbox 512 5670 566 5717; x_wconf 91' lang='lat' dir='ltr'><strong>tu</strong></span> <span class='ocrx_word' id='word_1_450' title='bbox 591 5678 803 5733; x_wconf 87' lang='lat' dir='ltr'><strong>quoque</strong></span> <span class='ocrx_word' id='word_1_451' title='bbox 829 5672 935 5719; x_wconf 87' lang='lat' dir='ltr'><strong>tam</strong></span> <span class='ocrx_word' id='word_1_452' title='bbox 963 5663 1103 5719; x_wconf 90' lang='lat' dir='ltr'><strong>inani</strong></span> <span class='ocrx_word' id='word_1_453' title='bbox 1144 5672 1300 5734; x_wconf 85' lang='lat' dir='ltr'><strong>atque</strong></span> <span class='ocrx_word' id='word_1_454' title='bbox 1337 5663 1508 5719; x_wconf 80' lang='lat' dir='ltr'><strong>fallaci</strong></span> <span class='ocrx_word' id='word_1_455' title='bbox 1549 5665 1791 5719; x_wconf 71' lang='lat' dir='ltr'><strong>humana:</strong></span> <span class='ocrx_word' id='word_1_456' title='bbox 1834 5668 2001 5724; x_wconf 90' lang='lat' dir='ltr'><strong>laudis</strong></span> 
     </span>
    </p>
   </div>
   <div class='ocr_carea' id='block_1_59' title="bbox 424 5752 1997 5827">
    <p class='ocr_par' dir='ltr' id='par_1_59' title="bbox 424 5752 1997 5827">
     <span class='ocr_line' id='line_1_59' title="bbox 424 5752 1997 5827; baseline 0.003 -18"><span class='ocrx_word' id='word_1_457' title='bbox 424 5752 566 5811; x_wconf 79' lang='lat' dir='ltr'><strong>bono</strong></span> <span class='ocrx_word' id='word_1_458' title='bbox 590 5752 810 5815; x_wconf 85' lang='lat' dir='ltr'><strong>minime</strong></span> <span class='ocrx_word' id='word_1_459' title='bbox 834 5754 1162 5820; x_wconf 85' lang='lat' dir='ltr'><strong>movereris,</strong></span> <span class='ocrx_word' id='word_1_460' title='bbox 1194 5770 1315 5812; x_wconf 88' lang='lat' dir='ltr'><strong>cum</strong></span> <span class='ocrx_word' id='word_1_461' title='bbox 1342 5754 1433 5811; x_wconf 91' lang='lat' dir='ltr'><strong>tibi</strong></span> <span class='ocrx_word' id='word_1_462' title='bbox 1474 5770 1569 5811; x_wconf 89' lang='lat' dir='ltr'><strong>nos</strong></span> <span class='ocrx_word' id='word_1_463' title='bbox 1614 5754 1997 5827; x_wconf 82' lang='lat' dir='ltr'><strong>iudicaremus,</strong></span> 
     </span>
    </p>
   </div>
   <div class='ocr_carea' id='block_1_60' title="bbox 1603 321 2477 385">
    <p class='ocr_par' dir='ltr' id='par_1_60' title="bbox 1603 321 2477 385">
     <span class='ocr_line' id='line_1_60' title="bbox 1603 321 2477 385; baseline -0.003 0"><span class='ocrx_word' id='word_1_464' title='bbox 1603 321 2082 385; x_wconf 69' lang='lat' dir='ltr'><strong>EHSTOLARUM</strong></span> <span class='ocrx_word' id='word_1_465' title='bbox 2118 322 2390 385; x_wconf 79' lang='lat' dir='ltr'><strong>CLASSIS</strong></span> <span class='ocrx_word' id='word_1_466' title='bbox 2412 324 2477 382; x_wconf 86' lang='grc' dir='ltr'><strong>ῐῐ.</strong></span> 
     </span>
    </p>
   </div>
   <div class='ocr_carea' id='block_1_61' title="bbox 3569 334 3677 395">
    <p class='ocr_par' dir='ltr' id='par_1_61' title="bbox 3569 334 3677 395">
     <span class='ocr_line' id='line_1_61' title="bbox 3569 334 3677 395; baseline 0.009 -1"><span class='ocrx_word' id='word_1_467' title='bbox 3569 334 3677 395; x_wconf 58' lang='grc' dir='ltr'><strong>εει</strong></span> 
     </span>
    </p>
   </div>
   <div class='ocr_carea' id='block_1_62' title="bbox 2096 439 3671 519">
    <p class='ocr_par' dir='ltr' id='par_1_62' title="bbox 2096 439 3671 519">
     <span class='ocr_line' id='line_1_62' title="bbox 2096 439 3671 519; baseline 0.011 -28"><span class='ocrx_word' id='word_1_468' title='bbox 2096 455 2198 493; x_wconf 91' lang='lat' dir='ltr'><strong>non</strong></span> <span class='ocrx_word' id='word_1_469' title='bbox 2222 439 2285 493; x_wconf 91' lang='lat' dir='ltr'><strong>ad</strong></span> <span class='ocrx_word' id='word_1_470' title='bbox 2312 440 2669 511; x_wconf 84' lang='lat' dir='ltr'><strong>praestandum</strong></span> <span class='ocrx_word' id='word_1_471' title='bbox 2697 442 2789 499; x_wconf 90' lang='lat' dir='ltr'><strong>tibi</strong></span> <span class='ocrx_word' id='word_1_472' title='bbox 2814 444 2952 516; x_wconf 89' lang='lat' dir='ltr'><strong>quod</strong></span> <span class='ocrx_word' id='word_1_473' title='bbox 2978 448 3132 516; x_wconf 84' lang='lat' dir='ltr'><strong>petis,</strong></span> <span class='ocrx_word' id='word_1_474' title='bbox 3166 451 3411 519; x_wconf 89' lang='lat' dir='ltr'><strong>quoniam</strong></span> <span class='ocrx_word' id='word_1_475' title='bbox 3452 452 3564 507; x_wconf 74' lang='lat' dir='ltr'><strong>lucc</strong></span> <span class='ocrx_word' id='word_1_476' title='bbox 3603 454 3671 509; x_wconf 88' lang='lat' dir='ltr'><strong>de</strong></span> 
     </span>
    </p>
   </div>
   <div class='ocr_carea' id='block_1_63' title="bbox 2094 532 3674 606">
    <p class='ocr_par' dir='ltr' id='par_1_63' title="bbox 2094 532 3674 606">
     <span class='ocr_line' id='line_1_63' title="bbox 2094 532 3674 606; baseline 0.009 -24"><span class='ocrx_word' id='word_1_477' title='bbox 2094 539 2144 583; x_wconf 90' lang='lat' dir='ltr'><strong>te</strong></span> <span class='ocrx_word' id='word_1_478' title='bbox 2173 532 2380 595; x_wconf 89' lang='lat' dir='ltr'><strong>scribis,</strong></span> <span class='ocrx_word' id='word_1_479' title='bbox 2409 533 2502 587; x_wconf 80' lang='lat' dir='ltr'><strong>sed</strong></span> <span class='ocrx_word' id='word_1_480' title='bbox 2539 532 2605 587; x_wconf 90' lang='lat' dir='ltr'><strong>ad</strong></span> <span class='ocrx_word' id='word_1_481' title='bbox 2644 542 2695 589; x_wconf 91' lang='lat' dir='ltr'><strong>te</strong></span> <span class='ocrx_word' id='word_1_482' title='bbox 2723 537 3096 606; x_wconf 85' lang='lat' dir='ltr'><strong>corrigendum</strong></span> <span class='ocrx_word' id='word_1_483' title='bbox 3125 542 3358 596; x_wconf 80' lang='lat' dir='ltr'><strong>moveri!</strong></span> <span class='ocrx_word' id='word_1_484' title='bbox 3385 542 3554 598; x_wconf 84' lang='lat' dir='ltr'><strong>Mores</strong></span> <span class='ocrx_word' id='word_1_485' title='bbox 3584 544 3674 597; x_wconf 75' lang='lat' dir='ltr'><strong>Ito-</strong></span> 
     </span>
    </p>
   </div>
   <div class='ocr_carea' id='block_1_64' title="bbox 2092 620 3675 702">
    <p class='ocr_par' dir='ltr' id='par_1_64' title="bbox 2092 620 3675 702">
     <span class='ocr_line' id='line_1_64' title="bbox 2092 620 3675 702; baseline 0.01 -30"><span class='ocrx_word' id='word_1_486' title='bbox 2092 620 2302 685; x_wconf 80' lang='lat' dir='ltr'><strong>tninum,</strong></span> <span class='ocrx_word' id='word_1_487' title='bbox 2345 623 2538 693; x_wconf 88' lang='lat' dir='ltr'><strong>inquis,</strong></span> <span class='ocrx_word' id='word_1_488' title='bbox 2583 626 2825 695; x_wconf 81' lang='lat' dir='ltr'><strong>proclives</strong></span> <span class='ocrx_word' id='word_1_489' title='bbox 2857 638 2974 683; x_wconf 84' lang='lat' dir='ltr'><strong>sunt</strong></span> <span class='ocrx_word' id='word_1_490' title='bbox 3015 630 3083 683; x_wconf 87' lang='lat' dir='ltr'><strong>ad</strong></span> <span class='ocrx_word' id='word_1_491' title='bbox 3111 630 3508 700; x_wconf 74' lang='lat' dir='ltr'><strong>vituperandum.</strong></span> <span class='ocrx_word' id='word_1_492' title='bbox 3539 634 3675 702; x_wconf 86' lang='lat' dir='ltr'><strong>Quid</strong></span> 
     </span>
    </p>
   </div>
   <div class='ocr_carea' id='block_1_65' title="bbox 2091 710 3667 794">
    <p class='ocr_par' dir='ltr' id='par_1_65' title="bbox 2091 710 3667 794">
     <span class='ocr_line' id='line_1_65' title="bbox 2091 710 3667 794; baseline 0.01 -32"><span class='ocrx_word' id='word_1_493' title='bbox 2091 710 2321 766; x_wconf 85' lang='lat' dir='ltr'><strong>deinde?</strong></span> <span class='ocrx_word' id='word_1_494' title='bbox 2350 714 2410 766; x_wconf 88' lang='lat' dir='ltr'><strong>Si</strong></span> <span class='ocrx_word' id='word_1_495' title='bbox 2446 715 2784 787; x_wconf 79' lang='lat' dir='ltr'><strong>interrogatus</strong></span> <span class='ocrx_word' id='word_1_496' title='bbox 2818 719 2933 789; x_wconf 82' lang='lat' dir='ltr'><strong>quis</strong></span> <span class='ocrx_word' id='word_1_497' title='bbox 2975 735 3076 774; x_wconf 90' lang='lat' dir='ltr'><strong>non</strong></span> <span class='ocrx_word' id='word_1_498' title='bbox 3113 722 3443 792; x_wconf 83' lang='lat' dir='ltr'><strong>responderit,</strong></span> <span class='ocrx_word' id='word_1_499' title='bbox 3475 724 3667 794; x_wconf 85' lang='lat' dir='ltr'><strong>inquis.</strong></span> 
     </span>
    </p>
   </div>
   <div class='ocr_carea' id='block_1_66' title="bbox 2092 803 3672 884">
    <p class='ocr_par' dir='ltr' id='par_1_66' title="bbox 2092 803 3672 884">
     <span class='ocr_line' id='line_1_66' title="bbox 2092 803 3672 884; baseline 0.009 -29"><span class='ocrx_word' id='word_1_500' title='bbox 2092 803 2331 858; x_wconf 76' lang='lat' dir='ltr'><strong>indoctus</strong></span> <span class='ocrx_word' id='word_1_501' title='bbox 2345 814 2390 859; x_wconf 92' lang='lat' dir='ltr'><strong>et</strong></span> <span class='ocrx_word' id='word_1_502' title='bbox 2420 808 2565 862; x_wconf 82' lang='lat' dir='ltr'><strong>hebes</strong></span> <span class='ocrx_word' id='word_1_503' title='bbox 2589 811 2867 879; x_wconf 81' lang='lat' dir='ltr'><strong>putabitur.</strong></span> <span class='ocrx_word' id='word_1_504' title='bbox 2899 812 3037 868; x_wconf 84' lang='lat' dir='ltr'><strong>Ecce</strong></span> <span class='ocrx_word' id='word_1_505' title='bbox 3066 827 3164 883; x_wconf 88' lang='lat' dir='ltr'><strong>ego</strong></span> <span class='ocrx_word' id='word_1_506' title='bbox 3193 823 3244 868; x_wconf 86' lang='lat' dir='ltr'><strong>te</strong></span> <span class='ocrx_word' id='word_1_507' title='bbox 3270 814 3535 884; x_wconf 78' lang='lat' dir='ltr'><strong>interrogo</strong></span> <span class='ocrx_word' id='word_1_508' title='bbox 3570 834 3672 870; x_wconf 56' lang='lat' dir='ltr'><strong>non</strong></span> 
     </span>
    </p>
   </div>
   <div class='ocr_carea' id='block_1_67' title="bbox 2090 896 3674 975">
    <p class='ocr_par' dir='ltr' id='par_1_67' title="bbox 2090 896 3674 975">
     <span class='ocr_line' id='line_1_67' title="bbox 2090 896 3674 975; baseline 0.007 -24"><span class='ocrx_word' id='word_1_509' title='bbox 2090 896 2157 951; x_wconf 89' lang='lat' dir='ltr'><strong>de</strong></span> <span class='ocrx_word' id='word_1_510' title='bbox 2186 896 2456 956; x_wconf 88' lang='lat' dir='ltr'><strong>Ciceronis</strong></span> <span class='ocrx_word' id='word_1_511' title='bbox 2479 902 2625 958; x_wconf 88' lang='lat' dir='ltr'><strong>libris</strong></span> <span class='ocrx_word' id='word_1_512' title='bbox 2655 904 2850 974; x_wconf 87' lang='lat' dir='ltr'><strong>aliquid</strong></span> <span class='ocrx_word' id='word_1_513' title='bbox 2870 950 2883 971; x_wconf 94' lang='lat'><strong>,</strong></span> <span class='ocrx_word' id='word_1_514' title='bbox 2906 908 3059 975; x_wconf 86' lang='lat' dir='ltr'><strong>cujus</strong></span> <span class='ocrx_word' id='word_1_515' title='bbox 3087 921 3301 965; x_wconf 87' lang='lat' dir='ltr'><strong>sensum</strong></span> <span class='ocrx_word' id='word_1_516' title='bbox 3344 908 3566 963; x_wconf 68' lang='lat' dir='ltr'><strong>fortasse</strong></span> <span class='ocrx_word' id='word_1_517' title='bbox 3596 911 3674 963; x_wconf 81' lang='grc'><strong>1‹·-</strong></span> 
     </span>
    </p>
   </div>
   <div class='ocr_carea' id='block_1_68' title="bbox 2090 992 3671 1069">
    <p class='ocr_par' dir='ltr' id='par_1_68' title="bbox 2090 992 3671 1069">
     <span class='ocr_line' id='line_1_68' title="bbox 2090 992 3671 1069; baseline 0.006 -26"><span class='ocrx_word' id='word_1_518' title='bbox 2090 998 2277 1059; x_wconf 85' lang='lat' dir='ltr'><strong>gentes</strong></span> <span class='ocrx_word' id='word_1_519' title='bbox 2306 992 2557 1062; x_wconf 89' lang='lat' dir='ltr'><strong>indagare</strong></span> <span class='ocrx_word' id='word_1_520' title='bbox 2584 1010 2687 1048; x_wconf 90' lang='lat' dir='ltr'><strong>non</strong></span> <span class='ocrx_word' id='word_1_521' title='bbox 2706 1006 2949 1066; x_wconf 89' lang='lat' dir='ltr'><strong>possunt,</strong></span> <span class='ocrx_word' id='word_1_522' title='bbox 2973 997 3066 1053; x_wconf 86' lang='lat' dir='ltr'><strong>sed</strong></span> <span class='ocrx_word' id='word_1_523' title='bbox 3086 999 3156 1053; x_wconf 88' lang='lat' dir='ltr'><strong>de</strong></span> <span class='ocrx_word' id='word_1_524' title='bbox 3177 1000 3401 1067; x_wconf 85' lang='lat' dir='ltr'><strong>epistola</strong></span> <span class='ocrx_word' id='word_1_525' title='bbox 3430 1003 3671 1069; x_wconf 57' lang='lat' dir='ltr'><strong>ipsa&#39;lua,</strong></span> 
     </span>
    </p>
   </div>
   <div class='ocr_carea' id='block_1_69' title="bbox 2091 1081 3675 1157">
    <p class='ocr_par' dir='ltr' id='par_1_69' title="bbox 2091 1081 3675 1157">
     <span class='ocr_line' id='line_1_69' title="bbox 2091 1081 3675 1157; baseline 0.006 -22"><span class='ocrx_word' id='word_1_526' title='bbox 2091 1081 2235 1136; x_wconf 89' lang='lat' dir='ltr'><strong>etde</strong></span> <span class='ocrx_word' id='word_1_527' title='bbox 2265 1085 2526 1138; x_wconf 86' lang='lat' dir='ltr'><strong>sententia</strong></span> <span class='ocrx_word' id='word_1_528' title='bbox 2569 1086 2851 1142; x_wconf 78' lang='lat' dir='ltr'><strong>verborum</strong></span> <span class='ocrx_word' id='word_1_529' title='bbox 2893 1097 3123 1143; x_wconf 85' lang='lat' dir='ltr'><strong>tuorum.</strong></span> <span class='ocrx_word' id='word_1_530' title='bbox 3158 1090 3354 1157; x_wconf 71' lang='lat' dir='ltr'><strong>Qiter</strong></span> <span class='ocrx_word' id='word_1_531' title='bbox 3398 1092 3539 1146; x_wconf 88' lang='lat' dir='ltr'><strong>enim</strong></span> <span class='ocrx_word' id='word_1_532' title='bbox 3580 1107 3675 1147; x_wconf 83' lang='lat' dir='ltr'><strong>cur</strong></span> 
     </span>
    </p>
   </div>
   <div class='ocr_carea' id='block_1_70' title="bbox 2092 1174 3675 1248">
    <p class='ocr_par' dir='ltr' id='par_1_70' title="bbox 2092 1174 3675 1248">
     <span class='ocr_line' id='line_1_70' title="bbox 2092 1174 3675 1248; baseline 0.008 -21"><span class='ocrx_word' id='word_1_533' title='bbox 2092 1187 2197 1227; x_wconf 88' lang='lat' dir='ltr'><strong>non</strong></span> <span class='ocrx_word' id='word_1_534' title='bbox 2221 1174 2420 1229; x_wconf 78' lang='lat' dir='ltr'><strong>dixeris</strong></span> <span class='ocrx_word' id='word_1_535' title='bbox 2441 1216 2454 1239; x_wconf 96' lang='lat'><strong>,</strong></span> <span class='ocrx_word' id='word_1_536' title='bbox 2483 1175 2583 1242; x_wconf 93' lang='lat' dir='ltr'><strong>Qui</strong></span> <span class='ocrx_word' id='word_1_537' title='bbox 2612 1194 2714 1232; x_wconf 90' lang='lat' dir='ltr'><strong>non</strong></span> <span class='ocrx_word' id='word_1_538' title='bbox 2743 1180 3079 1248; x_wconf 85' lang='lat' dir='ltr'><strong>reSponderit</strong></span> <span class='ocrx_word' id='word_1_539' title='bbox 3099 1222 3115 1248; x_wconf 94' lang='lat'><strong>,</strong></span> <span class='ocrx_word' id='word_1_540' title='bbox 3150 1182 3394 1237; x_wconf 83' lang='lat' dir='ltr'><strong>indoctus</strong></span> <span class='ocrx_word' id='word_1_541' title='bbox 3421 1194 3474 1238; x_wconf 92' lang='lat' dir='ltr'><strong>ct</strong></span> <span class='ocrx_word' id='word_1_542' title='bbox 3508 1184 3675 1240; x_wconf 80' lang='lat' dir='ltr'><strong>hebes</strong></span> 
     </span>
    </p>
   </div>
   <div class='ocr_carea' id='block_1_71' title="bbox 2090 1265 3675 1339">
    <p class='ocr_par' dir='ltr' id='par_1_71' title="bbox 2090 1265 3675 1339">
     <span class='ocr_line' id='line_1_71' title="bbox 2090 1265 3675 1339; baseline 0.008 -20"><span class='ocrx_word' id='word_1_543' title='bbox 2090 1265 2533 1333; x_wconf 84' lang='lat' dir='ltr'><strong>manifestabitur,</strong></span> <span class='ocrx_word' id='word_1_544' title='bbox 2568 1270 2660 1324; x_wconf 91' lang='lat' dir='ltr'><strong>sed</strong></span> <span class='ocrx_word' id='word_1_545' title='bbox 2701 1272 2878 1339; x_wconf 90' lang='lat' dir='ltr'><strong>potius</strong></span> <span class='ocrx_word' id='word_1_546' title='bbox 2921 1272 3153 1338; x_wconf 85' lang='lat' dir='ltr'><strong>dixeris,</strong></span> <span class='ocrx_word' id='word_1_547' title='bbox 3186 1274 3431 1331; x_wconf 77' lang='lat' dir='ltr'><strong>Indoctus</strong></span> <span class='ocrx_word' id='word_1_548' title='bbox 3459 1286 3503 1331; x_wconf 81' lang='lat' dir='ltr'><strong>et</strong></span> <span class='ocrx_word' id='word_1_549' title='bbox 3528 1277 3675 1331; x_wconf 74' lang='lat' dir='ltr'><strong>hebes</strong></span> 
     </span>
    </p>
   </div>
   <div class='ocr_carea' id='block_1_72' title="bbox 2091 1357 3674 1437">
    <p class='ocr_par' dir='ltr' id='par_1_72' title="bbox 2091 1357 3674 1437">
     <span class='ocr_line' id='line_1_72' title="bbox 2091 1357 3674 1437; baseline 0.008 -27"><span class='ocrx_word' id='word_1_550' title='bbox 2091 1357 2380 1428; x_wconf 76' lang='lat' dir='ltr'><strong>putabitur;</strong></span> <span class='ocrx_word' id='word_1_551' title='bbox 2401 1360 2499 1414; x_wconf 85' lang='lat' dir='ltr'><strong>nisi</strong></span> <span class='ocrx_word' id='word_1_552' title='bbox 2528 1362 2649 1431; x_wconf 89' lang='lat' dir='ltr'><strong>quia</strong></span> <span class='ocrx_word' id='word_1_553' title='bbox 2674 1360 2807 1416; x_wconf 57' lang='lat' dir='ltr'><strong>antis</strong></span> <span class='ocrx_word' id='word_1_554' title='bbox 2827 1363 2983 1418; x_wconf 89' lang='lat' dir='ltr'><strong>ctiam</strong></span> <span class='ocrx_word' id='word_1_555' title='bbox 3007 1364 3119 1434; x_wconf 90' lang='lat' dir='ltr'><strong>ipse</strong></span> <span class='ocrx_word' id='word_1_556' title='bbox 3140 1365 3410 1437; x_wconf 84' lang='lat' dir='ltr'><strong>intelligis,</strong></span> <span class='ocrx_word' id='word_1_557' title='bbox 3437 1382 3559 1422; x_wconf 89' lang='lat' dir='ltr'><strong>eum</strong></span> <span class='ocrx_word' id='word_1_558' title='bbox 3586 1369 3674 1437; x_wconf 89' lang='lat' dir='ltr'><strong>qui</strong></span> 
     </span>
    </p>
   </div>
   <div class='ocr_carea' id='block_1_73' title="bbox 2040 1449 3670 1524">
    <p class='ocr_par' dir='ltr' id='par_1_73' title="bbox 2040 1449 3670 1524">
     <span class='ocr_line' id='line_1_73' title="bbox 2040 1449 3670 1524; baseline 0.004 -20"><span class='ocrx_word' id='word_1_559' title='bbox 2040 1514 2052 1524; x_wconf 44' lang='lat'><strong>.</strong></span> <span class='ocrx_word' id='word_1_560' title='bbox 2093 1449 2216 1504; x_wconf 86' lang='lat' dir='ltr'><strong>talia</strong></span> <span class='ocrx_word' id='word_1_561' title='bbox 2244 1465 2347 1505; x_wconf 89' lang='lat' dir='ltr'><strong>non</strong></span> <span class='ocrx_word' id='word_1_562' title='bbox 2374 1452 2728 1522; x_wconf 88' lang='lat' dir='ltr'><strong>responderit,</strong></span> <span class='ocrx_word' id='word_1_563' title='bbox 2759 1469 2864 1507; x_wconf 91' lang='lat' dir='ltr'><strong>non</strong></span> <span class='ocrx_word' id='word_1_564' title='bbox 2891 1469 3008 1510; x_wconf 88' lang='lat' dir='ltr'><strong>esse</strong></span> <span class='ocrx_word' id='word_1_565' title='bbox 3037 1456 3306 1512; x_wconf 90' lang='lat' dir='ltr'><strong>indoctum</strong></span> <span class='ocrx_word' id='word_1_566' title='bbox 3330 1466 3383 1513; x_wconf 86' lang='lat' dir='ltr'><strong>et</strong></span> <span class='ocrx_word' id='word_1_567' title='bbox 3404 1459 3670 1524; x_wconf 86' lang='lat' dir='ltr'><strong>hebetem,</strong></span> 
     </span>
    </p>
   </div>
   <div class='ocr_carea' id='block_1_74' title="bbox 2091 1541 3677 1618">
    <p class='ocr_par' dir='ltr' id='par_1_74' title="bbox 2091 1541 3677 1618">
     <span class='ocr_line' id='line_1_74' title="bbox 2091 1541 3677 1618; baseline 0.004 -22"><span class='ocrx_word' id='word_1_568' title='bbox 2091 1541 2182 1596; x_wconf 87' lang='lat' dir='ltr'><strong>sed</strong></span> <span class='ocrx_word' id='word_1_569' title='bbox 2215 1542 2406 1611; x_wconf 89' lang='lat' dir='ltr'><strong>putari.</strong></span> <span class='ocrx_word' id='word_1_570' title='bbox 2434 1544 2504 1597; x_wconf 86' lang='lat' dir='ltr'><strong>At</strong></span> <span class='ocrx_word' id='word_1_571' title='bbox 2530 1559 2626 1613; x_wconf 85' lang='lat' dir='ltr'><strong>ego</strong></span> <span class='ocrx_word' id='word_1_572' title='bbox 2650 1554 2700 1599; x_wconf 91' lang='lat' dir='ltr'><strong>te</strong></span> <span class='ocrx_word' id='word_1_573' title='bbox 2725 1544 3007 1611; x_wconf 88' lang='lat' dir='ltr'><strong>admoneo,</strong></span> <span class='ocrx_word' id='word_1_574' title='bbox 3033 1562 3153 1601; x_wconf 87' lang='lat' dir='ltr'><strong>eum</strong></span> <span class='ocrx_word' id='word_1_575' title='bbox 3180 1548 3271 1616; x_wconf 80' lang='lat' dir='ltr'><strong>qui</strong></span> <span class='ocrx_word' id='word_1_576' title='bbox 3305 1549 3485 1603; x_wconf 87' lang='lat' dir='ltr'><strong>talium</strong></span> <span class='ocrx_word' id='word_1_577' title='bbox 3524 1559 3677 1618; x_wconf 85' lang='lat' dir='ltr'><strong>puta-</strong></span> 
     </span>
    </p>
   </div>
   <div class='ocr_carea' id='block_1_75' title="bbox 2093 1634 3675 1713">
    <p class='ocr_par' dir='ltr' id='par_1_75' title="bbox 2093 1634 3675 1713">
     <span class='ocr_line' id='line_1_75' title="bbox 2093 1634 3675 1713; baseline 0.004 -24"><span class='ocrx_word' id='word_1_578' title='bbox 2093 1643 2265 1691; x_wconf 88' lang='lat' dir='ltr'><strong>torum</strong></span> <span class='ocrx_word' id='word_1_579' title='bbox 2293 1634 2485 1705; x_wconf 89' lang='lat' dir='ltr'><strong>linguis</strong></span> <span class='ocrx_word' id='word_1_580' title='bbox 2514 1646 2765 1707; x_wconf 85' lang='lat' dir='ltr'><strong>tanquam</strong></span> <span class='ocrx_word' id='word_1_581' title='bbox 2789 1637 3008 1693; x_wconf 80' lang='lat' dir='ltr'><strong>falcibus</strong></span> <span class='ocrx_word' id='word_1_582' title='bbox 3034 1640 3248 1694; x_wconf 84' lang='lat' dir='ltr'><strong>concidi</strong></span> <span class='ocrx_word' id='word_1_583' title='bbox 3276 1642 3445 1708; x_wconf 90' lang='lat' dir='ltr'><strong>timet,</strong></span> <span class='ocrx_word' id='word_1_584' title='bbox 3476 1643 3675 1713; x_wconf 86' lang='lat' dir='ltr'><strong>lignum</strong></span> 
     </span>
    </p>
   </div>
   <div class='ocr_carea' id='block_1_76' title="bbox 2091 1728 3677 1800">
    <p class='ocr_par' dir='ltr' id='par_1_76' title="bbox 2091 1728 3677 1800">
     <span class='ocr_line' id='line_1_76' title="bbox 2091 1728 3677 1800; baseline 0.004 -18"><span class='ocrx_word' id='word_1_585' title='bbox 2091 1741 2211 1782; x_wconf 90' lang='lat' dir='ltr'><strong>esse</strong></span> <span class='ocrx_word' id='word_1_586' title='bbox 2247 1728 2474 1794; x_wconf 91' lang='lat' dir='ltr'><strong>aridum,</strong></span> <span class='ocrx_word' id='word_1_587' title='bbox 2506 1740 2562 1784; x_wconf 91' lang='lat' dir='ltr'><strong>et</strong></span> <span class='ocrx_word' id='word_1_588' title='bbox 2601 1730 2722 1784; x_wconf 89' lang='lat' dir='ltr'><strong>ideo</strong></span> <span class='ocrx_word' id='word_1_589' title='bbox 2747 1746 2854 1785; x_wconf 90' lang='lat' dir='ltr'><strong>non</strong></span> <span class='ocrx_word' id='word_1_590' title='bbox 2886 1731 3059 1800; x_wconf 87' lang='lat' dir='ltr'><strong>putari</strong></span> <span class='ocrx_word' id='word_1_591' title='bbox 3089 1739 3294 1786; x_wconf 89' lang='lat' dir='ltr'><strong>tantum</strong></span> <span class='ocrx_word' id='word_1_592' title='bbox 3325 1732 3592 1789; x_wconf 73' lang='lat' dir='ltr'><strong>indoctum</strong></span> <span class='ocrx_word' id='word_1_593' title='bbox 3623 1745 3677 1789; x_wconf 84' lang='lat' dir='ltr'><strong>et</strong></span> 
     </span>
    </p>
   </div>
   <div class='ocr_carea' id='block_1_77' title="bbox 2090 1818 3255 1892">
    <p class='ocr_par' dir='ltr' id='par_1_77' title="bbox 2090 1818 3255 1892">
     <span class='ocr_line' id='line_1_77' title="bbox 2090 1818 3255 1892; baseline 0.004 -20"><span class='ocrx_word' id='word_1_594' title='bbox 2090 1818 2358 1886; x_wconf 89' lang='lat' dir='ltr'><strong>hebetem,</strong></span> <span class='ocrx_word' id='word_1_595' title='bbox 2390 1820 2485 1874; x_wconf 90' lang='lat' dir='ltr'><strong>sed</strong></span> <span class='ocrx_word' id='word_1_596' title='bbox 2514 1836 2642 1875; x_wconf 87' lang='lat' dir='ltr'><strong>vere</strong></span> <span class='ocrx_word' id='word_1_597' title='bbox 2663 1837 2785 1877; x_wconf 88' lang='lat' dir='ltr'><strong>esse</strong></span> <span class='ocrx_word' id='word_1_598' title='bbox 2808 1831 2969 1892; x_wconf 86' lang='lat' dir='ltr'><strong>atque</strong></span> <span class='ocrx_word' id='word_1_599' title='bbox 2993 1823 3255 1878; x_wconf 90' lang='lat' dir='ltr'><strong>convinci.</strong></span> 
     </span>
    </p>
   </div>
   <div class='ocr_carea' id='block_1_78' title="bbox 2161 1908 3676 1971">
    <p class='ocr_par' dir='ltr' id='par_1_78' title="bbox 2161 1908 3676 1971">
     <span class='ocr_line' id='line_1_78' title="bbox 2161 1908 3676 1971; baseline 0.006 -9"><span class='ocrx_word' id='word_1_600' title='bbox 2161 1908 2214 1963; x_wconf 83' lang='lat'><strong>5.</strong></span> <span class='ocrx_word' id='word_1_601' title='bbox 2257 1909 2505 1966; x_wconf 87' lang='lat' dir='ltr'><strong>Fortasse</strong></span> <span class='ocrx_word' id='word_1_602' title='bbox 2543 1911 2742 1967; x_wconf 82' lang='lat' dir='ltr'><strong>dixeris</strong></span> <span class='ocrx_word' id='word_1_603' title='bbox 2779 1930 2791 1965; x_wconf 90' lang='lat'><strong>:</strong></span> <span class='ocrx_word' id='word_1_604' title='bbox 2824 1912 2929 1968; x_wconf 87' lang='lat' dir='ltr'><strong>Sed</strong></span> <span class='ocrx_word' id='word_1_605' title='bbox 2971 1928 3092 1968; x_wconf 91' lang='lat' dir='ltr'><strong>cum</strong></span> <span class='ocrx_word' id='word_1_606' title='bbox 3139 1913 3306 1970; x_wconf 84' lang='lat' dir='ltr'><strong>hebes</strong></span> <span class='ocrx_word' id='word_1_607' title='bbox 3345 1916 3527 1971; x_wconf 90' lang='lat' dir='ltr'><strong>animo</strong></span> <span class='ocrx_word' id='word_1_608' title='bbox 3573 1931 3676 1971; x_wconf 89' lang='lat' dir='ltr'><strong>non</strong></span> 
     </span>
    </p>
   </div>
   <div class='ocr_carea' id='block_1_79' title="bbox 2090 2000 3677 2071">
    <p class='ocr_par' dir='ltr' id='par_1_79' title="bbox 2090 2000 3677 2071">
     <span class='ocr_line' id='line_1_79' title="bbox 2090 2000 3677 2071; baseline 0.005 -18"><span class='ocrx_word' id='word_1_609' title='bbox 2090 2000 2211 2065; x_wconf 91' lang='lat' dir='ltr'><strong>sim,</strong></span> <span class='ocrx_word' id='word_1_610' title='bbox 2235 2010 2288 2055; x_wconf 91' lang='lat' dir='ltr'><strong>et</strong></span> <span class='ocrx_word' id='word_1_611' title='bbox 2311 2003 2573 2071; x_wconf 65' lang='lat' dir='ltr'><strong>praecipue</strong></span> <span class='ocrx_word' id='word_1_612' title='bbox 2600 2018 2707 2056; x_wconf 93' lang='lat' dir='ltr'><strong>non</strong></span> <span class='ocrx_word' id='word_1_613' title='bbox 2732 2018 2851 2059; x_wconf 88' lang='lat' dir='ltr'><strong>esse</strong></span> <span class='ocrx_word' id='word_1_614' title='bbox 2875 2004 3138 2071; x_wconf 88' lang='lat' dir='ltr'><strong>studeam,</strong></span> <span class='ocrx_word' id='word_1_615' title='bbox 3162 2005 3286 2059; x_wconf 91' lang='lat' dir='ltr'><strong>nolo</strong></span> <span class='ocrx_word' id='word_1_616' title='bbox 3311 2006 3474 2061; x_wconf 89' lang='lat' dir='ltr'><strong>hebes</strong></span> <span class='ocrx_word' id='word_1_617' title='bbox 3499 2008 3677 2062; x_wconf 90' lang='lat' dir='ltr'><strong>animo</strong></span> 
     </span>
    </p>
   </div>
   <div class='ocr_carea' id='block_1_80' title="bbox 2091 2092 3677 2165">
    <p class='ocr_par' dir='ltr' id='par_1_80' title="bbox 2091 2092 3677 2165">
     <span class='ocr_line' id='line_1_80' title="bbox 2091 2092 3677 2165; baseline 0.006 -22"><span class='ocrx_word' id='word_1_618' title='bbox 2091 2092 2173 2145; x_wconf 92' lang='lat' dir='ltr'><strong>vel</strong></span> <span class='ocrx_word' id='word_1_619' title='bbox 2206 2092 2396 2161; x_wconf 87' lang='lat' dir='ltr'><strong>putari.</strong></span> <span class='ocrx_word' id='word_1_620' title='bbox 2423 2092 2617 2158; x_wconf 70' lang='lat' dir='ltr'><strong>liecte;</strong></span> <span class='ocrx_word' id='word_1_621' title='bbox 2650 2094 2743 2148; x_wconf 89' lang='lat' dir='ltr'><strong>sed</strong></span> <span class='ocrx_word' id='word_1_622' title='bbox 2770 2110 2875 2164; x_wconf 90' lang='lat' dir='ltr'><strong>quo</strong></span> <span class='ocrx_word' id='word_1_623' title='bbox 2906 2094 3009 2149; x_wconf 87' lang='lat' dir='ltr'><strong>fine</strong></span> <span class='ocrx_word' id='word_1_624' title='bbox 3036 2096 3192 2163; x_wconf 90' lang='lat' dir='ltr'><strong>nolis,</strong></span> <span class='ocrx_word' id='word_1_625' title='bbox 3225 2096 3277 2152; x_wconf 91' lang='lat' dir='ltr'><strong>id</strong></span> <span class='ocrx_word' id='word_1_626' title='bbox 3297 2112 3500 2165; x_wconf 65' lang='lat' dir='ltr'><strong>quarm.</strong></span> <span class='ocrx_word' id='word_1_627' title='bbox 3525 2097 3677 2164; x_wconf 89' lang='lat' dir='ltr'><strong>Quod</strong></span> 
     </span>
    </p>
   </div>
   <div class='ocr_carea' id='block_1_81' title="bbox 2091 2182 3679 2257">
    <p class='ocr_par' dir='ltr' id='par_1_81' title="bbox 2091 2182 3679 2257">
     <span class='ocr_line' id='line_1_81' title="bbox 2091 2182 3679 2257; baseline 0.004 -21"><span class='ocrx_word' id='word_1_628' title='bbox 2091 2183 2232 2237; x_wconf 84' lang='lat' dir='ltr'><strong>enim</strong></span> <span class='ocrx_word' id='word_1_629' title='bbox 2263 2182 2315 2236; x_wconf 88' lang='lat' dir='ltr'><strong>in</strong></span> <span class='ocrx_word' id='word_1_630' title='bbox 2343 2183 2444 2237; x_wconf 89' lang='lat' dir='ltr'><strong>illis</strong></span> <span class='ocrx_word' id='word_1_631' title='bbox 2469 2184 2852 2253; x_wconf 68' lang='lat' dir='ltr'><strong>quaestionibus</strong></span> <span class='ocrx_word' id='word_1_632' title='bbox 2878 2186 3179 2254; x_wconf 79' lang='lat' dir='ltr'><strong>apericttdis</strong></span> <span class='ocrx_word' id='word_1_633' title='bbox 3211 2188 3300 2241; x_wconf 89' lang='lat' dir='ltr'><strong>tibi</strong></span> <span class='ocrx_word' id='word_1_634' title='bbox 3330 2197 3383 2242; x_wconf 89' lang='lat' dir='ltr'><strong>et</strong></span> <span class='ocrx_word' id='word_1_635' title='bbox 3411 2189 3679 2257; x_wconf 80' lang='lat' dir='ltr'><strong>explican-</strong></span> 
     </span>
    </p>
   </div>
   <div class='ocr_carea' id='block_1_82' title="bbox 2090 2274 3678 2342">
    <p class='ocr_par' dir='ltr' id='par_1_82' title="bbox 2090 2274 3678 2342">
     <span class='ocr_line' id='line_1_82' title="bbox 2090 2274 3678 2342; baseline 0.002 -13"><span class='ocrx_word' id='word_1_636' title='bbox 2090 2274 2194 2340; x_wconf 89' lang='lat' dir='ltr'><strong>dis,</strong></span> <span class='ocrx_word' id='word_1_637' title='bbox 2241 2289 2340 2328; x_wconf 91' lang='lat' dir='ltr'><strong>nec</strong></span> <span class='ocrx_word' id='word_1_638' title='bbox 2370 2274 2522 2329; x_wconf 92' lang='lat' dir='ltr'><strong>nobis</strong></span> <span class='ocrx_word' id='word_1_639' title='bbox 2560 2276 2711 2330; x_wconf 87' lang='lat' dir='ltr'><strong>oneri</strong></span> <span class='ocrx_word' id='word_1_640' title='bbox 2739 2292 2858 2332; x_wconf 88' lang='lat' dir='ltr'><strong>esse</strong></span> <span class='ocrx_word' id='word_1_641' title='bbox 2894 2276 3176 2342; x_wconf 89' lang='lat' dir='ltr'><strong>dubitasti,</strong></span> <span class='ocrx_word' id='word_1_642' title='bbox 3219 2277 3355 2335; x_wconf 82' lang='lat' dir='ltr'><strong>hanc</strong></span> <span class='ocrx_word' id='word_1_643' title='bbox 3381 2294 3593 2333; x_wconf 85' lang='lat' dir='ltr'><strong>causam</strong></span> <span class='ocrx_word' id='word_1_644' title='bbox 3623 2290 3678 2333; x_wconf 91' lang='lat' dir='ltr'><strong>et</strong></span> 
     </span>
    </p>
   </div>
   <div class='ocr_carea' id='block_1_83' title="bbox 2092 2364 3676 2436">
    <p class='ocr_par' dir='ltr' id='par_1_83' title="bbox 2092 2364 3676 2436">
     <span class='ocr_line' id='line_1_83' title="bbox 2092 2364 3676 2436; baseline 0.003 -18"><span class='ocrx_word' id='word_1_645' title='bbox 2092 2364 2232 2420; x_wconf 86' lang='lat' dir='ltr'><strong>hunc</strong></span> <span class='ocrx_word' id='word_1_646' title='bbox 2260 2366 2415 2421; x_wconf 89' lang='lat' dir='ltr'><strong>linem</strong></span> <span class='ocrx_word' id='word_1_647' title='bbox 2441 2380 2561 2420; x_wconf 92' lang='lat' dir='ltr'><strong>esse</strong></span> <span class='ocrx_word' id='word_1_648' title='bbox 2588 2365 2767 2420; x_wconf 78' lang='lat' dir='ltr'><strong>dixisti</strong></span> <span class='ocrx_word' id='word_1_649' title='bbox 2785 2406 2799 2431; x_wconf 95' lang='lat'><strong>,</strong></span> <span class='ocrx_word' id='word_1_650' title='bbox 2832 2375 2887 2422; x_wconf 93' lang='lat' dir='ltr'><strong>et</strong></span> <span class='ocrx_word' id='word_1_651' title='bbox 2914 2375 3019 2421; x_wconf 89' lang='lat' dir='ltr'><strong>tam</strong></span> <span class='ocrx_word' id='word_1_652' title='bbox 3051 2370 3408 2424; x_wconf 85' lang='lat' dir='ltr'><strong>necessarium</strong></span> <span class='ocrx_word' id='word_1_653' title='bbox 3429 2412 3443 2436; x_wconf 93' lang='lat'><strong>,</strong></span> <span class='ocrx_word' id='word_1_654' title='bbox 3478 2377 3535 2424; x_wconf 93' lang='lat' dir='ltr'><strong>ut</strong></span> <span class='ocrx_word' id='word_1_655' title='bbox 3559 2385 3676 2424; x_wconf 87' lang='lat' dir='ltr'><strong>eam</strong></span> 
     </span>
    </p>
   </div>
   <div class='ocr_carea' id='block_1_84' title="bbox 2093 2456 3679 2527">
    <p class='ocr_par' dir='ltr' id='par_1_84' title="bbox 2093 2456 3679 2527">
     <span class='ocr_line' id='line_1_84' title="bbox 2093 2456 3679 2527; baseline 0.003 -17"><span class='ocrx_word' id='word_1_656' title='bbox 2093 2456 2307 2511; x_wconf 88' lang='lat' dir='ltr'><strong>nimiam</strong></span> <span class='ocrx_word' id='word_1_657' title='bbox 2339 2457 2707 2511; x_wconf 82' lang='lat' dir='ltr'><strong>necessitatem</strong></span> <span class='ocrx_word' id='word_1_658' title='bbox 2734 2457 3051 2527; x_wconf 88' lang='lat' dir='ltr'><strong>appellares,</strong></span> <span class='ocrx_word' id='word_1_659' title='bbox 3083 2476 3149 2514; x_wconf 87' lang='lat' dir='ltr'><strong>ne</strong></span> <span class='ocrx_word' id='word_1_660' title='bbox 3175 2459 3377 2514; x_wconf 88' lang='lat' dir='ltr'><strong>scilicet</strong></span> <span class='ocrx_word' id='word_1_661' title='bbox 3401 2460 3471 2515; x_wconf 90' lang='lat' dir='ltr'><strong>de</strong></span> <span class='ocrx_word' id='word_1_662' title='bbox 3496 2460 3580 2514; x_wconf 88' lang='lat' dir='ltr'><strong>his</strong></span> <span class='ocrx_word' id='word_1_663' title='bbox 3606 2460 3679 2514; x_wconf 89' lang='lat' dir='ltr'><strong>iu-</strong></span> 
     </span>
    </p>
   </div>
   <div class='ocr_carea' id='block_1_85' title="bbox 2066 2550 3679 2621">
    <p class='ocr_par' dir='ltr' id='par_1_85' title="bbox 2066 2550 3679 2621">
     <span class='ocr_line' id='line_1_85' title="bbox 2066 2550 3679 2621; baseline 0.001 -16"><span class='ocrx_word' id='word_1_664' title='bbox 2066 2618 2067 2621; x_wconf 10' lang='lat'><strong>,</strong></span> <span class='ocrx_word' id='word_1_665' title='bbox 2094 2558 2389 2619; x_wconf 85' lang='lat' dir='ltr'><strong>terrogatus</strong></span> <span class='ocrx_word' id='word_1_666' title='bbox 2424 2565 2595 2620; x_wconf 90' lang='lat' dir='ltr'><strong>neque</strong></span> <span class='ocrx_word' id='word_1_667' title='bbox 2620 2550 2981 2620; x_wconf 89' lang='lat' dir='ltr'><strong>respondens,</strong></span> <span class='ocrx_word' id='word_1_668' title='bbox 3011 2550 3078 2605; x_wconf 86' lang='lat' dir='ltr'><strong>ab</strong></span> <span class='ocrx_word' id='word_1_669' title='bbox 3104 2550 3407 2606; x_wconf 88' lang='lat' dir='ltr'><strong>hominibus</strong></span> <span class='ocrx_word' id='word_1_670' title='bbox 3440 2552 3506 2605; x_wconf 90' lang='lat' dir='ltr'><strong>ad</strong></span> <span class='ocrx_word' id='word_1_671' title='bbox 3540 2551 3679 2607; x_wconf 88' lang='lat' dir='ltr'><strong>vitu-</strong></span> 
     </span>
    </p>
   </div>
   <div class='ocr_carea' id='block_1_86' title="bbox 2094 2642 3747 2714">
    <p class='ocr_par' dir='ltr' id='par_1_86' title="bbox 2094 2642 3747 2714">
     <span class='ocr_line' id='line_1_86' title="bbox 2094 2642 3747 2714; baseline 0.001 -18"><span class='ocrx_word' id='word_1_672' title='bbox 2094 2642 2384 2712; x_wconf 90' lang='lat' dir='ltr'><strong>perandum</strong></span> <span class='ocrx_word' id='word_1_673' title='bbox 2406 2643 2746 2712; x_wconf 84' lang='lat' dir='ltr'><strong>proclivibus,</strong></span> <span class='ocrx_word' id='word_1_674' title='bbox 2777 2642 2939 2698; x_wconf 91' lang='lat' dir='ltr'><strong>hebes</strong></span> <span class='ocrx_word' id='word_1_675' title='bbox 2960 2642 3304 2714; x_wconf 91' lang='lat' dir='ltr'><strong>indoctusque</strong></span> <span class='ocrx_word' id='word_1_676' title='bbox 3326 2645 3544 2713; x_wconf 89' lang='lat' dir='ltr'><strong>puteris.</strong></span> <span class='ocrx_word' id='word_1_677' title='bbox 3569 2644 3679 2713; x_wconf 82' lang='lat' dir='ltr'><strong>Ego</strong></span> <span class='ocrx_word' id='word_1_678' title='bbox 3744 2642 3747 2645; x_wconf 63' lang='grc'><strong>⁷</strong></span> 
     </span>
    </p>
   </div>
   <div class='ocr_carea' id='block_1_87' title="bbox 2094 2733 3680 2804">
    <p class='ocr_par' dir='ltr' id='par_1_87' title="bbox 2094 2733 3680 2804">
     <span class='ocr_line' id='line_1_87' title="bbox 2094 2733 3680 2804; baseline 0.001 -17"><span class='ocrx_word' id='word_1_679' title='bbox 2094 2744 2272 2789; x_wconf 89' lang='lat' dir='ltr'><strong>autem</strong></span> <span class='ocrx_word' id='word_1_680' title='bbox 2300 2748 2497 2804; x_wconf 64' lang='lat' dir='ltr'><strong>quaero,</strong></span> <span class='ocrx_word' id='word_1_681' title='bbox 2532 2733 2751 2789; x_wconf 90' lang='lat' dir='ltr'><strong>hoccine</strong></span> <span class='ocrx_word' id='word_1_682' title='bbox 2776 2744 2943 2801; x_wconf 87' lang='lat' dir='ltr'><strong>totum</strong></span> <span class='ocrx_word' id='word_1_683' title='bbox 2966 2735 3033 2788; x_wconf 88' lang='lat' dir='ltr'><strong>sit</strong></span> <span class='ocrx_word' id='word_1_684' title='bbox 3061 2750 3156 2788; x_wconf 92' lang='lat' dir='ltr'><strong>cur</strong></span> <span class='ocrx_word' id='word_1_685' title='bbox 3179 2751 3209 2789; x_wconf 91' lang='lat' dir='ltr'><strong>a</strong></span> <span class='ocrx_word' id='word_1_686' title='bbox 3236 2736 3387 2789; x_wconf 86' lang='lat' dir='ltr'><strong>nobis</strong></span> <span class='ocrx_word' id='word_1_687' title='bbox 3413 2735 3508 2790; x_wconf 85' lang='lat' dir='ltr'><strong>ista</strong></span> <span class='ocrx_word' id='word_1_688' title='bbox 3537 2733 3680 2788; x_wconf 85' lang='lat' dir='ltr'><strong>desi-</strong></span> 
     </span>
    </p>
   </div>
   <div class='ocr_carea' id='block_1_88' title="bbox 2095 2825 3681 2896">
    <p class='ocr_par' dir='ltr' id='par_1_88' title="bbox 2095 2825 3681 2896">
     <span class='ocr_line' id='line_1_88' title="bbox 2095 2825 3681 2896; baseline -0.001 -17"><span class='ocrx_word' id='word_1_689' title='bbox 2095 2825 2290 2890; x_wconf 79' lang='lat' dir='ltr'><strong>deres,</strong></span> <span class='ocrx_word' id='word_1_690' title='bbox 2341 2840 2407 2878; x_wconf 89' lang='lat' dir='ltr'><strong>an</strong></span> <span class='ocrx_word' id='word_1_691' title='bbox 2450 2825 2609 2879; x_wconf 90' lang='lat' dir='ltr'><strong>etiam</strong></span> <span class='ocrx_word' id='word_1_692' title='bbox 2659 2825 2903 2881; x_wconf 90' lang='lat' dir='ltr'><strong>indoctus</strong></span> <span class='ocrx_word' id='word_1_693' title='bbox 2946 2835 3002 2881; x_wconf 90' lang='lat' dir='ltr'><strong>et</strong></span> <span class='ocrx_word' id='word_1_694' title='bbox 3049 2826 3212 2881; x_wconf 87' lang='lat' dir='ltr'><strong>hebes</strong></span> <span class='ocrx_word' id='word_1_695' title='bbox 3254 2825 3426 2896; x_wconf 90' lang='lat' dir='ltr'><strong>putari</strong></span> <span class='ocrx_word' id='word_1_696' title='bbox 3465 2834 3681 2894; x_wconf 87' lang='lat' dir='ltr'><strong>propter</strong></span> 
     </span>
    </p>
   </div>
   <div class='ocr_carea' id='block_1_89' title="bbox 2094 2917 3680 2987">
    <p class='ocr_par' dir='ltr' id='par_1_89' title="bbox 2094 2917 3680 2987">
     <span class='ocr_line' id='line_1_89' title="bbox 2094 2917 3680 2987; baseline -0.001 -16"><span class='ocrx_word' id='word_1_697' title='bbox 2094 2918 2236 2972; x_wconf 88' lang='lat' dir='ltr'><strong>aliud</strong></span> <span class='ocrx_word' id='word_1_698' title='bbox 2267 2918 2462 2987; x_wconf 90' lang='lat' dir='ltr'><strong>aliquid</strong></span> <span class='ocrx_word' id='word_1_699' title='bbox 2485 2919 2641 2973; x_wconf 88' lang='lat' dir='ltr'><strong>nolis.</strong></span> <span class='ocrx_word' id='word_1_700' title='bbox 2667 2919 2725 2974; x_wconf 90' lang='lat' dir='ltr'><strong>Si</strong></span> <span class='ocrx_word' id='word_1_701' title='bbox 2760 2918 2863 2974; x_wconf 91' lang='lat' dir='ltr'><strong>hoc</strong></span> <span class='ocrx_word' id='word_1_702' title='bbox 2890 2929 3058 2974; x_wconf 89' lang='lat' dir='ltr'><strong>totum</strong></span> <span class='ocrx_word' id='word_1_703' title='bbox 3094 2928 3195 2986; x_wconf 90' lang='lat' dir='ltr'><strong>est,</strong></span> <span class='ocrx_word' id='word_1_704' title='bbox 3224 2919 3418 2983; x_wconf 89' lang='lat' dir='ltr'><strong>cernis,</strong></span> <span class='ocrx_word' id='word_1_705' title='bbox 3450 2926 3506 2971; x_wconf 90' lang='lat' dir='ltr'><strong>ut</strong></span> <span class='ocrx_word' id='word_1_706' title='bbox 3531 2917 3680 2971; x_wconf 83' lang='lat' dir='ltr'><strong>arbi-</strong></span> 
     </span>
    </p>
   </div>
   <div class='ocr_carea' id='block_1_90' title="bbox 2096 3007 3680 3074">
    <p class='ocr_par' dir='ltr' id='par_1_90' title="bbox 2096 3007 3680 3074">
     <span class='ocr_line' id='line_1_90' title="bbox 2096 3007 3680 3074; baseline -0.003 -10"><span class='ocrx_word' id='word_1_707' title='bbox 2096 3016 2226 3074; x_wconf 91' lang='lat' dir='ltr'><strong>tror,</strong></span> <span class='ocrx_word' id='word_1_708' title='bbox 2252 3007 2391 3062; x_wconf 86' lang='lat' dir='ltr'><strong>hunc</strong></span> <span class='ocrx_word' id='word_1_709' title='bbox 2416 3023 2536 3064; x_wconf 90' lang='lat' dir='ltr'><strong>esse</strong></span> <span class='ocrx_word' id='word_1_710' title='bbox 2564 3008 2723 3063; x_wconf 84' lang='lat' dir='ltr'><strong>finem</strong></span> <span class='ocrx_word' id='word_1_711' title='bbox 2752 3018 2854 3063; x_wconf 90' lang='lat' dir='ltr'><strong>tam</strong></span> <span class='ocrx_word' id='word_1_712' title='bbox 2882 3008 3207 3064; x_wconf 87' lang='lat' dir='ltr'><strong>vehementis</strong></span> <span class='ocrx_word' id='word_1_713' title='bbox 3229 3007 3534 3062; x_wconf 87' lang='lat' dir='ltr'><strong>tntentionis</strong></span> <span class='ocrx_word' id='word_1_714' title='bbox 3556 3015 3680 3072; x_wconf 61' lang='lat' dir='ltr'><strong>tua},</strong></span> 
     </span>
    </p>
   </div>
   <div class='ocr_carea' id='block_1_91' title="bbox 2094 3098 3682 3170">
    <p class='ocr_par' dir='ltr' id='par_1_91' title="bbox 2094 3098 3682 3170">
     <span class='ocr_line' id='line_1_91' title="bbox 2094 3098 3682 3170; baseline 0 -19"><span class='ocrx_word' id='word_1_715' title='bbox 2094 3113 2199 3168; x_wconf 89' lang='lat' dir='ltr'><strong>qua</strong></span> <span class='ocrx_word' id='word_1_716' title='bbox 2225 3099 2377 3153; x_wconf 83' lang='lat' dir='ltr'><strong>nobis</strong></span> <span class='ocrx_word' id='word_1_717' title='bbox 2404 3114 2616 3170; x_wconf 86' lang='lat' dir='ltr'><strong>quoque</strong></span> <span class='ocrx_word' id='word_1_718' title='bbox 2649 3100 2799 3156; x_wconf 89' lang='lat' dir='ltr'><strong>oneri</strong></span> <span class='ocrx_word' id='word_1_719' title='bbox 2823 3115 2884 3154; x_wconf 89' lang='lat' dir='ltr'><strong>es</strong></span> <span class='ocrx_word' id='word_1_720' title='bbox 2903 3142 2918 3166; x_wconf 92' lang='lat'><strong>,</strong></span> <span class='ocrx_word' id='word_1_721' title='bbox 2949 3108 3007 3154; x_wconf 93' lang='lat' dir='ltr'><strong>ut</strong></span> <span class='ocrx_word' id='word_1_722' title='bbox 3035 3098 3239 3155; x_wconf 84' lang='lat' dir='ltr'><strong>fateris.</strong></span> <span class='ocrx_word' id='word_1_723' title='bbox 3281 3098 3416 3165; x_wconf 88' lang='lat' dir='ltr'><strong>Quid</strong></span> <span class='ocrx_word' id='word_1_724' title='bbox 3445 3107 3622 3152; x_wconf 91' lang='lat' dir='ltr'><strong>autem</strong></span> <span class='ocrx_word' id='word_1_725' title='bbox 3651 3115 3682 3152; x_wconf 88' lang='lat' dir='ltr'><strong>a</strong></span> 
     </span>
    </p>
   </div>
   <div class='ocr_carea' id='block_1_92' title="bbox 2097 3189 3681 3261">
    <p class='ocr_par' dir='ltr' id='par_1_92' title="bbox 2097 3189 3681 3261">
     <span class='ocr_line' id='line_1_92' title="bbox 2097 3189 3681 3261; baseline -0.003 -16"><span class='ocrx_word' id='word_1_726' title='bbox 2097 3191 2351 3246; x_wconf 86' lang='lat' dir='ltr'><strong>Dioscoro</strong></span> <span class='ocrx_word' id='word_1_727' title='bbox 2393 3202 2568 3261; x_wconf 90' lang='lat' dir='ltr'><strong>potest</strong></span> <span class='ocrx_word' id='word_1_728' title='bbox 2606 3192 2759 3247; x_wconf 90' lang='lat' dir='ltr'><strong>nobis</strong></span> <span class='ocrx_word' id='word_1_729' title='bbox 2799 3206 2919 3246; x_wconf 90' lang='lat' dir='ltr'><strong>esse</strong></span> <span class='ocrx_word' id='word_1_730' title='bbox 2955 3192 3139 3257; x_wconf 90' lang='lat' dir='ltr'><strong>oneri,</strong></span> <span class='ocrx_word' id='word_1_731' title='bbox 3187 3190 3286 3244; x_wconf 90' lang='lat' dir='ltr'><strong>nisi</strong></span> <span class='ocrx_word' id='word_1_732' title='bbox 3330 3189 3470 3259; x_wconf 89' lang='lat' dir='ltr'><strong>quod</strong></span> <span class='ocrx_word' id='word_1_733' title='bbox 3510 3189 3681 3258; x_wconf 91' lang='lat' dir='ltr'><strong>ipsum</strong></span> 
     </span>
    </p>
   </div>
   <div class='ocr_carea' id='block_1_93' title="bbox 2098 3285 3671 3354">
    <p class='ocr_par' dir='ltr' id='par_1_93' title="bbox 2098 3285 3671 3354">
     <span class='ocr_line' id='line_1_93' title="bbox 2098 3285 3671 3354; baseline -0.001 -16"><span class='ocrx_word' id='word_1_734' title='bbox 2098 3285 2409 3339; x_wconf 89' lang='lat' dir='ltr'><strong>Dioscorum</strong></span> <span class='ocrx_word' id='word_1_735' title='bbox 2445 3285 2604 3339; x_wconf 92' lang='lat' dir='ltr'><strong>etiam</strong></span> <span class='ocrx_word' id='word_1_736' title='bbox 2634 3285 2961 3341; x_wconf 89' lang='lat' dir='ltr'><strong>nescientem</strong></span> <span class='ocrx_word' id='word_1_737' title='bbox 2995 3286 3215 3339; x_wconf 88' lang='lat' dir='ltr'><strong>onerat?</strong></span> <span class='ocrx_word' id='word_1_738' title='bbox 3243 3285 3383 3354; x_wconf 88' lang='lat' dir='ltr'><strong>quod</strong></span> <span class='ocrx_word' id='word_1_739' title='bbox 3414 3299 3521 3337; x_wconf 93' lang='lat' dir='ltr'><strong>non</strong></span> <span class='ocrx_word' id='word_1_740' title='bbox 3558 3298 3671 3338; x_wconf 45' lang='lat' dir='ltr'><strong>seu.</strong></span> 
     </span>
    </p>
   </div>
   <div class='ocr_carea' id='block_1_94' title="bbox 2100 3374 3684 3446">
    <p class='ocr_par' dir='ltr' id='par_1_94' title="bbox 2100 3374 3684 3446">
     <span class='ocr_line' id='line_1_94' title="bbox 2100 3374 3684 3446; baseline 0 -18"><span class='ocrx_word' id='word_1_741' title='bbox 2100 3376 2214 3443; x_wconf 90' lang='lat' dir='ltr'><strong>tiet,</strong></span> <span class='ocrx_word' id='word_1_742' title='bbox 2246 3376 2347 3429; x_wconf 89' lang='lat' dir='ltr'><strong>nisi</strong></span> <span class='ocrx_word' id='word_1_743' title='bbox 2376 3390 2497 3430; x_wconf 92' lang='lat' dir='ltr'><strong>cum</strong></span> <span class='ocrx_word' id='word_1_744' title='bbox 2524 3391 2741 3446; x_wconf 81' lang='lat' dir='ltr'><strong>surgere</strong></span> <span class='ocrx_word' id='word_1_745' title='bbox 2770 3376 3029 3440; x_wconf 87' lang='lat' dir='ltr'><strong>voluerit;</strong></span> <span class='ocrx_word' id='word_1_746' title='bbox 3060 3384 3218 3446; x_wconf 89' lang='lat' dir='ltr'><strong>atque</strong></span> <span class='ocrx_word' id='word_1_747' title='bbox 3246 3375 3447 3429; x_wconf 86' lang='lat' dir='ltr'><strong>utinam</strong></span> <span class='ocrx_word' id='word_1_748' title='bbox 3474 3390 3579 3430; x_wconf 93' lang='lat' dir='ltr'><strong>non</strong></span> <span class='ocrx_word' id='word_1_749' title='bbox 3606 3374 3684 3428; x_wconf 90' lang='lat' dir='ltr'><strong>sic</strong></span> 
     </span>
    </p>
   </div>
   <div class='ocr_carea' id='block_1_95' title="bbox 2098 3465 3681 3538">
    <p class='ocr_par' dir='ltr' id='par_1_95' title="bbox 2098 3465 3681 3538">
     <span class='ocr_line' id='line_1_95' title="bbox 2098 3465 3681 3538; baseline -0.002 -17"><span class='ocrx_word' id='word_1_750' title='bbox 2098 3467 2381 3538; x_wconf 86' lang='lat' dir='ltr'><strong>alligentur</strong></span> <span class='ocrx_word' id='word_1_751' title='bbox 2420 3466 2535 3521; x_wconf 65' lang='lat' dir='ltr'><strong>haec</strong></span> <span class='ocrx_word' id='word_1_752' title='bbox 2562 3481 2725 3522; x_wconf 88' lang='lat' dir='ltr'><strong>onera</strong></span> <span class='ocrx_word' id='word_1_753' title='bbox 2745 3509 2759 3534; x_wconf 95' lang='lat'><strong>,</strong></span> <span class='ocrx_word' id='word_1_754' title='bbox 2793 3476 2850 3521; x_wconf 93' lang='lat' dir='ltr'><strong>ut</strong></span> <span class='ocrx_word' id='word_1_755' title='bbox 2878 3466 3070 3521; x_wconf 87' lang='lat' dir='ltr'><strong>frustra</strong></span> <span class='ocrx_word' id='word_1_756' title='bbox 3106 3467 3265 3521; x_wconf 88' lang='lat' dir='ltr'><strong>etiam</strong></span> <span class='ocrx_word' id='word_1_757' title='bbox 3295 3465 3548 3519; x_wconf 91' lang='lat' dir='ltr'><strong>humeros</strong></span> <span class='ocrx_word' id='word_1_758' title='bbox 3588 3478 3681 3518; x_wconf 82' lang='lat' dir='ltr'><strong>co-</strong></span> 
     </span>
    </p>
   </div>
   <div class='ocr_carea' id='block_1_96' title="bbox 2098 3555 3684 3626">
    <p class='ocr_par' dir='ltr' id='par_1_96' title="bbox 2098 3555 3684 3626">
     <span class='ocr_line' id='line_1_96' title="bbox 2098 3555 3684 3626; baseline -0.004 -13"><span class='ocrx_word' id='word_1_759' title='bbox 2098 3567 2255 3613; x_wconf 90' lang='lat' dir='ltr'><strong>nctur</strong></span> <span class='ocrx_word' id='word_1_760' title='bbox 2273 3559 2552 3613; x_wconf 79' lang='lat' dir='ltr'><strong>excutere!</strong></span> <span class='ocrx_word' id='word_1_761' title='bbox 2571 3557 2722 3625; x_wconf 88' lang='lat' dir='ltr'><strong>Quod</strong></span> <span class='ocrx_word' id='word_1_762' title='bbox 2745 3574 2849 3612; x_wconf 86' lang='lat' dir='ltr'><strong>non</strong></span> <span class='ocrx_word' id='word_1_763' title='bbox 2876 3558 2997 3614; x_wconf 90' lang='lat' dir='ltr'><strong>ideo</strong></span> <span class='ocrx_word' id='word_1_764' title='bbox 3020 3558 3160 3621; x_wconf 90' lang='lat' dir='ltr'><strong>dico,</strong></span> <span class='ocrx_word' id='word_1_765' title='bbox 3191 3558 3313 3626; x_wconf 87' lang='lat' dir='ltr'><strong>quia</strong></span> <span class='ocrx_word' id='word_1_766' title='bbox 3338 3557 3453 3611; x_wconf 73' lang='lat' dir='ltr'><strong>istae</strong></span> <span class='ocrx_word' id='word_1_767' title='bbox 3473 3555 3684 3610; x_wconf 87' lang='lat' dir='ltr'><strong>discun-</strong></span> 
     </span>
    </p>
   </div>
   <div class='ocr_carea' id='block_1_97' title="bbox 2102 3646 3687 3721">
    <p class='ocr_par' dir='ltr' id='par_1_97' title="bbox 2102 3646 3687 3721">
     <span class='ocr_line' id='line_1_97' title="bbox 2102 3646 3687 3721; baseline -0.003 -16"><span class='ocrx_word' id='word_1_768' title='bbox 2102 3661 2185 3705; x_wconf 92' lang='lat' dir='ltr'><strong>tur</strong></span> <span class='ocrx_word' id='word_1_769' title='bbox 2222 3651 2585 3721; x_wconf 72' lang='lat' dir='ltr'><strong>quzestiones,</strong></span> <span class='ocrx_word' id='word_1_770' title='bbox 2616 3650 2709 3706; x_wconf 91' lang='lat' dir='ltr'><strong>sed</strong></span> <span class='ocrx_word' id='word_1_771' title='bbox 2753 3651 2877 3720; x_wconf 88' lang='lat' dir='ltr'><strong>quia</strong></span> <span class='ocrx_word' id='word_1_772' title='bbox 2925 3650 3014 3704; x_wconf 90' lang='lat' dir='ltr'><strong>tali</strong></span> <span class='ocrx_word' id='word_1_773' title='bbox 3057 3649 3161 3703; x_wconf 84' lang='lat' dir='ltr'><strong>fine</strong></span> <span class='ocrx_word' id='word_1_774' title='bbox 3194 3648 3493 3704; x_wconf 88' lang='lat' dir='ltr'><strong>discuntur.</strong></span> <span class='ocrx_word' id='word_1_775' title='bbox 3533 3646 3687 3701; x_wconf 80' lang='lat' dir='ltr'><strong>Hunc</strong></span> 
     </span>
    </p>
   </div>
   <div class='ocr_carea' id='block_1_98' title="bbox 2100 3740 3681 3812">
    <p class='ocr_par' dir='ltr' id='par_1_98' title="bbox 2100 3740 3681 3812">
     <span class='ocr_line' id='line_1_98' title="bbox 2100 3740 3681 3812; baseline -0.004 -14"><span class='ocrx_word' id='word_1_776' title='bbox 2100 3744 2241 3798; x_wconf 90' lang='lat' dir='ltr'><strong>enim</strong></span> <span class='ocrx_word' id='word_1_777' title='bbox 2267 3743 2425 3798; x_wconf 86' lang='lat' dir='ltr'><strong>finem</strong></span> <span class='ocrx_word' id='word_1_778' title='bbox 2448 3742 2557 3812; x_wconf 90' lang='lat' dir='ltr'><strong>jam</strong></span> <span class='ocrx_word' id='word_1_779' title='bbox 2586 3752 2730 3798; x_wconf 86' lang='lat' dir='ltr'><strong>certe</strong></span> <span class='ocrx_word' id='word_1_780' title='bbox 2752 3744 2915 3798; x_wconf 90' lang='lat' dir='ltr'><strong>sentis</strong></span> <span class='ocrx_word' id='word_1_781' title='bbox 2936 3757 3055 3797; x_wconf 88' lang='lat' dir='ltr'><strong>esse</strong></span> <span class='ocrx_word' id='word_1_782' title='bbox 3076 3742 3426 3811; x_wconf 89' lang='lat' dir='ltr'><strong>nugatorium,</strong></span> <span class='ocrx_word' id='word_1_783' title='bbox 3447 3740 3681 3805; x_wconf 89' lang='lat' dir='ltr'><strong>inanem,</strong></span> 
     </span>
    </p>
   </div>
   <div class='ocr_carea' id='block_1_99' title="bbox 2101 3832 3687 3905">
    <p class='ocr_par' dir='ltr' id='par_1_99' title="bbox 2101 3832 3687 3905">
     <span class='ocr_line' id='line_1_99' title="bbox 2101 3832 3687 3905; baseline -0.003 -16"><span class='ocrx_word' id='word_1_784' title='bbox 2101 3844 2399 3890; x_wconf 90' lang='lat' dir='ltr'><strong>ventosum.</strong></span> <span class='ocrx_word' id='word_1_785' title='bbox 2441 3836 2609 3891; x_wconf 85' lang='lat' dir='ltr'><strong>Habet</strong></span> <span class='ocrx_word' id='word_1_786' title='bbox 2652 3845 2705 3891; x_wconf 93' lang='lat' dir='ltr'><strong>et</strong></span> <span class='ocrx_word' id='word_1_787' title='bbox 2753 3845 3013 3891; x_wconf 90' lang='lat' dir='ltr'><strong>tumorem</strong></span> <span class='ocrx_word' id='word_1_788' title='bbox 3040 3878 3055 3900; x_wconf 96' lang='lat'><strong>,</strong></span> <span class='ocrx_word' id='word_1_789' title='bbox 3088 3836 3188 3889; x_wconf 92' lang='lat' dir='ltr'><strong>sub</strong></span> <span class='ocrx_word' id='word_1_790' title='bbox 3215 3849 3322 3905; x_wconf 91' lang='lat' dir='ltr'><strong>quo</strong></span> <span class='ocrx_word' id='word_1_791' title='bbox 3347 3834 3505 3888; x_wconf 88' lang='lat' dir='ltr'><strong>etiam</strong></span> <span class='ocrx_word' id='word_1_792' title='bbox 3539 3832 3687 3886; x_wconf 86' lang='lat' dir='ltr'><strong>tabes</strong></span> 
     </span>
    </p>
   </div>
   <div class='ocr_carea' id='block_1_100' title="bbox 2100 3922 3686 3997">
    <p class='ocr_par' dir='ltr' id='par_1_100' title="bbox 2100 3922 3686 3997">
     <span class='ocr_line' id='line_1_100' title="bbox 2100 3922 3686 3997; baseline -0.003 -18"><span class='ocrx_word' id='word_1_793' title='bbox 2100 3927 2357 3996; x_wconf 84' lang='lat' dir='ltr'><strong>gignitur,</strong></span> <span class='ocrx_word' id='word_1_794' title='bbox 2395 3935 2449 3981; x_wconf 92' lang='lat' dir='ltr'><strong>et</strong></span> <span class='ocrx_word' id='word_1_795' title='bbox 2489 3927 2679 3997; x_wconf 88' lang='lat' dir='ltr'><strong>pupula</strong></span> <span class='ocrx_word' id='word_1_796' title='bbox 2706 3928 2898 3981; x_wconf 89' lang='lat' dir='ltr'><strong>mentis</strong></span> <span class='ocrx_word' id='word_1_797' title='bbox 2928 3925 2992 3979; x_wconf 89' lang='lat' dir='ltr'><strong>ad</strong></span> <span class='ocrx_word' id='word_1_798' title='bbox 3020 3941 3124 3979; x_wconf 87' lang='lat' dir='ltr'><strong>non</strong></span> <span class='ocrx_word' id='word_1_799' title='bbox 3156 3924 3432 3980; x_wconf 88' lang='lat' dir='ltr'><strong>videndam</strong></span> <span class='ocrx_word' id='word_1_800' title='bbox 3458 3922 3686 3993; x_wconf 83' lang='lat' dir='ltr'><strong>opulen-</strong></span> 
     </span>
    </p>
   </div>
   <div class='ocr_carea' id='block_1_101' title="bbox 2102 4016 3682 4084">
    <p class='ocr_par' dir='ltr' id='par_1_101' title="bbox 2102 4016 3682 4084">
     <span class='ocr_line' id='line_1_101' title="bbox 2102 4016 3682 4084; baseline -0.002 -12"><span class='ocrx_word' id='word_1_801' title='bbox 2102 4020 2228 4072; x_wconf 85' lang='lat' dir='ltr'><strong>tiam</strong></span> <span class='ocrx_word' id='word_1_802' title='bbox 2253 4020 2490 4073; x_wconf 88' lang='lat' dir='ltr'><strong>veritatis</strong></span> <span class='ocrx_word' id='word_1_803' title='bbox 2514 4019 2822 4073; x_wconf 69' lang='lat' dir='ltr'><strong>offunditur.</strong></span> <span class='ocrx_word' id='word_1_804' title='bbox 2851 4019 3042 4084; x_wconf 84' lang='lat' dir='ltr'><strong>Crede,</strong></span> <span class='ocrx_word' id='word_1_805' title='bbox 3072 4018 3149 4072; x_wconf 90' lang='lat' dir='ltr'><strong>sic</strong></span> <span class='ocrx_word' id='word_1_806' title='bbox 3176 4024 3279 4083; x_wconf 88' lang='lat' dir='ltr'><strong>est,</strong></span> <span class='ocrx_word' id='word_1_807' title='bbox 3310 4018 3381 4071; x_wconf 92' lang='lat' dir='ltr'><strong>mi</strong></span> <span class='ocrx_word' id='word_1_808' title='bbox 3409 4016 3682 4079; x_wconf 90' lang='lat' dir='ltr'><strong>Dioscore,</strong></span> 
     </span>
    </p>
   </div>
   <div class='ocr_carea' id='block_1_102' title="bbox 2102 4107 3685 4178">
    <p class='ocr_par' dir='ltr' id='par_1_102' title="bbox 2102 4107 3685 4178">
     <span class='ocr_line' id='line_1_102' title="bbox 2102 4107 3685 4178; baseline -0.002 -15"><span class='ocrx_word' id='word_1_809' title='bbox 2102 4109 2172 4162; x_wconf 89' lang='lat' dir='ltr'><strong>ita</strong></span> <span class='ocrx_word' id='word_1_810' title='bbox 2199 4117 2250 4163; x_wconf 90' lang='lat' dir='ltr'><strong>te</strong></span> <span class='ocrx_word' id='word_1_811' title='bbox 2275 4108 2424 4163; x_wconf 86' lang='lat' dir='ltr'><strong>fruar</strong></span> <span class='ocrx_word' id='word_1_812' title='bbox 2451 4110 2501 4163; x_wconf 93' lang='lat' dir='ltr'><strong>in</strong></span> <span class='ocrx_word' id='word_1_813' title='bbox 2532 4110 2640 4178; x_wconf 86' lang='lat' dir='ltr'><strong>ipsa</strong></span> <span class='ocrx_word' id='word_1_814' title='bbox 2674 4111 2976 4172; x_wconf 89' lang='lat' dir='ltr'><strong>voluntate,</strong></span> <span class='ocrx_word' id='word_1_815' title='bbox 3013 4116 3068 4162; x_wconf 88' lang='lat' dir='ltr'><strong>et</strong></span> <span class='ocrx_word' id='word_1_816' title='bbox 3096 4110 3148 4162; x_wconf 92' lang='lat' dir='ltr'><strong>in</strong></span> <span class='ocrx_word' id='word_1_817' title='bbox 3169 4109 3303 4178; x_wconf 87' lang='lat' dir='ltr'><strong>ipsa,</strong></span> <span class='ocrx_word' id='word_1_818' title='bbox 3329 4107 3479 4175; x_wconf 87' lang='lat' dir='ltr'><strong>cujus</strong></span> <span class='ocrx_word' id='word_1_819' title='bbox 3500 4108 3685 4161; x_wconf 82' lang='lat' dir='ltr'><strong>umbra</strong></span> 
     </span>
    </p>
   </div>
   <div class='ocr_carea' id='block_1_103' title="bbox 2100 4197 3687 4269">
    <p class='ocr_par' dir='ltr' id='par_1_103' title="bbox 2100 4197 3687 4269">
     <span class='ocr_line' id='line_1_103' title="bbox 2100 4197 3687 4269; baseline 0 -19"><span class='ocrx_word' id='word_1_820' title='bbox 2100 4200 2381 4265; x_wconf 89' lang='lat' dir='ltr'><strong>averteris,</strong></span> <span class='ocrx_word' id='word_1_821' title='bbox 2414 4199 2667 4269; x_wconf 73' lang='lat' dir='ltr'><strong>dignitate</strong></span> <span class='ocrx_word' id='word_1_822' title='bbox 2698 4199 2949 4254; x_wconf 86' lang='lat' dir='ltr'><strong>veritatis.</strong></span> <span class='ocrx_word' id='word_1_823' title='bbox 2980 4198 3132 4253; x_wconf 88' lang='lat' dir='ltr'><strong>Unde</strong></span> <span class='ocrx_word' id='word_1_824' title='bbox 3157 4198 3299 4253; x_wconf 91' lang='lat' dir='ltr'><strong>enim</strong></span> <span class='ocrx_word' id='word_1_825' title='bbox 3327 4197 3438 4263; x_wconf 88' lang='lat' dir='ltr'><strong>tibi,</strong></span> <span class='ocrx_word' id='word_1_826' title='bbox 3470 4197 3572 4251; x_wconf 83' lang='lat' dir='ltr'><strong>nisi</strong></span> <span class='ocrx_word' id='word_1_827' title='bbox 3604 4199 3687 4251; x_wconf 85' lang='lat' dir='ltr'><strong>vel</strong></span> 
     </span>
    </p>
   </div>
   <div class='ocr_carea' id='block_1_104' title="bbox 2100 4288 3683 4356">
    <p class='ocr_par' dir='ltr' id='par_1_104' title="bbox 2100 4288 3683 4356">
     <span class='ocr_line' id='line_1_104' title="bbox 2100 4288 3683 4356; baseline -0.001 -12"><span class='ocrx_word' id='word_1_828' title='bbox 2100 4290 2202 4344; x_wconf 91' lang='lat' dir='ltr'><strong>hoc</strong></span> <span class='ocrx_word' id='word_1_829' title='bbox 2221 4290 2381 4344; x_wconf 92' lang='lat' dir='ltr'><strong>modo</strong></span> <span class='ocrx_word' id='word_1_830' title='bbox 2400 4331 2414 4356; x_wconf 97' lang='lat'><strong>,</strong></span> <span class='ocrx_word' id='word_1_831' title='bbox 2438 4290 2504 4344; x_wconf 89' lang='lat' dir='ltr'><strong>de</strong></span> <span class='ocrx_word' id='word_1_832' title='bbox 2532 4290 2629 4344; x_wconf 91' lang='lat' dir='ltr'><strong>hac</strong></span> <span class='ocrx_word' id='word_1_833' title='bbox 2655 4306 2712 4343; x_wconf 89' lang='lat' dir='ltr'><strong>re</strong></span> <span class='ocrx_word' id='word_1_834' title='bbox 2740 4290 2899 4345; x_wconf 80' lang='lat' dir='ltr'><strong>ﬁdem</strong></span> <span class='ocrx_word' id='word_1_835' title='bbox 2928 4290 3138 4356; x_wconf 84' lang='lat' dir='ltr'><strong>faciam,</strong></span> <span class='ocrx_word' id='word_1_836' title='bbox 3168 4305 3273 4344; x_wconf 89' lang='lat' dir='ltr'><strong>non</strong></span> <span class='ocrx_word' id='word_1_837' title='bbox 3302 4289 3534 4348; x_wconf 83' lang='lat' dir='ltr'><strong>invenio.</strong></span> <span class='ocrx_word' id='word_1_838' title='bbox 3569 4288 3683 4343; x_wconf 85' lang='lat' dir='ltr'><strong>Non</strong></span> 
     </span>
    </p>
   </div>
   <div class='ocr_carea' id='block_1_105' title="bbox 2101 4381 3685 4452">
    <p class='ocr_par' dir='ltr' id='par_1_105' title="bbox 2101 4381 3685 4452">
     <span class='ocr_line' id='line_1_105' title="bbox 2101 4381 3685 4452; baseline -0.002 -16"><span class='ocrx_word' id='word_1_839' title='bbox 2101 4384 2242 4436; x_wconf 90' lang='lat' dir='ltr'><strong>enim</strong></span> <span class='ocrx_word' id='word_1_840' title='bbox 2272 4382 2417 4436; x_wconf 81' lang='lat' dir='ltr'><strong>vides</strong></span> <span class='ocrx_word' id='word_1_841' title='bbox 2439 4396 2578 4445; x_wconf 88' lang='lat' dir='ltr'><strong>eam,</strong></span> <span class='ocrx_word' id='word_1_842' title='bbox 2602 4392 2692 4436; x_wconf 91' lang='lat' dir='ltr'><strong>aut</strong></span> <span class='ocrx_word' id='word_1_843' title='bbox 2716 4382 2824 4436; x_wconf 91' lang='lat' dir='ltr'><strong>ullo</strong></span> <span class='ocrx_word' id='word_1_844' title='bbox 2844 4381 3003 4436; x_wconf 92' lang='lat' dir='ltr'><strong>modo</strong></span> <span class='ocrx_word' id='word_1_845' title='bbox 3025 4381 3259 4451; x_wconf 89' lang='lat' dir='ltr'><strong>quandin</strong></span> <span class='ocrx_word' id='word_1_846' title='bbox 3288 4382 3476 4452; x_wconf 89' lang='lat' dir='ltr'><strong>linguis</strong></span> <span class='ocrx_word' id='word_1_847' title='bbox 3507 4381 3685 4434; x_wconf 54' lang='lat' dir='ltr'><strong>huma.</strong></span> 
     </span>
    </p>
   </div>
   <div class='ocr_carea' id='block_1_106' title="bbox 2101 4472 3515 4543">
    <p class='ocr_par' dir='ltr' id='par_1_106' title="bbox 2101 4472 3515 4543">
     <span class='ocr_line' id='line_1_106' title="bbox 2101 4472 3515 4543; baseline 0 -18"><span class='ocrx_word' id='word_1_848' title='bbox 2101 4472 2184 4526; x_wconf 90' lang='lat' dir='ltr'><strong>nis</strong></span> <span class='ocrx_word' id='word_1_849' title='bbox 2213 4473 2427 4526; x_wconf 88' lang='lat' dir='ltr'><strong>ruinosa</strong></span> <span class='ocrx_word' id='word_1_850' title='bbox 2456 4472 2644 4542; x_wconf 84' lang='lat' dir='ltr'><strong>gaudia</strong></span> <span class='ocrx_word' id='word_1_851' title='bbox 2670 4472 2956 4537; x_wconf 86' lang='lat' dir='ltr'><strong>eenstruis,</strong></span> <span class='ocrx_word' id='word_1_852' title='bbox 2989 4482 3142 4543; x_wconf 90' lang='lat' dir='ltr'><strong>potes</strong></span> <span class='ocrx_word' id='word_1_853' title='bbox 3171 4488 3287 4527; x_wconf 78' lang='lat' dir='ltr'><strong>eam</strong></span> <span class='ocrx_word' id='word_1_854' title='bbox 3313 4472 3515 4527; x_wconf 87' lang='lat' dir='ltr'><strong>videre.</strong></span> 
     </span>
    </p>
   </div>
   <div class='ocr_carea' id='block_1_107' title="bbox 2173 4564 3687 4634">
    <p class='ocr_par' dir='ltr' id='par_1_107' title="bbox 2173 4564 3687 4634">
     <span class='ocr_line' id='line_1_107' title="bbox 2173 4564 3687 4634; baseline -0.001 -14"><span class='ocrx_word' id='word_1_855' title='bbox 2173 4565 2226 4620; x_wconf 84' lang='lat' dir='ltr'><strong>(i.</strong></span> <span class='ocrx_word' id='word_1_856' title='bbox 2267 4566 2323 4619; x_wconf 93' lang='lat' dir='ltr'><strong>Si</strong></span> <span class='ocrx_word' id='word_1_857' title='bbox 2353 4574 2527 4620; x_wconf 88' lang='lat' dir='ltr'><strong>autem</strong></span> <span class='ocrx_word' id='word_1_858' title='bbox 2562 4565 2631 4619; x_wconf 92' lang='lat' dir='ltr'><strong>ihi</strong></span> <span class='ocrx_word' id='word_1_859' title='bbox 2658 4580 2763 4620; x_wconf 92' lang='lat' dir='ltr'><strong>non</strong></span> <span class='ocrx_word' id='word_1_860' title='bbox 2788 4566 2904 4619; x_wconf 85' lang='lat' dir='ltr'><strong>linis</strong></span> <span class='ocrx_word' id='word_1_861' title='bbox 2925 4574 3003 4620; x_wconf 89' lang='lat' dir='ltr'><strong>est</strong></span> <span class='ocrx_word' id='word_1_862' title='bbox 3032 4564 3216 4618; x_wconf 91' lang='lat' dir='ltr'><strong>harum</strong></span> <span class='ocrx_word' id='word_1_863' title='bbox 3238 4564 3505 4620; x_wconf 90' lang='lat' dir='ltr'><strong>actionum</strong></span> <span class='ocrx_word' id='word_1_864' title='bbox 3529 4571 3687 4634; x_wconf 90' lang='lat' dir='ltr'><strong>atque</strong></span> 
     </span>
    </p>
   </div>
   <div class='ocr_carea' id='block_1_108' title="bbox 2103 4659 3687 4730">
    <p class='ocr_par' dir='ltr' id='par_1_108' title="bbox 2103 4659 3687 4730">
     <span class='ocr_line' id='line_1_108' title="bbox 2103 4659 3687 4730; baseline -0.001 -17"><span class='ocrx_word' id='word_1_865' title='bbox 2103 4659 2410 4714; x_wconf 90' lang='lat' dir='ltr'><strong>intentionis</strong></span> <span class='ocrx_word' id='word_1_866' title='bbox 2440 4669 2563 4725; x_wconf 77' lang='lat' dir='ltr'><strong>tute,</strong></span> <span class='ocrx_word' id='word_1_867' title='bbox 2593 4660 2684 4713; x_wconf 88' lang='lat' dir='ltr'><strong>sed</strong></span> <span class='ocrx_word' id='word_1_868' title='bbox 2714 4670 2931 4730; x_wconf 90' lang='lat' dir='ltr'><strong>pr0pter</strong></span> <span class='ocrx_word' id='word_1_869' title='bbox 2963 4660 3111 4713; x_wconf 82' lang='lat' dir='ltr'><strong>aliud</strong></span> <span class='ocrx_word' id='word_1_870' title='bbox 3132 4660 3329 4730; x_wconf 88' lang='lat' dir='ltr'><strong>aliquid</strong></span> <span class='ocrx_word' id='word_1_871' title='bbox 3366 4659 3610 4715; x_wconf 91' lang='lat' dir='ltr'><strong>indoctus</strong></span> <span class='ocrx_word' id='word_1_872' title='bbox 3634 4670 3687 4713; x_wconf 91' lang='lat' dir='ltr'><strong>et</strong></span> 
     </span>
    </p>
   </div>
   <div class='ocr_carea' id='block_1_109' title="bbox 2103 4750 3684 4821">
    <p class='ocr_par' dir='ltr' id='par_1_109' title="bbox 2103 4750 3684 4821">
     <span class='ocr_line' id='line_1_109' title="bbox 2103 4750 3684 4821; baseline 0 -16"><span class='ocrx_word' id='word_1_873' title='bbox 2103 4751 2266 4806; x_wconf 90' lang='lat' dir='ltr'><strong>hebes</strong></span> <span class='ocrx_word' id='word_1_874' title='bbox 2283 4766 2387 4805; x_wconf 91' lang='lat' dir='ltr'><strong>non</strong></span> <span class='ocrx_word' id='word_1_875' title='bbox 2406 4750 2487 4803; x_wconf 90' lang='lat' dir='ltr'><strong>vis</strong></span> <span class='ocrx_word' id='word_1_876' title='bbox 2502 4751 2707 4820; x_wconf 90' lang='lat' dir='ltr'><strong>putari;</strong></span> <span class='ocrx_word' id='word_1_877' title='bbox 2735 4767 2916 4821; x_wconf 79' lang='lat' dir='ltr'><strong>quer</strong></span> <span class='ocrx_word' id='word_1_878' title='bbox 2934 4752 3070 4821; x_wconf 85' lang='lat' dir='ltr'><strong>quid</strong></span> <span class='ocrx_word' id='word_1_879' title='bbox 3086 4752 3211 4806; x_wconf 91' lang='lat' dir='ltr'><strong>illud</strong></span> <span class='ocrx_word' id='word_1_880' title='bbox 3238 4752 3339 4806; x_wconf 87' lang='lat' dir='ltr'><strong>sit?</strong></span> <span class='ocrx_word' id='word_1_881' title='bbox 3362 4752 3415 4806; x_wconf 89' lang='lat' dir='ltr'><strong>Si</strong></span> <span class='ocrx_word' id='word_1_882' title='bbox 3443 4761 3684 4821; x_wconf 88' lang='lat' dir='ltr'><strong>propter-</strong></span> 
     </span>
    </p>
   </div>
   <div class='ocr_carea' id='block_1_110' title="bbox 2100 4842 3688 4913">
    <p class='ocr_par' dir='ltr' id='par_1_110' title="bbox 2100 4842 3688 4913">
     <span class='ocr_line' id='line_1_110' title="bbox 2100 4842 3688 4913; baseline -0.003 -15"><span class='ocrx_word' id='word_1_883' title='bbox 2100 4858 2163 4898; x_wconf 91' lang='lat' dir='ltr'><strong>ea</strong></span> <span class='ocrx_word' id='word_1_884' title='bbox 2190 4858 2255 4897; x_wconf 91' lang='lat' dir='ltr'><strong>ue</strong></span> <span class='ocrx_word' id='word_1_885' title='bbox 2283 4843 2554 4913; x_wconf 88' lang='lat' dir='ltr'><strong>angustior</strong></span> <span class='ocrx_word' id='word_1_886' title='bbox 2575 4842 2665 4896; x_wconf 91' lang='lat' dir='ltr'><strong>tibi</strong></span> <span class='ocrx_word' id='word_1_887' title='bbox 2688 4842 2860 4897; x_wconf 90' lang='lat' dir='ltr'><strong>aditus</strong></span> <span class='ocrx_word' id='word_1_888' title='bbox 2895 4843 2962 4897; x_wconf 88' lang='lat' dir='ltr'><strong>ad</strong></span> <span class='ocrx_word' id='word_1_889' title='bbox 2990 4842 3339 4912; x_wconf 86' lang='lat' dir='ltr'><strong>acquirendas</strong></span> <span class='ocrx_word' id='word_1_890' title='bbox 3366 4844 3688 4912; x_wconf 77' lang='lat' dir='ltr'><strong>temporales</strong></span> 
     </span>
    </p>
   </div>
   <div class='ocr_carea' id='block_1_111' title="bbox 2102 4932 3680 5003">
    <p class='ocr_par' dir='ltr' id='par_1_111' title="bbox 2102 4932 3680 5003">
     <span class='ocr_line' id='line_1_111' title="bbox 2102 4932 3680 5003; baseline -0.001 -16"><span class='ocrx_word' id='word_1_891' title='bbox 2102 4933 2330 4998; x_wconf 88' lang='lat' dir='ltr'><strong>divitias,</strong></span> <span class='ocrx_word' id='word_1_892' title='bbox 2364 4947 2583 4986; x_wconf 79' lang='lat' dir='ltr'><strong>uxorem</strong></span> <span class='ocrx_word' id='word_1_893' title='bbox 2610 4932 3017 5001; x_wconf 87' lang='lat' dir='ltr'><strong>impetrandam,</strong></span> <span class='ocrx_word' id='word_1_894' title='bbox 3049 4934 3281 4989; x_wconf 88' lang='lat' dir='ltr'><strong>honores</strong></span> <span class='ocrx_word' id='word_1_895' title='bbox 3309 4933 3680 5003; x_wconf 86' lang='lat' dir='ltr'><strong>capessendos,</strong></span> 
     </span>
    </p>
   </div>
   <div class='ocr_carea' id='block_1_112' title="bbox 2102 5022 3681 5093">
    <p class='ocr_par' dir='ltr' id='par_1_112' title="bbox 2102 5022 3681 5093">
     <span class='ocr_line' id='line_1_112' title="bbox 2102 5022 3681 5093; baseline -0.001 -15"><span class='ocrx_word' id='word_1_896' title='bbox 2102 5034 2156 5078; x_wconf 91' lang='lat' dir='ltr'><strong>et</strong></span> <span class='ocrx_word' id='word_1_897' title='bbox 2179 5032 2374 5078; x_wconf 79' lang='lat' dir='ltr'><strong>ca-tera</strong></span> <span class='ocrx_word' id='word_1_898' title='bbox 2413 5022 2713 5093; x_wconf 85' lang='lat' dir='ltr'><strong>hujusmodi</strong></span> <span class='ocrx_word' id='word_1_899' title='bbox 2736 5066 2750 5089; x_wconf 96' lang='lat'><strong>,</strong></span> <span class='ocrx_word' id='word_1_900' title='bbox 2781 5024 3034 5093; x_wconf 61' lang='lat' dir='ltr'><strong>praecipiti</strong></span> <span class='ocrx_word' id='word_1_901' title='bbox 3065 5023 3207 5078; x_wconf 75' lang='lat' dir='ltr'><strong>fluxu</strong></span> <span class='ocrx_word' id='word_1_902' title='bbox 3235 5024 3644 5079; x_wconf 88' lang='lat' dir='ltr'><strong>transcurrentia</strong></span> <span class='ocrx_word' id='word_1_903' title='bbox 3665 5065 3681 5090; x_wconf 92' lang='lat'><strong>,</strong></span> 
     </span>
    </p>
   </div>
   <div class='ocr_carea' id='block_1_113' title="bbox 2103 5114 3685 5185">
    <p class='ocr_par' dir='ltr' id='par_1_113' title="bbox 2103 5114 3685 5185">
     <span class='ocr_line' id='line_1_113' title="bbox 2103 5114 3685 5185; baseline 0.001 -16"><span class='ocrx_word' id='word_1_904' title='bbox 2103 5125 2259 5185; x_wconf 88' lang='lat' dir='ltr'><strong>atque</strong></span> <span class='ocrx_word' id='word_1_905' title='bbox 2286 5114 2338 5168; x_wconf 90' lang='lat' dir='ltr'><strong>in</strong></span> <span class='ocrx_word' id='word_1_906' title='bbox 2366 5129 2424 5169; x_wconf 90' lang='lat' dir='ltr'><strong>se</strong></span> <span class='ocrx_word' id='word_1_907' title='bbox 2449 5115 2625 5183; x_wconf 84' lang='lat' dir='ltr'><strong>lapsos</strong></span> <span class='ocrx_word' id='word_1_908' title='bbox 2656 5115 2705 5167; x_wconf 93' lang='lat' dir='ltr'><strong>in</strong></span> <span class='ocrx_word' id='word_1_909' title='bbox 2736 5115 2897 5169; x_wconf 87' lang='lat' dir='ltr'><strong>imum</strong></span> <span class='ocrx_word' id='word_1_910' title='bbox 2940 5116 3223 5184; x_wconf 86' lang='lat' dir='ltr'><strong>rapientia;</strong></span> <span class='ocrx_word' id='word_1_911' title='bbox 3251 5130 3422 5184; x_wconf 89' lang='lat' dir='ltr'><strong>neque</strong></span> <span class='ocrx_word' id='word_1_912' title='bbox 3448 5115 3512 5168; x_wconf 88' lang='lat' dir='ltr'><strong>ad</strong></span> <span class='ocrx_word' id='word_1_913' title='bbox 3544 5114 3685 5170; x_wconf 90' lang='lat' dir='ltr'><strong>hunc</strong></span> 
     </span>
    </p>
   </div>
   <div class='ocr_carea' id='block_1_114' title="bbox 2104 5205 3687 5270">
    <p class='ocr_par' dir='ltr' id='par_1_114' title="bbox 2104 5205 3687 5270">
     <span class='ocr_line' id='line_1_114' title="bbox 2104 5205 3687 5270; baseline 0 -10"><span class='ocrx_word' id='word_1_914' title='bbox 2104 5207 2261 5260; x_wconf 84' lang='lat' dir='ltr'><strong>linem</strong></span> <span class='ocrx_word' id='word_1_915' title='bbox 2291 5206 2381 5260; x_wconf 88' lang='lat' dir='ltr'><strong>tibi</strong></span> <span class='ocrx_word' id='word_1_916' title='bbox 2408 5206 2607 5260; x_wconf 82' lang='lat' dir='ltr'><strong>servire</strong></span> <span class='ocrx_word' id='word_1_917' title='bbox 2646 5220 2744 5259; x_wconf 87' lang='lat' dir='ltr'><strong>nos</strong></span> <span class='ocrx_word' id='word_1_918' title='bbox 2770 5206 2953 5270; x_wconf 87' lang='lat' dir='ltr'><strong>decet,</strong></span> <span class='ocrx_word' id='word_1_919' title='bbox 2984 5207 3089 5259; x_wconf 91' lang='lat' dir='ltr'><strong>imo</strong></span> <span class='ocrx_word' id='word_1_920' title='bbox 3117 5206 3268 5260; x_wconf 90' lang='lat' dir='ltr'><strong>decet</strong></span> <span class='ocrx_word' id='word_1_921' title='bbox 3295 5206 3453 5260; x_wconf 91' lang='lat' dir='ltr'><strong>etiam</strong></span> <span class='ocrx_word' id='word_1_922' title='bbox 3484 5205 3607 5260; x_wconf 92' lang='lat' dir='ltr'><strong>hinc</strong></span> <span class='ocrx_word' id='word_1_923' title='bbox 3632 5216 3687 5260; x_wconf 87' lang='lat' dir='ltr'><strong>te</strong></span> 
     </span>
    </p>
   </div>
   <div class='ocr_carea' id='block_1_115' title="bbox 2103 5297 3684 5368">
    <p class='ocr_par' dir='ltr' id='par_1_115' title="bbox 2103 5297 3684 5368">
     <span class='ocr_line' id='line_1_115' title="bbox 2103 5297 3684 5368; baseline 0.001 -16"><span class='ocrx_word' id='word_1_924' title='bbox 2103 5313 2370 5352; x_wconf 88' lang='lat' dir='ltr'><strong>amovere.</strong></span> <span class='ocrx_word' id='word_1_925' title='bbox 2404 5297 2690 5352; x_wconf 17' lang='lat' dir='ltr'><strong>Nontenim</strong></span> <span class='ocrx_word' id='word_1_926' title='bbox 2729 5299 2805 5353; x_wconf 89' lang='lat' dir='ltr'><strong>sic</strong></span> <span class='ocrx_word' id='word_1_927' title='bbox 2834 5308 2884 5353; x_wconf 93' lang='lat' dir='ltr'><strong>te</strong></span> <span class='ocrx_word' id='word_1_928' title='bbox 2912 5298 3254 5368; x_wconf 87' lang='lat' dir='ltr'><strong>prohibemus</strong></span> <span class='ocrx_word' id='word_1_929' title='bbox 3289 5298 3342 5351; x_wconf 94' lang='lat' dir='ltr'><strong>in</strong></span> <span class='ocrx_word' id='word_1_930' title='bbox 3382 5298 3584 5352; x_wconf 88' lang='lat' dir='ltr'><strong>incerto</strong></span> <span class='ocrx_word' id='word_1_931' title='bbox 3610 5300 3684 5353; x_wconf 83' lang='lat' dir='ltr'><strong>fa-</strong></span> 
     </span>
    </p>
   </div>
   <div class='ocr_carea' id='block_1_116' title="bbox 2103 5389 3682 5460">
    <p class='ocr_par' dir='ltr' id='par_1_116' title="bbox 2103 5389 3682 5460">
     <span class='ocr_line' id='line_1_116' title="bbox 2103 5389 3682 5460; baseline 0.001 -16"><span class='ocrx_word' id='word_1_932' title='bbox 2103 5406 2205 5444; x_wconf 73' lang='lat' dir='ltr'><strong>ma:</strong></span> <span class='ocrx_word' id='word_1_933' title='bbox 2236 5390 2392 5443; x_wconf 81' lang='lat' dir='ltr'><strong>finem</strong></span> <span class='ocrx_word' id='word_1_934' title='bbox 2423 5405 2640 5459; x_wconf 85' lang='lat' dir='ltr'><strong>ponere,</strong></span> <span class='ocrx_word' id='word_1_935' title='bbox 2667 5400 2722 5444; x_wconf 94' lang='lat' dir='ltr'><strong>ut</strong></span> <span class='ocrx_word' id='word_1_936' title='bbox 2749 5402 2993 5460; x_wconf 89' lang='lat' dir='ltr'><strong>tanquam</strong></span> <span class='ocrx_word' id='word_1_937' title='bbox 3012 5389 3078 5444; x_wconf 89' lang='lat' dir='ltr'><strong>de</strong></span> <span class='ocrx_word' id='word_1_938' title='bbox 3094 5390 3283 5444; x_wconf 86' lang='lat' dir='ltr'><strong>Mincio</strong></span> <span class='ocrx_word' id='word_1_939' title='bbox 3313 5391 3366 5443; x_wconf 92' lang='lat' dir='ltr'><strong>in</strong></span> <span class='ocrx_word' id='word_1_940' title='bbox 3393 5390 3682 5445; x_wconf 87' lang='lat' dir='ltr'><strong>Eridanum</strong></span> 
     </span>
    </p>
   </div>
   <div class='ocr_carea' id='block_1_117' title="bbox 2104 5483 3683 5554">
    <p class='ocr_par' dir='ltr' id='par_1_117' title="bbox 2104 5483 3683 5554">
     <span class='ocr_line' id='line_1_117' title="bbox 2104 5483 3683 5554; baseline -0.001 -17"><span class='ocrx_word' id='word_1_941' title='bbox 2104 5483 2361 5554; x_wconf 88' lang='lat' dir='ltr'><strong>emigres;</strong></span> <span class='ocrx_word' id='word_1_942' title='bbox 2394 5500 2496 5553; x_wconf 89' lang='lat' dir='ltr'><strong>quo</strong></span> <span class='ocrx_word' id='word_1_943' title='bbox 2519 5494 2569 5537; x_wconf 92' lang='lat' dir='ltr'><strong>te</strong></span> <span class='ocrx_word' id='word_1_944' title='bbox 2606 5485 2718 5552; x_wconf 89' lang='lat' dir='ltr'><strong>ipse</strong></span> <span class='ocrx_word' id='word_1_945' title='bbox 2744 5484 2965 5538; x_wconf 89' lang='lat' dir='ltr'><strong>fortasse</strong></span> <span class='ocrx_word' id='word_1_946' title='bbox 2988 5484 3204 5538; x_wconf 80' lang='lat' dir='ltr'><strong>Mincius</strong></span> <span class='ocrx_word' id='word_1_947' title='bbox 3228 5484 3384 5536; x_wconf 89' lang='lat' dir='ltr'><strong>etiam</strong></span> <span class='ocrx_word' id='word_1_948' title='bbox 3414 5498 3518 5537; x_wconf 93' lang='lat' dir='ltr'><strong>non</strong></span> <span class='ocrx_word' id='word_1_949' title='bbox 3549 5490 3683 5537; x_wconf 71' lang='lat' dir='ltr'><strong>emi—</strong></span> 
     </span>
    </p>
   </div>
   <div class='ocr_carea' id='block_1_118' title="bbox 2103 5576 3683 5647">
    <p class='ocr_par' dir='ltr' id='par_1_118' title="bbox 2103 5576 3683 5647">
     <span class='ocr_line' id='line_1_118' title="bbox 2103 5576 3683 5647; baseline 0 -18"><span class='ocrx_word' id='word_1_950' title='bbox 2103 5586 2342 5646; x_wconf 87' lang='lat' dir='ltr'><strong>grantem</strong></span> <span class='ocrx_word' id='word_1_951' title='bbox 2367 5577 2698 5647; x_wconf 87' lang='lat' dir='ltr'><strong>impingeret.</strong></span> <span class='ocrx_word' id='word_1_952' title='bbox 2725 5577 2853 5631; x_wconf 92' lang='lat' dir='ltr'><strong>Cum</strong></span> <span class='ocrx_word' id='word_1_953' title='bbox 2880 5578 3019 5631; x_wconf 91' lang='lat' dir='ltr'><strong>enim</strong></span> <span class='ocrx_word' id='word_1_954' title='bbox 3048 5591 3150 5630; x_wconf 89' lang='lat' dir='ltr'><strong>non</strong></span> <span class='ocrx_word' id='word_1_955' title='bbox 3177 5577 3446 5631; x_wconf 85' lang='lat' dir='ltr'><strong>satiaverit</strong></span> <span class='ocrx_word' id='word_1_956' title='bbox 3473 5576 3683 5630; x_wconf 87' lang='lat' dir='ltr'><strong>avidum</strong></span> 
     </span>
    </p>
   </div>
   <div class='ocr_carea' id='block_1_119' title="bbox 2104 5666 3683 5737">
    <p class='ocr_par' dir='ltr' id='par_1_119' title="bbox 2104 5666 3683 5737">
     <span class='ocr_line' id='line_1_119' title="bbox 2104 5666 3683 5737; baseline 0 -17"><span class='ocrx_word' id='word_1_957' title='bbox 2104 5667 2346 5736; x_wconf 82' lang='lat' dir='ltr'><strong>spiritum</strong></span> <span class='ocrx_word' id='word_1_958' title='bbox 2377 5668 2581 5721; x_wconf 89' lang='lat' dir='ltr'><strong>vanitas</strong></span> <span class='ocrx_word' id='word_1_959' title='bbox 2607 5666 2775 5722; x_wconf 90' lang='lat' dir='ltr'><strong>laudis</strong></span> <span class='ocrx_word' id='word_1_960' title='bbox 2798 5667 3064 5733; x_wconf 69' lang='lat' dir='ltr'><strong>humanm,</strong></span> <span class='ocrx_word' id='word_1_961' title='bbox 3091 5668 3211 5737; x_wconf 90' lang='lat' dir='ltr'><strong>quia</strong></span> <span class='ocrx_word' id='word_1_962' title='bbox 3246 5668 3377 5723; x_wconf 91' lang='lat' dir='ltr'><strong>nihil</strong></span> <span class='ocrx_word' id='word_1_963' title='bbox 3409 5668 3474 5723; x_wconf 91' lang='lat' dir='ltr'><strong>ad</strong></span> <span class='ocrx_word' id='word_1_964' title='bbox 3490 5669 3683 5723; x_wconf 81' lang='lat' dir='ltr'><strong>ciban-</strong></span> 
     </span>
    </p>
   </div>
   <div class='ocr_carea' id='block_1_120' title="bbox 2106 5757 3683 5831">
    <p class='ocr_par' dir='ltr' id='par_1_120' title="bbox 2106 5757 3683 5831">
     <span class='ocr_line' id='line_1_120' title="bbox 2106 5757 3683 5831; baseline 0 -18"><span class='ocrx_word' id='word_1_965' title='bbox 2106 5757 2232 5815; x_wconf 89' lang='lat' dir='ltr'><strong>dum</strong></span> <span class='ocrx_word' id='word_1_966' title='bbox 2262 5758 2418 5821; x_wconf 65' lang='lat' dir='ltr'><strong>affert</strong></span> <span class='ocrx_word' id='word_1_967' title='bbox 2442 5758 2541 5814; x_wconf 91' lang='lat' dir='ltr'><strong>nisi</strong></span> <span class='ocrx_word' id='word_1_968' title='bbox 2575 5759 2729 5814; x_wconf 87' lang='lat' dir='ltr'><strong>inane</strong></span> <span class='ocrx_word' id='word_1_969' title='bbox 2757 5766 2810 5814; x_wconf 90' lang='lat' dir='ltr'><strong>et</strong></span> <span class='ocrx_word' id='word_1_970' title='bbox 2835 5757 3089 5826; x_wconf 84' lang='lat' dir='ltr'><strong>inflatum,</strong></span> <span class='ocrx_word' id='word_1_971' title='bbox 3120 5762 3413 5831; x_wconf 84' lang='lat' dir='ltr'><strong>cogiteam</strong></span> <span class='ocrx_word' id='word_1_972' title='bbox 3437 5762 3546 5830; x_wconf 87' lang='lat' dir='ltr'><strong>ipsa</strong></span> <span class='ocrx_word' id='word_1_973' title='bbox 3572 5775 3683 5813; x_wconf 74' lang='lat' dir='ltr'><strong>avt-</strong></span> 
     </span>
    </p>
   </div>
  </div>
