4122 6350
393 404 533 459 ditas
559 402 761 460 referre
781 404 835 460 in
857 388 1032 470 aliud,
1043 403 1192 473 quasi
1213 401 1429 464 uberius
1449 408 1606 471 atque
1632 399 1982 466 fructuosius;

396 493 538 563 quod
569 495 915 549 nihilominus
948 495 992 549 si
1035 493 1310 564 temporali
1352 492 1504 562 lapsu
1533 491 1878 562 pra‘terﬂuit,
1912 491 1984 545 ita

393 597 478 641 est
504 588 654 658 quasi
684 586 876 641 ﬂuvius
895 587 1053 640 ducat
1079 587 1130 640 in
1151 585 1390 648 ﬂuvium,
1417 593 1476 637 ut
1511 597 1614 638 non
1641 583 1708 640 sit
1738 582 1854 636 linis
1879 583 1983 636 mi-

391 681 568 745 seriae,
591 679 845 750 quamdiu
867 680 986 732 finis
1011 678 1306 732 ofﬁciorum
1339 684 1639 731 nostrorum
1667 675 1719 729 in
1744 691 1800 729 re
1823 674 1984 729 insta-

391 769 486 823 hili
518 770 864 824 collocatur‘.
899 769 958 822 ln
986 769 1164 837 aliquo
1208 766 1368 836 igitur
1402 765 1555 822 firmo
1584 772 1742 834 atque
1775 764 1982 817 incom-

389 861 631 916 mutabili
655 862 794 916 bono
817 870 869 916 te
889 861 1049 930 figere
1076 859 1320 912 volumus
1347 856 1788 912 conslantissimaz
1811 856 1983 908 inten-

395 952 555 1008 tionis
581 955 794 1008 domum
813 997 827 1021 ,
858 963 911 1008 et
947 951 1339 1007 securissimam
1367 952 1603 1021 requiem
1631 948 1804 1002 omnis
1829 947 1980 1002 bona:

389 1053 551 1114 atque
579 1045 819 1101 honestae
839 1043 1064 1098 actionis
1085 1053 1208 1097 ture.
1238 1043 1320 1096 An
1344 1041 1479 1095 forte
1506 1043 1658 1094 istam
1687 1039 1853 1108 ipsam
1877 1047 1982 1093 ter-

391 1150 574 1192 renam
619 1138 917 1192 felicitatem
959 1136 1116 1205 quam
1162 1135 1610 1198 commemoravi,
1651 1131 1696 1187 si
1739 1129 1981 1201 prosperi

348 1246 353 1253 ’
393 1229 618 1283 rutnoris
639 1243 787 1294 aura,
805 1235 894 1281 aut
912 1228 1069 1282 etiam
1091 1224 1303 1280 ﬂatibus
1331 1225 1446 1280 vela
1474 1223 1753 1294 pandendo
1773 1221 1836 1276 ad
1860 1236 1978 1276 eam

388 1319 630 1389 pomeris
653 1319 954 1391 pervenire,
984 1319 1121 1373 hanc
1147 1319 1305 1373 etiam
1326 1317 1525 1387 cogitas
1541 1315 1743 1371 referre
1763 1315 1815 1368 in
1837 1313 1980 1369 aliud

389 1423 628 1476 certum,
660 1420 714 1467 et
751 1428 936 1467 verum
975 1421 1029 1466 et
1058 1412 1272 1480 plenum
1312 1409 1546 1464 bonum?
1585 1410 1654 1462 At
1694 1407 1825 1461 mihi
1872 1421 1978 1460 non

387 1500 621 1566 videtur,
646 1509 804 1572 atque
833 1503 1052 1557 omnino
1069 1503 1181 1570 ipsa
1203 1501 1399 1555 veritas
1430 1508 1605 1568 negat,
1631 1497 1713 1552 vel
1733 1496 1890 1550 tantis
1911 1495 1978 1549 ad

387 1604 446 1647 se
475 1593 821 1662 anfractibus,
851 1611 969 1665 qua:
997 1604 1102 1648 tam
1133 1592 1370 1663 proxima
1393 1601 1506 1655 est,
1535 1591 1618 1644 vel
1646 1589 1806 1644 tantis
1832 1603 1979 1642 sum-

387 1686 588 1754 ptibus,
611 1703 730 1756 qua:
763 1698 866 1741 tam
893 1687 1123 1756 gratuita
1152 1694 1255 1750 est,
1277 1683 1561 1753 perveniri.

464 1779 515 1830 7.
557 1779 637 1832 An
684 1779 795 1848 ipsa
843 1779 1071 1832 humana
1117 1777 1308 1843 laude,
1338 1786 1586 1846 tanquam
1627 1775 1980 1829 instrumento

386 1869 646 1924 utendum
675 1871 966 1935 existimas,
999 1878 1058 1923 ιιι
1082 1869 1281 1922 aditum
1325 1884 1423 1939 per
1464 1867 1600 1920 hanc
1625 1881 1892 1936 prmpares
1911 1865 1978 1918 ad

385 1959 594 2013 animos
621 1959 892 2013 hominum
917 1999 932 2026 ,
964 1958 1318 2028 persuadendi
1365 1973 1486 2014 vera
1529 1966 1687 2027 atque
1716 1955 1976 2021 salubria;

387 2059 444 2105 et
473 2065 629 2106 caves
650 2066 718 2106 ne
745 2060 815 2116 te,
844 2066 964 2104 cum
994 2050 1263 2104 indoctum
1293 2059 1452 2120 atque
1486 2049 1730 2104 hebetem
1756 2057 1976 2118 putave-

385 2142 522 2205 rint,
556 2141 828 2211 indignum
869 2141 1191 2196 arbitrentur
1227 2141 1312 2195 cui
1352 2155 1533 2194 aurem
1561 2139 1646 2193 vel
1686 2138 1980 2193 intentissi-

386 2248 532 2288 mam
588 2234 672 2288 vel
719 2234 1156 2302 patientissimam
1207 2233 1514 2302 praebeant,
1568 2231 1680 2285 sive
1725 2230 1792 2284 ad
1835 2237 1980 2284 recte

385 2324 526 2379 facta
553 2339 871 2394 quemquam
901 2325 1199 2378 exhorteris
1221 2365 1236 2390 ,
1269 2318 1382 2378 sivé
1413 2322 1666 2376 malitiam
1693 2331 1852 2390 atque
1886 2335 1980 2372 ne-

388 2417 611 2486 quitiam
665 2417 936 2486 peccantis
964 2415 1244 2486 ohjurges?
1289 2415 1441 2470 llunc
1485 2424 1540 2468 tu
1582 2414 1738 2468 tinem
1760 2413 1980 2482 justitixn

393 2521 460 2562 ac
487 2506 888 2573 beneﬂcentiaz,
929 2507 974 2561 si
1005 2506 1056 2560 in
1091 2507 1195 2562 illis
1241 2504 1629 2575 interrogandis
1669 2502 1981 2573 qttmstiutti-

388 2594 495 2651 bus
534 2597 807 2667 cogitasti,
838 2611 935 2651 nos
961 2596 1028 2651 de
1069 2605 1122 2650 te
1154 2596 1294 2650 male
1332 2595 1661 2660 meruimus,
1697 2593 1888 2662 quibus
1926 2593 1979 2648 in

393 2688 614 2758 epistola
647 2696 735 2742 tua
758 2729 773 2754 ,
807 2703 910 2740 non
941 2687 994 2741 id
1023 2686 1200 2757 potius
1243 2700 1351 2756 quo
1388 2699 1758 2748 moveremur,
1801 2682 1980 2751 posui-

390 2780 492 2846 sti,
525 2787 582 2832 nt
609 2786 700 2832 aut
727 2777 956 2832 libenter
991 2776 1241 2831 daremus
1277 2775 1421 2845 quod
1466 2774 1712 2843 petebas,
1746 2782 1836 2826 aut
1861 2773 1982 2826 ideo

391 2885 500 2924 non
529 2867 776 2923 daremus
799 2908 815 2934 ,
853 2866 977 2937 quia
1012 2880 1171 2920 causa
1195 2865 1445 2935 quaelibet
1469 2863 1570 2918 alia
1599 2863 1826 2918 fortasse
1855 2875 1983 2931 pro-

392 2959 632 3023 hiberet,
670 2973 778 3013 non
814 2967 989 3012 tamen
1027 2957 1150 3026 quia
1196 2965 1298 3011 tua:
1339 2971 1488 3009 vanae
1530 2954 1838 3023 cupiditati,
1877 2967 1982 3014 non

395 3051 569 3108 solum
614 3051 852 3112 servire,
894 3064 1081 3105 verum
1119 3049 1279 3104 etiam
1321 3063 1427 3103 non
1466 3046 1715 3101 resistere
1741 3045 1982 3116 puderet.

396 3143 605 3212 Quanto
631 3143 772 3198 enim
803 3141 995 3197 melius
1023 3151 1182 3212 atque
1211 3141 1507 3205 salubrius,
1537 3154 1718 3210 quaaso
1747 3148 1818 3205 te,
1843 3139 1985 3208 ipsas

395 3239 638 3294 veritatis
671 3242 915 3311 regulas,
954 3242 1124 3295 multo
1159 3240 1358 3294 certius
1396 3247 1449 3293 et
1492 3239 1707 3308 brevius
1749 3252 1845 3306 per
1898 3251 1985 3289 se-

396 3336 542 3401 ipsas
583 3333 780 3403 accipis
805 3375 818 3398 ,
861 3334 1052 3402 quibus
1090 3333 1220 3387 falsa
1251 3331 1427 3386 omnia
1471 3331 1644 3400 possis
1675 3331 1787 3398 ipse
1825 3327 1986 3382 refel-

397 3423 533 3487 lere,
560 3437 628 3478 ne
652 3424 792 3492 quod
819 3423 1009 3479 falsum
1041 3431 1096 3478 et
1136 3422 1438 3492 pudendum
1481 3430 1593 3484 est,
1627 3420 1672 3473 si
1699 3420 1984 3474 multorutn

400 3527 633 3568 annosus
653 3521 708 3568 et
731 3514 1026 3584 decrepitas
1043 3514 1296 3568 falsitates
1317 3513 1492 3569 studio
1513 3511 1813 3580 jactantiori
1831 3525 1987 3578 quam

397 3601 728 3672 prudentiori
770 3604 1018 3659 didiceris
1040 3645 1053 3668 ,
1084 3605 1295 3658 doctum
1335 3611 1492 3673 atque
1523 3603 1898 3671 intelligentem
1934 3609 1987 3655 te

401 3707 522 3748 esse
558 3693 866 3760 arbitreris;
909 3695 1049 3764 quod
1084 3694 1194 3763 jam
1236 3710 1343 3748 non
1382 3693 1628 3747 existimo
1676 3692 1769 3746 tibi
1799 3690 1983 3744 videri.

398 3782 517 3838 Non
547 3785 688 3839 enim
713 3785 905 3840 frustra
925 3795 1034 3840 tam
1055 3786 1142 3840 diu
1163 3793 1270 3839 tam
1293 3800 1416 3840 vera
1445 3785 1697 3840 Dioscoro
1719 3783 1948 3837 diximus
1970 3801 1984 3838 :

400 3891 466 3930 ex
491 3891 598 3946 quo
617 3878 673 3932 in
693 3878 791 3933 hac
814 3879 1035 3949 epistola
1057 3877 1346 3949 gradimur.

475 3965 702 4024 CAPUT
727 3968 793 4023 ll.
829 3999 899 4010 --
931 3970 984 4025 8.
1008 3970 1342 4040 Quapropter
1378 3968 1489 4039 jam
1531 3968 1660 4023 illud
1693 3968 1982 4034 videamus,

402 4073 525 4112 cum
584 4065 638 4114 te
689 4059 912 4115 istarum
953 4076 1132 4115 rerum
1177 4061 1473 4130 ignorantia
1528 4074 1859 4129 nequaquam
1903 4059 1985 4113 in—

403 4148 618 4203 doctum
647 4157 805 4219 atque
829 4150 1075 4207 hebetem
1095 4150 1301 4221 judices
1322 4192 1336 4216 ,
1368 4150 1463 4206 sed
1501 4150 1667 4220 ipsius
1693 4151 1866 4219 potius
1889 4165 1986 4206 ve-

400 4237 526 4292 ritat
536 4238 580 4292 is
596 4280 609 4303 ,
643 4247 706 4294 ut
721 4241 958 4310 quisquis
978 4241 1045 4296 de
1070 4240 1153 4295 his
1175 4241 1337 4295 rebus
1357 4239 1570 4310 scripsit
1589 4240 1676 4296 vel
1695 4240 1984 4310 scripserit,

403 4339 495 4383 aut
533 4345 594 4384 ea
635 4330 738 4384 sint
777 4348 895 4401 qua:
934 4332 1043 4402 jam
1079 4341 1258 4387 certus
1286 4341 1469 4398 tenes,
1505 4340 1597 4386 aut
1620 4332 1664 4386 si
1685 4330 1817 4387 falsa
1839 4340 1987 4399 sunt,

403 4434 626 4475 securus
666 4421 908 4491 ignores,
943 4439 1115 4494 neque
1159 4424 1227 4478 de
1265 4423 1570 4478 diversitate
1617 4423 1988 4492 cognoscenda

401 4511 788 4567 sententiarum
823 4515 1112 4569 alienarum
1135 4557 1151 4580 ,
1183 4530 1252 4569 ne
1276 4516 1425 4585 quasi
1469 4514 1714 4569 indoctus
1744 4522 1799 4569 et
1823 4513 1988 4569 hebes

403 4615 720 4669 remaneas,
752 4605 894 4661 inani
943 4608 1296 4662 sollicitudine
1341 4607 1646 4662 macereris.
1689 4607 1823 4662 Cum
1860 4621 1989 4677 ergo

401 4693 521 4748 hac
550 4695 775 4764 ita‘sint,
803 4698 959 4752 etiam
990 4699 1120 4754 illud
1139 4739 1154 4766 ,
1183 4699 1225 4753 si
1255 4699 1426 4769 placet
1445 4739 1460 4765 ,
1489 4698 1781 4765 videamus,
1809 4708 1985 4754 utrum

403 4784 630 4839 aliorum
658 4787 786 4842 falsa
811 4789 1164 4855 existimatio,
1190 4790 1279 4860 qui
1305 4797 1460 4856 sunt,
1491 4798 1550 4844 ut
1577 4790 1785 4857 scribis,
1816 4790 1882 4845 ad
1911 4791 1989 4845 vi-

403 4875 758 4944 tuperandum
789 4880 1050 4948 proclives
1069 4922 1082 4944 ,
1117 4881 1188 4934 ita
1215 4890 1274 4935 ut
1297 4882 1342 4935 si
1372 4890 1422 4936 te
1459 4881 1560 4936 ista
1590 4882 1836 4952 ignorare
1863 4898 1986 4952 per-

406 4971 692 5034 senserint,
717 4970 986 5025 indoctum
1011 4980 1168 5041 atque
1190 4973 1454 5040 hebetem,
1480 4974 1612 5030 falso
1634 4975 1867 5045 quidem,
1891 4977 1988 5032 sed

403 5065 584 5112 tamen
608 5066 830 5128 putent,
861 5059 937 5114 sie
976 5069 1027 5116 te
1050 5077 1268 5118 movere
1293 5063 1486 5118 debeat
1514 5075 1575 5120 ut
1593 5066 1752 5120 etiam
1782 5067 1850 5121 ab
1873 5068 1987 5136 epi-

405 5149 584 5218 scopis
635 5149 726 5205 tibi
773 5149 886 5206 haac
939 5154 1132 5223 exponi
1194 5171 1301 5209 non
1349 5156 1760 5228 ineongruenter
1808 5168 1984 5229 petas;

406 5242 833 5313 quandoquidem
872 5261 938 5300 eo
977 5245 1082 5302 ﬂne
1106 5247 1215 5318 jam
1252 5257 1305 5303 te
1344 5249 1443 5304 ista
1469 5266 1664 5320 cupere
1691 5251 1985 5319 credimus,

407 5348 512 5402 quo
541 5334 644 5390 illis
670 5336 916 5392 consulas
939 5337 1004 5392 ad
1032 5339 1455 5408 persuadendam
1477 5342 1774 5409 veritatem,
1801 5344 1989 5396 vitam-

403 5443 508 5496 que
537 5444 722 5484 eorum
756 5432 1118 5501 corrigendam
1144 5475 1160 5499 ,
1191 5433 1280 5503 qui
1308 5443 1388 5498 te,
1419 5434 1463 5488 si
1495 5435 1544 5487 in
1585 5435 1684 5489 illis
1719 5435 1988 5490 Ciceronis

404 5518 848 5577 librisindoeturn
876 5523 1223 5595 hebetemque
1255 5527 1572 5595 putaverint,
1603 5527 1870 5596 indignum
1894 5527 1988 5581 ha-

404 5607 606 5664 bebunt
637 5625 666 5663 a
708 5628 816 5681 quo
846 5613 1042 5685 aliquid
1071 5616 1214 5671 utilis
1242 5617 1572 5687 salubrisque
1613 5619 1846 5672 scicntia:
1886 5619 1983 5674 sibi

469 5725 490 5757 ⁸
522 5730 628 5774 Mss.
669 5723 892 5792 plerique
911 5764 923 5779 .
951 5739 1005 5779 ιη
1025 5743 1129 5780 rem
1150 5729 1365 5781 stabilem
1382 5742 1475 5780 non
1497 5728 1772 5781 collocatur.

1637 289 1692 342 δ.
1736 285 1872 342 AUC
1881 285 2096 342 USTINI
2138 279 2438 343 EPISCOPI

3575 288 3698 350 ὥθ’

2095 401 2463 470 accipiendum
2485 414 2602 456 esse
2625 401 2965 458 arbitrentur.
3003 401 3154 470 Quod
3178 417 3282 459 non
3310 403 3380 458 ita
3401 413 3515 472 est,
3544 406 3676 461 mihi

2093 491 2272 546 crede.

2164 583 2218 638 9.
2260 584 2494 638 Primum
2520 584 2644 655 quia
2671 600 2792 640 esse
2817 585 3026 656 aliquos
3053 585 3106 640 in
3135 587 3240 640 illis
3266 587 3440 652 terris,
3472 588 3560 642 ubi
3582 591 3678 644 im-

2091 675 2294 744 peritus
2326 677 2648 746 minimeque
2670 686 2858 731 acutus
2883 676 3047 732 videri
3078 677 3251 742 times,
3281 678 3370 748 qui
3391 686 3444 733 te
3468 680 3536 734 de
3565 680 3681 735 istis

2090 768 2475 836 qumstionibus
2505 769 2790 839 quidquam
2818 771 3177 840 interrogent,
3211 772 3427 824 omnino
3455 786 3562 826 non
3593 773 3678 827 vi-

2091 857 2194 912 deo
2220 877 2231 912 :
2265 854 2692 930 quandoquidem
2719 862 2805 918 hic
2823 905 2837 928 ,
2869 878 2975 933 quo
2998 864 3064 918 ad
3092 880 3152 918 ea
3179 864 3428 919 discenda
3452 867 3676 932 venisti,

2088 958 2144 1003 et
2182 949 2366 1004 Romae
2394 961 2644 1020 expertus
2686 968 2744 1007 es
2786 969 2945 1024 quam
2983 954 3309 1024 negligenter
3341 953 3636 1010 habeantur
3658 998 3674 1023 ,

2089 1049 2145 1096 et
2191 1042 2258 1096 ob
2295 1043 2396 1098 hoc
2434 1059 2608 1114 neque
2650 1045 2941 1100 doceantur
2979 1061 3151 1116 neque
3195 1047 3490 1113 discantur;
3530 1057 3584 1103 et
3623 1050 3676 1104 in

2088 1132 2265 1186 Africa
2295 1147 2459 1202 usque
2488 1134 2622 1188 adeo
2650 1134 2716 1188 de
2749 1135 2830 1188 his
2873 1135 3310 1205 interrogatorem
3348 1138 3544 1206 pateris
3582 1153 3680 1193 ne-

2088 1225 2320 1292 minem,
2372 1237 2430 1280 ut
2471 1241 2571 1282 nec
2610 1229 2835 1298 teipsum
2879 1229 2966 1298 qui
3007 1230 3238 1300 patiatur
3270 1231 3540 1296 invenias,
3581 1246 3677 1286 ea-

2087 1331 2192 1385 que
2225 1316 2400 1386 inopia
2439 1317 2705 1386 episcOpis
2734 1319 3045 1388 exponenda
3085 1335 3146 1374 ea
3179 1320 3390 1376 mittere
3427 1325 3674 1392 cogaris:

2087 1407 2235 1475 quasi
2259 1422 2384 1461 vero
2415 1409 2648 1478 episcopi
2674 1409 2797 1475 isti,
2828 1410 3033 1464 etiamsi
3063 1410 3454 1476 adolescentes,
3484 1413 3675 1469 eodem

2087 1513 2192 1567 quo
2220 1507 2274 1553 tu
2297 1501 2502 1570 raperis
2521 1502 2684 1556 animi
2711 1503 2902 1558 ardore
2924 1542 2942 1567 ,
2973 1503 3058 1556 vel
3082 1504 3258 1572 potius
3281 1520 3463 1559 errore
3483 1547 3498 1569 ,
3520 1506 3672 1574 quasi

2086 1589 2280 1658 aliquid
2321 1606 2571 1661 magnum
2627 1592 2743 1646 haec
2794 1593 3003 1648 discere
3045 1604 3338 1658 curarunt,
3387 1611 3558 1665 usque
3604 1596 3674 1651 ad

2087 1695 2250 1737 canos
2274 1684 2606 1752 episcopales
2625 1725 2640 1750 ,
2671 1693 2728 1739 et
2767 1700 2933 1754 usque
2957 1684 3023 1738 ad
3054 1685 3332 1740 cathedras
3355 1688 3676 1741 ecclesiasti-

2086 1787 2198 1840 cas,
2248 1790 2308 1828 ea
2349 1776 2448 1830 sibi
2483 1777 2535 1830 in
2566 1777 2822 1831 memoria
2876 1777 3072 1832 durare
3102 1787 3444 1847 paterentur;
3490 1793 3584 1834 aut
3626 1781 3674 1835 si

2087 1863 2188 1932 ipsi
2209 1865 2437 1930 vellent,
2480 1883 2586 1921 non
2625 1868 2749 1934 illa,
2779 1869 2938 1923 etiam
2978 1869 3045 1924 de
3081 1871 3363 1924 invitorum
3392 1871 3672 1937 cordibus,

2085 1968 2227 2008 cura:
2256 1957 2485 2025 majores
2512 1960 2889 2029 gravioresque
2910 1959 3277 2026 secluderent;
3305 1971 3397 2016 aut
3423 1963 3466 2016 si
3500 1963 3674 2032 aliqua

2085 2058 2150 2098 ex
2175 2046 2253 2099 eis
2288 2047 2341 2100 in
2370 2048 2562 2104 animis
2591 2064 2774 2105 eorum
2806 2051 2965 2106 nimia
3005 2052 3390 2108 consuetudine
3427 2069 3674 2109 remane-

2086 2144 2224 2202 rent,
2256 2152 2361 2192 non
2387 2139 2546 2193 etiam
2575 2140 2686 2210 ipsa
2713 2142 2976 2198 oblivione
3003 2144 3212 2213 sepeliri
3247 2145 3466 2199 mallent
3490 2160 3672 2200 recor-

2085 2227 2204 2282 data
2232 2271 2245 2294 ,
2274 2246 2432 2300 quam
2476 2233 2542 2287 ad
2574 2234 2750 2302 inepta
2793 2235 3118 2305 respondere
3160 2237 3415 2306 quaesita,
3459 2253 3580 2293 cum
3619 2239 3675 2293 in

2086 2319 2198 2390 ipsa
2220 2323 2377 2376 etiam
2401 2323 2628 2379 scholari
2657 2326 2868 2381 levitate
2903 2336 2957 2382 et
2983 2328 3260 2383 rhetoricis
3281 2330 3569 2396 cathedris,
3602 2332 3678 2387 ita

2085 2413 2413 2467 obmutuisse
2442 2423 2599 2484 atque
2629 2416 2963 2486 obtorpuisse
2988 2417 3268 2473 videantur
3287 2461 3300 2483 ,
3324 2429 3382 2474 ut
3405 2433 3435 2473 a
3457 2419 3679 2476 Cartha—

2086 2502 2208 2571 gine
2248 2502 2566 2572 Hipponem,
2598 2520 2704 2574 quo
2731 2508 2923 2576 exponi
2955 2509 3179 2577 possint,
3213 2509 3464 2564 mittenda
3493 2512 3677 2566 existi-

2087 2601 2334 2657 mentur;
2382 2592 2471 2647 ubi
2526 2603 2631 2648 tam
2677 2596 2886 2650 insolita
2928 2606 3088 2667 atque
3133 2601 3351 2654 omnino
3401 2603 3675 2672 peregrina

2087 2693 2231 2749 sunt,
2258 2693 2315 2738 ut
2342 2685 2386 2738 si
2418 2686 2608 2740 vellem
2630 2688 2985 2757 respondendi
3013 2704 3138 2743 cura
3169 2690 3428 2759 inspicere
3457 2693 3674 2764 aliquid,

2089 2775 2276 2828 volens
2302 2776 2482 2831 videre
2503 2778 2770 2847 quomodo
2793 2778 2858 2832 ad
2879 2781 3194 2834 sententiam
3215 2796 3334 2850 qua:
3361 2782 3488 2836 mihi
3513 2799 3677 2853 expo-

2088 2867 2258 2920 nenda
2293 2879 2470 2934 esset,
2500 2870 2731 2940 desuper
2761 2872 3042 2939 veniatur,
3084 2882 3177 2927 aut
3217 2875 3284 2928 ab
3315 2890 3375 2928 ea
3423 2875 3676 2946 deinceps

2089 2973 2208 3026 qua:
2253 2969 2628 3014 contexeretur
2662 2963 2832 3015 oratio
2855 3007 2867 3026 ,
2909 2963 3145 3018 codicem
3189 2980 3405 3034 prorsus
3439 2967 3678 3023 invenire

2091 3062 2194 3102 non
2240 3064 2473 3119 possem.
2514 3050 2593 3105 Illi
2631 3059 2807 3106 autem
2840 3053 3280 3123 Carthaginenses
3319 3056 3593 3121 rhetores,
3631 3057 3677 3111 si

2092 3142 2213 3196 huic
2237 3153 2326 3196 tuo
2352 3143 2528 3197 studio
2549 3143 2848 3211 defuerunt,
2879 3161 2983 3200 non
3015 3146 3173 3200 modo
3201 3161 3228 3198 a
3257 3162 3342 3200 me
3371 3162 3472 3202 non
3495 3163 3678 3217 repre-

2092 3232 2414 3301 henduntur,
2447 3234 2540 3289 sed
2571 3235 2727 3288 etiam
2759 3236 3141 3306 approbantur,
3173 3237 3218 3290 si
3246 3238 3379 3291 forte
3399 3241 3506 3307 jam
3528 3255 3679 3294 reco—

2093 3322 2239 3386 lunt,
2288 3339 2393 3378 non
2429 3325 2789 3379 Romanorum
2819 3325 3056 3379 furorum
3077 3365 3094 3391 ,
3127 3325 3218 3381 sed
3247 3325 3551 3382 Grmcorum
3576 3345 3677 3400 gy-

2091 3414 2418 3468 tnuasiorum
2446 3414 2545 3469 ista
2585 3415 2758 3470 solere
2797 3430 2917 3470 esse
2957 3417 3266 3472 certamina.
3297 3418 3377 3472 Tu
3405 3435 3530 3474 vero
3556 3435 3676 3475 cum

2092 3512 2146 3556 et
2173 3504 2227 3556 in
2255 3505 2528 3573 gymnasia
2564 3505 2938 3574 cogitationem
2987 3506 3247 3575 injecisti,
3279 3516 3334 3563 et
3367 3524 3430 3563 ea
3469 3525 3679 3580 quoque

2093 3594 2208 3662 ipsa
2239 3596 2485 3651 invenisti
2533 3596 2730 3653 talibus
2770 3598 2932 3653 rebus
2971 3599 3110 3654 nuda
3153 3610 3312 3670 atque
3349 3601 3554 3672 frigida,
3585 3605 3676 3659 ubi

2093 3683 2192 3738 has
2219 3701 2374 3741 curas
2395 3697 2511 3741 tuas
2549 3687 2878 3758 deponeres,
2903 3688 3308 3746 Christianorum
3341 3694 3432 3748 tibi
3459 3695 3684 3750 basilica

2094 3775 2450 3846 Hipponensis
2478 3778 2730 3846 occurrit,
2752 3780 2874 3850 quia
2900 3781 2952 3834 in
2975 3795 3037 3835 ea
3061 3797 3199 3837 nunc
3224 3783 3372 3838 sedet
3395 3785 3678 3856 episcopus

2092 3868 2182 3936 qui
2220 3868 2506 3938 aliquando
2549 3869 2648 3924 ista
2692 3872 2870 3941 pueris
2903 3872 3158 3928 vendidit.
3191 3873 3297 3929 Sed
3333 3891 3432 3931 nec
3479 3886 3528 3932 te
3554 3879 3682 3932 volo

2094 3973 2214 4014 esse
2242 3960 2416 4016 adhuc
2439 3976 2662 4031 puerum
2682 3978 2698 4028 ;
2720 3972 2774 4018 et
2799 3979 2886 4019 me
2899 3963 3009 4034 jam
3035 3980 3154 4021 esse
3175 3968 3452 4036 puerilium
3473 3985 3681 4039 rerum,

2093 4051 2231 4105 sicut
2265 4067 2370 4107 non
2394 4053 2723 4108 venditorem
2750 4095 2763 4118 ,
2792 4055 2862 4108 ita
2889 4070 2990 4112 nec
3016 4056 3317 4126 largitorem
3352 4048 3521 4113 decet.
3546 4061 3677 4127 Quae

2094 4157 2216 4197 cum
2242 4143 2312 4197 ita
2334 4144 2462 4210 sint,
2485 4145 2539 4199 id
2576 4155 2677 4211 est,
2701 4160 2821 4199 Cllm
2856 4145 2974 4208 dum
3004 4155 3161 4201 tanta:
3185 4149 3364 4214 urbes,
3396 4149 3676 4205 latinarum

2097 4231 2398 4289 litterarum
2420 4236 2673 4302 artifices,
2695 4236 2862 4292 Roma
2887 4244 3044 4306 atque
3066 4235 3329 4308 Carthago
3345 4279 3360 4305 ,
3392 4255 3491 4294 nec
3515 4242 3680 4296 tardio

2095 4326 2190 4381 tibi
2215 4328 2341 4393 sint,
2371 4336 2476 4382 uta
2501 4337 2550 4383 te
2571 4328 2670 4383 ista
2697 4330 3024 4399 perquirant,
3052 4345 3150 4385 nec
3175 4331 3326 4385 taedia
3349 4342 3436 4387 tua
3456 4344 3641 4388 curent
3659 4375 3674 4399 ,

2095 4426 2156 4472 ut
2202 4427 2253 4473 te
2299 4419 2400 4474 ista
2445 4422 2838 4489 perquirentcm
2892 4421 3204 4485 exaudiant;
3255 4421 3420 4476 miror
3472 4433 3674 4478 tantum

2095 4519 2350 4579 quantum
2380 4511 2480 4566 dici
2520 4527 2624 4567 non
2668 4521 2862 4580 potest,
2901 4514 3068 4566 vereri
3095 4523 3165 4579 te,
3199 4524 3302 4567 tam
3330 4514 3451 4568 boni
3481 4517 3684 4584 ingenii»

2089 4601 2384 4673 juvenem,
2440 4617 2509 4656 ne
2547 4603 2599 4656 in
2633 4601 2832 4657 Gratcis
2871 4612 3031 4671 atque
3067 4603 3420 4658 Orientalibus
3462 4606 3680 4659 urbibus

2095 4709 2411 4764 quemquam
2464 4693 2533 4748 de
2579 4691 2662 4746 his
2706 4694 2866 4748 rebus
2912 4694 3194 4749 molestum
3238 4697 3686 4765 interrogatorem

2095 4786 2256 4842 feras.
2286 4785 2517 4841 Facilius
2545 4785 2740 4855 quippe
2767 4783 3065 4840 corniculas
3100 4788 3151 4842 in
3190 4787 3364 4843 Africa
3403 4789 3638 4844 audieris
3661 4831 3676 4855 ,

2095 4898 2252 4953 quam
2281 4882 2332 4937 in
2362 4883 2467 4936 illis
2502 4883 2737 4952 partibus
2764 4886 2864 4938 hoc
2892 4897 3058 4953 genus
3088 4884 3250 4938 vocis.

2167 4976 2254 5031 10.
2277 4975 2478 5030 Deinde
2493 4975 2539 5029 si
2556 4974 2731 5043 fallor,
2745 4986 2799 5030 et
2818 4978 3095 5046 quisquam
3120 4975 3189 5028 ibi
3216 4976 3350 5030 forte
3376 4974 3677 5044 hujusmodi

2094 5069 2447 5139 quaestionum
2469 5075 2615 5121 tanto
2638 5068 2818 5138 utique
2832 5068 3085 5133 odiosior,
3108 5077 3304 5137 quanto
3333 5067 3383 5119 in
3414 5065 3518 5121 illis
3546 5067 3678 5123 locis

2095 5162 2326 5230 ineptior
2365 5169 2706 5229 percontator
2733 5160 3000 5225 extiterit;
3031 5175 3207 5214 nonne
3234 5159 3401 5228 magis
3428 5175 3584 5214 caves
3611 5176 3678 5215 ne

2095 5254 2265 5308 multo
2283 5251 2482 5306 facilius
2499 5252 2750 5318 existant,
2774 5252 2863 5322 qui
2885 5261 2938 5307 te
2957 5252 3116 5322 graeci
3134 5253 3375 5307 homines
3393 5253 3443 5305 in
3469 5251 3673 5307 Graecia

2095 5346 2458 5409 constitutum,
2489 5353 2543 5399 et
2584 5359 2756 5414 graeca
2800 5344 3058 5399 imbutum
3095 5345 3337 5414 primitus
3374 5345 3568 5414 lingua,
3609 5346 3675 5398 de

2094 5441 2224 5509 ipsis
2270 5440 2706 5510 phil050phorum
2749 5440 2900 5495 libris
2942 5441 3116 5508 aliqua
3163 5441 3520 5508 interrogent,
3554 5454 3670 5507 (μω

2093 5533 2284 5588 Cicero
2306 5532 2356 5586 in
2387 5533 2499 5586 suis
2525 5533 2715 5586 litteris
2747 5547 2851 5586 non
2881 5531 3094 5601 posuit?
3126 5530 3275 5598 Quod
3315 5532 3358 5584 si
3394 5528 3666 5595 acciderit,

2093 5626 2216 5696 quid
2239 5641 2594 5695 responsurus
2615 5625 2708 5681 es?
2730 5626 2900 5694 potius
2922 5632 2974 5678 te
2993 5624 3092 5677 ista
3111 5624 3164 5677 in
3185 5623 3465 5677 latinorum
3489 5631 3672 5677 aucto-

2093 5734 2209 5774 rum
2234 5718 2403 5784 libris,
2427 5732 2581 5784 quam
2601 5717 2650 5770 in
2672 5730 2964 5784 graecorum
2989 5727 3146 5770 nosse
3166 5714 3432 5769 voluisse?
3449 5713 3560 5780 Qua
3585 5727 3666 5767 re-
