4122 6350
293 360 396 418 457

295 471 576 544 sponsione
616 469 788 540 primo
823 469 1044 524 Gl'tDCltc
1091 468 1252 524 facies
1295 467 1571 537 iujnriam,
1627 477 1682 522 et
1733 468 1870 522 nosu

294 579 448 636 quam
481 564 564 618 illi"
581 563 826 618 homines
855 562 955 616 hoc
983 576 1088 614 non
1119 560 1310 614 ferant.
1355 559 1552 614 Deinde
1583 559 1690 628 jam
1721 558 1870 612 exul-

295 665 456 712 cerati
481 663 536 710 et
577 655 733 722 irati,
765 669 921 724 quam
956 653 1062 708 cito
1093 661 1172 715 te,
1211 651 1352 720 quod
1383 650 1538 704 nimis
1564 665 1666 702 non
1693 648 1791 710 vis,
1820 658 1874 702 et

299 746 544 802 hebetem
571 744 916 813 judicabant,
965 743 1054 810 qui
1105 755 1396 811 graecorum
1443 737 1870 808 philosophorum

298 840 576 908 dogmata,
607 837 688 890 vel
733 835 907 904 potius
953 833 1254 901 dogmatum
1297 828 1577 898 particulas
1620 825 1872 896 quasdam

298 930 590 995 discerptas
619 935 778 993 atque
803 924 1070 991 diSpersas
1092 923 1145 976 in
1171 921 1348 976 latinis
1369 918 1610 988 dialogis,
1635 932 1789 985 quam
1820 916 1872 968 in

265 1009 268 1012 ’
300 1018 534 1087 ipsorum
563 1023 838 1069 auctorum
883 1011 1029 1064 libris
1059 1012 1244 1080 graecis
1285 1018 1390 1064 tota
1434 1016 1592 1076 atque
1631 1015 1875 1058 contexta

299 1107 506 1161 discere
533 1105 797 1178 maluisti;
828 1111 882 1156 et
908 1101 1208 1165 indoctum,
1243 1101 1329 1168 qui
1355 1113 1478 1154 cum
1505 1108 1607 1152 tam
1635 1097 1797 1150 multa
1825 1097 1874 1148 in

303 1209 390 1252 tua
419 1199 591 1265 lingua
617 1195 842 1259 nescias,
875 1207 1058 1246 earum
1085 1206 1258 1246 rerum
1287 1189 1479 1244 frustra
1502 1191 1552 1242 in
1573 1190 1742 1242 aliena
1768 1187 1880 1240 col-

303 1287 468 1356 ligere
511 1283 746 1338 atnbisti.
777 1283 858 1336 Au
891 1281 1028 1336 forte
1069 1281 1194 1334 illud
1240 1278 1618 1348 respondebis,
1672 1293 1774 1330 non
1827 1285 1879 1330 te

303 1391 502 1446 grmcos
544 1375 612 1429 de
653 1374 736 1428 his
761 1374 918 1428 rebus
961 1371 1126 1426 libros
1154 1371 1538 1438 contempsisse
1559 1407 1576 1434 ,
1610 1367 1702 1422 sed
1735 1369 1878 1436 prius

303 1465 494 1520 latinos
521 1479 738 1519 curasse
773 1477 1128 1532 cognoscere,
1174 1475 1314 1514 nunc
1351 1472 1526 1514 autem
1571 1459 1706 1512 velle
1746 1466 1796 1512 te
1825 1458 1878 1510 in

303 1557 482 1612 latinis
499 1556 736 1619 doctum,
757 1555 864 1622 jam
883 1568 1056 1623 graeca
1083 1551 1355 1622 qurerere?
1379 1550 1433 1604 Si
1461 1549 1562 1603 hoc
1587 1565 1690 1602 non
1721 1547 1882 1616 pudet

305 1647 574 1702 hominem
597 1661 824 1714 graecum
851 1645 1010 1698 latina
1039 1657 1256 1711 puerum
1277 1641 1524 1694 didicisse
1541 1681 1556 1702 ,
1583 1653 1724 1692 nunc
1746 1637 1881 1692 velle

303 1737 512 1792 discere
535 1751 710 1805 graeca
737 1735 1054 1802 barbarum,
1084 1732 1368 1802 pudebitne
1409 1729 1618 1784 tandem
1665 1728 1713 1780 in
1757 1727 1880 1794 ipsis

305 1827 482 1882 latinis
513 1828 754 1896 ignorare
780 1826 952 1894 aliqua
975 1866 990 1889 ,
1031 1839 1146 1894 qua:
1189 1837 1342 1892 quam
1382 1820 1531 1874 multi
1567 1819 1712 1871 latini
1742 1817 1882 1870 docti

303 1928 480 1974 tecum
511 1919 786 1983 nesciant,
817 1917 902 1970 vel
933 1917 1034 1970 hoc
1077 1917 1191 1984 ipso
1229 1915 1428 1978 sentis,
1461 1912 1602 1982 quod
1639 1920 1690 1964 te
1731 1911 1884 1966 nobis

303 2025 490 2080 magna
519 2009 832 2064 necessitate
860 2009 992 2062 dicis
1015 2021 1318 2070 onerosum,
1353 2005 1406 2058 in
1434 2013 1576 2058 tanta
1604 2003 1882 2056 doctorum

303 2099 642 2152 multitudine
665 2097 802 2166 apud
827 2097 1197 2166 Carthaginem
1227 2092 1580 2148 constitutus?

373 2190 460 2242 ll.
504 2189 778 2242 Postremo
809 2186 886 2240 fac
914 2195 963 2240 te
987 2186 1052 2239 de
1078 2186 1324 2240 omnibus
1363 2200 1478 2252 quae
1499 2199 1528 2236 a
1560 2182 1710 2234 nobis
1739 2197 1881 2250 qum-

305 2281 414 2344 ris,
470 2281 848 2346 interrogatum
905 2278 1227 2346 respondere
1279 2278 1531 2345 potuisse.
1593 2275 1726 2327 Ecce
1774 2273 1884 2340 jam

303 2369 642 2422 doctissimus
686 2377 841 2434 atque
888 2366 1222 2420 acutissimus
1260 2364 1474 2426 diceris,
1523 2378 1648 2416 ecce
1673 2361 1780 2428 jam
1834 2371 1884 2414 te

305 2458 546 2512 laudibus
573 2459 624 2512 in
647 2458 842 2512 malum
870 2457 1126 2526 gnnculus
1155 2454 1308 2508 flatus
1333 2454 1526 2506 attollit
1550 2469 1564 2516 ;
1599 2461 1651 2506 tu
1683 2461 1882 2504 tantiun

303 2559 571 2603 memento
598 2549 868 2616 gravitatis
895 2555 1018 2608 tum,
1050 2555 1102 2599 et
1133 2547 1272 2598 illam
1307 2545 1496 2598 mereri
1545 2543 1748 2596 laudem
1781 2556 1884 2610 quo

307 2641 408 2694 line
425 2639 676 2702 volueris,
701 2647 758 2691 ut
786 2638 984 2692 scilicet
1013 2652 1103 2690 eos
1135 2637 1320 2690 leviter
1351 2635 1483 2688 levia
1515 2635 1611 2686 ista
1641 2634 1886 2697 miratos,

308 2736 362 2782 et
389 2728 892 2782 hcnevolentissime
935 2735 1092 2795 atque
1118 2724 1420 2778 avidissime
1459 2724 1567 2792 jam
1600 2723 1652 2776 in
1680 2731 1763 2776 tua
1794 2738 1886 2776 ora

307 2833 614 2886 suspensos,
647 2817 1012 2886 gravissimum
1039 2815 1236 2883 aliquid
1265 2824 1318 2868 et
1357 2813 1762 2867 saluberrimum
1795 2812 1888 2866 do-

309 2923 431 2961 ceas
465 2924 478 2958 :
507 2906 734 2975 idipsum
766 2904 1017 2974 quidquid
1055 2913 1138 2958 est
1165 2905 1527 2974 gravissimum
1572 2913 1622 2956 et
1654 2902 1888 2956 saluber-

308 2997 522 3058 rimum,
548 3007 721 3049 utrum
743 3004 945 3058 teneas,
975 3002 1028 3048 et
1052 3001 1194 3047 recte
1213 2993 1419 3046 tradere
1443 2992 1670 3055 noveris,
1697 2992 1886 3045 vellem

307 3100 660 3154 cognoscere.
694 3083 989 3136 Ridiculum
1031 3091 1113 3136 est
1155 3083 1295 3135 enim
1327 3096 1446 3134 cum
1495 3090 1768 3148 propterea
1796 3096 1887 3134 su-

307 3175 506 3246 perflua
551 3176 708 3228 multa
759 3173 1028 3240 didiceris,
1068 3181 1126 3226 ut
1175 3173 1268 3226 tibi
1299 3187 1453 3224 aures
1502 3171 1774 3224 hominum
1822 3171 1886 3222 ad

307 3267 606 3320 necessaria
637 3273 1014 3333 prmparcntur,
1049 3264 1160 3333 ipsa
1192 3263 1487 3316 necessaria
1527 3276 1630 3314 non
1664 3271 1844 3315 tenere
1872 3303 1884 3324 ,

308 3357 502 3426 quibus
531 3354 857 3425 exeipiendis
879 3369 970 3406 eas
999 3369 1092 3422 per
1111 3351 1370 3421 superflua
1401 3352 1810 3420 pricparaveris;
1837 3359 1892 3408 et

309 3447 438 3500 dum
481 3445 757 3514 occuparis
785 3453 842 3497 ut
883 3443 1056 3497 discas
1101 3441 1238 3496 unde
1268 3441 1428 3494 facias
1471 3441 1721 3506 intentos,
1753 3441 1890 3493 nolle

311 3539 517 3592 discere
543 3537 682 3606 quod
725 3535 1028 3590 infundatur
1053 3535 1287 3589 intentis.
1329 3534 1431 3588 Sed
1464 3534 1506 3586 si
1539 3534 1639 3586 hoc
1667 3544 1716 3587 te
1755 3534 1892 3588 scire

309 3629 415 3699 jam
447 3627 601 3694 dicis,
631 3627 785 3696 idque
812 3628 978 3695 ipsum
1002 3626 1338 3678 christianam
1359 3623 1650 3676 doctrinam
1674 3639 1789 3676 esse
1817 3639 1890 3677 rc-

313 3721 566 3788 spondcs,
589 3735 742 3787 quam
761 3728 808 3772 te
822 3719 1064 3770 omnibus
1083 3733 1388 3786 praqtonere
1406 3717 1666 3779 novimus,
1693 3725 1744 3768 et
1763 3717 1812 3769 in
1829 3733 1888 3769 ea

316 3812 424 3865 sola
452 3825 573 3864 esse
604 3825 922 3879 pra-sumere
968 3825 1116 3878 spem
1147 3808 1331 3861 salutis
1357 3816 1591 3871 aeterne,
1627 3823 1730 3860 non
1759 3823 1890 3877 opus

315 3913 392 3956 est
424 3903 472 3956 ci
503 3903 802 3970 cognitione
831 3901 1154 3969 dialogorum
1183 3899 1470 3962 Ciceronis,
1501 3909 1555 3953 et
1581 3899 1892 3952 collectione

319 3992 762 4048 emendiratarum
778 3991 1185 4044 discordantium
1204 3990 1578 4043 sententiarum
1598 3990 1884 4042 alienarum

319 4084 594 4152 procurari
641 4081 925 4136 auditores.
968 4081 1200 4134 Moribus
1230 4080 1330 4134 tuis
1379 4080 1564 4133 intenti
1611 4079 1754 4142 fiant,
1805 4079 1892 4148 qui

321 4175 414 4228 abs
445 4185 497 4228 te
524 4173 718 4244 aliquid
749 4174 851 4226 tale
886 4172 1147 4242 accepturi
1177 4179 1319 4225 sunt.
1361 4169 1492 4223 Nolo
1529 4171 1672 4238 prius
1697 4170 1895 4240 aliquid

323 4265 513 4318 doceas
541 4263 676 4332 quod
705 4261 1080 4316 dediscendum
1111 4269 1210 4324 est,
1239 4271 1294 4313 ut
1317 4275 1436 4313 vera
1465 4259 1676 4313 doceas.

394 4355 480 4408 12.
520 4353 651 4406 Nam
683 4353 726 4407 si
771 4353 1060 4406 alienarum
1101 4351 1482 4405 sententiarum
1531 4349 1894 4405 dissidentium

326 4453 377 4498 et
401 4443 802 4512 repugnantium
825 4441 1052 4510 cognitio
1069 4439 1263 4509 aliquid
1290 4440 1500 4508 adjuvat
1521 4440 1896 4493 iusinuatorem

326 4535 628 4588 ειιτὶειὶςιηίη
655 4533 906 4596 veritatis,
939 4541 992 4584 ut
1023 4531 1226 4584 noverit
1253 4529 1517 4599 quomodo
1561 4528 1899 4582 adversantes

327 4627 560 4681 destruat
605 4623 875 4686 falsitates,
908 4621 972 4674 ad
1016 4621 1115 4674 hoc
1156 4621 1426 4680 duntaxat,
1460 4633 1526 4672 ne
1570 4619 1686 4688 quis
1716 4627 1898 4671 contra

329 4717 613 4780 disserens,
641 4713 848 4767 nonnisi
876 4713 926 4764 in
953 4711 1253 4765 refellendis
1283 4715 1385 4764 tuis
1417 4713 1539 4778 ligat
1559 4709 1787 4770 oculum,
1808 4723 1900 4762 sua

329 4823 454 4860 vero
496 4805 681 4858 sedulo
725 4801 968 4856 occultet.
1009 4799 1140 4854 Nam
1187 4799 1416 4869 cognitio
1461 4798 1697 4851 veritatis
1726 4796 1898 4849 omnia

331 4901 478 4962 falsa,
509 4898 552 4950 si
583 4895 738 4948 modo
785 4893 1134 4964 proferantur,
1165 4894 1321 4947 etiam
1353 4908 1470 4961 qum
1499 4892 1641 4960 prius
1671 4891 1900 4943 inaudita

332 4999 502 5056 erant,
531 5001 583 5044 et
609 4987 895 5057 diiudicare
923 4993 977 5040 et
1018 4987 1324 5039 subvertere
1356 4985 1541 5036 idonea
1568 4992 1670 5037 est.
1717 4981 1819 5035 Sed
1849 4993 1904 5035 ut

333 5099 435 5135 non
477 5081 648 5134 solum
696 5087 874 5146 aperta
929 5075 1202 5140 feriantur,
1251 5075 1342 5127 sed
1388 5075 1544 5128 etiam
1597 5072 1902 5126 abscondita

335 5181 604 5234 eruantur,
625 5169 666 5223 si
693 5169 891 5221 alienos
912 5183 1042 5235 Opus
1061 5174 1141 5219 est
1162 5179 1478 5233 cognoscere
1513 5177 1741 5226 errores,
1763 5163 1904 5230 erige

337 5265 516 5317 oculos
542 5275 820 5326 auresque,
845 5273 939 5312 oro
962 5267 1032 5322 te,
1060 5267 1112 5310 ct
1136 5255 1255 5309 vide
1284 5265 1438 5324 atque
1469 5256 1700 5307 ausculta
1731 5263 1906 5306 utrmn

336 5355 526 5424 aliquis
556 5353 809 5406 adversus
835 5363 930 5402 nos
958 5349 1024 5402 de
1055 5347 1377 5400 Anaximene
1407 5356 1457 5399 et
1488 5345 1554 5399 de
1597 5347 1906 5414 Anaxagora

339 5445 572 5514 proferat
619 5441 850 5510 aliquid;
903 5439 1110 5509 quando
1145 5439 1252 5505 jam
1301 5451 1367 5489 ne
1415 5439 1646 5504 ipsorum
1695 5437 1906 5504 quidem

339 5535 504 5588 multo
531 5533 910 5596 recentiorum,
939 5529 1266 5596 multumque
1297 5527 1588 5595 loquacium
1611 5525 1906 5580 Stoicorum

343 5635 432 5678 aut
460 5623 838 5694 Epicureorum
866 5621 1068 5673 eineres
1097 5617 1323 5680 calcant,
1357 5615 1493 5669 unde
1523 5615 1690 5684 aliqua
1723 5625 1904 5669 contra

345 5715 500 5772 fidem
530 5715 869 5769 christianum
895 5703 1118 5768 scintilla
1159 5709 1416 5765 excitetur
1449 5725 1460 5762 :
1492 5707 1584 5762 sed
1613 5708 1792 5762 circuli
1824 5717 1905 5761 at—

1482 351 1956 440 EPISTOLARUM
1977 351 2268 410 'CLASSIS
2305 353 2368 412 ll;

1977 483 2078 538 quc
2103 469 2468 526 conventicula
2496 472 2685 542 partim
2713 471 2937 544 fugacia,
2969 475 3156 544 partim
3199 477 3356 530 etiam
3387 478 3552 533 auda-
3583 513 3588 520 ς

1975 568 2088 612 ctcr
2115 569 2372 630 prompta,
2401 563 2484 617 vel
2501 564 2913 631 Donatistarum,
2938 566 3019 621 vel
3039 565 3550 633 Maximianensium,

1977 652 2058 704 vel
2095 651 2520 719 Manichazorum,
2556 655 2638 709 vel
2678 657 2836 710 etiam
2880 656 2944 710 ad
2983 671 3206 725 quorum
3233 671 3420 726 greges
3449 665 3557 710 tur-

1977 742 2202 810 bamque
2250 756 2498 800 vcnturus
2555 761 2613 800 es
2658 748 2996 812 Arianorum,
3053 748 3503 803 Eunomiauorum
3534 787 3552 816 ,

1977 832 2492 900 Macedonianorum,
2522 835 2992 908 Cataphrygarum,
3017 847 3434 908 ceterarumque
3465 853 3558 905 pe-

1978 925 2133 976 stium
2175 927 2626 981 innumerabiliter
2660 937 3026 998 perstrepant;
3064 945 3288 998 quorum
3319 930 3556 984 omnium

1979 1031 2188 1071 errores
2226 1019 2268 1072 si
2297 1033 2616 1088 cognoscere
2645 1020 2806 1090 piget,
2839 1020 2966 1093 quid
3011 1020 3166 1074 nobis
3191 1029 3292 1088 est,
3343 1029 3554 1089 propter

1980 1106 2340 1162 defensionem
2369 1109 2673 1164 christiana:
2699 1111 2988 1179 religionis,
3019 1126 3259 1180 qumrere
3279 1111 3404 1178 quid
3431 1126 3555 1166 sen-

1981 1197 2108 1252 serit
2133 1199 2508 1264 Auaximenes,
2539 1207 2592 1254 et
2629 1200 2752 1252 olim
2785 1201 2980 1268 sopitas
3006 1201 3125 1255 lites
3155 1201 3296 1256 inani
3321 1201 3550 1254 curiosi-

1983 1293 2088 1340 tate
2113 1301 2420 1356 reeoquere,
2461 1304 2581 1342 cum
2607 1289 2954 1357 quorumdam
2975 1291 3134 1346 etiam
3163 1291 3556 1354 lnereticorum,

1982 1375 2070 1441 qui
2098 1377 2311 1430 nomine
2328 1377 2618 1430 christiano
2635 1378 2850 1446 gloriari
2875 1379 3177 1442 voluerunt,
3205 1389 3263 1434 ut
3281 1380 3562 1434 Marcioni-

1983 1471 2151 1519 tarum
2181 1477 2232 1520 et
2261 1467 2702 1532 Sabellianorum,
2731 1469 3121 1539 multorumque
3149 1482 3426 1538 praeterea,
3447 1473 3555 1540 jam

1984 1555 2339 1610 dissensiones
2359 1557 2782 1628 quaestionesque
2811 1559 3100 1613 sileantur?
3138 1559 3334 1614 Tamen
3355 1561 3396 1614 si
3427 1576 3562 1630 cpus

1984 1656 2086 1709 est,
2116 1655 2172 1700 ut
2196 1647 2321 1710 dixi,
2363 1648 2566 1702 veritati
2593 1649 2932 1702 adversantes
2963 1664 3294 1718 praenoscere
3321 1651 3522 1719 aliquas
3543 1692 3558 1715 ,

1985 1744 2038 1788 et
2065 1745 2410 1804 pertractatas
2435 1737 2629 1793 habere
2649 1740 2965 1802 sententias;
2991 1739 3060 1793 de
3080 1739 3342 1794 haereticis
3363 1743 3557 1809 potius,

1983 1827 2072 1895 qui
2103 1843 2160 1881 se
2189 1827 2503 1882 christianos
2529 1840 2740 1894 vocant,
2773 1845 2928 1898 quam
2952 1829 3018 1884 de
3043 1831 3354 1899 Anaxagora
3384 1840 3438 1884 et
3465 1831 3564 1885 De-

1985 1918 2208 1970 mocrito
2250 1917 2402 1971 nobis
2431 1919 2767 1987 cogitandum
2794 1919 2907 1974 fuit.

2054 2005 2278 2061 CAPUT
2311 2007 2488 2060 lll.—
2511 2010 2592 2063 15.
2637 2010 2732 2063 llle-
2755 2019 2930 2062 autem
2961 2009 3196 2080 quisquis
3220 2011 3314 2064 abs
3344 2019 3396 2066 te
3415 2027 3562 2080 qua:-

1985 2097 2167 2150 siverit
2193 2113 2312 2166 quae
2345 2106 2396 2152 tu
2423 2113 2452 2152 a
2493 2100 2644 2152 nobis
2669 2101 2883 2168 qureris,
2909 2101 3089 2154 audiat
3113 2103 3250 2170 quod
3276 2117 3336 2154 ea
3357 2101 3564 2156 doctius

1987 2199 2038 2244 et
2073 2190 2380 2258 prudentius
2418 2192 2642 2246 nescias.
2684 2191 2736 2244 Si
2760 2191 3310 2246 enimeemistocles
3337 2209 3440 2246 non
3470 2207 3565 2244 cu—

1985 2283 2122 2335 ravit
2145 2282 2287 2350 quod
2331 2291 2414 2350 est
2460 2282 2666 2336 habitus
2709 2282 2988 2348 indoctior,
3019 2298 3138 2336 cum
3169 2298 3360 2336 canere
3391 2283 3566 2338 nervis

1987 2371 2038 2424 in
2062 2373 2230 2440 epulis
2255 2379 2573 2436 recusasset,
2601 2372 2687 2426 ubi
2716 2387 2836 2426 cum
2863 2387 2919 2424 se
2950 2373 3154 2426 nescire
3195 2373 3281 2426 illa
3310 2372 3566 2436 dixisset,

1987 2474 2146 2532 atque
2189 2463 2234 2515 ei
2261 2463 2459 2516 dictum
2487 2472 2648 2528 esset,
2682 2461 2818 2528 Quid
2851 2461 3009 2530 igitur
3049 2461 3224 2514 nosti?
3275 2461 3566 2530 respondit,

1989 2552 2384 2620 licinpublicam
2413 2569 2474 2606 ex
2511 2567 2670 2622 parva
2700 2567 2942 2622 magnam
2971 2552 3144 2606 facere
3174 2570 3186 2605 :
3221 2552 3564 2606 dubitandum

1989 2653 2072 2698 est
2101 2645 2188 2698 tibi
2218 2644 2395 2698 dicere
2420 2653 2471 2698 te
2503 2644 2600 2698 ista
2627 2646 2856 2711 nescire,
2887 2659 3006 2698 cum
3033 2645 3082 2698 ei
3112 2645 3198 2713 qui
3225 2645 3421 2712 rogarit
3446 2645 3570 2712 quid

1989 2735 2221 2796 noveris,
2252 2733 2573 2802 respondere
2611 2735 2809 2804 possis,
2841 2749 2996 2807 nosse
3026 2741 3075 2786 te
3120 2733 3386 2802 quomodo
3411 2733 3568 2786 etiam

1989 2825 2105 2880 sine
2133 2826 2248 2882 istis
2294 2825 2454 2878 homo
2497 2840 2615 2880 esse
2647 2825 2810 2894 possit
2859 2825 3080 2878 beatus?
3117 2827 3267 2890 Quod
3308 2825 3352 2878 si
3397 2824 3572 2878 adhuc

1989 2933 2094 2971 non
2119 2928 2284 2984 tenes,
2312 2926 2416 2970 tam
2439 2931 2686 2985 perverse
2708 2917 2806 2970 ista
2832 2917 3118 2984 conquiris,
3139 2931 3294 2984 quam
3325 2928 3572 2982 perverse

1991 3009 2034 3064 si
2067 3010 2241 3076 aliquo
2279 3007 2520 3075 corporis
2573 3007 2868 3076 periculoso
2895 3007 3083 3060 morbo
3132 3005 3448 3076 gravareris,
3481 3005 3572 3058 de-

1991 3097 2138 3151 licias
2165 3105 2216 3149 et
2245 3097 2554 3150 tenerrimas
2587 3104 2758 3148 vestes
2791 3096 2963 3164 potius
2995 3109 3150 3164 quam
3193 3095 3573 3148 medicamenta

1992 3187 2328 3256 medicosque
2353 3187 2714 3255 COthtlil'Cl'CS.
2767 3187 2880 3240 Non
2912 3187 3052 3240 enim
3083 3187 3191 3240 ullo
3237 3186 3392 3240 modo
3423 3185 3573 3240 diffe-

1991 3278 2154 3334 renda
2180 3287 2264 3332 est
2289 3279 2386 3332 ista
2419 3279 2670 3348 cognitio,
2698 3287 2791 3332 aut
2823 3279 2925 3332 ulla
2957 3279 3080 3332 huic
3106 3294 3136 3332 a
3166 3288 3235 3344 te,
3279 3279 3571 3346 prmscrtim

1988 3369 2096 3438 jam
2129 3370 2180 3422 in
2209 3369 2306 3422 hac
2331 3377 2506 3435 aetate,
2535 3369 2618 3424 vel
2644 3369 2880 3424 discendi
2906 3370 3091 3424 ordine
3123 3369 3448 3438 praeferenda
3470 3379 3572 3422 est.

1998 3459 2126 3513 Vide
2155 3471 2329 3513 autem
2363 3474 2520 3529 quam
2567 3461 2720 3514 facile
2763 3474 2946 3528 posses
2996 3461 3094 3514 hoc
3121 3460 3276 3522 scire,
3308 3461 3352 3513 si
3382 3459 3568 3513 velles.

1993 3549 2090 3616 Qui
2126 3550 2265 3603 enim
2296 3551 2486 3620 quccrit
2513 3550 2778 3619 quomodo
2805 3550 2820 3580 ²
2845 3549 2912 3603 ad
2951 3550 3160 3604 beatam
3200 3551 3359 3602 vitam
3385 3563 3574 3618 perve-

1995 3640 2124 3704 niat,
2149 3639 2278 3692 nihil
2304 3639 2447 3692 aliud
2479 3638 2720 3708 profecto
2738 3641 2940 3708 qnazrit,
2971 3639 3072 3692 nisi
3089 3641 3176 3692 ubi
3207 3640 3272 3694 sit
3295 3637 3410 3692 finis
3429 3637 3572 3704 boni,

1996 3733 2097 3786 hoc
2127 3743 2206 3786 est
2236 3732 2320 3786 ubi
2344 3733 2694 3786 constitutum
2715 3732 2802 3797 sit,
2832 3749 2935 3784 non
2965 3747 3124 3800 prava
3154 3731 3399 3799 opinione
3419 3739 3577 3796 atque

2001 3823 2300 3887 temeraria,
2332 3821 2423 3875 sed
2451 3832 2593 3876 certa
2625 3831 2780 3890 atque
2819 3822 3131 3874 inconcussa
3160 3821 3400 3884 veritate,
3429 3834 3575 3872 sum-

2001 3931 2146 3968 mum
2174 3915 2402 3969 hominis
2429 3914 2624 3969 bonum
2657 3932 2669 3967 :
2701 3913 2840 3984 quod
2865 3930 2894 3967 a
2923 3914 3158 3982 quolibet
3178 3913 3264 3967 ubi
3291 3912 3576 3965 constitua-

1998 4013 2084 4058 tur
2113 4019 2216 4058 non
2247 4003 2533 4069 invenitur,
2568 4003 2663 4056 nisi
2691 4012 2779 4055 aut
2823 4004 2875 4056 in
2901 4018 3144 4069 corpore,
3174 4010 3264 4055 aut
3292 4001 3341 4054 in
3373 4001 3572 4065 animo,

1997 4101 2088 4145 aut
2115 4092 2168 4146 in
2209 4093 2342 4158 Deo,
2371 4101 2459 4144 aut
2488 4092 2538 4144 in
2565 4090 2769 4144 duobus
2792 4091 3051 4160 aliquibus
3082 4089 3289 4155 borum,
3320 4099 3409 4142 aut
3431 4099 3575 4144 certe

1999 4184 2050 4238 in
2074 4184 2338 4237 omnibus.
2361 4183 2509 4249 Quod
2531 4183 2573 4234 si
2593 4181 2857 4245 didiceris,
2879 4195 3049 4249 neque
3066 4195 3328 4233 summum
3351 4179 3572 4244 bonum,

2000 4287 2099 4328 nec
2126 4274 2353 4342 aliquam
2382 4281 2583 4340 partem
2610 4271 2801 4325 summi
2826 4269 2953 4323 boni
2980 4269 3194 4323 omnino
3219 4283 3338 4324 esse
3369 4269 3419 4321 in
3447 4283 3570 4322 cor-

2002 4379 2149 4433 pore,
2177 4363 2283 4417 duo
2309 4363 2600 4425 restabant,
2630 4360 2836 4413 animus
2860 4369 2912 4414 et
2942 4361 3100 4426 Deus,
3133 4373 3358 4430 quorum
3397 4360 3482 4412 vel
3524 4359 3575 4412 in

2001 4470 2109 4508 uno
2137 4454 2218 4507 vel
2247 4453 2295 4506 in
2325 4452 2579 4506 ambobus
2609 4453 2694 4504 sit.
2727 4451 2784 4504 Si
2808 4459 2984 4505 autem
3009 4451 3266 4520 adjeceris
3296 4459 3351 4505 et
3375 4449 3578 4504 didice-

2002 4544 2076 4597 ris
2117 4544 2215 4597 hoc
2259 4542 2396 4596 idem
2425 4542 2490 4596 de
2517 4541 2694 4594 animo
2717 4540 2855 4610 quod
2883 4540 2949 4594 de
2991 4555 3236 4609 corpore,
3282 4540 3407 4608 quid
3439 4539 3580 4592 aliud

1999 4633 2108 4702 jam
2139 4631 2241 4686 nisi
2273 4633 2409 4686 Deus
2440 4637 2704 4694 occurret,
2732 4631 2783 4683 in
2812 4645 2917 4700 quo
2939 4645 3204 4685 summum
3231 4629 3462 4684 hominis
3487 4629 3582 4683 bo-

2004 4742 2128 4780 num
2153 4725 2495 4779 constitutum
2525 4723 2626 4788 sit;
2659 4739 2760 4775 non
2789 4739 2893 4791 quo
2919 4723 3020 4775 alia
3050 4723 3186 4776 bona
3209 4737 3312 4776 non
3333 4723 3456 4786 sint,
3483 4721 3578 4776 sed

2005 4833 2268 4872 summum
2300 4817 2349 4869 id
2379 4815 2589 4878 dicitur,
2618 4829 2721 4882 quo
2749 4822 2937 4867 cuncta
2966 4813 3289 4868 referuntur.
3330 4814 3409 4866 Εο
3435 4815 3578 4866 enim

2007 4907 2230 4962 fruendo
2257 4907 2478 4975 quisque
2503 4903 2690 4958 beatus
2718 4912 2819 4970 est,
2851 4913 3065 4972 pr0pter
3089 4903 3228 4973 quod
3254 4911 3444 4957 czctera
3473 4903 3582 4956 vult

2007 4997 2222 5060 habere,
2253 5011 2373 5049 cum
2404 4993 2530 5047 illud
2549 4993 2656 5062 jam
2685 5007 2788 5046 non
2819 5001 3034 5063 propter
3059 4993 3222 5058 aliud,
3250 4992 3342 5046 scd
3366 5001 3581 5061 propter

2009 5089 2240 5156 seipsum
2270 5085 2532 5154 diligatur.
2581 5085 2646 5138 Et
2671 5084 2787 5138 ideo
2819 5085 2938 5138 linis
2970 5085 3040 5138 ibi
3088 5084 3298 5150 dicitur,
3329 5085 3446 5152 quia
3470 5086 3579 5153 jam

2009 5195 2113 5249 quo
2139 5186 2402 5242 excurrat,
2429 5184 2482 5230 ct
2509 5191 2612 5245 quo
2637 5175 2917 5241 referatur,
2951 5191 3056 5227 non
3082 5175 3360 5228 invenitur.
3395 5173 3469 5227 lbi
3491 5189 3581 5228 re-

2011 5269 2160 5340 quies
2186 5265 2484 5336 appetendi,
2517 5265 2587 5319 ibi
2617 5265 2825 5320 fruendi
2854 5266 3128 5330 securitas,
3161 5265 3231 5319 ibi
3259 5263 3582 5333 tranquillis-

2011 5361 2200 5416 simum
2229 5357 2477 5428 gaudium
2505 5358 2717 5428 Optima:
2746 5357 3046 5411 voluntatis.

2087 5453 2169 5506 l4.
2211 5451 2284 5504 Da
2310 5449 2470 5519 igitur
2487 5450 2574 5520 qui
2601 5451 2705 5503 cito
2727 5448 2919 5514 videat,
2945 5463 3048 5501 non
3070 5461 3262 5515 corpus
3276 5461 3395 5501 esse
3421 5447 3580 5501 animi

2013 5544 2232 5607 bonum,
2254 5541 2347 5595 sed
2374 5541 2604 5594 animum
2627 5539 2802 5610 potius
2831 5553 2947 5593 esse
2976 5537 3212 5606 corporis
3235 5535 3462 5603 bonum;
3495 5553 3582 5592 re-

2016 5721 2049 5762 v
2134 5659 2238 5700 MSS.
2281 5650 2507 5719 plerique
2529 5667 2541 5700 :
2563 5649 2650 5712 Qui
2685 5647 2810 5700 enim
2850 5648 3022 5712 quani!
3043 5661 3136 5711 qua
3158 5648 3254 5708 ad,
3285 5653 3377 5697 etc.
3405 5656 3531 5698 Unus
3553 5661 3588 5698 ε

2053 5727 2080 5762 a
2101 5727 2182 5762 ιο..
2209 5725 2302 5762 oua
2325 5725 2416 5762 ua.

2053 5725 2182 5772 aue,
2209 5725 2302 5775 qua
2325 5725 2416 5762 ua.
