4014 6338
500 345 604 408 839

498 464 718 519 cedatur
741 464 850 535 jam
880 464 946 520 ab
989 462 1302 536 inquirendo
1329 471 1503 518 utrum
1530 478 1795 517 summum
1825 463 1953 517 illud
1984 463 2076 516 bo-

503 570 648 618 mnn,
682 556 764 611 vel
794 555 968 626 aliqua
997 558 1113 626 ejus
1142 571 1266 625 pars
1286 555 1356 610 sit
1395 555 1447 608 in
1478 568 1722 623 corpore.
1762 552 1912 621 Quod
1939 553 2080 606 enim

497 647 820 701 stultissime
843 656 1084 717 negatur,
1114 647 1302 701 melior
1327 654 1410 700 est
1434 645 1639 699 animus
1668 659 1910 714 corpore.
1951 642 2080 697 Item

496 738 811 793 stultissime
855 747 1074 807 negatur
1102 722 1376 794 meliorem
1407 752 1528 791 esse
1567 751 1687 791 eum
1719 736 1807 806 qui
1833 734 1925 790 dat
1953 735 2081 788 bea-

495 837 599 880 tam
625 827 808 895 vitam,
831 829 913 882 vel
938 837 1137 897 partem
1157 828 1388 897 aliquam
1416 827 1584 881 beatae
1602 827 1745 892 vitm,
1778 840 1936 896 quam
1957 840 2078 878 eum

491 919 579 985 qui
627 919 836 990 accipit.
877 919 990 973 Non
1023 906 1410 989 igitur-accipit
1440 919 1649 972 animus
1675 932 1704 969 a
1731 930 1957 985 corpore
1996 913 2080 968 vel

489 1025 758 1066 snuunum
807 1012 1026 1078 bouum,
1057 1012 1140 1067 vel
1185 1020 1387 1080 partem
1416 1011 1645 1080 aliquam
1692 1007 1884 1063 summi
1931 1005 2078 1060 boni.

489 1100 602 1156 Hoc
633 1104 721 1173 qui
751 1119 855 1158 non
887 1104 1065 1158 vident
1090 1103 1270 1157 caicati
1302 1111 1425 1154 sunt
1468 1097 1748 1154 dulcedine
1786 1097 2077 1153 carnalium

487 1196 838 1265 voluptatum,
884 1213 1040 1266 quam
1069 1211 1132 1250 ex
1177 1193 1462 1264 indigentia
1493 1191 1734 1246 sanitatis
1760 1190 1943 1244 venire
1974 1203 2078 1242 non

489 1284 786 1340 intuentur.
835 1287 1046 1342 Sa‘nitas
1085 1293 1260 1340 autem
1294 1283 1528 1354 perfecta
1557 1282 1815 1351 corporis,
1855 1280 1942 1334 illa
1986 1295 2079 1333 ex-

487 1385 655 1430 trema
687 1377 850 1432 totius
882 1377 1112 1432 hominis
1144 1375 1515 1430 immortalitas
1543 1374 1664 1428 erit.
1711 1372 1843 1426 Tam
1873 1370 2074 1440 potenti

485 1467 631 1521 enim
672 1476 860 1522 natura
892 1468 1032 1522 Deus
1073 1466 1197 1522 fecit
1226 1457 1479 1530 animam,
1519 1473 1577 1517 ut
1620 1479 1685 1516 ex
1729 1463 1844 1532 ejus
1871 1461 2074 1532 plenis-

484 1559 620 1613 sima
663 1560 989 1615 beatitudine
1015 1575 1132 1629 qum
1162 1559 1214 1612 in
1244 1558 1348 1611 line
1389 1566 1689 1626 temporum
1720 1554 1918 1609 sanctis
1947 1566 2072 1622 pro-

485 1648 730 1714 mittitur,
756 1649 1018 1704 redundet
1043 1649 1200 1703 etiam
1230 1649 1279 1700 in
1310 1645 1616 1700 inferiorem
1643 1654 1908 1710 naturam,
1931 1643 2072 1713 quod

484 1749 566 1791 est
586 1753 798 1810 corpus,
829 1755 932 1793 non
959 1737 1231 1794 beatitudo
1259 1753 1375 1807 (ιιιιε
1402 1735 1629 1791 fruentis
1651 1746 1703 1789 et
1727 1735 2071 1804 intelligentis

483 1838 566 1883 est
594 1831 825 1902 propria,
859 1832 951 1887 sed
995 1831 1266 1902 plenitudo
1295 1829 1558 1895 sanitatis,
1607 1827 1658 1882 id
1701 1836 1786 1882 est
1825 1828 2068 1881 incorru-

481 1921 680 1990 ptionis
705 1922 872 1992 vigor.
912 1922 1062 1990 Quod
1101 1922 1192 1992 qui
1232 1937 1337 1975 non
1380 1919 1581 1985 vident,
1613 1928 1670 1973 ut
1711 1917 1841 1983 dixi,
1871 1917 2072 1972 bellant

480 2013 731 2082 inquietis
756 2013 1202 2077 altercationibus,
1235 2012 1378 2066 varie
1395 2026 1489 2080 pro
1516 2024 1615 2064 suo
1635 2009 1860 2079 quisque
1889 2011 2066 2078 captu,

481 2105 534 2158 in
557 2121 782 2174 Corpore
807 2107 1193 2161 constituentes
1221 2119 1486 2157 summum
1507 2101 1738 2156 hominis
1766 2103 1983 2166 bonum,
2016 2112 2068 2154 et

480 2200 772 2254 carnalium
799 2199 1171 2254 seditiosorum
1204 2198 1383 2252 turbas
1412 2196 1720 2259 concitant;
1753 2195 1892 2249 inter
1935 2210 2068 2264 quos

478 2291 726 2361 Epicurei
769 2291 906 2360 apud
954 2290 1216 2344 indoctam
1262 2286 1651 2344 multitudinem
1691 2287 2066 2342 excellentiore

488 2382 790 2437 auctoritate
816 2383 1115 2456 viguerunt.
1595 2391 1600 2396 ‘

551 2474 639 2527 15.
681 2474 756 2528 Da
783 2474 906 2529 item
932 2472 1021 2542 qui
1046 2473 1151 2526 cito
1175 2470 1348 2525 videat
1375 2470 1608 2523 animum
1633 2483 1842 2538 quoque
1867 2468 2066 2536 ipsum,

481 2578 586 2618 non
616 2579 713 2618 suo
751 2564 891 2620 bono
916 2563 1128 2618 beatum
1159 2576 1296 2622 esse,
1328 2575 1449 2615 eum
1481 2559 1666 2614 beatus
1693 2566 1796 2623 est,
1827 2557 2062 2627 alioquin

479 2671 748 2724 nunquam
770 2664 910 2709 esset
931 2653 1125 2718 miser;
1153 2662 1204 2708 ct
1227 2651 1510 2707 rccedelur
1529 2664 1557 2702 a
1580 2647 1868 2719 qumrendo
1888 2657 2062 2702 utrum
2092 2667 2097 2674 ’

478 2747 532 2801 in
563 2747 741 2802 animo
765 2746 834 2802 sit
859 2760 1122 2800 summum
1151 2745 1474 2813 illud'atquc,
1501 2751 1559 2796 ut
1579 2743 1649 2796 ita
1672 2742 1918 2803 dixerim,
1941 2741 2064 2795 bea-

476 2839 678 2894 tificum
708 2840 930 2905 bonum,
961 2839 1039 2893 vel
1064 2839 1238 2908 aliqua
1265 2853 1388 2907 pars
1417 2837 1552 2905 ejus.
1583 2835 1715 2891 Nam
1736 2850 1856 2889 cum
1887 2836 2063 2904 seipso

473 2929 576 2986 sibi
623 2931 773 3000 quasi
825 2945 924 2984 suo
968 2931 1110 2984 bono
1152 2928 1362 2983 animus
1409 2927 1619 2996 gaudet,
1667 2927 1928 2996 superbus
1957 2935 2059 2980 est.

473 3021 606 3075 Cum
639 3036 764 3074 vero
793 3021 1044 3090 perspicit
1082 3034 1140 3074 se
1167 3033 1288 3074 esse
1325 3017 1650 3083 mutabilem,
1681 3017 1761 3071 vel
1809 3016 1911 3071 hoc
1957 3030 2062 3070 uno

475 3114 660 3174 saltem
682 3113 822 3183 quod
847 3114 912 3167 de
941 3112 1102 3166 stulto
1128 3109 1341 3180 sapiens
1367 3107 1613 3173 efﬁcitur,
1637 3107 2063 3177 sapientiamque

476 3221 592 3261 esse
617 3184 1100 3260 incommutabilem
1121 3202 1309 3268 cernit,
1338 3201 1495 3255 simul
1515 3207 1724 3269 oportet
1744 3209 1926 3255 cernat
1940 3214 2059 3254 esse

475 3297 634 3352 illam
671 3310 829 3366 supra
875 3310 1025 3349 suam
1064 3302 1346 3359 naturam,
1389 3291 1610 3361 ejusque
1658 3290 2062 3359 participatione

475 3396 633 3462 atque
663 3386 1010 3440 illustratione
1037 3399 1094 3439 se
1127 3384 1343 3439 uberius
1369 3393 1422 3436 et
1443 3383 1638 3436 certius
1655 3380 1884 3449 gaudere
1902 3394 2060 3448 quam

475 3480 672 3552 seipso.
717 3480 790 3532 Ita
841 3494 1056 3534 cessans
1094 3487 1254 3548 atque
1296 3476 1669 3538 detumesccns
1699 3489 1728 3526 a
1769 3473 2062 3542 jactatione

476 3580 638 3640 atque
664 3571 936 3626 inflatione
968 3569 1199 3640 prOpria,
1235 3567 1496 3622 inhaerere
1529 3567 1659 3629 Deo,
1691 3573 1849 3633 atque
1875 3564 1942 3617 ab
1972 3563 2063 3617 illo

475 3663 894 3719 incomtnutabili
923 3662 1071 3716 refici
1118 3670 1174 3715 et
1201 3650 1478 3715 reformari
1520 3657 1722 3722 nititur,
1755 3672 1783 3708 a
1810 3672 1916 3725 quo
1941 3670 2060 3710 esse

473 3758 587 3826 jam
610 3757 752 3825 capit
778 3770 881 3810 non
904 3756 1073 3810 solum
1102 3768 1314 3809 omnem
1337 3751 1570 3821 speciem
1596 3764 1771 3804 rerum
1799 3749 2060 3815 omnium,

475 3848 590 3902 sive
619 3862 737 3918 qua:
761 3862 921 3901 sensu
947 3845 1208 3915 corporis,
1253 3843 1364 3900 sive
1389 3857 1506 3912 qua:
1535 3840 1875 3909 intelligentia
1907 3855 2061 3894 men-

477 3941 546 3993 tis
575 3927 924 4010 attinguntur,
953 3938 1045 3992 sed
1071 3937 1230 3992 etiam
1259 3937 1428 4005 ipsam
1469 3918 1814 4002 capacitatem
1860 3931 2059 3986 forma-

479 4030 637 4085 tionis
680 4039 803 4083 ante
850 4029 1254 4092 formationem,
1302 4041 1423 4081 cum
1464 4023 1821 4078 velinforme
1865 4023 2061 4091 aliquid

476 4120 860 4192 dicitur,un
903 4119 1120 4176 formari
1164 4127 1359 4189 potest.
1399 4116 1582 4186 Itaque
1627 4123 1772 4171 tanto
1801 4115 1975 4169 minus
2004 4129 2063 4171 se

475 4231 596 4272 esse
637 4217 881 4272 stabilem
921 4215 1098 4282 sentit,
1144 4221 1343 4284 quanto
1389 4212 1564 4265 minus
1609 4209 1774 4263 haeret
1819 4209 1929 4265 Deo
1972 4208 2060 4276 qui

477 4322 682 4364 summe
719 4316 801 4362 cst
829 4325 841 4360 ε
870 4315 924 4362 et
966 4307 1084 4360 ideo
1133 4306 1281 4360 illum
1331 4318 1535 4358 summe
1583 4316 1723 4367 esse,
1753 4300 1874 4370 quia
1920 4300 2060 4354 nulla

477 4399 826 4454 mutabilitate
852 4398 1060 4468 prolicit
1075 4413 1168 4452 seu
1184 4396 1363 4450 deficit
1385 4413 1399 4458 ς
1429 4395 1529 4449 sibi
1551 4403 1726 4449 autem
1751 4393 1892 4448 illam
1911 4407 2058 4447 com-

477 4489 824 4544 mutationem
854 4488 1111 4557 expedire
1137 4504 1240 4556 qua
1269 4486 1493 4555 prolicit,
1533 4495 1589 4539 ut
1613 4485 1848 4555 perfecte
1879 4484 1951 4538 illi
1979 4499 2062 4537 co.-

478 4581 700 4644 hmreat,
729 4593 846 4634 eam
873 4593 996 4633 vero
1013 4577 1478 4632 commutationem
1503 4592 1620 4645 quzn
1647 4577 1697 4629 in
1724 4574 1933 4629 defectu
1959 4584 2057 4638 est,

480 4685 602 4726 esse
629 4669 908 4732 vitiosam;
939 4683 1151 4723 omnem
1184 4677 1359 4721 autem
1385 4664 1651 4721 defectum
1679 4664 1746 4718 ad
1790 4664 2059 4719 interitum

480 4776 724 4831 vergere,
756 4777 861 4831 quo
887 4768 1060 4814 utrum
1086 4759 1259 4830 aliqua
1284 4773 1371 4813 res
1399 4757 1672 4828 perveniat
1716 4757 1923 4812 tametsi
1957 4771 2059 4810 non

481 4861 758 4923 appareat,
804 4861 979 4910 tamen
1005 4865 1258 4920 apparere
1298 4849 1545 4905 omnibus
1571 4863 1635 4902 eo
1659 4846 1854 4902 ducere
1899 4847 2062 4902 inter~

481 4945 612 5000 itum
641 4954 698 4999 ut
726 4959 830 4999 non
857 4945 926 4998 sit
947 4943 1087 5017 quod
1112 4951 1242 4998 erat.
1284 4941 1437 4998 Unde
1465 4940 1666 5010 colligit
1686 4955 1791 4993 non
1819 4938 1889 4993 ob
1917 4939 2066 4996 aliud

475 5050 567 5093 res
593 5035 844 5103 deficere,
874 5037 958 5090 vel
1000 5051 1158 5107 posse
1183 5035 1433 5098 deﬁcere,
1487 5034 1585 5088 nisi
1633 5032 1774 5103 quod
1802 5048 1866 5089 ex
1895 5032 2061 5086 nihilo

480 5125 634 5182 factm
675 5136 799 5183 sunt
828 5146 840 5181 :
866 5135 926 5182 ut
952 5127 1091 5197 quod
1120 5128 1172 5181 in
1202 5127 1280 5185 eis
1310 5135 1392 5180 est
1419 5125 1560 5195 quod
1590 5135 1711 5179 sunt
1741 5131 1796 5178 ct
1825 5131 2058 5189 manent,

478 5228 534 5274 et
559 5235 655 5289 pro
685 5219 975 5276 defectibus
1015 5221 1174 5307 etiam
1201 5220 1312 5274 suis
1331 5218 1398 5275 ad
1434 5217 1798 5274 universitatis
1823 5217 2060 5287 comple-

478 5327 605 5366 xum
626 5312 958 5378 ordinantur,
983 5313 1048 5366 ad
1071 5313 1184 5382 ejus
1206 5312 1492 5367 bonitatem
1513 5310 2062 5380 omnipotentiamque

477 5404 764 5472 pertineat,
795 5406 886 5475 qui
909 5420 1115 5459 summe
1143 5414 1224 5459 est
1251 5413 1304 5458 et
1328 5404 1590 5470 conditor,
1623 5404 1712 5474 qui
1757 5411 1945 5472 potens
1982 5413 2065 5458 est

481 5496 640 5550 etiam
671 5512 733 5552 ex
778 5498 963 5563 nihilo,
1005 5514 1109 5551 non
1143 5505 1344 5552 tantum
1373 5496 1588 5565 aliquid,
1623 5497 1716 5551 sed
1766 5497 1925 5550 etiam
1953 5513 2065 5550 ma~

483 5601 645 5655 gnum
689 5587 884 5657 aliquid
913 5587 1089 5642 facere
1117 5603 1131 5640 :
1164 5587 1392 5657 primum
1422 5595 1596 5640 autem
1625 5575 1925 5656 peccatum,
1963 5588 2065 5641 hoc

485 5689 567 5731 est
611 5678 837 5747 primum
875 5680 1226 5735 voluntarium
1253 5678 1537 5743 defectum,
1580 5694 1700 5734 esse
1742 5679 1972 5752 gaudere
1997 5681 2061 5735 ad

485 5772 748 5846 propriam
795 5781 1108 5844 potestatem
1132 5791 1146 5843 ;
1176 5773 1240 5828 ad
1285 5772 1458 5827 minus
1487 5773 1625 5827 enim
1654 5768 1869 5840 gaudet,
1897 5787 2056 5841 quam

1733 344 1789 405 S.
1831 345 2197 405 AUGUSTINI
2239 347 2542 427 EPIISCOPI
2600 349 2608 356 ’

3680 351 3780 410 ωθ

2190 463 2235 516 si
2259 463 2325 516 ad
2361 473 2679 533 potestatem
2715 465 2806 519 Dei
2844 465 3089 535 gaudeat,
3111 453 3240 536 ’φηιὲ
3269 465 3452 536 utique
3467 459 3650 538 'major
3675 478 3773 524 est.

2192 553 2303 607 Hoc
2332 570 2436 608 non
2476 556 2736 621 videntes,
2784 566 2838 612 et
2876 559 3139 628 potentias
3169 559 3437 613 intuentes
3477 558 3644 613 animi
3673 559 3773 614 hu-

2191 645 2365 708 mani,
2414 661 2764 717 magnamque
2817 648 3262 718 pulchritudinem
3309 648 3572 704 factorum
3619 658 3776 721 atque

2187 732 2472 800 dictorum,
2501 739 2706 792 etiamsi
2735 739 2784 792 in
2809 755 3034 808 corpore
3059 740 3244 809 puduit
3270 756 3466 810 ponere
3505 757 3775 798 summum

2187 827 2407 892 bonum,
2443 829 2493 883 in
2526 829 2643 898 ipso
2672 839 2847 886 tamen
2875 833 3055 885 animo
3101 843 3378 902 ponentes.
3410 833 3544 887 infra
3595 835 3776 904 utique

2187 929 2497 986 posuerunt,
2529 936 2686 990 quam
2718 923 2804 976 ubi
2836 923 3193 977 sincerissima
3227 925 3428 978 ratione
3464 925 3770 994 ponendum

2185 1017 2285 1061 est.
2326 1007 2468 1064 Inter
2496 1011 2593 1064 hos
2620 1012 2708 1081 qui
2748 1013 2816 1065 ita
2848 1013 3084 1066 sentiunt
3113 1013 3252 1082 apud
3296 1029 3501 1081 graecos
3532 1015 3771 1085 philoso-

2184 1098 2340 1165 phos,
2369 1111 2422 1154 et
2448 1117 2670 1156 numero
2697 1111 2751 1156 et
2776 1103 3082 1172 disputandi
3119 1104 3410 1158 subtilitate
3433 1105 3602 1159 Stoici
3636 1121 3774 1175 pra:-

2183 1191 2479 1258 valuerunt,
2524 1194 2610 1262 qui
2654 1203 2827 1248 tamen
2857 1196 2907 1249 iu
2939 1197 3264 1250 naturalibus
3293 1211 3549 1267 corporea
3592 1201 3771 1253 omnia

2182 1295 2301 1335 esse
2342 1283 2684 1349 arbitrantes,
2717 1286 2884 1356 magis
2913 1301 2943 1340 a
2969 1301 3130 1341 carne
3157 1301 3316 1357 quam
3343 1303 3372 1341 a
3401 1302 3628 1358 corpore
3651 1290 3770 1343 ani-

2181 1386 2325 1424 mum
2348 1382 2588 1428 avertere
2604 1383 2910 1444 potuerunt.

2252 1463 2339 1516 16.
2384 1464 2525 1518 Inter
2567 1480 2660 1519 eos
2697 1475 2876 1521 autem
2905 1468 2993 1536 qui
3035 1465 3315 1523 fruendum
3342 1469 3471 1534 Deo,
3512 1485 3542 1524 a
3569 1485 3682 1540 quo
3718 1481 3772 1525 et

2180 1566 2278 1606 nos
2307 1561 2360 1606 et
2389 1555 2564 1608 omnia
2587 1555 2722 1610 facta
2741 1565 2883 1621 sunt,
2912 1572 3072 1611 unum
3090 1569 3248 1628 atque
3271 1573 3537 1614 summum
3567 1560 3770 1614 bonum

2179 1653 2418 1698 nostrum
2441 1662 2561 1701 esse
2586 1647 2787 1715 dicunt,
2812 1649 2950 1717 apud
2973 1650 3093 1704 illos
3117 1651 3456 1704 eminuerunt
3480 1653 3765 1717 Platonici,

2178 1736 2266 1804 qui
2297 1753 2400 1791 non
2453 1739 2720 1794 immerito
2764 1741 2828 1795 ad
2860 1742 3090 1795 officium
3123 1758 3276 1796 suum
3324 1745 3593 1813 pertinere
3623 1747 3771 1798 arbi-

2178 1827 2299 1881 trati
2331 1837 2475 1896 sunt,
2505 1830 2716 1897 Stoicis,
2750 1841 2803 1885 et
2833 1833 3109 1903 Epicureis
3131 1835 3359 1888 maxime
3379 1843 3433 1889 ct
3454 1851 3618 1905 prope
3638 1838 3770 1890 solis

2175 1919 2393 1972 omnino
2420 1921 2690 1976 resistere.
2727 1923 2888 1977 Iidem
2918 1925 3112 1994 quippe
3141 1925 3445 1980 Academici
3474 1927 3564 1995 qui
3589 1927 3772 1981 Plato-

2174 2007 2299 2074 nici,
2327 2011 2465 2080 quod
2491 2011 2647 2067 docet
2689 2014 2990 2069 auditormn
3014 2016 3124 2084 ipsa
3163 2019 3449 2072 successio.
3500 2019 3770 2073 Arcesilas

2175 2104 2315 2157 enim
2346 2106 2432 2175 qui
2463 2107 2662 2175 primus
2707 2110 2966 2164 occultata
3010 2111 3271 2164 sententia
3312 2127 3428 2176 sua,
3461 2111 3591 2166 nihil
3617 2113 3770 2165 aliud

2174 2193 2304 2248 istos
2331 2211 2488 2264 quam
2515 2197 2762 2254 refellere
2814 2200 3015 2265 statuit,
3065 2215 3245 2269 qurere
3288 2201 3373 2255 cui
3405 2204 3765 2266 successerit,

2172 2281 2513 2340 Polemonem
2555 2287 2826 2354 invenies;
2855 2305 3033 2360 qttzcre
3072 2291 3154 2344 cui
3189 2291 3464 2356 Polemon,
3488 2292 3770 2347 Xenocra-

2173 2383 2275 2426 tem
2309 2394 2321 2428 :
2353 2375 2637 2431 Xenocrati
2681 2390 2858 2432 autem
2902 2380 3163 2450 discipulo
3209 2381 3552 2436 Academiam
3595 2384 3768 2435 scho-

2171 2465 2272 2518 lam
2309 2482 2458 2520 suam
2490 2468 2700 2538 reliquit
2729 2469 2901 2523 Plato.
2943 2471 3207 2536 Quantum
3236 2471 3395 2540 igitur
3438 2473 3672 2541 pertinet
3698 2474 3771 2527 ad

2169 2559 2519 2624 quaestionem
2551 2559 2618 2613 de
2652 2574 2861 2614 summo
2888 2561 3118 2616 hominis
3144 2563 3306 2627 bono,
3338 2579 3553 2617 remove
3579 2579 3770 2633 perso-

2170 2663 2265 2700 nas
2292 2648 2584 2714 hominum,
2621 2660 2780 2721 atque
2808 2654 2975 2722 ipsam
3005 2654 3442 2724 disceptationem
3469 2657 3764 2720 constitue;

2168 2739 2405 2808 profecto
2434 2743 2668 2812 reperies
2695 2743 2828 2798 duos
2851 2760 3060 2800 errores
3087 2747 3226 2800 inter
3250 2761 3308 2801 se
3333 2748 3555 2802 adversa
3587 2748 3766 2804 fronte

2167 2830 2344 2882 collidi
2379 2849 2391 2884 :
2421 2849 2580 2885 utntnt
2611 2835 3022 2891 consti‘tuenlem
3056 2838 3106 2890 in
3150 2852 3393 2907 corpore,
3423 2839 3586 2893 alium
3625 2855 3765 2893 con-

2167 2922 2471 2977 stituontem
2504 2924 2555 2976 in
2588 2927 2765 2979 animo
2800 2943 3062 2981 summum
3095 2929 3310 2982 bonum.
3355 2929 3632 2983 Rationem
3667 2946 3768 2984 an-

2168 3021 2274 3068 tcm
2314 3017 2580 3080 veritatis,
2627 3035 2728 3088 qua
2773 3033 3037 3074 summum
3085 3021 3281 3076 bonutn
3329 3033 3569 3077 nostrum
3617 3025 3765 3078 Deus

2165 3121 2286 3160 esse
2312 3107 2636 3176 intelligitur,
2668 3112 2874 3180 tttriqtte
2911 3111 3183 3179 resistere,
3225 3113 3318 3168 sed
3345 3129 3450 3168 non
3484 3116 3632 3183 prius
3663 3116 3765 3171 do-

2165 3207 2375 3251 contem
2405 3214 2527 3253 vera
2570 3215 2728 3269 quam
2757 3217 2918 3270 prava
2963 3202 3333 3258 deducentem.
3374 3205 3606 3275 ldipsum
3635 3225 3762 3263 rur-

2165 3302 2281 3341 sum
2313 3289 2576 3356 adjunctis
2607 3293 2847 3360 personis
2877 3293 3159 3358 constitue,
3200 3297 3435 3365 reperies
3460 3297 3764 3367 Epicureos

2165 3389 2219 3433 et
2247 3380 2457 3434 Stoicos
2485 3381 2621 3435 inter
2658 3398 2716 3436 se
2744 3385 3001 3438 acerrime
3026 3385 3340 3440 dimicantes
3363 3402 3376 3451 ;
3405 3402 3591 3441 eorum
3629 3405 3764 3444 vero

2167 3470 2312 3524 litem
2335 3480 2590 3528 conantes
2611 3473 2901 3542 dijudieare
2923 3476 3246 3542 Platonicos,
3275 3479 3605 3534 occultantes
3633 3495 3763 3535 scn-

2167 3564 2386 3617 tcntiam
2430 3565 2686 3630 veritatis,
2719 3575 2774 3619 ct
2801 3567 3010 3619 illorum
3057 3583 3245 3622 vanam
3277 3569 3327 3623 in
3359 3569 3591 3624 falsitate
3621 3572 3761 3624 fidu-

2165 3653 2300 3706 ciam
2329 3655 2704 3710 convincentes
2733 3665 2785 3711 et
2817 3657 3214 3727 rcdargucnlcs.

2239 3745 2324 3796 Π.
2367 3745 2472 3800 Sed
2501 3762 2604 3800 non
2635 3748 2770 3801 sicut
2790 3749 2862 3802 illi
2889 3765 3130 3803 errorum
3149 3753 3473 3816 suorum,ita
3496 3754 3763 3809 Platonici

2165 3848 2306 3887 vera:
2349 3836 2570 3890 rationis
2598 3853 2874 3905 personam
2908 3840 3128 3910 implere
3154 3851 3458 3911 potuerunt.
3491 3846 3762 3901 Omnibus

2167 3926 2306 3978 enim
2336 3925 2504 3982 defuit
2526 3927 2718 3986 divina:
2742 3930 2757 3960 ί
2791 3930 3102 3989 humilitatis
3124 3935 3425 4003 exemplum
3444 3977 3457 4000 ,
3490 3937 3629 4006 quod
3656 3957 3762 4008 op-
3811 3941 3819 3949 '

2168 4017 2542 4083 portunissimo
2590 4028 2826 4088 tempore
2855 4037 2950 4092 per
2974 4023 3255 4080 Dominum
3301 4035 3540 4080 nostrum
3568 4027 3763 4083 Jesum

2165 4107 2434 4163 Christum
2458 4111 2772 4170 illustratum
2803 4125 2912 4179 est;
2946 4115 3030 4168 cui
3055 4116 3144 4170 uni
3164 4118 3409 4186 exemplo
3433 4118 3482 4171 itt
3514 4121 3763 4187 cujusvis

2167 4203 2344 4256 animo
2373 4201 2623 4264 ferociter
2669 4207 2982 4275 arrogantis,
3025 4207 3199 4262 omnis
3228 4209 3474 4280 superbia
3509 4211 3655 4264 cedit
3709 4224 3767 4266 et

2167 4291 2426 4363 frangitur
2449 4303 2503 4349 et
2531 4297 2804 4354 emoritur.
2837 4298 3063 4368 Ideoque
3090 4315 3192 4353 non
3212 4300 3448 4355 valentes
3473 4301 3546 4356 illi
3571 4315 3769 4357 aucto-

2166 4385 2322 4439 ritate
2362 4386 2541 4440 turbas
2572 4397 2896 4442 terrenarum
2939 4405 3121 4444 rerum
3176 4391 3460 4449 dilectione
3487 4395 3506 4424 ²
3527 4406 3766 4450 οιτωῑεις

2166 4476 2231 4530 ad
2261 4477 2598 4533 iuvisibilium
2623 4479 2777 4533 fidem
2809 4480 3026 4548 ducere,
3071 4497 3190 4537 cum
3231 4499 3322 4537 eas
3353 4484 3592 4543 viderent
3619 4486 3766 4556 Epi-

2167 4567 2343 4623 Cureis
2365 4569 2591 4627 maxime
2617 4573 3044 4626 contentionibus
3073 4574 3418 4636 conunovcri.
3451 4591 3554 4633 non
3578 4575 3765 4634 solum

2167 4658 2232 4711 ad
2256 4658 2736 4732 hauriendam,quo
2767 4663 2904 4716 ultro
2923 4665 3240 4728 ferebantur,
3262 4665 3355 4719 sed
3382 4667 3537 4725 etiam
3564 4666 3630 4720 ad
3659 4669 3764 4727 de-

2167 4749 2516 4809 fcnsitandam
2557 4754 2795 4822 corporis
2835 4755 3170 4824 voluptatem,
3207 4765 3264 4809 ut
3293 4756 3345 4810 in
3393 4773 3452 4811 ea
3483 4772 3766 4812 summmn

2166 4843 2362 4898 bonum
2390 4845 2617 4900 hominis
2646 4849 3088 4914 constitueretur;
3118 4866 3212 4906 eos
3236 4863 3412 4910 autem
3443 4853 3534 4922 qui
3559 4854 3772 4910 adver-

2168 4950 2259 4990 sus
2281 4937 2418 4992 hanc
2432 4938 2754 5008 voluptatem
2785 4942 3166 5000 virtutislande
3189 4953 3544 5008 moverentur,
3574 4946 3769 5001 minus

2168 5026 2452 5083 difficulter
2480 5044 2595 5084 eam
2626 5031 2972 5100 contemplari
2999 5032 3048 5084 in
3079 5033 3271 5089 animis
3297 5033 3590 5100 hominum,
3611 5038 3773 5092 unde

2168 5121 2307 5178 facta
2351 5124 2508 5190 bona,
2551 5124 2618 5178 de
2657 5125 2847 5193 quibus
2893 5135 3175 5196 utcumque
3213 5137 3454 5194 poterant
3489 5128 3768 5199 judicare,

2168 5213 2518 5284 procederent
2550 5232 2563 5267 :
2595 5215 2754 5268 simul
2780 5215 3028 5270 videbant
3066 5217 3110 5271 si
3154 5218 3234 5271 eis
3262 5228 3583 5274 conarentur
3622 5221 3775 5278 insi~

2171 5322 2336 5361 nuare
2364 5308 2590 5376 aliquam
2617 5325 2730 5366 rem
2747 5308 2976 5362 divinam
2995 5320 3047 5364 et
3069 5325 3227 5380 super
3252 5312 3429 5366 omnia
3459 5313 3777 5371 incommu-

2173 5397 2409 5463 tabilem,
2438 5413 2557 5471 qua:
2605 5399 2748 5454 nullo
2777 5400 3124 5469 attingeretur
3167 5403 3410 5466 corporis
3436 5417 3597 5457 sensu
3616 5445 3630 5469 ,
3663 5406 3775 5464 sed

2173 5490 2285 5545 sola
2310 5497 2487 5543 mente
2513 5490 2916 5561 intelligeretur,
2965 5508 3083 5561 qum
3115 5500 3291 5548 tamen
3319 5495 3478 5548 etiam
3511 5503 3775 5554 naturam

2175 5581 2338 5650 ipsius
2367 5583 2559 5636 mentis
2582 5583 2883 5650 excederet,
2911 5599 3138 5656 eumque
3165 5601 3284 5642 esse
3310 5587 3476 5643 Deum
3509 5591 3774 5663 proposi-

2240 5717 2253 5746 ¹
2290 5721 2396 5762 Mss.
2422 5715 2660 5776 quinque,
2685 5727 2826 5776 verm.

2240 5777 2260 5808 ³
2293 5779 2400 5825 uad.
2427 5775 2523 5824 Am.
2555 5775 2650 5836 Ern,
2678 5775 3003 5828 delectatione.
