4122 6350
333 373 431 429 ιιι

333 492 444 537 tum
488 481 671 536 animo
697 481 927 535 humano
971 478 1040 535 ad
1068 475 1373 544 fruendum,
1417 485 1640 546 purgato
1680 475 1747 530 ab
1775 473 1920 530 omni

333 573 452 626 labe
484 571 834 626 humanarum
863 569 1231 640 cupiditatum,
1264 553 1317 622 in
1353 581 1460 638 quo
1481 581 1588 621 uno
1615 566 1922 636 acquiesce-

331 672 415 717 ret
441 663 616 716 oniuis
651 660 992 716 beatitudinis
1021 660 1312 730 appetitus,
1335 667 1390 712 et
1426 658 1479 712 in
1499 672 1606 727 quo
1637 656 1788 712 nobis
1813 668 1920 710 uno

330 759 594 805 bonorum
625 750 861 804 omnium
881 749 999 803 finis
1015 760 1178 816 esset,
1198 764 1302 802 non
1338 764 1430 802 eos
1457 735 1836 810 intellecturos,
1867 752 1922 800 et

325 841 749 912 repugnantibus
789 841 870 896 vcl
918 841 1193 910 Epicureis
1221 840 1302 894 vel
1343 838 1535 893 Stoicis
1565 837 1732 902 multo
1760 850 1916 906 quam

329 934 429 988 sibi
463 934 670 988 facilius
696 934 922 1002 palmam
953 935 1190 999 daturos,
1225 931 1296 985 ita
1344 940 1402 985 ut
1429 947 1552 986 vera
1583 929 1918 998 salubrisque

329 1024 614 1088 sententia,
637 1024 778 1094 quod
811 1023 1314 1092 perniciosissimum
1346 1032 1426 1076 est
1451 1023 1632 1091 generi
1661 1021 1912 1084 humano,

330 1115 696 1184 imperitorum
725 1115 1043 1186 populorum
1073 1113 1315 1169 irrisione
1335 1113 1666 1168 sordesceret
1694 1131 1706 1167 :
1740 1112 1918 1168 ethoc

330 1204 382 1258 in
412 1204 719 1258 moralibus.

403 1295 488 1348 18.
532 1294 589 1346 In
637 1293 963 1349 naturalibus
991 1301 1166 1348 autem
1193 1295 1596 1364 qurestionihus,
1639 1294 1683 1349 si
1717 1293 1801 1348 isti
1829 1292 1916 1347 di—

328 1393 512 1438 cercnt
544 1383 863 1439 elTectriccm
894 1385 1128 1438 omnium
1160 1396 1467 1438 naturarum
1517 1399 1637 1438 esse
1668 1383 1911 1452 incorpo-

329 1492 472 1528 ream
523 1475 870 1545 Sapientiam,
902 1475 977 1528 illi
1003 1485 1180 1528 autem
1220 1491 1249 1528 a
1275 1490 1502 1542 corpore
1529 1490 1784 1544 nusquam
1807 1473 1916 1527 dis-

327 1565 599 1629 cederent,
631 1581 755 1620 cqu
785 1565 871 1618 alii
898 1565 1112 1630 atomis,
1137 1564 1225 1618 alii
1251 1574 1476 1634 quatuor
1525 1564 1827 1626 clementis,
1861 1563 1914 1616 in

329 1655 521 1724 quibus
549 1656 616 1709 ad
642 1655 920 1710 efficienda
943 1656 1118 1709 omnia
1141 1655 1275 1724 ignis
1298 1655 1628 1724 prwvaleret,
1659 1654 1914 1722 principia

329 1762 504 1799 rerum
538 1747 758 1811 darent;
791 1747 907 1815 quis
934 1762 1038 1800 non
1075 1747 1277 1801 videret
1317 1747 1598 1800 stultorum
1635 1746 1915 1800 abundan-

330 1836 454 1888 tiam
501 1836 709 1905 corpori
742 1836 995 1898 deditam,
1023 1851 1143 1891 eum
1188 1837 1239 1889 in
1281 1852 1589 1904 corpoream
1624 1835 1914 1904 potentiam

327 1926 670 1979 conditricem
690 1942 864 1980 rerum
886 1942 1214 1996 nequaquam
1243 1929 1438 1982 valeret
1463 1928 1654 1982 intueri
1673 1968 1688 1992 ,
1707 1927 1760 1980 in
1787 1942 1917 1995 quo-

325 2033 444 2073 rum
490 2017 662 2086 potius
699 2017 1002 2086 suffragium
1032 2019 1351 2087 raperetur?
1563 2067 1580 2095 η

404 2110 490 2164 19.
535 2110 788 2164 Restabat
817 2126 939 2180 pars
973 2111 1307 2164 rationalimn
1345 2111 1719 2178 qua:stiounm.
1765 2109 1917 2164 NoSti

325 2203 468 2256 enim
496 2201 748 2272 quidquid
768 2211 982 2270 propter
1002 2201 1396 2269 adipiscendam
1425 2201 1736 2270 sapientiam
1760 2216 1913 2270 qua:-

327 2294 483 2356 ritur,
515 2301 606 2345 aut
640 2291 708 2345 de
733 2292 988 2356 moribus,
1023 2300 1112 2344 aut
1139 2291 1207 2345 de
1237 2299 1444 2357 natura,
1481 2300 1572 2345 aut
1617 2291 1685 2345 de
1711 2292 1916 2345 ratione

326 2385 675 2453 quaestionem
703 2383 923 2437 habere.
950 2381 1080 2437 Cum
1105 2398 1234 2453 ergo
1254 2383 1496 2453 Epicurei
1516 2399 1783 2452 mmquam
1803 2399 1919 2438 sen-

327 2492 420 2531 sus
450 2477 688 2544 corporis
701 2475 808 2530 falli
832 2476 1087 2539 dicerent,
1108 2476 1269 2530 Stoici
1298 2484 1474 2531 autem
1500 2476 1606 2530 falli
1635 2475 1916 2544 aliquando

325 2566 699 2627 concederent,
721 2565 931 2635 utrique
953 2575 1126 2620 tamen
1151 2566 1387 2636 regulam
1403 2566 1918 2636 comprehendenda:

325 2657 566 2710 veritatis
587 2655 638 2709 in
661 2655 904 2710 sensibus
929 2657 1220 2724 ponerent;
1253 2657 1370 2726 quis
1399 2656 1511 2710 istis
1541 2655 1919 2711 contradicen-

326 2748 472 2801 tibus
499 2746 708 2801 audirct
750 2747 1094 2800 Platonicos?
1125 2746 1253 2813 Quis
1284 2763 1386 2801 non
1417 2748 1577 2801 modo
1607 2749 1659 2803 in
1702 2746 1916 2815 sapien-

330 2840 482 2900 tium,
502 2838 597 2892 sed
625 2838 842 2891 omnino
873 2838 924 2891 in
967 2838 1239 2892 hominum
1273 2854 1492 2894 numero
1522 2838 1792 2894 habendos
1819 2854 1919 2908 pu-

330 2939 497 2994 taret,
553 2928 596 2982 si
625 2929 691 2981 ab
716 2928 794 2983 eis
826 2938 1068 2997 prompte
1106 2928 1391 2994 diceretur,
1437 2944 1541 2982 non
1585 2929 1756 2982 solum
1798 2944 1919 2984 esse

328 3019 527 3089 aliquid
555 3019 696 3088 quod
735 3035 907 3089 neque
933 3029 1072 3074 tactu
1099 3021 1359 3089 corporis,
1395 3034 1566 3088 neque
1608 3018 1805 3073 olfactu
1835 3020 1919 3074 vel

329 3120 564 3180 gustatu,
593 3127 764 3180 neque
785 3111 869 3164 his
896 3113 1112 3166 auribus
1145 3121 1237 3165 aut
1274 3112 1441 3166 oculis
1482 3111 1678 3180 percipi
1719 3112 1915 3180 possit,

331 3219 508 3272 neque
531 3205 748 3256 omnino
781 3203 961 3258 talium
985 3220 1179 3266 rerutn,
1204 3219 1322 3272 quae
1349 3203 1418 3256 ita
1446 3203 1789 3268 sentirentur,
1819 3203 1920 3256 ali-

329 3312 434 3363 qua
468 3296 845 3364 imaginatione
880 3296 1136 3365 cogitari;
1179 3297 1271 3349 sed
1313 3295 1364 3349 id
1395 3280 1721 3349 solum-vere
1762 3310 1916 3357 esse,

331 3396 499 3456 atque
528 3387 581 3440 id
614 3388 782 3441 solum
811 3403 968 3457 posse
999 3387 1220 3456 percipi,
1246 3388 1364 3456 quia
1393 3388 1824 3442 incommutabile
1865 3396 1922 3442 et

334 3479 720 3547 sempiternum
747 3490 829 3534 est
849 3496 862 3544 ;
884 3480 1076 3548 percipi
1097 3489 1271 3534 autem
1301 3480 1410 3533 sola
1440 3480 1922 3550 intelligentia,qua

335 3584 442 3622 una
472 3570 970 3640 veritas,quomodo
998 3570 1181 3640 attingi
1212 3579 1404 3640 potest,
1435 3571 1741 3640 attingitur?

411 3661 500 3716 20.
541 3660 673 3716 Cum
696 3678 824 3731 ergo
854 3663 976 3717 talia
1005 3664 1265 3716 sentirent
1290 3662 1565 3725 Platonici,
1595 3678 1712 3732 qua:
1749 3677 1924 3732 neque

336 3751 597 3805 docerent
626 3753 771 3806 carni
807 3752 1013 3807 deditos
1043 3752 1306 3816 homines,
1358 3768 1530 3822 neque
1573 3761 1715 3806 tanta
1744 3761 1926 3807 essent

336 3844 655 3898 auctoritate
691 3844 828 3913 apud
861 3844 1104 3913 populos,
1137 3853 1192 3899 ut
1220 3845 1482 3899 credenda
1513 3845 1918 3914 persuaderent,

335 3935 512 3991 donec
555 3936 623 3990 ad
648 3953 768 3992 eum
797 3937 1030 3991 habitum
1060 3937 1440 4006 perduceretur
1462 3938 1670 3992 animus
1689 3952 1794 4007 quo
1824 3939 1923 3991 ista

338 4028 646 4096 capiuntur,
679 4028 950 4098 elegerunt
987 4030 1254 4084 occultare
1304 4030 1620 4084 sententiam
1664 4044 1836 4094 suam,
1869 4036 1924 4082 et

337 4129 526 4174 contra
552 4134 649 4174 eos
693 4120 989 4187 disserere,
1017 4121 1108 4191 qni
1140 4137 1319 4176 verum
1351 4137 1410 4176 se
1450 4121 1715 4175 invenisse
1753 4121 1925 4190 jacta-

341 4219 484 4275 rent,
513 4226 637 4264 cum
669 4211 1025 4268 inventionem
1057 4214 1224 4281 ipsam
1248 4214 1356 4267 veri
1389 4214 1440 4266 in
1475 4213 1652 4267 carnis
1677 4213 1925 4266 sensibus

337 4310 623 4370 ponerent.
669 4302 736 4358 Et
760 4317 946 4359 eorum
987 4303 1199 4372 quidem
1249 4304 1530 4358 consilium
1583 4303 1737 4372 quale
1773 4304 1929 4358 fuerit

335 4391 467 4460 quid
481 4392 673 4446 attinet
698 4394 977 4460 qurerere?
1011 4393 1245 4449 divinum
1272 4403 1417 4448 certe
1444 4394 1522 4448 vel
1550 4393 1728 4447 divina
1750 4394 1924 4461 aliqua

334 4485 660 4540 auctoritate
695 4485 970 4554 praeditum
999 4501 1103 4539 non
1131 4485 1248 4540 fuit.
1272 4485 1497 4539 Tantum
1526 4485 1650 4538 illud
1689 4483 1924 4550 attende,

334 4576 592 4645 quoniam
644 4576 794 4630 Plato
817 4591 847 4630 a
892 4576 1150 4631 Cicerone
1179 4578 1360 4630 multis
1391 4577 1564 4632 modis
1592 4577 1928 4646 apertissime

335 4665 670 4732 ostenditur,
711 4666 766 4720 in
814 4667 1069 4735 sapientia
1115 4683 1221 4722 non
1249 4669 1498 4731 humana,
1541 4668 1635 4723 sed
1667 4669 1820 4737 plane
1849 4668 1924 4722 di-

335 4755 482 4818 vina,
517 4756 668 4812 unde
705 4757 934 4812 humana
983 4757 1376 4826 quodammodo
1413 4759 1829 4826 accenderetur,
1874 4757 1931 4815 in

336 4845 432 4898 illa
448 4847 630 4915 utique
649 4847 906 4915 Sapientia
930 4863 1145 4916 prorsus
1176 4849 1508 4913 immutabili,
1555 4859 1712 4919 atque
1739 4850 1926 4903 eodem

339 4937 504 4989 modo
530 4952 743 5005 semper
768 4953 826 4990 se
855 4937 1083 4993 habente
1105 4938 1325 4997 veritate
1352 4940 1390 5001 ί,
1419 4941 1758 4994 constituisse
1778 4949 1833 4994 et
1863 4942 1928 4993 li-

339 5043 465 5080 nem
499 5029 645 5093 boni,
668 5039 722 5082 et
749 5044 936 5083 causas
950 5046 1150 5094 rerum,
1181 5040 1232 5085 et
1265 5029 1614 5086 ratiocinandi
1639 5031 1880 5085 fiduciam
1912 5051 1926 5086 :

338 5127 678 5188 oppugnatos
704 5128 883 5176 autem
911 5135 1029 5174 esse
1057 5121 1272 5176 nomine
1297 5121 1680 5189 Epicureorum
1709 5130 1762 5176 et
1785 5121 1933 5183 Stoi-s

340 5225 530 5264 corum
567 5225 598 5263 a
643 5210 935 5265 Platonicis
981 5225 1107 5277 eos,
1138 5211 1304 5280 quiin
1332 5215 1574 5282 corporis
1619 5213 1701 5267 vel
1731 5215 1781 5266 in
1811 5215 1929 5266 ani-

341 5300 422 5354 mi
466 5310 654 5354 natura
701 5311 964 5372 ponerent
1008 5311 1061 5356 et
1117 5303 1274 5358 linem
1317 5303 1477 5368 boni,
1517 5313 1572 5358 et
1605 5319 1792 5359 causas
1839 5321 1936 5359 re-i

345 5408 502 5459 rum,
543 5401 600 5448 et
627 5394 973 5461 ratiocinandi
1003 5395 1281 5460 fiduciam;
1330 5410 1396 5450 eo
1435 5411 1548 5451 rem
1590 5397 1933 5452 succ'essione

345 5491 650 5552 temporum
691 5500 812 5540 esse
835 5485 1158 5550 devolutam,
1188 5494 1246 5540 ut
1279 5484 1583 5542 christiana:
1605 5487 1714 5556 jam
1759 5473 1932 5543 aetatis

349 5573 591 5642 exordio,
621 5591 743 5630 cum
770 5591 948 5631 rerum
974 5577 1313 5634 invisibilium
1343 5585 1501 5648 atque
1520 5585 1839 5633 aaternarum
1865 5579 1932 5634 ﬁ-

415 5708 431 5738 ¹
466 5715 600 5782 Lov_.,
613 5709 1212 5782 peritawmhconstituisse.
1241 5720 1295 5765 At
1326 5713 1437 5766 Edd.
1463 5714 1543 5766 alii
1580 5719 1631 5766 et
1651 5720 1758 5767 Mss.
1784 5728 1935 5782 prope

354 5781 528 5824 eximes
550 5771 732 5824 habent
750 5806 766 5836 ,
783 5772 994 5828 veritate.
1171 5786 1179 5794 ·

1507 362 1986 423 EPISTOLARUM
2022 361 2297 420 CLASSIS
2333 363 2400 420 ll.

3509 374 3617 432 ΜΞ

2026 474 2122 530 des
2146 491 2242 545 per
2266 474 2492 531 visibilia
2517 475 2774 532 miracula
2797 478 3081 536 salubriter
3110 483 3489 552 prmdicaretur
3507 485 3614 540 ho-

2023 567 2281 635 minibus,
2315 569 2406 638 qui
2430 584 2528 624 nec
2549 569 2741 626 videre
2775 587 2875 626 nec
2921 574 3154 644 cogitare
3195 575 3390 646 aliquid
3421 586 3600 647 praeter

2025 672 2246 726 corpora
2279 666 2552 728 poterant,
2571 659 2728 715 beato
2753 663 2997 731 apostolo
3023 664 3205 729 Paulo,
3235 665 3323 734 qui
3359 667 3603 728 eamdem

2023 746 2183 802 linem
2214 748 2470 804 Gentibus
2493 751 2916 818 prmseminabat,
2949 753 3110 814 iidem
3151 755 3246 824 ipsi
3271 755 3518 824 Epicurei
3557 768 3611 811 et

2024 838 2220 907 Stoici,
2258 842 2310 896 in
2350 842 2574 898 Actibus
2613 843 2988 912 Apostolorum
3031 847 3417 903 contradixisse
3460 849 3610 904 inve-

2024 930 2256 985 niantur.

2091 1022 2181 1076 2|.
2221 1023 2334 1090 Qua
2355 1024 2408 1079 in
2436 1040 2494 1080 re
2523 1026 2651 1081 satis
2669 1026 3019 1083 mihividetur
3037 1029 3459 1086 demonstratum
3487 1047 3610 1088 esse

2021 1127 2232 1168 errores
2250 1114 2522 1181 Gentium,
2554 1117 2669 1172 sive
2698 1117 2764 1172 de
2796 1118 3056 1184 moribus,
3072 1121 3183 1175 sive
3212 1121 3278 1176 de
3306 1132 3493 1176 natura
3524 1137 3610 1177 re-
3645 1177 3649 1179 _

2022 1219 2162 1269 rum,
2183 1205 2294 1259 sive
2321 1204 2387 1260 de
2415 1207 2623 1261 ratione
2641 1208 3017 1279 investiganda:
3036 1212 3296 1279 veritatis,
3319 1213 3406 1282 qui
3429 1227 3610 1282 quam-

2022 1293 2101 1349 vis
2121 1304 2302 1350 essent
2327 1297 2476 1351 multi
2499 1308 2658 1368 atque
2681 1300 3022 1369 multiplices,
3048 1303 3099 1355 in
3129 1303 3210 1356 his
3232 1312 3407 1358 tamen
3437 1306 3608 1358 maxi-

2021 1399 2109 1438 me
2135 1386 2338 1440 duabus
2369 1389 2528 1441 sectis
2550 1389 2876 1456 eminebant,
2909 1393 3332 1460 expugnantibus
3355 1395 3527 1448 doctis
3553 1405 3610 1449 et

2022 1484 2166 1532 tanta
2185 1477 2480 1534 disserendi
2503 1481 2792 1536 subtilitate
2804 1491 2963 1552 atque
2975 1485 3127 1553 copia
3149 1485 3603 1551 subvertentibus,

2021 1565 2241 1621 durasse
2254 1578 2426 1623 tamen
2449 1569 2695 1639 usque’in
2726 1579 2961 1641 tempora
2988 1573 3297 1627 christiana.
3332 1575 3476 1642 Quos
3496 1576 3606 1645 jam

2020 1667 2165 1711 certe
2186 1667 2364 1712 nostra
2394 1669 2549 1715 :etate
2570 1661 2646 1715 sic
2673 1663 3003 1719 obmutuisse
3029 1667 3406 1735 conspicimus,
3433 1677 3489 1721 ut
3519 1668 3607 1723 vix

2013 1745 2122 1816 jam
2153 1748 2203 1801 in
2236 1749 2436 1804 scholis
2461 1751 2732 1806 rhetorum
2763 1765 3212 1810 commemoretur
3239 1765 3439 1810 tantum
3485 1771 3604 1826 qua).

2018 1835 2214 1891 fuerint
2246 1838 2455 1893 illorum
2479 1843 2756 1896 sententia:
2789 1845 3114 1898 :certamina
3139 1854 3319 1900 tamen
3350 1847 3509 1900 etiam
3539 1846 3609 1902 de

2019 1926 2407 1996 loquacissimis
2441 1929 2746 1986 Graecorum
2791 1935 3082 2003 gymnasiis
3129 1937 3394 1990 eradicata
3441 1945 3606 2005 atque

2020 2031 2326 2087 compressa
2349 2030 2493 2083 sunt,
2524 2021 2595 2073 ita
2631 2030 2688 2074 ut
2713 2023 2755 2075 si
2793 2039 2893 2092 qua
2922 2039 3060 2077 nunc
3087 2024 3284 2079 erroris
3309 2034 3449 2080 secta
3473 2041 3604 2079 con-

2021 2117 2098 2162 tra
2124 2111 2653 2178 veritatem,hocest,
2684 2125 2868 2168 contra
2900 2117 3187 2170 Ecclesiam
3215 2117 3409 2172 Christi
3433 2133 3608 2171 emer-

2019 2202 2170 2265 serit,
2205 2203 2303 2257 nisi
2324 2204 2539 2258 nomine
2558 2213 2808 2274 cooperta
2831 2206 3141 2272 christiano,
3170 2207 3233 2261 ad
3267 2208 3606 2277 pugnandum

2019 2292 2264 2362 prosilire
2295 2309 2399 2346 non
2430 2295 2638 2348 audeat.
2661 2297 2734 2348 Ex
2765 2311 2871 2365 quo
2899 2296 3364 2367 intelligituripsos
3393 2311 3607 2368 quoque

2019 2382 2304 2438 Platonica:
2345 2386 2518 2454 gentis
2572 2386 2950 2456 philosophos,
2999 2389 3180 2456 paucis
3221 2388 3438 2442 mutatis
3489 2403 3608 2458 qua:

2019 2473 2304 2528 christiana
2350 2474 2618 2545 improbat
2655 2476 2954 2546 disciplina,
3001 2478 3455 2533 invictissimouni
3493 2479 3605 2545 regi

2019 2563 2233 2620 Christo
2264 2567 2377 2634 pias
2402 2568 2641 2622 cervices
2657 2577 2905 2637 Oportere
2934 2568 3267 2631 submittere.
3320 2578 3374 2624 et
3410 2569 3608 2623 intelli-

2020 2673 2144 2726 gere
2165 2656 2402 2713 Verbum
2431 2659 2523 2713 Dei
2546 2659 2760 2714 homine
2786 2659 3049 2723 iudutum,
3073 2660 3162 2729 qui
3188 2660 3364 2730 jussit,
3409 2669 3465 2715 et
3491 2673 3611 2714 cre-

2021 2747 2190 2800 ditum
2214 2756 2299 2802 est
2324 2748 2464 2818 quod
2486 2749 2560 2802 illi
2583 2750 2665 2804 vel
2696 2748 2932 2819 proferre
2959 2750 3283 2805 metuebant.
3362 2786 3364 2789 -

2092 2836 2186 2891 2‘2.
2227 2837 2360 2892 llnic
2392 2847 2462 2904 te,
2493 2839 2562 2892 mi
2588 2840 2860 2906 Dioscore,
2883 2849 2940 2894 ut
2965 2849 3071 2894 tota
3094 2842 3289 2910 pietate
3309 2841 3506 2896 subdas
3526 2857 3610 2897 ve-

2025 2931 2137 2995 lim,
2172 2945 2272 2985 nec
2299 2931 2456 2984 aliam
2477 2932 2567 2985 tibi
2588 2931 2652 2985 ad
2683 2931 3061 3000 capessendam
3079 2940 3134 2986 et
3156 2933 3497 2987 obtinendam
3512 2947 3608 2988 ve-

2024 3022 2237 3076 ritatem
2277 3023 2417 3074 viam
2463 3023 2690 3089 munias,
2732 3037 2888 3091 quam
2929 3039 3046 3092 qua:
3076 3024 3275 3076 munita
3307 3032 3388 3078 est
3429 3024 3610 3079 abillo

2024 3113 2112 3183 qui
2135 3127 2413 3182 gressuum
2437 3124 2738 3167 nostrorum
2765 3121 3012 3183 tanquam
3044 3115 3185 3169 Deus
3213 3115 3345 3168 vidit
3384 3115 3610 3170 infirmi-

2026 3212 2206 3257 tatem.
2229 3202 2304 3256 Ea
2329 3211 2412 3256 est
2428 3211 2606 3257 autem
2639 3203 2828 3272 prima,
2849 3203 3147 3264 humilitas:
3171 3203 3422 3267 secunda,
3446 3204 3615 3258 humi-

2024 3294 2172 3358 litas;
2213 3295 2389 3360 tertia,
2439 3292 2827 3350 humilitaszct
2849 3295 3059 3364 quoties
3100 3295 3455 3366 interrogares
3506 3297 3611 3351 hoc

2023 3387 2295 3452 dicerem;
2325 3403 2428 3441 non
2451 3403 2557 3457 quo
2585 3387 2685 3441 alia
2710 3401 2813 3441 non
2844 3387 2951 3440 sint
2972 3397 3255 3457 prmcepta,
3284 3392 3402 3458 quas
3427 3387 3614 3443 dican-

2026 3488 2130 3540 tur,
2163 3479 2256 3533 sed
2287 3478 2386 3532 nisi
2424 3478 2697 3532 humilitas
2730 3479 2906 3532 omnia
2937 3467 3286 3548 qumcumque
3315 3479 3451 3533 bene
3488 3479 3619 3532 faci~

2026 3583 2144 3622 ntus
2169 3567 2636 3636 etprrecesseritet
2658 3568 2941 3622 comitetur
2967 3576 3020 3622 et
3040 3555 3325 3622 consecuta
3357 3567 3534 3634 fuerit,
3562 3578 3617 3623 et

2026 3659 2295 3728 proposita
2325 3675 2482 3728 quam
2511 3659 2832 3723 intueamur,
2865 3667 2918 3712 ct
2957 3659 3199 3728 apposita
3224 3660 3307 3712 eui
3335 3657 3616 3713 adhaerea-

2028 3765 2166 3816 mus,
2191 3759 2244 3805 et
2267 3751 2511 3819 imposita
2530 3751 3025 3820 quareprimamur,
3045 3750 3153 3818 jam
3186 3751 3340 3803 nobis
3363 3750 3428 3804 de
3442 3750 3621 3819 aliquo

2029 3843 2170 3896 bono
2211 3843 2348 3898 facto
2368 3843 2720 3913 gaudentilms
2743 3853 2909 3898 totum
2938 3852 3219 3912 extorquet
3243 3843 3310 3897 de
3346 3859 3504 3897 manu
3529 3858 3620 3898 su-

2029 3934 2233 4003 perbia.
2265 3933 2399 3988 Vilia
2417 3935 2611 4004 quippe
2633 3945 2822 3990 caetera
2853 3935 2903 3988 in
2938 3935 3190 4004 peccatis,
3213 3935 3460 4004 superbia
3493 3949 3620 3988 vero

2029 4027 2186 4080 etiam
2220 4027 2272 4079 in
2295 4036 2438 4081 recte
2460 4026 2610 4082 factis
2633 4026 2863 4081 timenda
2888 4037 2988 4092 est,
3020 4041 3086 4080 ne
3117 4026 3200 4079 illa
3226 4041 3344 4095 qum
3375 4025 3622 4081 laudabi-

2031 4119 2152 4171 liter
2186 4118 2320 4172 facta
2351 4127 2492 4183 sunt,
2545 4118 2712 4187 ipsius
2749 4117 2916 4172 laudis
2953 4117 3241 4186 cupiditate
3282 4117 3616 4172 amittantur.

2033 4209 2211 4276 Itaque
2235 4213 2374 4263 sicut
2404 4209 2586 4263 rhetor
2621 4209 2708 4263 ille
2739 4208 3098 4263 nobilissimus
3133 4206 3207 4280 (a)
3246 4224 3366 4263 cum
3393 4209 3620 4264 interro-

2029 4309 2182 4370 gatus
2218 4309 2361 4354 esset
2397 4299 2521 4369 quid
2547 4300 2595 4352 ei
2634 4300 2859 4368 primum
2904 4299 3176 4353 videretur
3201 4299 3253 4352 in
3293 4301 3615 4369 eloquentiae

2033 4390 2312 4460 prmceptis
2339 4389 2612 4444 observari
2655 4398 2932 4458 oportere,
2963 4389 3455 4445 Pronuntiationem
3485 4389 3620 4445 dici-

2025 4492 2118 4545 tur
2157 4480 2526 4551 reSpondisse;
2559 4496 2679 4535 cum
2703 4481 3171 4550 qu:crereturquid
3191 4481 3613 4547 secundo,eam-

2031 4575 2152 4628 dem
2182 4572 2694 4642 pronuntiationem;
2726 4569 2852 4640 quid
2893 4571 3071 4637 tertio,
3117 4569 3246 4624 nihil
3273 4570 3414 4623 aliud
3458 4585 3617 4639 quam

2033 4664 2516 4736 pronuntiationem
2535 4663 2734 4716 dixisse
2759 4680 2771 4715 :
2795 4662 2864 4714 ita
2877 4662 2920 4715 si
2944 4662 3318 4730 interrogares,
3343 4671 3396 4716 et
3414 4662 3622 4730 quoties

2034 4758 2393 4828 interrogares
2416 4755 2484 4810 de
2509 4754 2792 4824 praeceptis
2834 4753 3138 4808 christiauze
3162 4755 3457 4824 religionis,
3491 4753 3620 4807 nihil

2034 4865 2120 4902 me
2171 4847 2312 4902 aliud
2353 4845 2681 4916 respondere
2726 4845 2825 4899 nisi
2873 4845 3224 4901 humilitatem
3274 4847 3486 4912 liberet,
3519 4843 3622 4900 etsi

2034 4940 2171 4994 forte
2198 4940 2299 4993 alia
2327 4938 2508 4993 dicere
2533 4937 2826 4992 necessitas
2853 4947 3085 5007 cogeret.

2104 5027 2331 5083 CAPUT
2362 5027 2450 5081 IV.
2482 5057 2552 5067 —
2583 5028 2672 5080 9.5.
2705 5026 2837 5080 lluic
2887 5027 3167 5080 humilitati
3219 5025 3618 5088 saluberrimae,

2035 5137 2190 5190 quam
2222 5120 2474 5174 Dominus
2511 5128 2692 5174 noster
2736 5117 2891 5173 Iesus
2919 5119 3161 5172 Christus
3193 5127 3248 5171 ut
3273 5118 3488 5171 doceret
3520 5117 3623 5194 hu-q

2037 5213 2268 5267 miliatus
2294 5218 2409 5276 cst;
2442 5211 2584 5275 huic,
2615 5211 2848 5280 inquam,
2890 5211 3119 5264 tmxime
3148 5209 3458 5262 adversatur
3481 5223 3625 5277 quat-

2035 5304 2180 5368 dam,
2224 5311 2284 5357 ut
2321 5301 2391 5355 ita
2422 5301 2629 5365 dicam,
2660 5300 3055 5370 imperitissima
3084 5301 3325 5364 scientia,
3374 5299 3499 5352 dum
3527 5314 3626 5353 nos

2038 5395 2174 5449 scire
2197 5392 2494 5463 gaudemus
2533 5391 2660 5461 quid
2691 5392 3072 5456 Anaximenes,
3098 5389 3222 5460 quid
3262 5390 3623 5459 Anaxagoras,

2038 5483 2163 5554 quid
2191 5483 2540 5554 Pythagoras,
2585 5482 2711 5553 quid
2745 5482 3078 5550 Democritus
3108 5480 3394 5549 senserint,
3443 5489 3496 5536 et
3523 5496 3629 5534 ca:—

2041 5583 2154 5632 tera
2183 5574 2508 5644 hujusmodi,
2535 5583 2594 5629 ut
2633 5575 2776 5629 docti
2827 5572 3125 5643 creditique
3165 5572 3458 5636 videamur,
3505 5588 3627 5630 eum

2042 5666 2144 5721 hoc
2186 5682 2215 5720 a
2246 5681 2370 5721 vera
2423 5665 2666 5723 doctrina
2694 5675 2746 5722 et
2791 5663 3088 5722 eruditione
3137 5666 3290 5740 longe
3319 5665 3475 5722 absit.
3523 5665 3626 5737 Qui

2074 5755 2078 5760 ’
2107 5775 2180 5842 (a)
2201 5778 2568 5832 Demosthenes.
