4122 6350
465 402 572 461 M3

463 514 610 574 enim
637 511 880 568 didicerit
917 509 1086 565 Deum
1135 517 1244 560 non
1281 501 1510 559 distendi
1539 505 1630 556 aut
1679 498 1899 554 diffundi
1945 511 2041 568 per

467 608 646 674 locos,
702 619 873 674 neque
897 602 1074 656 ﬁnitos
1110 612 1281 668 neque
1310 594 1574 662 inﬁnitos,
1597 593 1747 664 quasi
1789 592 1842 646 in
1870 591 2044 660 aliqua

466 703 616 767 parte
643 694 813 764 major
837 692 924 754 sit,
961 691 1014 744 in
1040 688 1214 758 aliqua
1257 685 1452 750 minor,
1483 683 1579 738 sed
1627 693 1794 736 totum
1843 679 2044 749 ubique

467 801 588 842 esse
615 791 950 856 prmsentem,
996 781 1134 835 sicut
1175 779 1451 833 veritatem
1477 775 1630 844 cujus
1663 787 1822 828 nemo
1867 770 2046 826 sobrie

469 877 599 933 dicit
630 886 832 948 partem
853 890 973 931 esse
1003 873 1054 927 in
1084 873 1188 926 isto
1207 871 1345 933 loco,
1368 877 1422 923 et
1459 877 1662 937 partem
1691 867 1744 920 in
1772 864 1881 926 illo,
1914 877 2047 932 quo-

471 970 615 1024 niam
646 970 839 1025 veritas
885 967 1065 1034 utique
1094 963 1231 1017 Dens
1260 969 1374 1026 est;
1405 972 1739 1028 nequaquam
1768 969 1888 1008 eum
1927 967 2044 1006 mo-

469 1060 614 1116 vehit
635 1059 775 1130 quod
804 1058 872 1113 de
909 1055 1114 1111 inﬁnito
1139 1067 1263 1106 aere
1311 1049 1498 1114 sensit,
1537 1047 1854 1118 quicumque
1882 1041 2048 1096 sensit

415 1217 418 1220 ,
467 1149 610 1221 quod
637 1151 749 1219 ipse
769 1150 910 1202 Deus
934 1155 1093 1202 esset.
1127 1142 1264 1211 Quid
1291 1141 1358 1196 ad
1385 1141 1555 1205 illum,
1591 1139 1636 1193 si
1664 1136 1868 1192 nesciat
1887 1147 2055 1211 quam

471 1241 647 1297 dicant
670 1240 754 1294 isti
781 1237 1019 1308 corporis
1045 1236 1301 1297 formam;
1333 1247 1450 1286 eam
1483 1230 1678 1299 quippe
1703 1226 1886 1281 dicunt
1927 1237 2048 1293 qua:

469 1332 702 1401 undique
725 1330 869 1384 ﬁnita
891 1329 960 1383 sit
987 1345 1001 1382 :
1033 1334 1088 1382 et
1112 1333 1287 1379 utrum
1314 1319 1589 1376 refellendi
1619 1332 1776 1372 causa
1799 1325 2050 1384 tanquam

469 1421 842 1484 Academicus,
887 1414 1205 1474 Anaximeni
1241 1412 1428 1467 Cicero
1467 1408 1722 1479 obiecerit
1751 1405 1976 1460 formam
1995 1410 2051 1458 et

470 1512 918 1585 pulchritudinem
947 1511 1116 1564 Deum
1146 1505 1342 1560 habere
1367 1510 1615 1572 oportere
1632 1498 1740 1572 (a),
1765 1498 1913 1568 quasi
1930 1509 2050 1551 cor-

470 1617 688 1672 poream
717 1602 948 1672 speciem
975 1599 1233 1668 cogitans,
1262 1599 1384 1665 quia
1425 1593 1512 1648 ille
1537 1603 1853 1661 corporeum
1882 1589 2048 1641 Deum

472 1707 594 1748 esse
623 1692 842 1756 dixerat,
873 1705 967 1745 aer
991 1689 1132 1743 enim
1159 1699 1352 1754 corpus
1377 1692 1492 1747 est;
1541 1697 1608 1736 an
1651 1681 1764 1750 ipse
1790 1677 2053 1733 sentiebat

474 1799 595 1840 esse
620 1782 864 1846 formam,
881 1791 935 1837 et
952 1777 1395 1850 pulchritudinem
1426 1775 1793 1843 incorporcam
1819 1768 2048 1832 veritati,

473 1890 576 1946 qua
604 1876 717 1944 ipse
763 1874 971 1939 animus
997 1870 1330 1932 informatur,
1377 1876 1430 1922 et
1455 1880 1550 1935 per
1575 1878 1733 1934 quam
1763 1861 1940 1916 omnia
1967 1873 2066 1914 sa-.

472 1964 669 2036 pientis
703 1963 842 2017 facta
873 1960 1092 2032 pulchra
1122 1973 1241 2014 esse
1279 1956 1600 2027 iudicamus,
1628 1961 1688 2006 ut
1716 1967 1819 2006 non
1849 1958 2051 2004 tantum

471 2053 751 2110 refellendi
798 2052 987 2123 gratia,
1042 2049 1137 2105 sed
1188 2048 1348 2104 etiam
1378 2046 1654 2101 verissime
1691 2041 1886 2096 dixerit
1910 2039 2052 2110 quod

471 2145 642 2201 Deum
664 2144 1020 2215 pulcherrima
1049 2141 1226 2210 specie
1271 2139 1458 2193 deccat
1481 2151 1621 2202 esse,
1654 2135 1776 2204 quia
1803 2133 1936 2186 nihil
1973 2139 2055 2186 est

475 2233 750 2304 pulchrius
798 2235 910 2301 ipsa
941 2229 1254 2300 intelligihili
1285 2237 1443 2297 atque
1469 2223 1886 2281 incommutabili
1911 2223 2056 2276 veri-

475 2326 623 2381 tate?
667 2324 819 2391 Quod
851 2331 1026 2377 autem
1065 2322 1139 2375 ait
1167 2321 1259 2374 ille
1283 2319 1423 2390 gigni
1446 2332 1647 2382 aerem,
1698 2330 1852 2385 quem
1879 2323 2055 2368 tamen

474 2417 646 2474 Deum
674 2431 792 2470 esse
813 2414 1083 2480 censebat,
1126 2413 1270 2467 nullo
1313 2409 1472 2465 modo
1499 2417 1674 2464 movet
1703 2406 1845 2461 hunc
1874 2406 2048 2458 virum

473 2509 567 2580 qui
589 2507 850 2577 intelligit,
875 2522 978 2561 non
996 2506 1130 2560 sicut
1152 2519 1244 2559 aer
1265 2503 1517 2574 gignitur,
1545 2500 1598 2555 id
1618 2508 1700 2555 est
1728 2499 1906 2568 aliqua
1930 2512 2062 2551 cau-

475 2611 538 2656 sa
575 2606 634 2654 ut
665 2599 734 2654 sit
761 2597 1007 2660 efﬁcitur,
1038 2610 1160 2650 cum
1187 2595 1405 2648 omnino
1433 2592 1571 2646 Deus
1600 2605 1706 2644 non
1741 2589 1830 2654 sit,
1863 2588 1931 2640 ita
1960 2601 2060 2656 ge-

478 2689 650 2745 nitum
670 2703 792 2744 esse
820 2687 1047 2741 Verbum
1070 2685 1188 2750 Dei,
1219 2685 1384 2738 Deum
1415 2680 1554 2751 apud
1582 2679 1768 2744 Deum,
1791 2676 1888 2731 sed
1905 2677 2059 2744 longe

481 2778 588 2833 alio
614 2777 794 2842 modo,
816 2790 973 2846 quem
1009 2787 1187 2839 nemo,
1215 2773 1316 2826 nisi
1362 2770 1450 2825 cui
1476 2771 1587 2839 ipse
1613 2769 1758 2822 Deus
1783 2767 1799 2797 ί
1829 2765 2060 2834 inspira-

383 2871 387 2875 ’
481 2869 573 2936 rit,
602 2868 867 2938 intelligit.
893 2865 1042 2921 Illum
1063 2871 1238 2919 autem
1267 2862 1425 2916 etiam
1449 2860 1506 2913 in
1543 2858 1673 2928 ipsis
1699 2855 2060 2925 corporalibus

480 2959 726 3028 desipere
762 2957 881 3027 quis
912 2970 1017 3009 non
1045 2953 1240 3016 videat,
1269 2967 1390 3006 cum
1423 2963 1600 3004 aerem
1629 2947 1770 3017 gigni
1808 2945 1978 3010 dicat,
2007 2950 2064 2999 et

480 3048 650 3107 Deum
680 3047 833 3112 velit;
866 3061 987 3100 eum
1006 3053 1182 3100 autem
1211 3057 1242 3097 a
1265 3057 1371 3111 quo
1392 3056 1484 3095 aer
1502 3038 1755 3109 gignitur,
1787 3052 1890 3090 non
1917 3035 2059 3090 enim

480 3156 514 3195 a
544 3139 689 3193 nullo
716 3137 855 3207 gigni
907 3142 1100 3204 potest,
1132 3148 1238 3188 non
1279 3132 1420 3186 dicat
1450 3128 1651 3185 Deum?
1701 3129 1833 3183 Cum
1884 3134 2063 3181 autem

481 3229 678 3286 dicitur
714 3243 806 3282 aer
826 3241 945 3281 esse
976 3239 1188 3294 semper
1214 3222 1265 3277 in
1293 3229 1460 3286 motu,
1492 3232 1824 3288 nequaquam
1847 3226 2064 3271 contur-

481 3319 630 3376 babit
651 3317 940 3382 hominem,
971 3323 1028 3369 ut
1071 3320 1350 3382 propterea
1395 3310 1542 3364 illum
1568 3309 1733 3363 Deum
1764 3315 1946 3376 putet,
1973 3305 2066 3375 qui

480 3410 628 3467 novit
653 3408 825 3463 omnis
854 3407 1094 3474 corporis
1138 3412 1340 3457 motum
1379 3400 1685 3456 inferiorem
1738 3412 1858 3454 esse
1903 3411 2064 3466 quam

481 3508 568 3557 est
584 3506 759 3554 motus
797 3497 991 3558 animi;
1023 3502 1224 3548 motum
1249 3501 1427 3547 autem
1479 3490 1642 3544 animi
1689 3489 1844 3558 longe
1869 3477 2068 3557 pigrio-

482 3605 620 3654 rem,
649 3604 806 3659 quam
843 3597 924 3642 est
962 3588 1138 3640 motus
1163 3598 1384 3640 summa:
1408 3589 1568 3650 atque
1613 3577 2064 3634 incommutabilis

482 3680 788 3750 Sapientiae.

557 3772 648 3826 24.
689 3771 818 3825 item
843 3769 1202 3836 Anaxagoras,
1230 3761 1342 3819 sive
1357 3761 1594 3831 quilibet,
1623 3759 1666 3813 si
1685 3769 1915 3812 mentem
1935 3756 2068 3812 dicit

485 3866 655 3934 ipsam
697 3859 972 3916 veritatem
1010 3865 1168 3925 atque
1191 3853 1525 3922 sapientiam,
1559 3848 1684 3918 quid
1717 3847 1846 3902 mihi
1884 3856 1966 3902 est
2000 3847 2067 3902 de

484 3954 649 4009 verbo
672 3965 794 4006 cum
833 3947 1045 4002 homine
1071 3941 1425 3999 contendere?
1450 3938 1781 3994 Manifestum
1809 3947 1890 3992 est
1925 3937 2066 3991 enim

484 4045 720 4102 omnium
742 4057 918 4098 rerum
948 4037 1358 4105 descriptionem
1389 4042 1442 4088 et
1471 4031 1686 4087 modum
1715 4029 1782 4084 ab
1811 4030 1899 4083 illa
1929 4028 2064 4094 ﬁeri,

485 4149 710 4205 eamque
735 4148 837 4188 non
871 4132 1156 4199 incongrue
1180 4127 1284 4182 dici
1313 4125 1591 4188 inﬁnitam,
1628 4136 1732 4176 non
1772 4136 1867 4190 per
1898 4120 2069 4189 spatia

483 4229 744 4288 locorum,
774 4223 867 4278 sed
896 4237 990 4292 per
1020 4217 1328 4288 potentiam,
1351 4231 1470 4284 qua:
1497 4211 1816 4281 cogitatione
1839 4211 2067 4264 humana

485 4312 865 4386 comprehendi
897 4326 1002 4364 non
1026 4316 1227 4378 potest;
1257 4321 1428 4375 neque
1456 4301 1596 4371 quod
1625 4301 1849 4355 informe
1868 4299 2068 4369 aliquid

487 4409 554 4464 sit
576 4408 688 4476 ipsa
709 4400 985 4472 sapientia,
1006 4401 1110 4454 hoc
1130 4398 1271 4452 enim
1300 4408 1582 4464 corporum
1599 4399 1701 4458 est,
1726 4399 1783 4444 ut
1799 4405 2070 4460 quaecum-

487 4514 593 4568 que
622 4496 826 4550 inﬁnita
865 4491 1078 4554 fuerint,
1112 4489 1218 4542 sint
1255 4495 1309 4540 ct
1339 4483 1605 4539 informia.
1656 4481 1846 4536 Cicero
1889 4491 2070 4534 autem

490 4587 666 4644 studio
691 4581 992 4646 refellendi,
1027 4588 1282 4650 quantum
1315 4577 1543 4636 videtur,
1573 4582 1786 4642 propter
1812 4570 2066 4626 adversa—

490 4681 602 4736 rios
625 4675 966 4746 corporalitcr
995 4671 1286 4726 sentientes
1311 4677 1466 4737 negat
1491 4664 1696 4719 inﬁnito
1711 4662 2071 4733 aliquidjungi

489 4784 667 4842 posse,
689 4767 810 4838 quia
837 4781 904 4820 ex
933 4779 992 4818 ea
1017 4770 1164 4832 parte
1191 4775 1292 4830 qua
1320 4757 1603 4827 quidquam
1625 4753 1947 4822 adjungitur,
1973 4768 2070 4806 ne-

489 4875 640 4917 cesse
663 4871 783 4912 esse
810 4855 861 4908 in
887 4851 1195 4921 corporibus
1224 4849 1457 4918 aliquem
1487 4847 1666 4899 linem.
1701 4842 1824 4897 Ideo
1863 4844 1936 4895 ait
1972 4858 2073 4895 non

489 4967 600 5006 eum
627 4947 827 5011 vidisse,
859 4961 1014 5014 neque
1043 4951 1230 4994 motum
1256 4937 1425 4992 sensui
1444 4947 1678 5006 Junclnm
1723 4945 1768 4986 et
1810 4934 2071 4986 continen-

493 5053 610 5105 tem,
637 5039 689 5094 id
714 5046 794 5092 est
819 5035 1066 5091 continua
1084 5031 1417 5102 copulatione
1440 5028 1822 5088 adbmrentem,
1849 5023 2070 5092 inﬁnito,

491 5131 544 5186 id
568 5137 650 5184 est
673 5126 889 5182 inﬁnita:
915 5124 1012 5189 rei,
1045 5120 1206 5174 ultum
1234 5135 1339 5173 esse
1365 5133 1529 5189 posse,
1553 5115 1702 5186 quasi
1732 5113 1800 5168 de
1829 5111 2073 5182 corpori.

491 5225 591 5280 bus
620 5228 822 5291 ageret,
863 5216 1053 5288 quibus
1080 5213 1207 5268 nihil
1244 5211 1393 5283 jungi
1423 5210 1523 5264 nisi
1554 5225 1648 5278 per
1679 5207 1810 5262 ﬁnes
1837 5206 2075 5261 locorum

561 5361 577 5392 ί
609 5359 752 5408 vatic.
775 5355 870 5404 duo
895 5367 907 5402 :
929 5351 1027 5403 Nisi
1054 5360 1177 5402 Deus
1208 5354 1254 5400 et
1275 5346 1354 5398 cui
1374 5345 1476 5411 ipse
1496 5341 1762 5408 inspirarit.

555 5441 628 5503 (ιι)
653 5440 825 5503 verba
843 5435 1086 5485 Ciceronis
1118 5443 1229 5495 quae
1262 5431 1357 5503 hic
1391 5423 1886 5503 versantur
1910 5426 2076 5503 ειῙΞιΞΛε

499 5523 524 5552 ι
539 5495 663 5561 ιῖοέι,
684 5500 1005 5548 Anaximenes
1020 5507 1134 5561 acra
1149 5503 1303 5561 peum
1319 5495 1503 5561 statuit,
1525 5498 1738 5561 eumque
1752 5496 1917 5561 gigni,
1938 5495 2080 5561 esse;

502 5547 1063 5627 iqu—e'iinmensuin,_et
1095 5553 1357 5627 inﬁnitum,
1387 5547 2079 5627 etsemp‘er’itt‘mglgi

501 5641 525 5673 ι
543 5611 725 5674 a'utaer
741 5625 849 5671 sine
866 5611 967 5668 ulla
983 5617 1131 5678 forma
1146 5622 1274 5678 Dens
1309 5623 1420 5678 esse
1458 5611 1626 5678 possit,
1662 5619 1772 5678 cum
1805 5611 2080 5678 praesertim

502 5666 817 5736 iiiéiiiﬁ'naii
828 5666 968 5731 modo
983 5677 1159 5741 aliqua,
1179 5675 1268 5742 sed
1287 5666 1822 5742 pulcherrinia'_specie‘
1845 5680 1956 5742 esse
1989 5666 2080 5742 de-

501 5767 526 5795 ι
544 5756 653 5797 ceat
669 5761 682 5807 ;
701 5753 784 5795 aut
801 5756 894 5807 non
913 5737 1202 5801 omne—quod
1239 5742 1397 5785 ortum
1415 5737 1495 5794 sit,
1518 5737 1783 5781 mortalitas
1815 5741 2081 5791 consequa-

503 5827 524 5861 ι
545 5817 632 5861 tur.
657 5804 680 5857 ἱ
703 5809 802 5859 Lib.
823 5806 844 5855 1
866 5804 930 5855 de
947 5809 1047 5853 Mt.
1068 5807 1291 5854 Deorum.

1693 384 1752 442 S.
1791 380 2160 441 AUGUSTINI
2196 381 2500 441 EPISCOPI

3629 389 3736 449 “4

2147 505 2340 567 potest.
2369 499 2459 555 Sic
2485 507 2660 556 autem
2687 501 2918 557 addidit:
2945 501 3124 572 Neque
3147 520 3343 559 sensum
3374 505 3597 571 omnino,
3623 521 3722 575 quo

2147 604 2250 643 non
2275 598 2380 644 tota
2402 599 2584 645 natura
2611 593 2756 661 pulsa
2782 593 3020 658 sentiret;
3046 594 3196 664 quasi
3226 593 3314 649 ille
3333 593 3552 649 dixisset
3574 610 3730 650 men-

2149 687 2257 734 tem
2284 680 2429 736 illam
2468 681 2845 738 ordinatricem
2873 693 2927 738 et
2953 685 3358 740 moderatricem
3397 701 3573 741 rerum
3608 702 3728 742 om-

2150 770 2294 824 nium
2314 772 2510 826 habere
2529 787 2768 839 sensum,
2787 775 2994 843 qualem
3025 775 3182 830 habet
3209 776 3378 829 anima
3403 791 3496 846 per
3514 791 3730 846 corpus.

2149 861 2282 917 Nam
2312 863 2648 919 manifestum
2675 875 2757 922 est
2787 874 2950 920 totam
2979 867 3176 922 sentire
3201 868 3453 933 animam,
3483 883 3602 922 cum
3635 883 3732 938 per

2150 967 2345 1022 corpus
2383 956 2578 1025 aliquid
2614 959 2774 1012 sentit
2804 976 2818 1012 :
2843 974 2962 1012 nam
3007 968 3174 1013 totam
3217 961 3396 1029 utique
3434 976 3538 1013 non
3578 960 3730 1025 latet,

2151 1043 2405 1114 quidquid
2432 1047 2562 1100 illud
2591 1056 2674 1102 est
2707 1049 2848 1118 quod
2879 1052 3126 1104 sentitur.
3156 1050 3236 1103 Ad
3266 1049 3369 1105 hoc
3401 1057 3574 1104 autem
3600 1051 3733 1105 dixit

2151 1141 2314 1188 totam
2352 1145 2592 1191 naturam
2628 1141 2845 1203 sentire,
2878 1147 2934 1193 ut
2958 1141 3029 1193 illi
3055 1140 3205 1209 quasi
3232 1139 3465 1194 auferret
3492 1140 3630 1208 quod
3659 1140 3734 1193 ait

2151 1232 2386 1278 mentem
2416 1227 2692 1281 inlinitam.
2724 1229 2998 1294 Quomodo
3023 1231 3164 1284 enim
3192 1237 3302 1284 tota
3331 1230 3510 1295 sentit,
3542 1230 3584 1283 si
3608 1230 3733 1283 inli-

2151 1312 2262 1367 nita
2289 1315 2404 1369 est?
2433 1315 2633 1371 Sensus
2657 1317 2796 1371 enim
2820 1319 3059 1388 corporis
3088 1317 3154 1372 ab
3182 1319 3359 1388 aliquo
3377 1319 3495 1374 loco
3525 1319 3730 1388 incipit,

2152 1418 2252 1459 nec
2287 1407 2546 1474 percurrit
2571 1415 2760 1474 totum,
2802 1409 2902 1462 nisi
2937 1408 3003 1463 ad
3031 1409 3181 1478 cujus
3209 1409 3366 1463 ﬁnem
3396 1408 3730 1479 pervenerit;

2153 1494 2375 1563 quodin
2405 1495 2610 1550 inﬁnito
2653 1496 2757 1551 dici
2788 1512 2892 1552 non
2933 1506 3127 1568 potest.
3173 1498 3277 1554 Sed
3324 1513 3493 1568 neque
3537 1498 3624 1552 ille
3666 1497 3734 1552 de

2153 1600 2311 1640 sensu
2337 1589 2576 1657 corporis
2603 1589 2799 1659 aliquid
2823 1590 3046 1644 dixerat.
3083 1590 3146 1644 Et
3173 1591 3326 1645 aliter
3345 1591 3537 1645 dicitur
3565 1589 3733 1644 totum

2153 1677 2293 1746 quod
2323 1678 2696 1748 incorporeum
2725 1689 2826 1747 est,
2859 1682 2980 1750 quia
3011 1682 3125 1735 sine
3158 1681 3348 1736 ﬁnibus
3385 1681 3619 1736 locorum
3649 1681 3734 1735 in-

2154 1768 2426 1838 telligitur,
2458 1778 2590 1824 utet
2616 1778 2782 1824 totum
2824 1779 2876 1824 et
2915 1771 3174 1824 inﬁnitum
3206 1771 3309 1824 dici
3345 1771 3542 1839 pOSsit:
3567 1779 3735 1824 totum

2154 1869 2369 1927 propter
2390 1859 2771 1930 integritatem;
2803 1859 3088 1927 inﬁnitum,
3130 1861 3252 1932 quia
3278 1862 3513 1916 locorum
3544 1862 3737 1916 ﬁnibus

2157 1964 2262 2002 non
2288 1949 2538 2004 ambitur.

2227 2039 2316 2094 25.
2360 2039 2574 2106 Deinde,
2621 2041 2809 2110 inquit,
2842 2039 2887 2094 si
2917 2048 3128 2094 mentem
3166 2041 3328 2110 ipsam
3370 2039 3513 2110 quasi
3549 2038 3742 2091 animo!

2157 2127 2363 2198 aliquod
2384 2145 2488 2183 esse
2513 2129 2686 2194 voluit,
2718 2131 2810 2183 erit
2830 2129 3024 2199 aliquid
3039 2131 3248 2183 interius
3269 2145 3330 2183 ea:
3344 2145 3440 2199 quo
3465 2128 3596 2180 illud
3622 2130 3739 2180 ani-

2158 2219 2262 2271 mal
2282 2219 2595 2284 nominetur;
2620 2228 2677 2273 ut
2698 2236 2848 2274 mens
2874 2221 2970 2274 ista
2992 2221 3140 2289 quasi
3161 2235 3352 2289 corpus
3374 2219 3462 2282 sil,
3479 2227 3532 2272 et
3548 2217 3740 2271 habeat

2159 2308 2301 2363 intus
2329 2309 2558 2363 animam
2585 2309 2725 2364 unde
2751 2311 2945 2363 animal
2971 2310 3284 2378 appelletur.
3320 2309 3451 2363 Vide
3482 2307 3742 2377 quemad-

2159 2399 2376 2453 modum
2423 2401 2681 2469 corporali
2728 2400 3113 2456 consnctudine
3163 2399 3424 2469 loquitur,
3475 2397 3744 2468 quomodo

2160 2490 2333 2545 solent
2359 2491 2527 2545 videri
2572 2492 2840 2558 animalia,
2873 2500 3090 2561 propter
3118 2505 3331 2544 sensum
3374 2504 3634 2554 crassum,
3681 2497 3743 2542 ut

2161 2581 2368 2649 opinor,
2397 2596 2582 2636 eorum
2625 2590 2809 2636 contra
2857 2596 2991 2651 quos
3036 2581 3282 2635 disserit:
3311 2588 3364 2634 et
3392 2589 3567 2634 tamen
3611 2579 3746 2633 dixit

2161 2687 2274 2727 rem
2303 2688 2423 2742 quae
2451 2673 2590 2740 illos,
2625 2674 2670 2727 si
2709 2673 2955 2742 evigilare
2989 2681 3226 2742 possent,
3254 2672 3382 2725 satis
3411 2671 3743 2734 admoneret,

2163 2779 2320 2820 omne
2343 2764 2484 2835 quod
2513 2766 2648 2820 sicut
2675 2780 2869 2834 corpus
2889 2765 3064 2818 vivum
3091 2764 3269 2817 animo
3293 2762 3545 2824 occurrit,
3578 2761 3748 2828 magis

2163 2858 2392 2911 animam
2438 2856 2632 2911 habere
2661 2865 2715 2910 et
2751 2870 2870 2910 esse
2911 2854 3128 2920 animal,
3171 2869 3330 2923 quam
3371 2853 3601 2905 animam
3626 2865 3749 2904 esse

2164 2947 2382 3016 cogitari
2411 2957 2679 3018 oportere.
2712 2947 2822 3000 lloc
2848 2955 2929 3000 cst
2957 2946 3100 3000 enim
3127 2944 3268 3015 quod
3292 2945 3397 2997 ait:
3424 2943 3534 2996 [frit
3555 2941 3749 3010 aliquid

2164 3037 2394 3104 interius,
2417 3054 2480 3091 ex
2506 3054 2603 3108 quo
2626 3037 2757 3090 illud
2781 3036 2971 3089 animal
2996 3037 3300 3088 nominetur.
3337 3033 3441 3089 Sed
3480 3033 3748 3100 adjungit:

2169 3127 2306 3192 Quid
2331 3139 2497 3182 autem
2526 3129 2736 3182 interius
2762 3129 2962 3182 mente?
2987 3127 3100 3181 Non
3129 3141 3256 3195 ergo
3281 3132 3454 3194 potest
3479 3137 3630 3178 mens
3657 3123 3756 3175 ha-

2166 3217 2293 3272 bere
2324 3218 2631 3296 interiorem
2660 3219 2892 3271 animam
2923 3226 2980 3270 ut
3018 3217 3088 3270 sit
3128 3216 3348 3281 animal,
3376 3215 3497 3284 quia
3527 3215 3638 3282 ipsa
3667 3221 3752 3268 est

2167 3309 2404 3364 interior.
2438 3309 2580 3378 Ergo
2605 3323 2799 3378 corpus
2825 3309 3018 3363 habeat
3041 3308 3399 3372 extrinsecus,
3431 3307 3514 3360 cui
3555 3306 3625 3359 sit
3665 3305 3754 3358 in-

2170 3400 2348 3464 terior,
2379 3408 2434 3454 ut
2459 3401 2529 3454 sit
2553 3400 2770 3454 animal.
2799 3400 2910 3454 Hoc
2938 3407 3022 3454 est
3059 3400 3201 3453 enim
3231 3397 3368 3469 quod
3398 3398 3494 3462 ait,
3523 3395 3760 3466 Cingitur

2167 3492 2322 3561 igitur
2350 3509 2560 3563 corpore
2584 3502 2818 3555 externo;
2839 3493 2990 3561 quasi
3015 3494 3353 3560 Anaxagoras
3397 3489 3613 3549 dixerit,
3649 3487 3752 3540 nisi

2167 3582 2412 3635 animalis
2439 3581 2662 3651 alicujus
2689 3591 2849 3646 esset,
2898 3590 3128 3635 mentem
3169 3595 3287 3634 esse
3330 3593 3435 3632 non
3481 3592 3655 3647 posse.
3692 3577 3754 3631 Si

2169 3683 2402 3725 mentem
2435 3671 2601 3740 ipsam
2643 3687 2903 3725 summam
2947 3669 3260 3740 sapientiam
3305 3683 3424 3723 esse
3467 3667 3752 3732 sentiebat,

2169 3779 2286 3833 quas
2324 3764 2518 3817 nullius
2557 3765 2707 3833 quasi
2750 3765 3035 3818 animantis
3066 3762 3277 3832 propria
3307 3770 3410 3826 est,
3436 3761 3559 3830 quia
3589 3760 3758 3814 omni-

2169 3853 2266 3908 bus
2291 3855 2481 3908 animis
2501 3869 2560 3908 se
2585 3853 2688 3908 frui
2710 3854 3006 3908 valentibus
3021 3853 3216 3907 veritas
3244 3851 3595 3907 communiter
3614 3865 3755 3920 prae-

2171 3955 2254 4002 sto
2289 3955 2388 4001 est.
2418 3947 2486 4000 Et
2513 3946 2631 4001 ideo
2661 3946 2780 4018 vide
2819 3962 2975 4016 quam
3016 3946 3216 4000 urbane
3253 3944 3568 3999 concludat:
3604 3942 3756 4009 Quod

2169 4039 2405 4108 quoniam
2429 4056 2530 4092 non
2552 4039 2734 4108 placet,
2760 4038 2948 4108 inquit,
2975 4039 3075 4093 hoc
3090 4047 3301 4093 estnon
3336 4038 3507 4107 placet
3534 4036 3755 4091 Anaxa-

2171 4144 2332 4198 gorzc,
2365 4137 2424 4183 ut
2452 4130 2538 4184 illa
2565 4145 2741 4195 mens,
2773 4145 2932 4199 quam
2973 4129 3102 4183 dicit
3141 4129 3328 4194 Deum,
3360 4130 3605 4198 cingatur
3629 4141 3754 4181 cor-

2173 4235 2300 4290 pore
2326 4230 2568 4286 externo,
2599 4236 2706 4291 quo
2734 4221 2931 4274 animal
2959 4235 3077 4275 esse
3099 4221 3286 4289 possit,
3311 4230 3488 4289 aperta
3515 4219 3757 4289 simplex-

2171 4326 2265 4381 qne
2293 4327 2432 4365 mens
2469 4312 2610 4364 nulla
2638 4327 2692 4364 re
2728 4312 2968 4382 adjuncta
3007 4327 3107 4376 qua
3146 4311 3327 4364 sentire
3366 4311 3540 4380 possit,
3586 4309 3636 4363 id
3666 4315 3752 4363 est

2173 4401 2319 4455 nullo
2342 4417 2568 4471 corpore
2593 4402 2842 4470 adjuncto
2865 4417 2958 4471 per
2981 4401 3122 4471 quod
3146 4402 3347 4456 sentire
3372 4402 3555 4471 possit,
3581 4401 3757 4472 fugere

2172 4494 2514 4564 intelligentia:
2542 4503 2728 4546 nostra:
2749 4493 2848 4546 vim
2872 4503 2918 4546 et
2943 4495 3194 4548 notionem
3209 4492 3402 4547 videtur
3425 4491 3638 4563 (Cicero,
3661 4490 3698 4544 ι.
3722 4492 3748 4544 1

2173 4584 2235 4637 de
2262 4582 2387 4637 Nat.
2416 4583 2681 4655 Deorum).

2241 4675 2333 4729 26.
2375 4674 2516 4728 Nihil
2541 4675 2716 4728 verius
2743 4689 2898 4743 quam
2933 4674 3112 4744 fugere
3138 4677 3240 4730 hoc
3267 4676 3373 4728 vim
3399 4684 3454 4729 et
3481 4673 3755 4728 notionem

2175 4765 2532 4834 intelligentia:
2557 4765 2852 4818 Stoicorum
2878 4775 2933 4818 et
2957 4766 3361 4835 Epicureorum,
3393 4768 3480 4836 qui
3509 4767 3607 4820 nisi
3631 4781 3757 4819 cor-

2177 4858 2375 4926 poralia
2395 4858 2628 4925 cogitare
2647 4873 2749 4912 non
2779 4867 3016 4927 possunt.
3039 4859 3191 4926 Quod
3219 4870 3395 4914 autem
3426 4860 3517 4921 ait,
3546 4868 3752 4923 nostra’,

2179 4952 2424 5003 humana:
2450 4948 2672 5018 intelligi
2695 4950 2888 5014 voluit;
2916 4959 2971 5004 et
2998 4950 3134 5004 bene
3164 4965 3270 5004 non
3297 4950 3388 5016 ait,
3423 4949 3606 5018 Fugit;
3637 4948 3754 5007 sed,

2177 5039 2380 5110 Fugere
2403 5041 2615 5095 videtur.
2646 5042 2756 5096 Hoc
2782 5043 2921 5097 enim
2947 5043 3050 5097 illis
3091 5043 3316 5110 videtur,
3346 5044 3610 5098 neminem
3658 5042 3760 5096 hoc

2178 5147 2335 5203 posse
2361 5133 2671 5203 intelligere,
2703 5143 2758 5188 et
2786 5135 2906 5190 ideo
2931 5136 3061 5189 nihil
3094 5136 3200 5190 tale
3236 5150 3356 5189 esse
3398 5135 3758 5189 arbitrantur:

2179 5225 2271 5279 sed
2298 5225 2648 5294 quorumdam
2689 5226 3118 5296 intelligentiam,
3147 5236 3400 5297 quantum
3431 5225 3627 5280 homini
3659 5225 3759 5278 da-

2182 5327 2292 5371 tum
2319 5326 2421 5382 est,
2445 5331 2549 5371 non
2573 5318 2833 5387 fugitesse
2857 5328 3094 5388 apertam
3125 5317 3521 5386 simpliccmque
3549 5316 3760 5386 sapien-

2181 5407 2306 5461 tiam
2334 5414 2496 5476 atque
2522 5407 2819 5474 veritatem,
2853 5424 2972 5478 quae
3001 5408 3195 5462 nullius
3227 5408 3510 5461 animantis
3535 5407 3604 5460 sit
3631 5419 3758 5474 pro-

2183 5502 2317 5571 pria,
2339 5500 2434 5555 sed
2455 5517 2555 5571 qua
2582 5501 2935 5555 communiter
2955 5501 3148 5565 omnis,
3168 5516 3283 5569 qua:
3305 5500 3354 5554 id
3375 5498 3757 5569 potestanima,

2182 5593 2395 5662 sapiens
2414 5601 2468 5646 et
2484 5606 2651 5650 verax.
2677 5590 2922 5645 efﬁcitur.
2952 5590 3121 5655 Quam
3149 5591 3192 5643 si
3223 5591 3387 5644 sensit
3407 5603 3528 5644 esse
3552 5590 3762 5642 Anaxa-

2183 5699 2360 5752 goras,
2383 5698 2608 5754 eamque
2637 5683 2802 5737 Deum
2828 5695 2946 5738 esse
2972 5681 3121 5753 vidit,
3149 5690 3490 5751 mentemque
3533 5679 3765 5749 appella-

2185 5778 2280 5844 vit,
2309 5791 2413 5831 non
2430 5774 2600 5832 solum
2617 5789 2810 5830 nomen
2834 5775 3186 5842 Anaxagorae,
3216 5771 3353 5843 quod
3383 5780 3597 5843 propter
3621 5769 3765 5826 litte-
