4122 6350
286 308 392 367 M5

288 438 461 483 ratam
484 434 825 495 vetustatem,
856 439 1062 489 omnes,
1091 420 1148 478 nt
1173 421 1469 478 militariter
1489 422 1695 489 loquar,
1721 419 1866 472 litteo

288 522 509 577 riones‘
541 520 765 574 libenter
787 518 1021 584 sufﬂant,
1053 532 1149 571 nos
1178 516 1364 570 doctos
1390 523 1443 570 et
1466 513 1731 582 sapientes
1760 524 1865 563 non

288 611 433 674 facit,
462 611 556 665 sed
581 625 645 664 ne
670 610 779 678 ipsa
809 608 1020 679 quidem
1049 608 1166 676 ejus
1195 605 1445 677 cognitio,
1476 617 1577 674 qua
1606 602 1656 656 id
1682 615 1868 655 verum

289 717 407 756 esse
433 702 701 772 cognovit.
728 700 841 754 Non
872 700 1013 753 enim
1040 699 1168 753 mihi
1194 705 1477 767 propterea
1493 694 1687 749 veritas
1707 690 1867 746 chara

290 807 410 847 esse
436 792 613 855 debet,
641 793 762 860 quia
787 806 893 845 non
921 790 1072 844 latuit
1096 791 1486 858 Anaxagoram,
1516 784 1609 840 sed
1631 782 1751 854 quia
1771 795 1866 835 ve-

288 886 420 938 ritas
448 893 549 945 est,
580 884 788 939 etiamsi
814 883 990 937 nullus
1011 897 1126 936 eam
1154 881 1483 950 cognovisset
1511 878 1740 932 illorum.

359 973 450 1027 27.
491 973 546 1027 Si
577 974 735 1042 igitur
760 986 857 1026 nec
885 970 999 1040 ejus
1038 971 1265 1024 hominis
1304 969 1390 1039 qui
1433 982 1618 1022 verum
1650 964 1866 1020 forsitan

288 1063 439 1127 vidit,
471 1065 703 1134 cognitio
730 1078 826 1117 nos
852 1062 1034 1116 inﬂare
1062 1062 1239 1126 debet,
1270 1069 1405 1116 utea
1428 1060 1576 1130 quasi
1594 1058 1731 1113 docti
1749 1071 1869 1111 esse

287 1154 584 1219 videamur,
618 1153 710 1207 sed
756 1155 888 1208 nec’
913 1152 1075 1221 ipsius
1120 1152 1233 1205 veri
1280 1151 1447 1206 solida
1476 1165 1583 1213 res,
1614 1163 1718 1218 qua
1743 1162 1868 1202 vere

286 1243 431 1298 docti
457 1258 578 1299 esse
608 1258 916 1314 possumus;
943 1250 1140 1312 quanto
1169 1243 1343 1296 minus
1381 1256 1565 1295 eorum
1596 1240 1867 1293 hominum

287 1338 379 1406 qui
408 1337 536 1392 falsa
565 1345 869 1399 senserunt,
903 1337 1113 1390 nomina
1139 1345 1193 1389 et
1216 1335 1462 1404 dogmata
1486 1340 1719 1387 nostram
1743 1347 1867 1401 pos-

288 1439 416 1483 sunt
439 1428 691 1497 adjuvare
719 1428 1034 1494 doctrinam,
1074 1438 1128 1482 et
1158 1426 1370 1481 latentia
1404 1426 1610 1495 cognita
1656 1424 1868 1478 facere?

286 1535 409 1574 cum
440 1520 483 1574 si
514 1520 755 1574 homines
779 1520 966 1584 simus,
1007 1520 1173 1588 magis
1211 1531 1309 1572 nos
1348 1517 1652 1572 contristari
1682 1516 1868 1569 deccat

287 1620 367 1666 tot
393 1620 449 1666 et
472 1620 576 1665 tam
610 1611 1001 1665 nobilitatorum
1046 1610 1318 1664 hominum
1359 1609 1647 1671 erroribus,
1691 1607 1735 1660 si
1773 1621 1867 1660 eos

286 1704 473 1758 audire
501 1704 798 1770 contigerit,
830 1717 986 1772 quam
1017 1701 1131 1755 hare
1162 1709 1437 1770 propterea
1463 1700 1698 1753 studiose
1724 1714 1872 1768 quae-

284 1809 427 1861 rere,
457 1804 512 1847 ut
534 1794 672 1847 inter
697 1808 790 1848 eos
816 1794 903 1863 qui
937 1794 1020 1847 illa
1049 1793 1313 1856 nesciunt,
1350 1790 1635 1859 jactatione
1666 1789 1864 1843 inanis-

283 1887 417 1938 sima
450 1886 783 1939 ventilcmnr.
826 1884 1034 1951 Quanto
1075 1884 1213 1937 enim
1259 1882 1448 1936 melius
1490 1895 1555 1935 ne
1597 1880 1865 1933 audissem

285 1975 498 2043 quidem
533 1990 723 2028 nomen
768 1974 1074 2039 Democriti,
1107 1988 1263 2043 qnam
1293 1987 1413 2026 cmn
1442 1971 1625 2024 dolore
1662 1970 1865 2039 cogita-

284 2081 422 2127 rem,
452 2066 632 2119 nescio
658 2081 814 2135 quem
838 2065 947 2119 suis
975 2065 1301 2134 temporibus
1330 2078 1573 2131 magnmn
1605 2069 1864 2129 putatum,

282 2157 374 2226 qui
418 2155 548 2210 deos
576 2170 697 2210 esse
739 2155 1087 2209 arbitraretur
1126 2154 1404 2224 imagines,
1437 2169 1554 2222 qme
1586 2152 1653 2206 de
1685 2151 1867 2205 solidis

280 2247 595 2314 corporibus
640 2246 886 2311 ﬂuerent,
923 2245 1212 2314 solidaeque
1240 2245 1367 2313 ipsa:
1394 2260 1497 2297 non
1525 2252 1722 2309 essent,
1753 2259 1869 2297 eas-

279 2353 385 2407 que
414 2338 515 2392 hac
538 2348 696 2406 atque
729 2338 830 2393 hac
873 2348 1019 2392 motu
1059 2338 1272 2407 proprio
1306 2336 1682 2391 circumeundo
1711 2345 1867 2406 atque

282 2431 553 2485 illabendo
580 2432 633 2484 in
653 2431 858 2485 animos
890 2430 1163 2483 hominum
1191 2429 1365 2483 facere
1391 2437 1445 2482 ut
1473 2430 1550 2481 vis
1577 2428 1748 2481 divina
1779 2444 1871 2480 co-

278 2516 505 2584 gitetur;
537 2530 659 2570 cum
690 2515 925 2586 profecto
966 2514 1088 2568 illud
1118 2528 1330 2582 corpus,
1362 2513 1501 2568 unde
1536 2514 1706 2582 imago
1733 2513 1865 2566 ﬂue-

236 2662 251 2667 ,
277 2614 383 2668 ret,
406 2615 605 2674 quanto
626 2605 844 2659 solidius
864 2615 964 2670 est,
990 2614 1135 2659 tanto
1163 2605 1498 2674 praestantius
1519 2619 1729 2674 quoque
1750 2619 1868 2658 esse

278 2696 577 2766 indicetur?
605 2695 832 2766 ideoque
861 2696 1129 2749 ﬂuctuavit
1171 2696 1307 2764 ejus,
1359 2696 1494 2750 sicut
1536 2696 1621 2748 isti
1664 2695 1867 2762 dicunt,

280 2788 592 2855 nutavitqne
614 2787 893 2850 sententia,
927 2794 983 2840 ut
1007 2786 1289 2855 aliquando
1318 2796 1559 2839 naturam
1586 2786 1867 2856 quamdam

280 2881 352 2934 de
382 2896 482 2949 qua
513 2880 740 2935 ﬂuerent
783 2880 1036 2949 imagines
1065 2880 1228 2932 Deum
1259 2894 1377 2933 esse
1414 2878 1635 2943 diceret,
1666 2881 1751 2947 qui
1789 2888 1869 2932 ta-

279 2987 405 3027 men
436 2973 655 3041 cogitari
685 2988 788 3025 non
819 2980 1017 3039 posset,
1047 2971 1146 3023 nisi
1188 2986 1282 3038 per
1323 2986 1412 3024 eas
1454 2971 1707 3041 imagines
1739 2988 1870 3041 quas

280 3063 454 3116 l'undit
478 3077 541 3116 ac
564 3062 776 3128 emittit,
814 3061 866 3115 id
900 3070 980 3115 est
1002 3077 1121 3130 qua:
1149 3061 1217 3114 de
1244 3061 1329 3114 illa
1353 3070 1559 3123 natura,
1591 3080 1747 3133 quam
1777 3080 1869 3119 ne-

278 3160 393 3214 scio
418 3175 578 3228 quam
620 3175 927 3228 corpoream
971 3169 1025 3214 et
1064 3162 1461 3228 sempiternam,
1490 3176 1551 3214 ac
1579 3160 1735 3215 etiam
1775 3174 1868 3226 per

280 3253 385 3306 hoc
410 3253 642 3306 divinam
673 3261 842 3321 putat,
874 3254 1020 3322 quasi
1053 3254 1265 3322 vaporis
1294 3251 1677 3306 similitudine‘
1699 3252 1869 3305 conti-

278 3357 383 3398 nua
410 3343 554 3397 velut
579 3343 914 3397 emanatione
940 3342 1225 3405 ferrentur,
1255 3353 1307 3397 et
1336 3343 1578 3397 venirent
1605 3352 1761 3411 atque
1785 3343 1867 3395 in-

280 3443 486 3488 trarent
513 3434 565 3487 in
592 3433 796 3486 animos
822 3442 1049 3497 nostros,
1088 3444 1144 3488 ut
1174 3436 1337 3487 Deum
1368 3435 1448 3489 vel
1476 3434 1604 3488 deos
1634 3435 1867 3503 cogitare

280 3540 579 3596 possemus.
607 3525 813 3579 Nullam
838 3527 978 3580 enim
1001 3526 1155 3579 aliam
1181 3542 1391 3581 causam
1415 3528 1697 3595 cujuslibet
1720 3529 1867 3598 cogi-

280 3617 494 3670 tationis
525 3626 721 3670 nostrze
747 3617 1031 3685 opinantur
1058 3618 1161 3682 isti,
1188 3618 1291 3671 nisi
1321 3634 1437 3672 cum
1466 3619 1531 3673 ab
1559 3620 1640 3673 his
1676 3636 1868 3689 corpo-

281 3708 431 3761 ribus
451 3723 569 3775 ane
596 3707 908 3775 cogitamus,
940 3708 1158 3762 veniunt
1186 3718 1343 3778 atque
1384 3711 1580 3763 intrant
1611 3710 1867 3780 imagines

282 3798 335 3850 in
358 3798 563 3849 animos
591 3806 799 3851 nostros
825 3816 837 3851 :
862 3799 1007 3866 quasi
1031 3814 1134 3852 non
1164 3801 1323 3852 multa
1351 3816 1412 3852 ac
1436 3817 1597 3869 prope
1626 3802 1867 3856 inmune-

282 3888 468 3942 rabilia
508 3889 808 3957 cogitentur
852 3890 1253 3957 ineorporaliter
1281 3900 1437 3959 atque
1470 3893 1869 3963 intelligibiliter

282 3982 351 4033 ab
381 3980 458 4033 eis
485 3981 571 4049 qui
606 3981 725 4033 talia
748 3981 978 4050 cogitare
1006 3993 1286 4048 noverunt,
1312 3984 1447 4037 sicut
1474 3985 1582 4053 ipsa
1611 3989 1867 4056 sapientia

281 4081 337 4124 et
367 4071 583 4125 vetitas.
612 4072 780 4137 Quam
807 4073 849 4125 si
880 4071 964 4125 isti
996 4089 1098 4125 non
1126 4074 1377 4143 cogitant,
1410 4075 1573 4129 miror
1602 4078 1869 4145 quomodo

281 4164 351 4219 de
381 4166 466 4218 illa
503 4175 787 4234 utcumque
813 4166 1110 4235 disputent:
1137 4168 1375 4222 siautem
1400 4169 1650 4235 cogitant,
1682 4172 1868 4226 vellem

287 4256 415 4310 mihi
447 4256 707 4319 (Ιίριτρηι,
738 4259 821 4311 vel
838 4258 902 4311 dc
924 4275 1031 4329 quo
1046 4274 1288 4328 corpore,
1311 4262 1391 4316 vel
1415 4264 1583 4332 qualis
1612 4264 1660 4317 in
1684 4280 1868 4320 eorum

283 4352 492 4403 animos
523 4352 697 4404 veniat
726 4351 897 4421 imago
927 4354 1183 4407 veritatis.

355 4442 444 4495 ΞΒ.
487 4443 796 4511 Quanquam
828 4444 1153 4498 Democritus
1174 4445 1330 4498 etiam
1356 4446 1452 4500 hoc
1475 4446 1670 4502 distare
1699 4448 1747 4501 in
1773 4466 1869 4502 na-

284 4534 547 4588 turalibus
590 4534 968 4602 qurstionibns
998 4535 1064 4587 ab
1102 4536 1327 4603 Epicuro
1357 4536 1566 4601 dicitur,
1600 4540 1739 4608 quod
1772 4542 1871 4596 iste

284 4626 445 4678 sentit
467 4626 644 4679 inesse
666 4627 998 4679 concursioni
1022 4636 1319 4680 atomorum
1342 4629 1444 4681 vim
1463 4631 1743 4698 quamdam
1766 4633 1870 4686 ani-

283 4716 479 4769 malem
509 4726 559 4769 et
589 4715 1085 4785 spirabilem‘:qna
1111 4718 1156 4769 vi
1180 4735 1298 4771 euut
1334 4719 1493 4772 credo
1528 4730 1581 4773 et
1615 4722 1869 4792 imagines

284 4807 427 4876 ipsas
453 4808 728 4861 divinitate
759 4809 1004 4877 prmtlit'ts
1036 4809 1231 4870 dicere,
1272 4827 1374 4863 non
1404 4827 1591 4867 omnes
1633 4817 1866 4869 omnium

284 4913 489 4961 rerum,
520 4898 612 4951 sed
642 4898 885 4961 deorum,
919 4907 971 4952 et
1002 4900 1259 4969 principia
1300 4905 1493 4957 mentis
1519 4920 1634 4958 esse
1669 4906 1720 4958 in
1750 4908 1867 4959 uni-

283 4989 474 5047 versis,
508 4989 698 5056 quibus
725 4989 1047 5043 divinitatem
1091 4991 1291 5055 tribuit,
1322 5003 1373 5047 et
1412 4996 1706 5050 animantes
1734 4999 1867 5052 ima-

282 5082 458 5148 gincs,
483 5096 603 5147 qua:
625 5082 703 5133 vel
730 5083 979 5149 prodesse
1008 5083 1158 5160 nobis
1180 5085 1385 5138 soleant
1409 5088 1486 5141 vel
1513 5103 1721 5143 nocere.
1747 5090 1870 5160 Epi-

281 5186 445 5226 curus
475 5187 603 5226 vero
635 5188 802 5241 neque
846 5154 1041 5243 aliquid
1091 5177 1142 5229 in
1190 5179 1462 5248 principiis
1501 5198 1674 5236 rerum
1721 5187 1869 5254 ponit

345 5286 361 5315 ¹
398 5283 816 5360 Edd.,_litter_iorcs
831 5300 846 5360 ς
868 5295 974 5360 _\!s_s.
999 5297 1222 5360 quatuor,
1247 5288 1569 5360 litteratitmes.
1597 5297 1681 5345 Alii
1702 5300 1869 5360 plures

281 5354 331 5419 et
370 5347 590 5419 melioris
622 5356 746 5419 nunc
787 5350 897 5419 edd.
935 5347 1139 5419 habent,
1187 5351 1465 5413 litteriones,
1514 5371 1620 5419 quo
1673 5347 1867 5413 nomine

281 5409 621 5476 nranimatieos
637 5411 949 5476 contemptim
965 5412 1182 5476 appellat
1199 5409 1488 5476 Augustinus
1509 5409 1557 5465 iii
1576 5419 1657 5467 lib.
1688 5424 1707 5471 1
1735 5409 1865 5474 cont:

276 5470 619 5519 'Adversarimn
652 5473 807 5532 Legis,
832 5470 885 5520 ἐ.
921 5473 997 5522 2i.

346 5534 367 5562 ί
401 5534 550 5581 Abest
608 5533 839 5595 particula
894 5548 981 5584 nec
1017 5549 1045 5584 a
1086 5536 1342 5586 duodecim
1393 5545 1501 5590 Mss.
1554 5550 1605 5591 et
1645 5546 1705 5593 ab
1749 5548 1859 5596 rdd.

278 5593 389 5641 and.
414 5604 515 5641 Am.
545 5601 597 5641 et
619 5601 692 5641 Er.

376 5628 389 5641 .
414 5604 515 5643 Am.
545 5601 597 5643 et
619 5601 692 5642 Er.

344 5654 366 5721 ξ
399 5664 506 5721 Mss.
524 5655 799 5721 duodecim,
822 5656 1011 5721 vaporis
1030 5656 1406 5710 similitudinem.

344 5716 367 5748 ⁸
398 5718 535 5781 ΕΜ,
552 5716 833 5781 spiritalem.
862 5716 1037 5771 Atuss.
1064 5721 1305 5785 plerique,
1320 5724 1595 5784 amabilem

1434 252 1437 253 ν
1490 294 1985 360 ἘΡῙΞΤΟιᾹΒυΜ
2022 294 2295 355 CLASSIS
2331 299 2394 356 ΙΙ.

3456 314 3558 369 446

1973 425 2168 483 praeter
2186 426 2412 483 atomos,
2437 416 2490 472 id
2511 426 2593 473 est
2613 419 2925 490 corpuscula
2946 421 3186 492 quadam
3210 434 3313 480 tam
3332 428 3553 498 minuta,

1975 511 2033 557 ut
2054 504 2163 573 jam
2192 505 2352 560 dividi
2385 517 2669 577 nequeant,
2710 525 2881 579 neque
2926 512 3131 577 sentiri,
3178 524 3266 569 aut
3303 516 3436 583 visu,
3466 530 3556 574 aut

1976 603 2118 652 tactu
2148 599 2377 668 possint;
2420 615 2643 670 quorum
2688 604 3120 673 corpusculorum
3161 621 3421 661 concursu
3450 609 3558 663 t‘nr-

1976 688 2129 753 tuito,
2153 697 2208 743 et
2228 691 2455 745 mundos
2478 693 2906 759 innumerabiles,
2935 704 2988 750 et
3016 697 3322 763 animantia,
3346 710 3397 754 et
3417 702 3558 769 ipsas

1974 779 2179 833 animas
2208 781 2319 835 ﬂeri
2350 782 2496 848 dicit,
2520 792 2573 838 ct
2597 784 2725 838 deos
2748 801 2882 854 quos
2915 787 3143 843 humana
3170 790 3335 845 forma
3368 807 3470 846 non
3503 795 3555 849 in

1974 868 2149 937 aliquo
2172 871 2391 939 mundo,
2418 873 2509 927 sed
2530 882 2679 928 extra
2708 876 2953 942 mundos,
2984 886 3143 946 atque
3170 878 3310 935 inter
3330 883 3556 939 mundos

1974 960 2280 1016 constituit:
2304 972 2357 1016 et
2382 978 2488 1017 non
2517 965 2628 1019 vult
2655 966 2874 1022 omnino
2902 968 3097 1038 aliquid
3121 982 3312 1039 printer
3331 988 3554 1043 corpora

1974 1051 2233 1118 cogitare;
2280 1068 2398 1121 qua:
2442 1064 2614 1108 tamen
2660 1063 2718 1109 ut
2757 1057 2970 1127 eogitet,
3018 1058 3274 1128 imagines
3317 1064 3444 1118 dicit
3485 1064 3555 1119 ab

1975 1139 2101 1207 ipsis
2132 1141 2291 1195 rebus
2319 1158 2449 1212 quas
2476 1146 2668 1199 atomis
2691 1146 2905 1201 formari
2938 1159 3100 1218 putat,
3125 1151 3376 1217 deﬂuere,
3395 1164 3554 1225 atque

1975 1228 2029 1282 in
2056 1232 2288 1285 animum
2322 1234 2540 1289 introire
2569 1236 2871 1293 subtiliores
2907 1255 3064 1309 quam
3089 1252 3209 1296 sunt
3237 1243 3339 1298 illae
3366 1245 3552 1316 imagi-

1974 1335 2071 1375 nes
2100 1338 2219 1391 qua:
2246 1323 2311 1377 ad
2339 1325 2528 1379 oculos
2560 1328 2792 1381 veniunt.
2821 1329 2950 1383 Nam
2990 1341 3045 1386 et
3085 1332 3296 1390 videndi
3338 1352 3553 1391 causam

1974 1409 2111 1466 hanc
2152 1428 2270 1468 esse
2314 1413 2461 1480 dicit,
2511 1417 2751 1486 ingentes
2792 1420 3046 1488 quasdam
3084 1423 3356 1492 imagines,
3389 1427 3459 1481 ita
3498 1436 3555 1482 ut

1972 1504 2275 1557 universum
2306 1506 2560 1562 mundum
2605 1511 3025 1578 complectantur
3068 1515 3417 1569 extrinsecus.
3465 1516 3552 1572 ln-

1974 1593 2168 1663 teiligis
2208 1604 2384 1649 autem
2427 1596 2559 1665 jam,
2601 1609 2657 1652 ut
2697 1600 2947 1669 arbitror,
2994 1618 3129 1672 quas
3160 1604 3245 1657 isti
3274 1606 3555 1675 opinentur

1973 1699 2250 1753 Imagines.

2042 1779 2132 1834 29.
2173 1781 2335 1835 Miror
2355 1798 2456 1836 non
2481 1784 2820 1841 admonuisse
2837 1787 3195 1842 Democritum
3213 1789 3297 1844 vel
3318 1790 3419 1845 hoc
3440 1790 3559 1861 ipso

1972 1867 2100 1923 falsa
2127 1886 2246 1926 esse
2270 1889 2389 1942 qua:
2412 1874 2559 1940 dicit,
2589 1876 2709 1944 quia
2737 1877 3010 1933 venientes
3041 1887 3146 1933 tam
3184 1896 3388 1951 magnae
3418 1882 3556 1937 ima-

1970 1962 2123 2029 gines
2147 1963 2197 2015 in
2232 1974 2337 2017 tam
2366 1966 2578 2020 brevem
2607 1967 2842 2022 animum
2874 1979 3129 2035 nostrum,
3164 1972 3206 2025 si
3242 1987 3553 2041 corporeus,

1973 2063 2025 2106 ut
2054 2053 2128 2106 illi
2160 2054 2361 2119 volunt,
2408 2066 2511 2110 tam
2549 2072 2712 2126 parvo
2739 2074 2964 2128 corpore
2991 2062 3294 2127 includitur,
3328 2072 3450 2117 tota:
3486 2062 3553 2117 il-

1971 2144 2079 2198 lum
2106 2156 2319 2215 tangere
2348 2163 2452 2201 non
2486 2160 2725 2217 possunt.
2748 2152 2791 2205 A
2817 2168 3007 2222 magno
3026 2154 3165 2207 enim
3192 2169 3413 2224 corpore
3428 2170 3554 2211 cum

1973 2254 2191 2308 parvum
2222 2255 2415 2309 corpus
2443 2243 2737 2312 attingitur,
2766 2259 2795 2297 a
2826 2252 2937 2299 toto
2979 2246 3135 2300 simul
3181 2247 3363 2316 attingi
3409 2248 3555 2301 nullo

1972 2341 2127 2399 pacto
2174 2340 2345 2398 potest
2366 2349 2380 2385 :
2401 2333 2671 2400 quomodo
2712 2335 2868 2402 igitur
2897 2342 3020 2388 totae
3049 2336 3206 2389 simul
3235 2337 3551 2403 cogitantur,

1972 2422 2085 2475 siin
2110 2431 2309 2476 tantum
2333 2424 2647 2492 cogitantur,
2674 2427 2722 2478 in
2738 2433 2991 2494 quantum
3009 2427 3281 2481 venientes
3306 2436 3463 2496 atque
3485 2428 3558 2480 in-

1973 2521 2173 2567 trantes
2209 2515 2445 2567 animum
2476 2516 2757 2585 attingunt,
2788 2532 2903 2585 qua:
2930 2531 3027 2570 nec
3054 2524 3175 2571 tota:
3205 2517 3400 2571 intrare
3429 2531 3555 2586 pos-

1974 2616 2096 2660 sunt
2128 2622 2219 2675 per
2249 2616 2352 2661 tam
2386 2624 2605 2676 parvum
2635 2624 2845 2678 corpus,
2882 2625 2979 2664 nec
3022 2618 3143 2663 totae
3190 2620 3296 2664 tam
3334 2626 3554 2679 parvum

1973 2702 2206 2752 animum
2251 2700 2546 2769 attingere?
2573 2701 2835 2756 Memento
2863 2718 2947 2755 me
2974 2702 3261 2757 secundum
3293 2703 3410 2757 illos
3440 2703 3555 2758 lucc

1973 2788 2181 2855 dicere;
2215 2806 2319 2843 non
2347 2792 2487 2845 enim
2508 2807 2605 2861 ego
2627 2794 2783 2847 talem
2811 2794 3043 2847 animum
3071 2795 3275 2848 sentio:
3299 2803 3387 2848 aut
3409 2796 3451 2848 si
3475 2796 3558 2849 in-

1974 2894 2288 2950 corporeum
2317 2883 2647 2939 Democritus
2674 2886 2909 2939 animum
2957 2887 3241 2952 existimat,
3294 2888 3554 2957 Epicurus

1973 2971 2186 3039 quidem
2207 2973 2351 3027 solus
2376 2974 2473 3027 ista
2501 2975 2703 3029 ratione
2733 2976 2910 3045 urgeri
2942 2986 3141 3046 potest;
3170 2977 3262 3032 sed
3285 2978 3441 3031 etiam
3466 2978 3554 3032 ille

1973 3076 2138 3129 quare
2164 3077 2266 3114 non
2297 3062 2443 3127 vidit,
2485 3079 2589 3117 non
2628 3080 2760 3134 opus
2787 3081 2904 3120 esse
2935 3082 3031 3120 nec
3060 3067 3170 3121 fieri
3201 3082 3356 3137 posse
3384 3076 3440 3122 ut
3469 3070 3553 3122 in-

1973 3165 2257 3220 corporeus
2284 3154 2492 3207 animus
2522 3156 2753 3210 adventu
2793 3166 2950 3228 atque
2979 3166 3222 3213 contactu
3268 3174 3551 3229 corporea-

1974 3261 2090 3298 rum
2121 3246 2403 3316 imaginum
2425 3248 2683 3316 cogitet“?
2706 3250 2778 3304 De
2804 3250 2915 3303 visu
2938 3260 3083 3305 certe
3104 3254 3375 3306 oculorum
3399 3253 3553 3306 ambo

1972 3338 2173 3408 pariter
2218 3339 2638 3407 redarguuntur;
2668 3350 2776 3394 tam
2808 3343 2947 3395 enim
2978 3343 3167 3398 breves
3208 3344 3411 3407 oculos,
3447 3354 3551 3398 tam

1973 3430 2190 3498 grandia
2216 3430 2501 3501 imaginum
2527 3448 2749 3503 corpora
2784 3443 2889 3489 tota
2916 3436 3173 3506 attingere
3212 3436 3354 3491 nullo
3393 3435 3553 3491 modo

1972 3530 2213 3592 possunt.

2046 3614 2135 3667 50.
2176 3614 2307 3668 Cum
2346 3624 2521 3669 autem
2558 3618 2810 3687 qumritur
2844 3620 2910 3674 ab
2935 3621 3012 3675 eis
3038 3637 3201 3690 quare
3242 3637 3343 3675 una
3382 3621 3554 3691 imago

1976 3704 2218 3759 videatur
2239 3708 2476 3775 corporis
2497 3709 2737 3778 alicujus,
2760 3727 2789 3764 a
2811 3727 2916 3781 quo
2941 3712 3395 3766 innumerabiliter
3418 3713 3553 3766 ima-

1974 3797 2123 3866 gines
2140 3797 2338 3862 ﬂuunt;
2361 3802 2701 3869 reSpondent,
2722 3818 2786 3857 eo
2808 3804 2922 3873 ipso
2943 3820 3047 3873 quo
3068 3805 3368 3874 frequenter
3384 3805 3553 3858 ﬂuunt

1976 3898 2031 3943 et
2062 3899 2332 3944 transeunt
2360 3892 2636 3961 imagines,
2668 3896 2815 3963 quasi
2845 3897 3066 3965 quadam
3096 3912 3275 3950 carum
3299 3898 3555 3965 Constipa-

1977 3980 2119 4033 tione
2158 3989 2212 4033 ct
2250 3980 2512 4037 densitate
2558 3986 2666 4037 lieri
2721 3995 2777 4039 ut
2816 4002 2880 4039 ex
2928 3988 3106 4040 multis
3148 4004 3246 4040 una
3294 3989 3551 4043 videatur.

1975 4071 2141 4135 Quam
2170 4074 2455 4127 vanitatem
2496 4076 2682 4129 Cicero
2714 4078 2778 4128 ita
2821 4079 3029 4139 refellit,
3064 4088 3118 4131 ut
3147 4094 3209 4131 co
3253 4078 3367 4145 ipso
3400 4086 3555 4147 neget

1975 4172 2233 4216 mternum
2265 4163 2419 4217 deum
2452 4180 2631 4218 eorum
2665 4183 2819 4233 posse
2856 4169 3095 4236 cogitari,
3126 4184 3229 4234 quo
3257 4169 3556 4221 innumera-

1977 4253 2153 4306 biliter
2190 4252 2472 4308 ﬂuentibus
2507 4264 2561 4308 ct
2590 4256 2885 4309 labentibus
2917 4257 3230 4326 imaginibus
3269 4258 3547 4324 cogitatur.

1976 4345 2047 4398 Et
2081 4346 2328 4415 quoniam
2354 4347 2830 4401 innumerabilitate
2846 4359 3141 4402 atomorum
3162 4350 3552 4417 suppeditante,

1976 4439 2159 4492 dicunt
2187 4439 2296 4492 ficri
2325 4438 2521 4494 formas
2542 4440 2758 4494 deorum
2790 4444 3158 4508 sempiternas,
3197 4457 3314 4494 cum
3345 4441 3413 4494 ita
3445 4442 3555 4493 dis-

1976 4530 2167 4583 cedant
2192 4529 2432 4598 quwdam
2459 4532 2771 4599 corpuscula
2802 4530 2867 4585 de
2903 4531 3080 4585 divino
3116 4546 3337 4599 corpore
3369 4540 3426 4584 ut
3455 4532 3553 4583 alia

1974 4623 2281 4685 succedant,
2314 4633 2366 4676 et
2392 4624 2606 4678 dissolvi
2650 4624 2792 4677 illam
2829 4631 3071 4677 naturam
3116 4624 3298 4677 eadem
3337 4640 3555 4677 succes-

1975 4714 2125 4768 sione
2172 4730 2275 4766 non
2303 4714 2476 4767 sinant
2502 4732 2512 4766 :
2545 4714 2726 4767 Omnia
2768 4731 2904 4781 ergo,
2945 4714 3132 4781 inquit,
3162 4724 3347 4765 aetmm
3374 4725 3551 4778 essuri,

1974 4804 2091 4871 quia
2127 4806 2251 4857 nulli
2282 4805 2433 4857 deest
2474 4806 2571 4857 ista
2607 4804 3058 4856 innumerabilit's
3087 4813 3399 4855 τιξοηηιιιπιτιε,
3440 4822 3547 4865 an.»

1973 4905 2259 4963 perpetuas
2298 4896 2477 4947 ruinas
2516 4894 2738 4947 subinde
2769 4896 3026 4962 sulqileat.
3062 4892 3097 4945 ii
3121 4896 3253 4945 inde
3294 4922 3354 4960 »Γ
3402 4916 3459 4945 ;;.η
3490 4900 3551 4949 de

1974 5000 2079 5039 non
2108 4995 2350 5039 vereatur
2385 4986 2483 5038 iste
2512 4985 2639 5039 deus
2677 5000 2744 5039 ne
2788 4985 3030 5048 intereat,
3065 5001 3178 5035 cum
3204 4987 3313 5037 sine
3340 4986 3445 5037 ulla
3471 4987 3551 5037 in-

1974 5076 2282 5129 termissione
2320 5076 2566 5144 pulsetur,
2607 5075 2917 5145 agiteturque
2953 5083 3232 5125 atomorum
3274 5074 3555 5127 incursione

1972 5168 2311 5236 sempiterna?
2352 5167 2545 5235 pulsari
2583 5168 2723 5220 enim
2761 5166 2886 5218 dicit
2920 5163 3043 5217 illud
3082 5179 3275 5229 corpus
3307 5164 3457 5243 quod.
3484 5166 3549 5218 ir-

1973 5259 2249 5314 ruentibus
2276 5258 2464 5311 atomis
2499 5257 2733 5319 feriatur,
2760 5268 2810 5310 et
2840 5255 3021 5323 agitari
3045 5255 3182 5323 quod
3208 5254 3513 5323 penetratur
3536 5274 3550 5309 :

1970 5350 2161 5404 deinde
2174 5368 2286 5403 cunt
2306 5368 2368 5404 ea:
2383 5351 2490 5421 ipso
2507 5352 2767 5419 imagines,
2788 5347 2853 5399 de
2873 5347 3063 5414 quibus
3077 5346 3185 5413 jam
3210 5351 3336 5401 satis
3354 5351 3548 5401 dictum

1972 5451 2072 5506 est,
2098 5460 2292 5509 semper
2317 5443 2521 5513 affluant
2544 5441 2678 5513 (Lib.
2712 5440 2729 5490 l
2760 5440 2819 5489 de
2846 5437 2968 5490 Nat.
2994 5437 3216 5490 Deorum
3222 5452 3264 5508 ),
3287 5440 3551 5509 quomodo

1973 5543 2143 5603 potest
2171 5534 2237 5588 de
2266 5534 2658 5589 immortalitate
2688 5531 2988 5584 conlidere?

2040 5628 2127 5679 δε.
2170 5627 2225 5679 in
2264 5627 2452 5680 auibus
2498 5625 2742 5680 omnibus
2783 5623 3143 5677 deliramentis
3180 5623 3291 5677 Ιιὶῐὶε
3332 5624 3555 5692 Opimu-

2034 5740 2050 5768 ‘
2085 5744 2215 5795 L0v.,
2241 5736 2484 5798 rogi!,‘t:u'.
2507 5736 2594 5784 Sed
2621 5735 2791 5785 melius
2816 5734 2927 5784 editi
2950 5734 3028 5786 alii
3050 5743 3099 5785 et
3123 5742 3252 5795 Man,
3273 5734 3458 5799 cogitet
