4014 6338
610 338 716 396 ατ

610 454 766 518 tium,
790 450 919 507 illud
950 449 1214 520 prmcipuc
1239 444 1524 502 dolendum
1549 448 1651 507 est,
1681 438 1823 511 quod
1852 453 1959 494 non
1997 436 2193 493 sufficit

611 559 674 599 ea
717 542 944 608 narrari,
984 550 1042 595 ut
1079 540 1223 594 nulla
1263 538 1572 607 cujusquam
1612 532 1966 601 disputatione
2004 529 2194 583 adverc

611 641 763 688 sante
791 637 1144 701 respuantur;
1172 627 1266 683 sed
1293 624 1720 681 acutissimorum
1746 621 2015 676 hominum
2044 618 2195 687 inge-

612 725 699 778 nia
742 723 796 778 id
829 724 990 779 etiam
1035 721 1305 792 negotium
1347 725 1714 787 susceperunt,
1747 724 1805 770 ut
1838 716 2055 784 copiose
2092 714 2195 768 ista

613 815 945 881 refellerent,
974 829 1095 885 quae
1121 813 1297 868 statim
1324 811 1460 866 dicta
1494 811 1652 865 etiam
1681 824 1710 861 a
1755 806 2067 862 tardissimis
2095 805 2194 860 de-

614 906 781 963 rideri
818 905 1080 977 abjicique
1108 902 1422 958 debuerunt.
1462 900 1518 955 Si
1547 900 1690 954 enim
1716 898 2045 953 concesseris
2076 911 2196 951 esse

616 1005 846 1061 atomos,
876 996 919 1049 si
946 993 1276 1050 concesseris
1297 992 1459 1047 etiam
1476 1005 1739 1045 concursu
1760 989 1974 1043 fortuito
1994 988 2197 1057 seipsas

616 1090 818 1160 pellere
846 1094 903 1142 et
928 1086 1159 1156 agitare;
1190 1099 1316 1139 num
1344 1091 1397 1138 et
1418 1081 1545 1136 illud
1572 1082 1649 1135 eis
1676 1079 1755 1133 fas
1774 1088 1853 1134 est
1877 1078 2193 1143 concedere,

616 1190 675 1237 ut
701 1184 838 1236 inter
863 1195 922 1235 se
953 1178 1115 1234 atomi
1143 1176 1360 1231 fortuito
1388 1184 1783 1235 concurrentes,
1815 1186 1926 1225 rem
1965 1170 2196 1239 aliquam

618 1274 691 1331 ita
716 1272 1022 1335 conficiant,
1041 1278 1099 1323 ut
1125 1285 1241 1323 eam
1266 1268 1433 1322 forma
1456 1266 1758 1319 modificent
1776 1264 1815 1329 ¹,
1848 1263 2008 1332 ﬁgura
2029 1261 2198 1315 deter-

616 1367 841 1432 minent,
884 1362 1182 1433 aequalitate
1222 1361 1440 1431 poliunt,
1481 1358 1659 1412 colore
1700 1356 1982 1420 illustrent,
2021 1352 2196 1406 anima

616 1457 900 1527 vcgetent?
940 1471 1057 1525 qure
1095 1453 1272 1508 omnia
1311 1452 1458 1507 nullo
1496 1449 1656 1505 modo
1700 1448 1804 1502 nisi
1845 1455 1961 1500 arte
2005 1445 2198 1498 divina:

615 1548 963 1618 providentia;
1000 1547 1117 1601 fieri
1142 1545 1306 1611 videt,
1343 1543 1586 1615 quisquis
1626 1542 1792 1612 magis
1833 1549 2008 1594 mente
2040 1553 2197 1608 quam

615 1638 783 1692 oculis
813 1645 956 1690 amat
982 1635 1183 1699 videre,
1216 1634 1373 1704 idque
1400 1634 1468 1688 ab
1504 1649 1569 1687 eo
1597 1632 1797 1701 expetit
1830 1646 1861 1685 a
1900 1646 2006 1699 quo
2031 1629 2198 1683 iactus

617 1735 719 1781 est.
750 1726 882 1780 Nam
916 1740 1013 1780 nec
1046 1726 1186 1794 ipsas
1206 1732 1412 1778 atomos
1446 1738 1564 1777 esse
1590 1722 1696 1776 ullo
1721 1720 1880 1774 modo
1904 1719 2203 1774 conceden-

617 1816 743 1870 dum
787 1824 901 1879 est;
930 1814 1094 1885 quod,
1141 1815 1338 1869 omissa
1377 1814 1665 1869 subtilitate
1691 1827 1809 1881 quae.
1846 1811 1914 1865 de
1939 1810 2199 1865 divisione

616 1922 897 1975 corporum
937 1920 966 1958 a
996 1905 1167 1960 doctis
1212 1904 1453 1966 traditur,
1482 1903 1601 1957 vide
1628 1916 1787 1971 quam
1825 1901 1976 1956 facile
2011 1915 2203 1955 secun-

616 1998 744 2052 dum
782 1998 1015 2066 ipsorum
1056 1996 1358 2065 opinionem
1395 1996 1564 2064 possit
1600 1992 1828 2048 ostendi.
1865 1993 2018 2046 Certe
2056 1991 2197 2045 enim

616 2088 720 2159 ipsi
745 2088 927 2142 dicunt
966 2088 1143 2142 omnia
1180 2102 1299 2155 qua:
1341 2086 1449 2140 sint
1486 2094 1709 2147 naturas,
1752 2082 1883 2136 nihil
1912 2096 2032 2136 esse
2059 2080 2198 2133 aliud

617 2195 774 2248 quam
806 2194 1026 2247 corpora
1070 2188 1125 2232 et
1158 2179 1336 2244 inane,
1375 2192 1597 2246 quaeque
1634 2176 1716 2229 his
1753 2175 2027 2237 accidant;
2060 2174 2200 2243 quod

617 2268 779 2322 credo
804 2277 1006 2321 motum
1045 2277 1099 2321 et
1127 2269 1335 2336 pulsum
1375 2267 1555 2321 dicere
1593 2276 1647 2319 et
1679 2274 2066 2333 consequentes
2091 2263 2201 2317 for-

618 2352 755 2414 mas.
799 2361 982 2414 Dicant
1027 2376 1157 2429 ergo
1202 2360 1254 2414 in
1303 2374 1407 2428 quo
1446 2374 1643 2427 genere
1684 2366 1882 2426 ponant
1921 2356 2197 2425 imagines,

616 2467 751 2520 quas
780 2450 847 2506 de
874 2451 1185 2520 corporibus
1208 2450 1548 2505 solidioribus
1577 2451 1794 2504 afﬂuere
1823 2458 2026 2518 putant,
2060 2450 2201 2516 ipsas

616 2543 837 2598 minime
867 2542 1081 2607 solidas,
1115 2544 1185 2597 ita
1214 2552 1271 2597 ut
1294 2551 1434 2597 tactu
1463 2543 1563 2596 nisi
1601 2542 1872 2595 oculorum
1908 2555 2030 2594 cum
2057 2540 2202 2595 vidc-

617 2650 759 2697 rnus,
791 2644 844 2690 et
881 2635 1041 2689 animi
1065 2650 1183 2689 cum
1211 2634 1523 2703 cogitamus,
1553 2633 1734 2687 sentiri
1766 2648 1868 2687 non
1904 2632 2126 2701 possint,
2156 2630 2201 2685 si

618 2735 675 2779 et
704 2726 814 2794 ipsa
844 2740 1069 2794 corpora
1095 2735 1236 2780 sunt.
1262 2725 1393 2779 Nam
1420 2727 1491 2779 ita
1519 2733 1756 2789 censent,
1788 2732 1845 2777 ut
1861 2724 2007 2778 exire
2032 2737 2061 2776 a
2083 2738 2201 2776 cor-

616 2830 748 2886 pore
789 2825 843 2870 ct
883 2818 1063 2871 venire
1109 2816 1175 2871 ad
1212 2817 1415 2882 oculos,
1460 2816 1540 2870 vel
1588 2814 1653 2869 ad
1695 2815 1928 2868 animum
1974 2813 2196 2883 possint,

615 2923 776 2975 quem
822 2907 1164 2963 nihilominus
1217 2907 1399 2962 dicunt
1444 2922 1565 2961 esse
1616 2920 1954 2974 corporeum.
2007 2904 2199 2972 Quwro

617 3006 793 3051 utrum
825 2998 984 3052 etiam
1011 2998 1078 3052 ab
1108 2998 1235 3067 ipsis
1260 2998 1451 3052 atomis
1474 2997 1694 3051 afﬂuant
1722 2996 2013 3066 imagines?
2040 2996 2094 3049 Si
2121 2992 2201 3047 af—

615 3086 806 3151 ﬂuunt,
830 3087 1096 3158 quomodo
1106 3088 1216 3157 jam
1243 3098 1368 3143 sunt
1390 3088 1576 3153 atomi,
1605 3102 1634 3140 a
1660 3087 1853 3155 quibus
1878 3089 2053 3158 aliqua
2080 3104 2199 3141 cor-

616 3193 747 3248 pora
779 3180 1128 3249 separantur?
1155 3178 1200 3233 si
1239 3194 1344 3232 non
1387 3178 1631 3245 afﬂuunt,
1675 3187 1768 3232 aut
1792 3190 1966 3248 potest
2001 3179 2197 3249 aliquid

614 3270 733 3325 sine
762 3270 1075 3342 imaginibus
1119 3271 1362 3341 cogitari,
1408 3270 1549 3341 quod
1589 3270 1929 3325 vehementer
1975 3272 2194 3337 nolunt;

614 3372 708 3416 aut
748 3363 887 3417 unde
924 3374 1122 3417 norunt
1161 3374 1389 3429 atomos,
1429 3377 1561 3432 quas
1600 3378 1699 3417 nec
1735 3365 1968 3433 cogitare
2008 3372 2196 3432 potue-

613 3453 777 3506 runt?
802 3452 1034 3522 Sedjam
1065 3454 1224 3522 pudet
1258 3470 1343 3508 me
1383 3454 1481 3508 ista
1516 3454 1780 3517 refellere,
1817 3471 1937 3509 cum
1969 3471 2063 3510 eos
2093 3472 2197 3511 non

612 3543 865 3612 puduerit
891 3545 989 3599 ista
1016 3546 1232 3600 sentire.
1260 3546 1392 3601 Cum
1411 3561 1537 3601 vero
1561 3547 1674 3600 ausi
1705 3547 1810 3600 sint
1833 3548 1990 3601 etiam
2017 3547 2200 3603 defen-

614 3633 764 3700 dere,
796 3650 900 3689 non
926 3636 1033 3704 jam
1063 3651 1270 3700 eorum,
1303 3637 1397 3691 sed
1436 3638 1600 3706 ipsius
1623 3639 1833 3707 generis
1865 3639 2079 3693 lmmani
2112 3655 2199 3695 me

613 3723 798 3792 pudet,
826 3725 977 3793 cujus
1001 3740 1159 3780 aures
1184 3726 1297 3779 haec
1325 3725 1463 3781 ferre
1491 3736 1793 3796 potuerunt.

689 3813 917 3871 CAPUT
940 3814 1003 3869 V.
1024 3846 1095 3856 —
1111 3815 1202 3870 32.
1221 3814 1353 3872 Cum
1382 3817 1541 3887 igitur
1562 3827 1704 3872 tanta
1723 3819 1791 3873 sit
1816 3821 2024 3875 cmcitas
2051 3836 2200 3877 men-

616 3903 746 3957 tium
776 3920 871 3975 per
899 3906 1129 3960 illuviem
1162 3916 1499 3977 peccatorum
1538 3924 1877 3980 amoremque
1916 3914 2107 3977 carnis,
2144 3921 2200 3967 ut

615 3995 775 4050 etiam
798 3997 895 4050 ista
920 3998 1300 4053 sententiarum
1332 4009 1593 4070 portenta,
1627 4002 1732 4056 otia
1762 4003 2035 4057 doctorum
2066 4020 2197 4058 con-

614 4094 790 4141 terere
806 4087 1120 4156 disputaudo
1137 4090 1424 4159 potuerint,
1440 4090 1703 4146 dubitabis
1721 4103 1795 4159 tu,
1817 4093 2087 4161 Dioscore,
2115 4094 2198 4149 vel

612 4176 890 4247 quisquam
929 4180 1163 4249 vigilanti
1206 4182 1417 4251 ingenio
1460 4182 1730 4252 prmditus,
1782 4186 1887 4238 ullo
1933 4186 2090 4239 modo
2130 4186 2195 4240 ad

613 4268 937 4335 sequendam
975 4269 1251 4325 veritatem
1283 4272 1475 4327 melius
1504 4274 1705 4328 consuli
1747 4275 1981 4343 potuisse
2015 4278 2197 4346 generi

614 4354 869 4421 humano,
907 4373 1066 4428 quam
1109 4368 1166 4413 ut
1206 4361 1365 4416 homo
1406 4363 1474 4417 ab
1506 4364 1618 4433 ipsa
1644 4363 1880 4420 Veritate
1923 4377 2199 4437 susceptus

614 4443 952 4502 ineffabiliter
988 4459 1145 4519 atque
1170 4452 1503 4518 mirabiliter,
1535 4464 1589 4510 et
1615 4455 1780 4525 ipsius
1810 4457 1863 4511 in
1889 4459 2043 4512 terris
2075 4474 2198 4528 per-

614 4552 801 4591 sonam
829 4554 1039 4608 gerens,
1069 4550 1211 4596 recta
1242 4544 1614 4614 prmcipiendo,
1656 4557 1710 4601 ct
1732 4547 1906 4602 divina
1932 4548 2195 4615 faciendo,

616 4626 899 4682 solubriter
935 4630 1078 4683 credi
1113 4633 1450 4700 persuaderet
1477 4636 1617 4704 quod
1650 4638 1883 4692 nondum
1916 4640 2199 4707 prudenter

617 4728 798 4790 posset
831 4719 1087 4790 intelligi?
1118 4723 1281 4792 Hujus
1324 4740 1421 4779 nos
1457 4727 1639 4796 gloriae
1678 4731 1958 4799 servimus,
1994 4732 2114 4787 huic
2148 4741 2198 4789 te

617 4809 958 4866 immobiliter
985 4822 1143 4882 atque
1181 4825 1485 4872 constanter
1519 4820 1737 4876 credere
1772 4822 2064 4890 hortamur,
2103 4840 2200 4896 per

617 4918 777 4970 quem
808 4904 1001 4958 factum
1034 4914 1135 4971 est,
1171 4917 1229 4961 ut
1247 4924 1350 4963 non
1374 4912 1546 4981 pauci,
1580 4914 1670 4969 sed
1695 4916 1871 4986 populi
1897 4918 2077 4980 etiam,
2108 4919 2197 4988 qui

619 5008 725 5046 non
754 5003 975 5062 possunt
996 4994 1092 5048 ista
1115 4996 1402 5066 dijudicare
1431 5005 1657 5071 ratione,
1679 5006 1780 5061 fide
1801 5008 2077 5075 credant’,
2104 5009 2200 5063 do-

618 5101 719 5142 nec
760 5088 1075 5143 salutaribus
1114 5094 1389 5161 praeceptis
1427 5096 1821 5166 adminiculati,
1858 5103 2084 5156 evadant
2131 5103 2199 5157 ab

620 5177 703 5232 his
729 5179 1160 5248 perplexitatibus
1181 5183 1230 5235 in
1258 5199 1412 5239 auras
1441 5188 1739 5254 purissima:
1765 5199 1924 5261 atque
1952 5193 2201 5249 sinceris-

618 5270 769 5325 sima“:
789 5272 1046 5326 veritatis.
1066 5272 1226 5343 Cujus
1245 5278 1539 5333 auctoritati
1566 5288 1711 5335 tanto
1733 5282 1974 5338 devotius
1994 5284 2201 5340 obtem-

685 5402 703 5479 ξ
834 5402 1070 5479 uiduam.
1104 5410 1179 5479 Er.
1203 5413 1254 5455 et
1289 5412 1471 5479 Mss-At
1492 5416 1601 5459 bov.
1634 5412 1800 5479 habet,
1824 5414 2083 5479 tradi/irent.

683 5464 704 5493 ί
727 5465 1035 5535 Valqu
1059 5475 1297 5535 quatuor,
1322 5467 1512 5535 aliique
1548 5487 1578 5521 e
1618 5464 1799 5525 nostris
1833 5464 2085 5529 duodecim
2118 5481 2201 5529 ha-

620 5522 767 5604 bent,
899 5522 1144 5604 irrideant
1161 5541 1177 5604 ξ
1201 5522 1524 5604 uori_ine_p‘te,_
1538 5536 1590 5604 si_
1602 5522 1794 5604 referas
1811 5522 2201 5604 aii"{.11iib§ipif..

621 5596 729 5661 rum
752 5589 925 5661 placita
950 5589 1479 5661 superitts'explieataq
1502 5596 1591 5643 Sed
1616 5596 1761 5661 etiam
1804 5589 1911 5661 apta
1947 5609 2024 5651 est
2055 5589 2199 5653 lectio

621 5651 742 5717 Lov._
769 5657 821 5697 et
841 5647 1053 5717 aliarum
1094 5647 1375 5717 editionum,
1407 5650 1742 5717 ﬁde'tredtmt,
1785 5647 2199 5715 scilicet—idreer

621 5708 776 5759 tendo
797 5708 855 5761 ad
880 5723 936 5759 ea
959 5723 1066 5777 qua:
1088 5711 1297 5764 Christus
1314 5708 1543 5781 prte'cepit
1582 5726 1631 5769 et
1670 5708 1796 5777 fecit.

1862 323 1921 381 S.
1962 316 2327 380 AUGUSTINI
2364 316 2662 376 EPISCOPI

3784 319 3883 377 με

2297 433 2472 501 perari
2501 440 2731 502 oportet,
2772 440 2969 503 quanto
3001 432 3242 488 videmus
3268 433 3469 488 nullum
3495 436 3606 501 jam
3647 450 3877 492 errorem

2297 538 2359 579 se
2393 524 2589 579 audere
2611 523 2887 591 extollere,
2918 524 2984 578 ad
3012 524 3408 595 congregandas
3434 525 3533 578 sibi
3564 526 3748 580 turbas
3786 528 3881 582 im-

2298 612 2611 682 peritorum,
2640 614 2729 682 qui
2759 626 2864 667 non
2886 613 3158 668 christiani
3187 613 3417 668 nominis
3436 615 3732 669 velamenta
3758 631 3881 671 con-

2298 705 2513 775 quirat:
2543 718 2638 759 eos
2678 714 2856 757 autem
2891 704 3035 758 solos
3079 719 3146 758 ex
3188 704 3475 767 veteribus,
3516 713 3716 773 praeter
3740 705 3883 761 chri-

2299 795 2529 849 stianum
2555 809 2749 850 nomen
2777 794 2830 848 in
2847 795 3305 849 convcntiunculis
3322 795 3433 850 suis
3453 794 3727 865 aliquanto
3741 797 3757 827 ¹
3777 795 3883 851 fre-

2300 886 2544 955 quentius
2583 885 2890 955 perdurare,
2933 888 3023 955 qui
3064 886 3369 956 Scripturas
3410 902 3502 943 eas
3548 897 3753 955 tenent,
3794 904 3883 959 per

2299 991 2431 1045 quas
2457 978 2825 1031 annuntiatum
2852 991 2973 1031 esse
3005 978 3176 1046 ipsum
3205 979 3485 1034 Dominum
3516 978 3700 1034 Iesum
3730 981 3883 1034 Chri-

2302 1076 2463 1131 stum,
2500 1080 2559 1121 se
2593 1066 2885 1136 intelligere
2914 1078 2968 1121 et
2998 1067 3178 1122 videre
3212 1068 3566 1124 dissimulant.
3614 1070 3785 1124 Porro
3815 1071 3883 1125 illi

2301 1156 2390 1224 qui
2427 1171 2547 1211 cum
2576 1157 2627 1210 in
2653 1157 2853 1212 unitate
2882 1168 3039 1228 atque
3066 1159 3444 1215 communione
3481 1161 3751 1216 catholica
3784 1178 3884 1218 non

2301 1246 2437 1311 sint,
2470 1246 2761 1302 christiano
2792 1257 2970 1303 tamen
3015 1249 3231 1303 nomine
3264 1249 3587 1318 gloriantur,
3627 1263 3886 1322 coguntur

2300 1338 2573 1394 adversari
2607 1339 2967 1403 credentibus,
3008 1348 3063 1394 et
3096 1340 3291 1393 audent
3313 1340 3591 1409 imperitus
3619 1344 3777 1411 quasi
3805 1361 3882 1398 ra-

2302 1428 2448 1482 tione
2490 1427 2784 1492 traducere,
2815 1428 3025 1496 quando
3064 1430 3294 1484 maxime
3332 1445 3454 1485 cum
3485 1431 3584 1485 ista
3625 1432 3886 1488 medicina

2302 1521 2558 1576 Dominus
2578 1521 2803 1588 venerit,
2832 1531 2887 1575 ut
2909 1521 3065 1576 fidem
3091 1522 3300 1591 pepulis
3325 1523 3630 1593 imperaret.
3660 1524 3769 1580 Sed
3797 1526 3887 1582 hoc

2303 1613 2478 1668 facere
2502 1622 2791 1684 coguntur,
2820 1621 2879 1668 ut
2905 1613 3044 1678 dixi,
3072 1614 3191 1683 quia
3215 1614 3395 1682 jacere
3431 1629 3489 1669 se
3528 1614 3887 1683 abjectissime

2304 1702 2557 1763 sentiunt.
2599 1703 2642 1756 si
2680 1717 2866 1756 eorum
2904 1702 3190 1756 auctoritas
3214 1717 3332 1756 cum
3359 1703 3675 1775 auctoritate
3704 1707 3886 1760 catho-

2306 1793 2403 1847 lica
2428 1793 2753 1848 conferatur.
2785 1794 3059 1848 Conantur
3085 1810 3213 1864 ergo
3246 1797 3613 1851 auctoritatem
3650 1797 3887 1853 Stabilis-

2302 1884 2490 1938 simam
2527 1883 2909 1939 fundatissima:
2953 1885 3203 1939 Ecclesim
3228 1886 3376 1955 quasi
3411 1887 3634 1941 rationis
3674 1890 3888 1945 nomine

2304 1982 2355 2027 et
2381 1973 2759 2039 pollicitatione
2782 1988 3053 2042 superare.
3077 1975 3324 2029 Omnium
3350 1976 3488 2028 enim
3511 1974 3887 2032 haereticorum

2303 2062 2454 2132 quasi
2479 2063 2737 2133 regularis
2760 2074 2843 2118 est
2873 2066 2969 2118 ista
2998 2066 3289 2119 temeritas.
3326 2064 3431 2120 Sed
3462 2066 3550 2120 ille
3577 2066 3705 2121 fidei
3730 2068 3889 2138 impe-

2303 2162 2450 2207 rator
2475 2154 2938 2218 clementissimus,
2970 2163 3023 2209 et
3062 2170 3157 2223 per
3184 2164 3475 2210 conventus
3505 2157 3890 2213 celeberrimos

2304 2247 2617 2317 populorum
2644 2256 2812 2317 Iatque
2840 2248 3095 2317 gentium,
3132 2249 3393 2316 sedesque
3427 2248 3569 2318 ipsas
3599 2251 3888 2318 ApOstolo-

2304 2353 2422 2391 rum
2452 2352 2575 2391 arce
2602 2338 2934 2391 auctoritatis
2954 2338 3177 2391 munivit
3208 2339 3520 2406 Ecclesiam,
3552 2350 3607 2395 et
3630 2356 3733 2410 per
3764 2358 3889 2410 pau-

2304 2427 2476 2482 ciores
2505 2428 2589 2497 pie
2608 2427 2795 2482 doctos
2824 2438 2879 2482 et
2907 2443 3033 2483 vere
3056 2430 3356 2498 spirituales
3386 2430 3550 2496 viros,
3576 2432 3892 2500 copiosissi-

2304 2519 2406 2573 mis
2429 2518 2768 2589 apparatibus
2800 2520 2957 2574 etiam
2995 2520 3352 2575 invictissima:
3386 2522 3608 2577 rationis
3643 2526 3889 2577 armavit.

2308 2610 2500 2665 Verum
2542 2611 2628 2664 illa
2658 2612 2953 2666 rectissima
2987 2612 3263 2682 disciplina
3300 2622 3400 2679 est,
3448 2614 3499 2667 in
3544 2629 3731 2669 arcem
3777 2616 3890 2671 fidei

2303 2718 2459 2773 quam
2505 2705 2734 2759 maxime
2776 2705 2937 2773 recipi
2968 2706 3227 2771 infirmos,
3273 2714 3330 2759 ut
3355 2721 3449 2775 pro
3481 2707 3561 2761 eis
3579 2708 3697 2777 jam
3745 2710 3893 2763 tutis-

2306 2794 2440 2847 sime
2463 2794 2669 2860 positis,
2702 2794 2986 2848 fortissima
3016 2798 3221 2850 ratione
3248 2806 3526 2867 pugnetur.

2373 2884 2464 2938 '55.
2505 2885 2759 2940 Platonici
2809 2901 2957 2952 vero,
3011 2888 3097 2956 qui
3146 2888 3395 2942 falsorum
3449 2889 3893 2960 philosophorum

2301 2976 2569 3030 erroribus
2597 2976 2687 3030 illo
2718 2985 2956 3047 tempore
2987 2978 3521 3045 circumlatrantibus,
3554 2995 3663 3033 non
3693 2982 3896 3037 haben-

2304 3078 2382 3123 tes
2407 3068 2637 3123 divinam
2670 3085 2950 3139 personam
2977 3087 3077 3140 qua
3105 3072 3425 3141 imperarent
3454 3072 3636 3137 ﬁdem,
3674 3084 3893 3128 senten-

2303 3160 2428 3213 tiam
2455 3175 2602 3214 suam
2632 3169 2809 3230 tegere
2829 3162 3192 3231 qumrendam,
3221 3178 3376 3232 quam
3405 3165 3755 3233 polluendam
3781 3184 3898 3238 pro.

2302 3250 2440 3305 ferre
2484 3251 2823 3318 maluerunt,
2873 3268 2996 3307 cum
3042 3253 3151 3323 jam
3206 3253 3402 3309 Christi
3461 3271 3660 3311 nomen
3718 3269 3893 3314 terre-

2302 3342 2385 3396 nis
2420 3343 2598 3411 regnis
2637 3342 3019 3398 admirantibus
3050 3344 3466 3414 perturbatisque
3495 3347 3895 3416 crebresceret,

2302 3447 2574 3501 emergere
2601 3443 2892 3502 coeperant,
2929 3433 2995 3488 ad
3034 3434 3405 3502 proferemlum
3452 3446 3612 3505 atque
3640 3439 3897 3508 aperien-

2302 3523 2425 3578 dum
2453 3525 2576 3594 quid
2608 3525 2755 3579 Plato
2782 3525 3057 3579 sensisset.
3095 3525 3245 3579 Tunc
3273 3526 3459 3580 Plotini
3491 3527 3679 3581 schola
3712 3531 3898 3585 Roma:

2302 3614 2500 3681 ﬂoruit,
2540 3616 2826 3685 habuitque
2869 3616 3279 3684 condiscipulos,
3318 3618 3510 3670 multos
3548 3619 3898 3675 aculissimos

2303 3717 2355 3762 et
2392 3707 2771 3761 solertissimos
2796 3706 2959 3761 viros.
3004 3705 3108 3760 Sed
3146 3708 3308 3776 aliqui
3343 3722 3526 3761 eorum
3558 3712 3898 3779 magicarum

2302 3798 2492 3851 artium
2524 3797 2828 3853 curiositate
2850 3797 3117 3867 depravati
3142 3807 3285 3865 sunt,
3316 3799 3475 3868 aliqui
3507 3800 3899 3856 DotninumJe

2302 3906 2420 3944 sum
2446 3889 2711 3944 Christum
2741 3889 2904 3960 ipsius
2927 3890 3165 3944 veritatis
3191 3900 3349 3959 atque
3375 3891 3654 3960 sapientia:
3686 3894 3900 3948 incom-

2303 3981 2593 4046 mutabilis,
2622 3996 2780 4049 quam
2825 3981 3153 4035 conabantur
3191 3982 3469 4051 attingere,
3499 3996 3901 4052 cognoscentes

2300 4083 2509 4142 gestare
2529 4087 2831 4140 personam,
2862 4072 2916 4126 in
2936 4072 3053 4141 ejus
3075 4072 3315 4126 militiam
3336 4074 3686 4130 transierunt.
3718 4077 3905 4147 Itaque

2304 4172 2469 4219 totum
2512 4166 2722 4219 culmen
2751 4165 3080 4219 auctoritatis
3121 4166 3406 4236 lumenque
3450 4167 3681 4223 rationis
3726 4172 3782 4224 in
3818 4172 3905 4225 illo

2302 4272 2409 4310 uno
2437 4257 2653 4310 salutari
2685 4258 2898 4311 nomine
2936 4267 3093 4327 atque
3135 4258 3185 4311 in
3219 4274 3318 4312 una
3347 4258 3460 4327 ejus
3496 4259 3774 4329 Ecclesia,
3818 4279 3905 4317 rc-

2303 4346 2531 4400 creando
2568 4354 2725 4416 atque
2764 4346 3102 4401 reformando
3144 4347 3377 4402 humano
3414 4349 3600 4418 generi
3630 4353 3909 4406 constitu-

2305 4444 2413 4489 tum
2438 4444 2539 4490 est.

2374 4530 2461 4583 54.
2506 4529 2627 4582 llaec
2671 4544 2756 4585 me
2798 4529 2891 4583 tibi
2921 4529 3218 4589 diutissime
3267 4531 3318 4586 in
3363 4531 3460 4586 hac
3488 4533 3732 4600 epistola
3762 4536 3910 4590 locu-

2304 4628 2436 4685 tum,
2483 4619 2583 4673 etsi
2610 4619 2709 4672 alia
2744 4618 2884 4675 forte
2914 4630 2969 4674 tu
3000 4622 3207 4684 malles,
3247 4622 3464 4675 omnino
3507 4639 3613 4675 non
3651 4627 3911 4693 panitet

2303 4710 2564 4767 Probabis
2606 4713 2748 4766 enim
2779 4711 2890 4766 hzec
2921 4713 3087 4782 magis
3109 4755 3122 4776 ,
3159 4723 3354 4783 quanto
3380 4716 3547 4783 magis
3578 4715 3631 4768 in
3677 4718 3915 4772 veritate

2304 4804 2584 4876 proficies;
2629 4813 2684 4859 et
2726 4814 2851 4859 tunc
2893 4805 3139 4875 probabis
3186 4806 3463 4860 consilium
3506 4822 3722 4875 mourn,
3766 4810 3914 4880 quod

2304 4910 2444 4949 nunc
2495 4896 2707 4950 utilitati
2762 4895 3055 4949 studiormn
3109 4905 3318 4950 tuorum
3361 4897 3534 4951 minus
3576 4897 3915 4955 obsecutum

2304 4999 2475 5060 putas.
2508 4989 2818 5058 Quanquam
2862 4990 3020 5043 etiam
3063 4990 3164 5042 illis
3193 4990 3318 5058 ipsis
3353 4990 3754 5059 quaestionibus
3788 4996 3912 5052 tuis.

2303 5098 2409 5136 non
2436 5082 2605 5135 solum
2637 5080 2953 5151 quibusdam
2987 5081 3037 5134 in
3070 5081 3169 5135 hac
3207 5081 3451 5151 epistola,
3479 5082 3573 5135 scd
3597 5084 3781 5138 etiam
3814 5102 3921 5140 cre-

2304 5173 2433 5228 tcris
2452 5188 2586 5242 pene
2615 5173 2861 5226 omnibus
2893 5171 2943 5226 in
2975 5173 3104 5241 ipsis
3132 5167 3471 5236 Ricinbranis,
3502 5172 3555 5228 in
3585 5176 3801 5242 quibus
3828 5192 3923 5231 eas

2303 5265 2491 5319 misisti
2535 5274 2591 5318 ut
2621 5265 2766 5334 potui
2804 5264 3036 5319 breviter
3074 5265 3377 5319 annotando
3415 5265 3832 5335 responderim.
3868 5270 3921 5323 lu

2303 5355 2496 5426 quibus
2540 5357 2584 5410 si
2616 5371 2701 5410 me
2738 5372 2943 5425 parum,
2976 5366 3066 5409 aut
3094 5356 3234 5410 aliud
3270 5372 3427 5426 quam
3468 5357 3695 5412 volebas
3737 5362 3925 5430 egisse

2303 5448 2599 5514 arbitraris,
2629 5463 2733 5502 non
2755 5457 2898 5502 recte
2924 5447 3144 5516 cegitas,
3166 5448 3235 5501 mi
3266 5447 3535 5511 Dioscore,
3566 5462 3597 5500 a
3627 5465 3753 5518 quo
3778 5467 3929 5505 nunc

2304 5537 2403 5593 ista
2424 5539 2724 5608 qumsieris.
2745 5539 2985 5594 Orator-is
3006 5548 3183 5593 autem
3203 5538 3561 5608 librorumque
3580 5538 3651 5593 de
3675 5539 3928 5595 Oratore

2372 5670 2387 5740 ξ
2423 5667 2821 5740 προνηιᾳιᾷφιιηηιρ
2857 5668 3038 5722 diutius
3071 5668 3148 5721 vel
3184 5668 3492 5734 frequentius.
3527 5667 3615 5720 Alii
3651 5671 3785 5723 ωτι.
3823 5687 3926 5725 non

2308 5731 2511 5793 habent,
2537 5731 2718 5787 diutius
2742 5731 2829 5783 vel.
