4014 6338
196 335 295 393 H9

200 461 370 505 omnes
396 445 721 514 quaestiones
752 453 1082 515 prmtermrsu.
1114 444 1303 501 Nescio
1329 448 1447 516 quis
1484 448 1625 502 enim
1664 463 1764 501 nu—

197 549 335 609 gator
371 537 503 589 mihi
542 551 661 589 csse
696 537 839 589 visus
867 552 1004 602 sum,
1034 537 1077 589 si
1108 551 1198 590 eas
1228 535 1569 605 exponendas
1590 550 1763 605 perse-

194 644 390 698 querer.
424 626 562 681 Nam
586 626 649 681 de
674 627 882 681 cmtcris
908 643 1116 697 possem
1142 630 1301 682 etiam
1318 628 1571 683 decenter
1593 628 1761 681 inter.-

195 718 375 787 rogari,
415 717 462 770 si
504 718 634 770 mihi
682 720 956 786 quisquam
992 734 1095 777 res
1138 718 1298 787 ipsas,
1343 734 1448 773 non
1499 718 1567 773 de
1612 716 1762 773 libris

193 805 469 869 Ciceronis,
494 806 591 858 scd
619 820 711 873 per
738 806 939 875 seipsas
967 806 1263 860 tractandas
1290 805 1759 875 dissolvendasque

192 894 450 964 proferret.
482 892 541 946 In
575 894 674 947 illis
696 903 871 947 autem
900 909 984 948 res
1015 894 1143 963 ipsa:
1172 910 1312 949 nunc
1338 904 1531 949 nostra:
1557 896 1760 964 proles-

190 984 313 1037 sioni
350 984 528 1037 minus
569 991 888 1054 congruunt.
931 984 1055 1039 Haec
1081 994 1256 1041 autem
1285 987 1460 1041 omnia
1488 1002 1593 1041 non
1620 986 1760 1042 face-

191 1090 311 1141 rem,
344 1076 443 1129 nisi
489 1091 581 1130 me
622 1088 743 1144 post
786 1076 1173 1145 mgritudinem,
1218 1078 1270 1131 in
1299 1093 1402 1148 qua
1444 1093 1592 1133 eram
1633 1093 1756 1133 cum

190 1164 331 1220 homo
356 1174 476 1219 tuus
507 1165 763 1229 venisset,
785 1167 1111 1234 aliquantum
1138 1166 1205 1220 ab
1231 1166 1472 1237 Hippone
1494 1168 1755 1222 removis-

190 1270 304 1309 sem.
346 1255 553 1321 Quibus
597 1257 724 1311 item
764 1257 952 1312 diebus
1000 1258 1395 1327 perturbatione
1436 1261 1754 1317 valetudinis

189 1344 507 1414 lebribusque
539 1348 799 1415 repetitus
824 1362 961 1401 sum.
989 1347 1116 1403 Inde
1141 1347 1337 1403 factum
1363 1360 1445 1405 est
1471 1358 1529 1405 ut
1556 1352 1754 1408 tardius

187 1450 323 1504 quam
363 1443 590 1503 possent
631 1437 723 1490 tibi
766 1436 881 1491 haec
919 1437 1272 1494 mitterentur.
1315 1439 1447 1507 Qua
1484 1440 1752 1511 quomodo

185 1524 449 1593 acceperis,
481 1525 746 1594 rescripta
775 1524 975 1597 ﬂagito.

595 1635 925 1691 EPISTOLA
963 1634 1126 1692 cxrx
1166 1642 1184 1662 ·
1227 1637 1322 1711 (ιι).

185 1740 453 1797 Consentius
477 1743 764 1814 Augustino
802 1749 1036 1814 proponit
1061 1748 1358 1817 quastiones
1383 1749 1445 1804 de
1480 1748 1744 1805 Trinitate.

242 1834 453 1887 Domino
497 1844 692 1889 sancto
726 1851 788 1890 ac
831 1837 1135 1892 beatissimo
1168 1853 1317 1909 papa:
1355 1838 1673 1906 Aucusriuo,

783 1929 1130 1985 Conssurlus.

240 2040 286 2093 l.
320 2038 439 2092 lam
456 2039 671 2109 quidem
694 2051 886 2103 sancto,
910 2042 1127 2111 mihique
1155 2043 1344 2097 cunctis
1366 2043 1523 2097 animi
1546 2044 1745 2097 virtuti-

184 2131 259 2184 bus
277 2130 600 2196 admirando,
624 2134 771 2202 fratri
800 2142 883 2185 tuo
908 2132 971 2185 Al
977 2135 1091 2204 gpio
1115 2135 1346 2205 episcopo
1372 2152 1528 2206 genus
1548 2137 1743 2206 petitio-

182 2224 247 2276 nis
286 2238 399 2276 mea:
438 2222 583 2276 brevi
620 2240 847 2277 sermone
882 2241 1244 2295 suggesseram,
1293 2243 1502 2296 sperans
1542 2245 1743 2297 precum

182 2328 377 2364 mearum
417 2322 471 2364 ut
502 2314 651 2381 apud
690 2322 737 2365 te
764 2329 869 2367 esse
909 2313 1115 2383 adjutor
1138 2315 1447 2385 dignaretur.
1492 2316 1599 2370 Sed
1626 2318 1743 2387 quia

186 2403 475 2469 prcsentiam
504 2403 640 2455 mihi
665 2412 799 2455 tuam
826 2419 901 2467 ea,
944 2419 1056 2472 qute
1079 2404 1145 2457 ad
1171 2404 1341 2458 villam
1380 2406 1455 2458 ire
1477 2407 1739 2476 compulit,

181 2510 308 2548 causa
330 2494 613 2562 fraudauit,
661 2496 816 2548 malui
855 2496 1029 2549 litteris
1073 2513 1268 2565 precem
1311 2499 1546 2565 inserere,
1590 2516 1741 2569 quam

181 2587 579 2653 exspectationes»:
613 2586 769 2639 animi
793 2587 1078 2655 ﬂuctuare;
1128 2589 1345 2648 maxime
1382 2605 1494 2642 cum
1532 2589 1586 2642 id
1608 2591 1743 2657 quod

183 2675 371 2741 postulo,
414 2676 458 2728 si
485 2676 619 2728 mihi
653 2675 857 2729 concedi
885 2684 1113 2745 oportere
1140 2678 1469 2747 perspexeris,
1504 2679 1741 2747 adjuvare

181 2782 352 2819 sensum
397 2776 544 2819 tuum
601 2767 847 2820 altissima
892 2767 1127 2836 mysteria
1176 2778 1591 2837 perscrutantem,
1644 2772 1741 2823 loci

182 2857 327 2925 ipsius,
359 2868 409 2909 ut
446 2856 696 2923 arbitror,
744 2858 795 2909 in
833 2874 932 2926 quo
972 2874 1101 2911 nunc
1129 2859 1376 2921 consistis,
1423 2860 1584 2912 valeat
1616 2863 1737 2913 soli-

181 2946 300 2997 tudo.
330 2945 434 3015 Ego
455 2947 621 3017 igitur
643 2962 757 2998 cum
780 2946 919 3016 apud
944 2948 1284 3016 memetipsum
1308 2964 1510 3018 prorsus
1533 2949 1739 3017 deﬁnie-

182 3037 280 3095 rim.
311 3040 571 3091 veritatem
596 3038 671 3090 rei
691 3039 872 3091 divina
899 3054 961 3092 ex
988 3039 1090 3107 ﬁde
1116 3041 1273 3109 magis
1293 3058 1441 3108 quam
1469 3058 1531 3095 ex
1549 3044 1739 3097 ratione

181 3129 341 3197 percipi
360 3138 631 3198 aportere;
650 3128 693 3180 si
713 3127 843 3181 enim
866 3130 990 3196 [ides
1011 3129 1461 3184 sanctmEcclesiw
1480 3147 1543 3185 ea:
1563 3132 1731 3203 dispu—

180 3219 355 3273 tationis
377 3222 594 3283 ratione,
628 3236 730 3273 non
769 3237 829 3273 ea:
856 3221 1161 3274 credulitatis
1187 3222 1368 3292 pietate
1397 3225 1737 3293 apprehende-

179 3319 313 3371 retur,
342 3327 482 3364 nemo
514 3320 701 3381 prater
733 3312 1054 3380 philosOphos
1091 3322 1238 3381 atque
1276 3324 1497 3369 oratores
1524 3318 1736 3369 beatitu—

178 3399 326 3451 dinem
362 3401 661 3467 possideret.
707 3400 813 3455 Sed
851 3402 971 3473 quia
1012 3401 1199 3472 placuit
1240 3402 1363 3467 Deo,
1408 3407 1493 3474 qui
1535 3407 1738 3475 inﬁrma

179 3492 332 3542 mundi
369 3493 517 3560 hujus
561 3492 710 3561 elegit
740 3504 796 3545 ut
830 3495 1104 3563 confundat
1143 3497 1312 3565 fortia,
1354 3514 1443 3566 per
1475 3499 1738 3553 stultitiam

182 3580 525 3643 pradicationis
568 3581 766 3635 salvare
800 3582 1073 3645 credentes,
1116 3601 1213 3637 non
1256 3595 1359 3638 tam
1395 3587 1526 3640 ratio
1566 3590 1735 3654 requi-

181 3669 314 3721 renda
339 3671 399 3723 de
427 3670 563 3736 Deo,
588 3687 738 3739 quam
757 3673 1028 3726 auctoritas
1054 3682 1125 3727 est
1161 3676 1411 3744 sequenda
1432 3688 1733 3731 sanctorum.

184 3756 297 3811 Nam
320 3764 546 3831 profecto
580 3777 738 3831 neque
763 3762 955 3830 Ariani,
987 3765 1070 3833 qui
1100 3763 1311 3831 Filium,
1340 3783 1485 3835 quem
1517 3770 1736 3839 genitum

180 3851 465 3917 conﬁtemur,
498 3852 749 3906 minorem
784 3862 980 3921 putant,
1023 3854 1075 3907 in
1103 3855 1198 3908 hac
1226 3857 1476 3925 impietate
1502 3859 1735 3927 persiste-

181 3950 288 4005 rent,
315 3959 465 4011 neque
488 3941 850 3996 Macedoniam
872 3944 1117 4013 Spiritum
1139 3957 1390 4013 sanctum,
1415 3965 1559 4019 quem
1584 3967 1737 4020 neque

180 4032 367 4097 genitum
394 4048 561 4102 neque
580 4032 854 4101 ingenitum
883 4034 1150 4099 credimus,
1174 4045 1413 4105 quantum
1441 4040 1493 4091 in
1518 4039 1640 4106 ipsis
1663 4049 1736 4091 est

179 4140 201 4170 η
234 4124 493 4177 divinitatis
520 4140 641 4177 arce
669 4124 1007 4191 detruderent,
1038 4126 1080 4179 si
1111 4126 1385 4195 Scripturis
1413 4130 1597 4183 sanctis
1623 4146 1733 4183 ma-

178 4212 238 4273 gis
286 4230 430 4281 quam
476 4213 590 4267 suis
648 4214 1108 4269 ratiocinationibus
1158 4219 1533 4271 accommodare
1584 4218 1734 4286 [idem

180 4303 371 4356 mallent.

234 4394 279 4446 9..
306 4393 496 4450 Tamen
530 4403 607 4459 tu,
631 4395 705 4448 vir
729 4395 1058 4463 admirabilis,
1080 4396 1124 4450 si
1151 4397 1239 4450 tibi
1263 4398 1348 4451 ille
1376 4396 1526 4451 Pater
1546 4408 1730 4463 noster,

180 4485 293 4537 solus
340 4486 579 4540 conscius
622 4496 919 4540 secretorum
946 4527 961 4551 ,
1016 4488 1102 4556 qui
1148 4487 1293 4541 habet
1342 4489 1527 4542 clavem
1569 4489 1734 4543 David

180 4572 337 4640 (ἱροί.
370 4592 448 4644 ιιι,
479 4576 571 4647 7),
603 4578 902 4631 serenissimi
932 4577 1097 4630 cordis
1133 4577 1305 4631 obtutu
1345 4580 1580 4633 ccelorum
1623 4597 1732 4633 ma-

181 4668 352 4720 chinuttt
382 4678 649 4739 penetrare
676 4670 936 4732 concessit,
967 4680 1010 4721 et
1033 4669 1269 4733 revelata,
1294 4680 1347 4722 ut
1375 4672 1615 4741 scriptum
1637 4681 1730 4736 est,

180 4757 288 4822 facie
325 4760 544 4828 gloriam
590 4756 797 4811 Domini
833 4758 1081 4827 speculari
1127 4757 1203 4827 (ll
1245 4758 1360 4813 Cor.
1404 4776 1482 4824 ιιι,
1528 4761 1651 4829 18),
1682 4762 1734 4814 in

179 4858 396 4914 quamam
427 4849 517 4902 tibi
540 4848 626 4901 ille
653 4850 736 4917 qui
759 4848 1042 4917 hujusmodi
1065 4850 1408 4918 cogitationem
1434 4851 1589 4915 dedit,
1618 4867 1736 4921 pro-

180 4941 323 4993 mendi
349 4941 545 4994 dederit
585 4942 892 5010 facultatem,
922 4942 1124 4995 enuntio
1150 4942 1289 4995 nobis
1316 4942 1535 5011 aliquam
1556 4943 1736 5009 inc/fdo

179 5025 274 5078 bilis
322 5031 619 5084 substantia:
660 5032 955 5099 portionem,
992 5041 1037 5084 et
1078 5032 1344 5100 imaginem
1394 5032 1735 5087 similitudinis

180 5119 270 5185 ejus
299 5122 406 5190 ipso
437 5123 710 5193 adjuvante
739 5124 1033 5192 exprimere,
1057 5124 1107 5175 in
1124 5134 1362 5193 quantum
1390 5135 1526 5194 potes
1544 5168 1557 5190 ,
1578 5126 1734 5179 verbis

178 5212 372 5277 enitere;
424 5215 666 5282 quoniam
715 5216 810 5267 nisi
859 5224 911 5267 tu
954 5202 1105 5268 tanta:
1152 5216 1222 5269 rei
1264 5216 1369 5269 diu:
1404 5235 1463 5270 ac
1500 5220 1736 5288 rragister

180 5302 423 5370 adfueris,
466 5305 958 5376 velut~lippieutibus
1002 5306 1160 5360 oculis
1208 5309 1491 5378 prospicere
1536 5311 1585 5361 in
1626 5327 1733 5364 eam
1772 5360 1775 5361 ,

232 5452 249 5470 ⁹
271 5455 616 5524 rasugnvimus
647 5456 769 5505 hanc
798 5455 857 5524 ad
870 5471 912 5505 r.
936 5458 1009 5507 sb.
1046 5458 1166 5524 duos
1189 5465 1224 5524 t.
1247 5466 1313 5524 _et
1339 5459 1459 5508 duos
1480 5475 1525 5510 v.
1562 5462 1738 5524 quibus

178 5509 363 5621 2315mm
383 5509 587 5567 incessit
604 5528 745 5567 vetus
760 5519 912 5568 codex
936 5522 1229 5571 Bertinensls
1246 5520 1389 5584 longe
1406 5509 1739 5584 [)rzestaiitiSSi;

178 5636 303 5746 dig)
324 5636 547 5747 Alias?!
574 5652 586 5687 :
609 5652 719 5701 qum
736 5648 897 5690 autem
919 5642 1005 5692 “9
1024 5651 1145 5701 erat.
1169 5656 1293 5692 nunc
1422 5646 1597 5706 Scripta
1617 5644 1736 5696 forte

310 5711 385 5747 au.
410 5730 413 5733 »
502 5734 513 5747 .

310 5711 385 5749 au.
410 5711 438 5744 »ι
447 5711 513 5747 Ιυ.

1377 334 1849 394 EPISTOLARUM
1890 336 2167 396 σωθείς
2195 337 2254 395 ll.

1875 450 2005 502 tanti
2030 451 2235 505 luminis
2266 468 2554 522 repercussa
2582 455 2778 527 fulgore
2804 460 3038 530 cogitatio
3061 472 3230 518 nostra
3256 470 3438 537 formi-

1872 542 1979 594 dat.
2010 541 2153 596 lntra
2181 538 2300 615 ergo
2327 546 2379 599 in
2414 545 2577 612 illaut,
2620 565 2734 619 qua:
2775 561 2971 607 nostros
3014 566 3149 608 arcet
3190 557 3397 613 intuitus
3426 603 3443 623 ,

1869 634 2220 701 mysteriorum
2252 634 2346 688 Dei
2381 636 2783 693 obscurissimam
2807 642 3023 707 nubem;
3050 647 3438 715 quwstiunculas

1866 724 1917 776 in
1935 722 2113 793 quibus
2132 725 2442 781 absolvendis
2468 746 2546 783 me
2569 742 2737 785 errare
2760 748 3019 803 cognosco,
3050 737 3136 807 qui
3162 740 3440 791 auctorita-

1865 819 1959 865 tem
1991 812 2287 868 Sanctitatis
2311 825 2409 870 tua:
2434 817 2535 885 ﬁde
2559 820 2717 889 magis
2737 822 2873 890 sequi
2895 822 3025 890 volo,
3057 841 3208 890 quam
3226 826 3434 880 rationis

1865 902 2015 956 corde
2038 916 2289 975 concepta:
2314 907 2446 976 falsa
2474 908 2690 979 imagine
2720 910 3003 981 depravari,
3022 915 3237 982 primum
3260 916 3311 970 in
3332 934 3433 971 me-

1866 992 2091 1063 metipso,
2123 993 2302 1047 dehinc
2328 996 2380 1049 in
2410 995 2547 1051 libris
2571 1000 2782 1069 corrige.

1932 1083 1983 1137 5.
2017 1082 2128 1153 Ego
2156 1084 2399 1154 siquidem
2423 1086 2473 1139 in
2499 1088 2856 1158 circumspecta
2882 1091 3153 1146 admodum
3180 1095 3428 1164 simplici-

1861 1181 1961 1225 tate
1984 1176 2193 1229 audiens
2217 1176 2515 1247 credensque
2539 1178 2814 1234 Dominum
2846 1182 3021 1236 Jesum
3065 1183 3319 1239 Christum
3349 1187 3429 1239 lu-

1858 1279 1972 1317 men
1996 1282 2102 1319 esse
2126 1266 2187 1319 de
2215 1268 2420 1332 lumine,
2451 1269 2576 1322 sicut
2599 1272 2839 1341 scriptum
2864 1281 2953 1337 est,
2990 1291 3009 1325 ι
3048 1273 3181 1329 Bene
3205 1278 3431 1331 nuntiate

1857 1353 1987 1407 diem
2005 1356 2067 1409 de
2083 1356 2181 1424 die,
2198 1356 2420 1411 salutare
2430 1360 2537 1426 ejus
2557 1378 2574 1411 ι
2601 1362 2617 1429 (
2628 1360 2767 1414 Psal.
2795 1378 2914 1427 xcv,
2929 1362 3014 1434 2);
3036 1374 3081 1417 et
3097 1366 3146 1418 in
3161 1365 3426 1437 Sapientia

1858 1444 2163 1510 Solomonis,
2184 1467 2203 1499 ί
2221 1447 2423 1504 Candor
2437 1460 2506 1505 est
2517 1452 2647 1504 enim
2665 1452 2789 1505 lucis
2800 1462 2998 1506 ceterna:
3017 1473 3034 1505 ι
3046 1453 3291 1527 (Sap.vtt,
3306 1458 3421 1528 26);

1854 1536 2112 1589 credebam
2131 1537 2286 1591 Deum
2304 1539 2465 1609 ,quod
2486 1540 2597 1593 licet
2613 1540 2812 1595 credere
2823 1550 2873 1595 ut
2889 1542 3093 1613 dignum
3113 1554 3182 1598 est
3209 1562 3307 1599 non
3332 1562 3422 1599 va-

1854 1624 2211 1692 lebam,tamen
2239 1644 2345 1682 esse
2368 1630 2724 1683 inwstimabilis
2747 1630 3010 1700 cujusdam
3023 1632 3147 1685 lucis
3175 1634 3422 1702 inﬁnitam

1852 1717 2264 1786 magnitudinem,
2283 1721 2426 1791 cujus
2455 1737 2543 1774 nec
2567 1721 2857 1792 qualitatem
2873 1723 3138 1789 arstimare,
3155 1741 3242 1777 nec
3261 1742 3422 1794 quan-

1852 1806 2044 1859 titatem
2072 1807 2262 1873 metiri,
2293 1825 2382 1862 nec
2407 1811 2619 1879 speciem
2646 1812 2852 1880 ﬁngere,
2893 1804 3176 1881 quanquam
3212 1813 3423 1867 sublime

1849 1895 2074 1964 cogitans
2103 1913 2238 1950 mens
2266 1897 2484 1950 humana
2512 1899 2747 1967 sufﬁceret
2762 1917 2785 1963 ;
2807 1910 2971 1953 tamen
2999 1917 3105 1954 esse
3129 1902 3256 1955 illud
3275 1903 3423 1972 quid-

1849 1984 1986 2050 dam,
2015 1984 2258 2056 quidquid
2278 1996 2369 2050 est,
2388 1989 2467 2040 cui
2493 1988 2624 2041 adsit
2650 1988 3054 2057 incomparabilis
3080 1994 3262 2060 forma,
3290 1992 3419 2045 inae-

1846 2076 2107 2130 stimabilis
2149 2076 2487 2146 pulchritudo,
2534 2094 2682 2147 quam
2731 2080 2878 2131 etiam
2924 2081 3209 2133 carnalibus
3259 2082 3419 2135 oculis

1847 2165 2022 2217 saltem
2056 2163 2284 2219 Christus
2321 2168 2549 2237 aspiciat.
2587 2168 2711 2221 Cum
2754 2184 2871 2237 ergo
2914 2169 3047 2221 circa
3079 2171 3231 2237 ﬁnem
3268 2170 3419 2238 primi

1847 2255 1982 2321 libri,
2015 2256 2142 2308 sicut
2189 2259 2363 2325 procul
2402 2258 2552 2311 dubio
2584 2259 2866 2312 meminisse
2905 2259 3130 2329 dignaris
3155 2301 3169 2325 ,
3215 2261 3420 2330 cupiens

1846 2344 2169 2413 comprobare
2186 2345 2456 2399 Dominum
2480 2346 2656 2400 Iesum
2682 2346 2955 2412 Christum,
2984 2349 3040 2401 id
3068 2360 3139 2402 est
3165 2350 3420 2404 hominem

1844 2426 2156 2505 assumptum
2176 2477 2189 2499 ,
2216 2435 2288 2487 ita
2316 2436 2534 2489 divinam
2571 2437 2822 2507 possidere
2847 2438 3117 2507 potentiam
3138 2479 3151 2503 ,
3174 2448 3229 2492 ut
3256 2448 3417 2492 mute.

1844 2525 1921 2576 ria
1949 2526 2113 2578 carnis
2141 2525 2375 2580 humana:
2402 2543 2550 2595 quant
2581 2536 2882 2596 susceperat,
2921 2536 3242 2595 permaneret,
3266 2544 3418 2596 quam

1842 2617 1895 2669 in
1932 2616 2034 2670 illis
2071 2617 2337 2671 visceribu's
2375 2619 2471 2671 nisi
2507 2618 2648 2671 aliud
2676 2634 2823 2688 quam
2852 2620 3193 2686 infirmitatem
3228 2619 3415 2687 perisse

1844 2708 2118 2760 docuisscm
2147 2708 2165 2739 ¹
2188 2749 2202 2774 ,
2235 2707 2373 2761 illius
2410 2708 2531 2761 mihi
2569 2709 2730 2761 nodus
2758 2708 3047 2779 questionis
3079 2706 3298 2777 objectus
3321 2716 3415 2761 est.

1845 2799 1924 2863 Si,
1944 2800 2122 2866 inquit,
2146 2800 2293 2852 homo
2322 2800 2406 2851 ille
2431 2815 2573 2865 quem
2600 2799 2868 2866 assumpsit
2900 2797 3148 2864 Christus,
3176 2798 3229 2849 in
3256 2797 3417 2850 Deum

1843 2903 2010 2941 versus
2052 2899 2143 2953 est,
2186 2904 2301 2958 ergo
2329 2888 2505 2940 localis
2532 2904 2636 2940 esse
2666 2903 2764 2939 non
2795 2887 2960 2939 debuit
2996 2903 3014 2939 :
3038 2902 3127 2939 cur
3155 2903 3271 2955 ergo
3303 2895 3415 2956 post

1842 2990 2248 3031 resurrectionem
2272 2979 2417 3041 dixit,
2455 2996 2473 3027 ι
2508 2976 2634 3029 Noli
2663 2993 2741 3030 me
2767 2986 2998 3044 tangere,
3032 2978 3254 3029 nondum
3283 2978 3414 3030 enim

1841 3070 2040 3123 ascendi
2062 3069 2129 3121 ad
2158 3067 2358 3121 Patrem
2387 3083 2547 3119 meum
2577 3085 2595 3117 ι
2626 3065 2800 3138 (Joan.
2828 3081 2920 3130 xx,
2950 3066 3083 3135 l7)?

1911 3160 1962 3212 4.
2008 3157 2116 3228 Ego
2152 3158 2304 3227 igitur
2331 3156 2590 3210 cluborans
2619 3154 2900 3224 approbare
2934 3154 3109 3224 ubique
3142 3171 3246 3209 esse
3266 3154 3414 3209 Chri-

1840 3259 1973 3301 stum
1996 3250 2192 3314 virtute,
2209 3266 2307 3301 non
2330 3265 2501 3317 opere;
2516 3248 2787 3311 divinitate,
2817 3263 2915 3299 non
2939 3263 3117 3310 carne;
3139 3247 3203 3300 de
3226 3249 3415 3302 unitate

1846 3340 1936 3393 Dei
1955 3351 2000 3393 et
2026 3356 2352 3409 personarum
2381 3340 2601 3392 trinitate
2628 3338 2917 3408 hujusmodi
2945 3337 3089 3390 verba
3109 3339 3408 3408 conscripsi:

1843 3430 1999 3496 Deus,
2030 3430 2254 3501 inquam,
2278 3446 2407 3482 unus
2433 3440 2525 3495 est,
2555 3441 2601 3480 et
2630 3444 2856 3497 persome
2883 3437 2980 3480 tres
3000 3438 3134 3480 sunt.
3160 3426 3299 3481 Deus
3327 3429 3410 3480 in-

1841 3521 2081 3573 discretus
2101 3527 2191 3583 est,
2218 3536 2443 3589 persona:
2474 3520 2701 3571 discreta:
2725 3528 2857 3571 sunt.
2890 3517 3025 3571 Deus
3053 3520 3191 3571 intra,
3210 3518 3409 3584 omnia,

1840 3622 1977 3667 trans
2002 3612 2167 3665 omnia
2191 3621 2291 3675 est,
2328 3612 2505 3664 ultima
2535 3611 2778 3674 includit,
2808 3612 2973 3663 media
2995 3611 3188 3693 implet,
3216 3626 3412 3663 summa
3452 3624 3463 3635 '

1840 3705 2159 3768 transcendit,
2190 3705 2321 3757 ultra
2348 3703 2575 3755 universa
2612 3712 2657 3754 et
2704 3718 2793 3770 per
2818 3702 3045 3754 universa
3068 3698 3370 3766 diffunditur
3391 3716 3411 3755 :

1840 3812 2063 3866 persona:
2086 3805 2249 3849 autem
2267 3795 2358 3847 sibi
2382 3796 2402 3825 ⁸
2427 3804 2727 3857 constantes,
2748 3792 3050 3861 proprietate
3065 3802 3409 3859 secernuntur,

1840 3905 1937 3940 non
1964 3888 2255 3957 confusione
2280 3887 2565 3939 miscentur.
2597 3882 2731 3936 Deus
2756 3899 2872 3952 ergo
2890 3899 3019 3936 unus
3045 3891 3138 3945 est,
3166 3890 3213 3935 et
3232 3882 3412 3949 ubique

1839 3987 1940 4040 est;
1961 3978 2077 4042 quia
2100 3987 2146 4030 et
2174 3977 2306 4029 alius
2336 3986 2514 4046 prieter
2539 3972 2684 4027 illum
2715 3989 2814 4026 non
2854 3981 2927 4024 est
2944 4012 2960 4037 ,
2988 3982 3035 4025 et
3063 3973 3199 4026 locus
3218 3988 3315 4024 non
3336 3980 3412 4025 est

1839 4084 2023 4121 vacuus
2054 4068 2135 4120 ubi
2164 4084 2267 4121 esse
2298 4068 2429 4120 alius
2459 4066 2631 4135 possit.
2665 4064 2827 4117 Plena
2854 4071 2969 4115 sunt
3008 4061 3115 4115 Deo
3143 4063 3330 4127 omnia,
3363 4071 3409 4115 et

1838 4169 2018 4229 praeter
2044 4157 2205 4212 Deum
2240 4157 2366 4209 nihil
2390 4166 2479 4209 est.
2513 4153 2542 4208 l
2548 4171 2633 4225 pse
2656 4162 2725 4211 est
2753 4154 2804 4205 in
2828 4150 3002 4216 Patre,
3037 4152 3143 4220 ipse
3169 4152 3218 4203 in
3248 4150 3403 4215 Filio,

1838 4249 2019 4318 ipsein
2048 4246 2243 4317 Spiritu
2273 4255 2445 4300 sancto
2477 4261 2493 4297 :
2522 4261 2581 4297 ac
2607 4260 2694 4314 per
2722 4243 2836 4307 hoc,
2866 4240 3042 4305 Pater,
3074 4251 3120 4294 et
3147 4240 3333 4305 Filius,
3361 4250 3408 4293 et

1840 4339 2064 4409 Spiritus
2088 4350 2285 4391 sanctus
2307 4353 2404 4391 non
2427 4337 2593 4406 plures
2614 4335 2704 4400 dii,
2730 4334 2820 4387 sed
2847 4335 2954 4405 ipse
2978 4350 3106 4387 unus
3129 4343 3203 4388 est
3229 4332 3364 4387 Deus
3388 4349 3408 4397 ,°

1836 4442 1883 4486 et
1909 4449 2007 4485 non
2038 4440 2107 4484 est
2135 4430 2242 4499 ipse
2267 4428 2421 4481 Pater
2445 4430 2531 4500 qui
2555 4439 2624 4481 est
2651 4426 2697 4480 [τ’
2700 4428 2816 4481 ilius
2835 4468 2849 4490 ,
2880 4443 2970 4480 nec
3011 4426 3174 4481 Filius
3213 4427 3296 4496 qui
3335 4436 3408 4479 est

1842 4524 2065 4591 Spiritus
2092 4533 2313 4575 sanctus.
2349 4520 2501 4573 Pater
2530 4521 2582 4574 in
2612 4518 2746 4572 Filio
2781 4530 2876 4584 est,
2920 4518 3085 4572 Filius
3127 4520 3179 4571 in
3230 4517 3403 4581 Patre,

1837 4619 1887 4669 in
1911 4625 2115 4684 utroque
2140 4612 2362 4683 Spiritus
2387 4622 2621 4673 sanctus;
2651 4612 2767 4680 quia
2791 4611 2842 4663 in
2882 4612 3038 4663 tribus
3060 4624 3284 4675 numero,
3307 4626 3407 4663 acu

1838 4708 2030 4770 ordine,
2052 4706 2106 4758 id
2130 4713 2200 4757 est
2222 4704 2467 4773 personis,
2492 4719 2589 4754 non
2627 4702 2803 4753 virtute
2836 4700 3081 4765 discretis,
3110 4716 3238 4754 unus
3260 4710 3408 4767 atque

1839 4799 2151 4853 indivisibilis
2184 4797 2371 4850 habitat
2402 4794 2553 4847 Deus.
2582 4792 2763 4846 Omnia
2792 4810 2903 4865 qua?
2934 4792 3104 4846 Patris
3123 4802 3257 4854 sunt,
3284 4791 3407 4842 Filii

1837 4900 1987 4951 sunt;
2013 4896 2059 4942 et
2087 4902 2199 4956 qua
2234 4884 2359 4939 Filii
2386 4892 2530 4945 sunt,
2566 4881 2736 4934 Patn’s
2759 4892 2903 4944 sunt;
2935 4891 2978 4951 et
3013 4896 3123 4950 qua:
3151 4881 3407 4947 utriusque

1836 4990 1972 5042 sunt,
2002 4979 2224 5050 Spiritus
2255 4978 2418 5031 sancti
2446 4984 2560 5030 sunt
2594 4990 2610 5029 :
2639 4976 2755 5044 quia
2793 4990 2890 5028 non
2920 4974 3062 5044 quasi
3084 4972 3102 5001 ³
3122 4972 3361 5040 wqualem
3389 5011 3403 5032 ,

1837 5072 1923 5126 sed
1948 5070 2174 5125 eamdem
2198 5110 2212 5133 ,
2252 5069 2305 5121 id
2331 5078 2403 5121 est
2431 5067 2632 5120 unicam
2654 5065 2695 5129 ⁸,
2718 5082 2817 5119 ιιοιι
2838 5074 3120 5134 separatam
3152 5061 3407 5131 possident

1838 5162 2163 5217 substantiam
2201 5159 2447 5222 Deitatis;
2476 5168 2521 5212 et
2559 5159 2669 5211 ideo
2696 5157 2768 5211 vel
2798 5156 3053 5228 majestate
3071 5196 3086 5219 ,
3119 5154 3192 5206 vel
3220 5161 3364 5205 a’tate
3387 5189 3404 5215 ,

1838 5254 1965 5306 alter
1991 5253 2203 5305 alterum
2233 5268 2330 5303 non
2357 5249 2616 5319 prwcedit,
2644 5249 2760 5318 quia
2784 5246 2937 5302 dividi
2961 5246 3093 5314 quod
3117 5244 3317 5314 plenum
3335 5250 3406 5294 est
3440 5316 3455 5327 ἱ

1838 5363 1940 5399 non
1966 5352 2124 5415 potest
2143 5383 2158 5407 ,
2199 5358 2288 5396 nec
2319 5351 2388 5395 cst
2416 5342 2468 5394 in
2502 5340 2809 5411 plenitudine
2837 5335 3063 5407 aliquid,
3089 5336 3219 5406 quod
3250 5339 3407 5402 possit

1903 5524 1920 5555 ι
1954 5523 2246 5570 siccumMs.
2274 5520 2366 5578 bt.,
2391 5525 2442 5567 et
2462 5516 2651 5569 melius.
2668 5512 2938 5578 [dicimus].

1901 5587 1923 5617 ³
1954 5585 2025 5632 sic
2046 5582 2308 5647 legendum
2328 5593 2437 5629 cum
2454 5586 2534 5630 his.
2559 5581 2627 5647 bt.
2664 5578 2828 5647 [sinu].

1905 5647 1926 5679 ³
1955 5646 2027 5693 sic
2045 5633 2211 5693 exutus.
2232 5645 2323 5701 bt.,
2348 5649 2398 5691 et
2418 5650 2570 5690 recte.
2599 5633 2728 5700 [quis
2757 5633 3024 5698 tequalem].

1905 5712 1925 5738 δ
1961 5714 2065 5756 Mss.
2086 5718 2273 5765 omnes,
2291 5703 2470 5754 unitum
