4014 6338
614 371 728 429 451

633 486 996 558 plenitudinem
1024 501 1260 557 separare
1290 483 1330 551 ί,
1359 491 1404 538 et
1423 481 1665 553 majorem
1682 479 1790 546 uni,
1805 479 2047 532 minorem
2067 473 2212 530 alteri

633 581 798 648 facere
835 578 1131 647 portionem.
1167 573 1232 628 In
1262 574 1485 645 personis
1513 582 1680 625 autem
1716 588 1815 625 non
1855 571 1928 623 ita
1964 579 2067 633 est;
2096 568 2215 637 quia

635 667 807 720 Putris
839 684 1050 737 persona
1085 683 1182 718 non
1226 675 1297 717 est
1340 662 1484 726 Filii,
1517 679 1605 716 nec
1637 661 1758 714 Filii
1792 676 2006 728 persona
2041 660 2216 712 eadem

630 768 702 811 est
728 757 952 828 Spiritus
977 757 1152 811 sancti.
1191 755 1305 809 Una
1329 756 1486 808 virtus
1523 764 1615 816 est,
1644 770 1794 823 quant
1827 752 1960 804 trina
1996 750 2215 818 possidet

631 849 824 911 virtus;
859 865 960 901 una
999 847 1276 902 substantia
1302 856 1402 911 est,
1433 847 1485 900 in
1508 863 1607 916 qua
1638 846 1734 898 tria
1761 854 1876 898 sunt
1905 861 2017 914 qua:
2048 843 2213 898 subsi-

627 944 782 991 stunt.
813 937 966 991 Pater
990 955 1126 1008 ergo,
1147 947 1190 990 et
1210 937 1257 990 Γ
1258 938 1393 1002 ilius,
1420 947 1466 991 et
1489 937 1713 1006 Spiritus
1735 946 1938 989 sanctus
1956 936 2216 1007 majestate

628 1029 809 1098 ubique
829 1037 969 1091 sunt,
995 1031 1113 1099 quia
1143 1045 1294 1081 unum
1331 1037 1480 1093 sunt;
1511 1028 1736 1098 personis
1764 1037 1960 1080 tantum
1988 1025 2128 1094 apud
2161 1043 2216 1080 se

628 1128 761 1183 sunt,
788 1119 905 1187 quia
938 1131 1033 1171 tres
1070 1128 1205 1192 sunt.
1250 1116 1311 1170 Et
1341 1119 1532 1186 reliqua
1559 1117 1849 1184 huiusmodi
1877 1127 2064 1180 texens,
2108 1133 2214 1170 rem

628 1225 846 1280 eousque
871 1208 1077 1272 deduxi,
1105 1219 1156 1262 ut
1183 1220 1449 1280 prwsentes
1470 1209 1669 1278 quidem
1696 1221 1743 1262 et
1773 1209 1952 1278 ubique
1976 1226 2080 1262 esse
2101 1227 2213 1279 per-

627 1317 796 1360 sonas,
829 1299 916 1352 sed
946 1300 1116 1361 illam,
1154 1316 1269 1371 qua:
1301 1317 1455 1369 supra
1487 1299 1657 1362 ccelos,
1691 1310 1829 1352 trans
1857 1301 2038 1366 maria,
2079 1302 2213 1353 ultra

627 1390 836 1458 inferos,
865 1407 968 1443 una
993 1403 1142 1462 atque
1181 1391 1355 1444 eadem
1396 1401 1468 1445 est
1510 1393 1786 1462 majestate,
1819 1393 2097 1460 ﬁrmarent.
2133 1391 2214 1447 Ea:

627 1497 724 1550 quo
752 1481 966 1551 intelligi
1000 1481 1176 1535 debere
1212 1483 1568 1548 monstrabam,
1601 1483 1851 1535 hominem
1877 1500 2023 1553 quem
2062 1483 2212 1537 Chri-

628 1582 734 1624 stus
754 1573 1048 1640 assumpsit,
1081 1573 1132 1625 in
1162 1572 1324 1625 Deum
1350 1573 1549 1642 quidem
1579 1590 1772 1626 versum
1801 1583 2081 1642 susceptam
2113 1592 2213 1628 non

629 1661 856 1715 amisisse
879 1671 1132 1730 naturam,
1149 1679 1248 1716 non
1269 1673 1430 1717 tamen
1451 1664 1594 1732 quasi
1611 1675 1842 1732 quartam
1868 1665 2004 1718 credi
2026 1682 2172 1735 posse
2191 1667 2211 1696 ²

630 1768 916 1818 personam.

699 1863 753 1920 5.
781 1863 886 1918 Sed
909 1873 982 1930 tu,
1012 1864 1107 1931 vir,
1135 1865 1218 1918 cui
1245 1865 1446 1930 coelum,
1475 1874 1527 1918 ut
1554 1865 1790 1932 arbitror,
1821 1866 1986 1936 ipsum
2013 1867 2210 1920 subtili-

632 1962 734 2008 tate
769 1955 1341 2026 cogitationumintrare
1380 1973 1668 2012 concessum
1707 1968 1810 2023 est;
1850 1975 2002 2013 verax.
2034 1959 2213 2013 etenim

637 2053 711 2098 est
739 2046 826 2114 qui
850 2046 942 2114 ait,
979 2065 997 2096 ι
1035 2044 1178 2100 Beati
1208 2047 1394 2100 mundo
1435 2047 1614 2114 corde,
1653 2049 1889 2117 quoniam
1922 2049 2020 2119 ipsi
2052 2048 2213 2103 Deum

631 2134 867 2188 videbunt
899 2154 916 2188 ι
953 2134 1164 2206 (Matth.
1193 2153 1246 2202 ν,
1273 2137 1328 2207 8)
1353 2153 1368 2203 ;
1398 2155 1548 2208 super
1576 2139 1745 2191 omnia
1767 2138 1933 2192 sidera
1957 2139 2024 2192 ad
2052 2141 2213 2207 ipsum

629 2226 1103 2295 contemplationem
1130 2228 1444 2282 altitudinem
1485 2229 1660 2282 mundi
1691 2231 1856 2283 cordis
1897 2231 2106 2297 attollis,
2138 2232 2214 2284 ais

632 2332 734 2370 non
752 2327 990 2388 tanquam
1009 2319 1215 2387 aliquod
1241 2337 1421 2390 corpus
1448 2321 1623 2375 debere
1644 2321 1853 2392 cogitari
1868 2321 2049 2375 Deum.
2077 2322 2214 2375 Nam

629 2407 824 2460 etiamsi
853 2409 1103 2480 quispiam
1127 2411 1295 2463 animo
1325 2410 1487 2464 lucem
1519 2412 1699 2465 millies
1723 2429 1872 2480 quam
1913 2414 2064 2483 hujus
2091 2414 2214 2467 solis

629 2496 896 2553 clariorem
938 2500 1354 2571 intensioremque
1396 2502 1688 2572 conlingat,
1731 2503 1928 2556 nullam
1977 2504 2083 2557 illic
2123 2503 2216 2558 Dei

629 2587 1008 2643 similitudinem
1041 2591 1394 2661 comprehendi
1424 2608 1589 2663 posse,
1618 2594 1735 2661 quia
1763 2610 1948 2663 corpus
1973 2603 2043 2648 est
2071 2610 2218 2648 omne

631 2679 768 2747 quod
789 2681 924 2733 cerni
952 2690 1112 2751 potest
1145 2697 1162 2736 :
1190 2683 1280 2736 sed
1310 2683 1437 2737 sicut
1457 2685 1715 2754 justitiam
1742 2686 1818 2740 vel
1843 2689 2075 2756 pietatem
2103 2705 2218 2742 cor-

633 2784 839 2837 poream
879 2772 1100 2842 cogitare
1134 2789 1235 2826 non
1281 2791 1566 2844 possumus,
1598 2775 1694 2828 nisi
1722 2777 1893 2848 aliqua
1919 2780 2048 2848 forte
2077 2780 2217 2833 nobis

631 2858 849 2928 feminea
872 2876 1084 2930 corpora
1109 2861 1285 2932 gentili
1322 2865 1536 2916 vanitate
1562 2865 1852 2934 fingamus;
1883 2867 1951 2920 ita
1981 2878 2026 2920 et
2055 2868 2217 2924 Deum

629 2949 740 3004 sine
763 2950 933 3020 aliqua
962 2952 1244 3022 phantasia:
1263 2953 1581 3008 simulatione
1605 2956 1656 3008 in
1687 2966 1930 3026 quantum
1956 2975 2218 3028 possumus

631 3040 976 3109 cogitandum.
1009 3041 1138 3096 Mihi
1169 3053 1353 3110 autent,
1383 3046 1470 3115 qui
1505 3047 1826 3100 subtilitatem
1866 3048 2218 3118 disputationis

629 3132 801 3202 tepido
826 3136 1081 3206 percipere
1104 3137 1378 3191 admodum
1408 3141 1560 3194 corde
1590 3141 1673 3194 vix
1710 3159 1932 3211 possunt,
1961 3143 2219 3198 videbatur

632 3224 762 3280 nihil
788 3227 949 3281 vivum
979 3230 1254 3284 secundum
1279 3231 1608 3286 substantiam
1637 3234 1797 3288 inesse
1812 3236 2059 3305 justitiac:
2080 3237 2218 3292 ideo-

629 3332 725 3386 que
744 3334 843 3372 non
861 3335 1064 3390 possunt
1083 3321 1253 3375 adhuc
1285 3321 1464 3386 Deum,
1488 3324 1541 3376 id
1563 3335 1656 3389 est,
1688 3328 1929 3382 viventem
1956 3341 2214 3396 naturam,

626 3409 838 3478 iustitia;-
862 3411 1076 3465 similem
1102 3415 1361 3483 cegitare;
1387 3416 1504 3483 quia
1521 3417 1720 3487 justitia
1744 3435 1843 3471 non
1871 3419 1923 3473 in
1949 3436 2021 3484 se,
2050 3421 2140 3476 sed
2165 3421 2218 3475 in

633 3500 776 3553 nobis
801 3502 916 3554 vivit
932 3517 952 3565 ,'
982 3503 1082 3556 imo
1113 3506 1276 3572 potius
1307 3522 1396 3559 nos
1422 3508 1697 3561 secundum
1713 3511 1966 3578 justitiam
1985 3511 2214 3580 vivimus,

628 3591 746 3658 ipsa
773 3607 888 3644 vero
918 3594 1120 3662 justitia
1173 3612 1261 3665 per
1299 3612 1352 3649 se
1397 3613 1707 3665 nequaquam
1751 3599 1897 3664 vivit,
1947 3601 2044 3654 nisi
2090 3604 2218 3672 forte

631 3696 732 3734 non
753 3681 904 3752 hujus
925 3683 1160 3738 humana!
1184 3687 1453 3756 aequitatis,
1476 3688 1563 3742 sed
1586 3689 1677 3742 illa
1704 3705 1816 3759 qua:
1838 3690 1970 3746 Deus
1998 3703 2089 3760 est,
2107 3693 2218 3748 sola

628 3784 886 3829 asseratur
914 3791 1020 3828 esse
1033 3776 1254 3845 justitia.

703 3888 756 3943 6.
805 3886 951 3942 Unde
981 3890 1273 3958 conﬁrmari
1311 3907 1389 3945 me
1415 3908 1477 3945 ex
1503 3893 1730 3948 omnibus
1770 3911 1868 3950 non
1894 3884 2058 3952 solum
2086 3917 2216 3971 prte-

630 3981 848 4036 sentibus
877 3983 1034 4037 verbis
1057 3983 1098 4050 ³,
1135 3985 1224 4038 sed
1248 3984 1395 4038 etiam
1427 3985 1642 4054 pleniori
1670 3988 1881 4057 epistola
1908 3991 2074 4044 velim.
2109 3991 2216 4047 Ne-

631 4089 729 4142 que
760 4074 891 4126 enim
923 4077 1003 4144 fas
1029 4082 1102 4128 est
1131 4083 1184 4128 ut
1209 4075 1366 4129 nostri
1402 4084 1597 4129 tantum
1634 4080 1782 4145 pedes
1818 4081 1880 4132 ab
1917 4081 2013 4136 ista
2039 4084 2090 4137 in
2116 4102 2216 4154 qua

628 4163 774 4218 multi
817 4163 1156 4234 ingredimur,
1201 4166 1384 4219 erroris
1421 4167 1530 4232 via,
1558 4177 1605 4220 te
1643 4181 1872 4223 monente
1904 4186 2210 4229 revocentur.

624 4250 758 4310 Cum
799 4256 930 4308 enim
969 4256 1115 4309 multi
1159 4257 1212 4310 in
1249 4257 1352 4310 illis
1390 4258 1441 4310 in
1476 4258 1656 4329 quibus
1698 4260 1979 4316 habitamus
2006 4264 2208 4332 insulis,

629 4346 751 4398 dum
779 4358 911 4399 recto
939 4346 1005 4398 ad
1035 4349 1164 4400 viam
1194 4358 1403 4419 pergunt
1430 4367 1631 4420 aggere,
1663 4352 1714 4404 in
1736 4356 1981 4409 tramitem
2005 4361 2213 4412 tortuosi

631 4438 784 4508 hujus
810 4441 996 4492 erroris
1022 4440 1340 4503 incurrerint,
1365 4444 1522 4494 eritne
1546 4443 1728 4512 aliquis
1756 4445 1862 4498 illic
1880 4446 2208 4517 Augustinus,

628 4528 774 4596 cujus
814 4529 1104 4581 auctoritati
1139 4530 1348 4592 cedant,
1369 4533 1514 4600 cujus
1540 4531 1782 4587 doctrinae
1809 4537 2032 4602 credant,
2065 4539 2211 4607 cujus

629 4617 830 4685 ingenio
863 4620 1198 4688 superentur?
1221 4621 1296 4672 An
1327 4621 1454 4690 forte
1483 4638 1543 4675 ex
1568 4622 1658 4675 illo
1686 4626 1999 4692 patet-uitatis
2026 4627 2211 4696 aﬂ'ectu

629 4710 788 4763 mavis
828 4726 907 4763 me
946 4711 1142 4763 occulta
1186 4706 1570 4766 commonitione
1612 4714 1843 4785 dirigere,
1888 4733 2040 4786 quant
2079 4721 2210 4775 velut

627 4802 859 4855 comitem
886 4803 1028 4872 pravi
1052 4803 1243 4857 itineris
1271 4803 1574 4874 increpare?
1600 4805 1705 4860 Sed
1733 4807 1859 4860 mihi
1883 4826 1973 4880 pro
1997 4811 2211 4866 utilitate

625 4893 829 4959 animat,
861 4893 1195 4964 magis‘quam
1225 4911 1316 4965 pro
1344 4897 1520 4950 steculi
1545 4897 1696 4952 laude
1724 4915 1924 4954 currere
1955 4903 2204 4973 cupienti,

626 5000 727 5036 non
757 4993 830 5038 est
854 4985 1049 5038 inutilis
1069 5027 1084 5052 ,
1123 5002 1183 5038 ac
1213 4987 1424 5056 proinde
1448 4989 1597 5042 etiam
1625 5005 1725 5043 non
1751 5007 1926 5044 amara
1951 4997 2207 5065 coargutio

626 5082 748 5139 tua;
775 5075 995 5129 maxime
1014 5091 1128 5129 cum
1146 5087 1192 5130 et
1215 5078 1339 5130 mihi
1362 5087 1408 5131 et
1435 5080 1625 5134 caneris
1645 5081 1793 5134 vitam
1815 5082 1967 5136 simul
1985 5085 2208 5140 laudem-

625 5178 720 5232 que
758 5164 986 5234 paritura
1011 5166 1095 5219 sit.
1126 5164 1291 5220 Nemo
1315 5167 1559 5237 siquidem
1599 5178 1700 5223 tam
1740 5172 1955 5242 injustas
1999 5190 2122 5241 esse,
2150 5186 2206 5230 ut

625 5256 862 5322 arbitror,
897 5267 1077 5325 potest,
1104 5259 1189 5328 qui
1210 5275 1288 5312 me
1313 5276 1374 5314 ex
1397 5277 1454 5313 eo
1478 5261 1612 5331 quod
1636 5263 1908 5333 aliquando
1933 5265 2074 5320 devia
2092 5285 2205 5323 sum

622 5356 843 5413 secutus,
872 5347 1101 5403 stultitim
1118 5351 1355 5403 denotare
1374 5352 1513 5405 malit
1535 5368 1686 5422 quam
1707 5370 1770 5407 ex
1786 5370 1844 5408 eo
1868 5357 2002 5424 quod
2029 5368 2164 5413 recta
2182 5358 2204 5391 ’⁵

683 5562 704 5635 ξ
737 5565 809 5635 sic
826 5564 1223 5635 legendum_cum_
1233 5575 1319 5635 pas.
1330 5567 1420 5619 ’bt.
1441 5571 1728 5635 [reparare].

683 5623 704 5694 ξ
734 5626 806 5694 sic
823 5629 872 5676 in
996 5629 1066 5694 bt.
1086 5629 1243 5694 [credi
1259 5623 1546 5694 personam}.

683 5685 706 5766 ξ
734 5687 808 5766 ge
822 5695 903 5766 Pls.
1029 5685 1140 5766 [non
1157 5685 1308 5766 solum
1319 5685 1531 5766 presseris
1551 5694 1677 5758 tibi].

679 5744 703 5781 ⁸
733 5749 806 5799 Si:
821 5755 902 5801 Ms.
921 5753 1012 5815 bt.,
1029 5744 1093 5803 ἐι
1113 5744 1407 5805 ooncinuius.
1431 5744 1522 5816 [exi
1537 5770 1592 5807 eo
1607 5744 1733 5821 quod
1748 5758 2046 5826 delegerim].

1865 364 1923 419 s.
1962 357 2327 419 AUGUSTIN!
2366 360 2672 418 EPISCOPI
3745 386 3827 445 ες,

2322 475 2612 548 delegerim,
2646 479 2914 548 prudenter
2948 482 3186 554 judicare
3222 497 3485 543 cunctetur.
3529 490 3688 564 Neque
3721 503 3824 560 ai.

2319 568 2464 622 stulti
2487 571 2770 623 testimandi
2791 583 2924 634 sunt,
2956 591 3080 641 quos
3115 573 3306 629 Paulus
3331 583 3596 650 apostolus,
3624 602 3678 641 ne
3700 591 3742 643 in
3761 594 3825 647 in.

2320 672 2512 714 certum
2556 673 2809 716 currerent
2849 665 3147 718 admonebat
3189 667 3385 735 dicens,
3426 691 3443 721 ι
3485 673 3565 727 Sic
3599 682 3755 735 currite
3785 697 3824 737 ηε

2321 755 2752 825 comprehendatis
2782 776 2800 808 ι
2834 754 2887 824 (1
2911 754 3028 811 Cor.
3054 774 3136 826 ιχ,
3165 758 3256 828 21)
3286 775 3299 811 :
3331 776 3612 833 quapmpter
3633 770 3646 798 ι
3667 772 3732 822 via
3755 775 3826 828 ξδια

2321 862 2473 915 quam
2512 849 2787 914 currimus,
2816 865 2915 902 non
2956 850 3120 904 solum
3161 852 3477 925 relinquenda
3513 859 3658 926 nobis,
3693 880 3824 918 verum

2320 939 2469 991 etiam
2494 940 2871 994 intercludenda
2899 951 3046 1012 atque
3061 944 3377 1014 prwcidenda
3401 957 3488 1013 est,
3509 966 3566 1002 ne
3586 951 3695 1020 forte
3713 957 3827 1009 etiam

2320 1045 2404 1082 eos
2434 1030 2609 1100 fallaci
2645 1031 2924 1087 dilectionis
2959 1035 3276 1090 simulatione
3324 1041 3593 1109 frustretur.
3631 1043 3699 1096 Tu
3725 1049 3824 1100 enim

2321 1137 2420 1174 non
2441 1123 2682 1176 editorum
2699 1124 2814 1194 jam
2834 1143 2864 1176 a
2885 1143 2963 1180 me
2978 1126 3217 1181 librorum
3237 1129 3402 1193 lector,
3417 1133 3499 1186 sed
3514 1135 3828 1202 probandorum

2320 1216 2644 1280 emendator,
2677 1217 2728 1268 ni
2757 1219 2930 1286 fallor,
2964 1220 3148 1273 electus
3181 1237 3254 1274 es.
3286 1220 3420 1276 Nam
3443 1224 3493 1276 in
3519 1225 3602 1278 illa
3628 1230 3827 1299 epistola,

2319 1323 2466 1374 quam
2497 1307 2548 1358 in
2578 1307 2680 1359 illis
2706 1309 2825 1362 meis
2845 1309 3024 1364 libellis
3053 1312 3182 1363 velut
3209 1315 3627 1382 prtefatiunculam
3653 1323 3827 1386 pratuli,

2319 1397 2609 1467 hujusmodi
2637 1399 2781 1452 verba
2811 1402 3092 1469 conscripta
3119 1414 3233 1454 sunt
3268 1419 3286 1456 :
3317 1422 3335 1454 ι
3383 1403 3590 1468 Placuit,
3631 1409 3796 1478 inquam
3815 1454 3826 1474 ,

2318 1491 2648 1558 ﬂuctuantem
2669 1491 2788 1558 ﬁdei
2805 1502 2988 1545 nostrte
3002 1494 3229 1563 cymbam
3247 1495 3377 1548 beati
3393 1499 3640 1566 Augustini
3656 1502 3830 1570 epismpi

2317 1579 2541 1632 stabilire
2563 1582 2826 1634 sententia.
2874 1602 2891 1633 ι
2917 1582 3020 1636 Cur
3045 1600 3182 1653 ergo,
3217 1586 3291 1638 vir
3320 1587 3552 1641 doctrina:
3583 1590 3716 1658 hujus
3746 1609 3831 1660 qua

2316 1670 2369 1723 in
2390 1669 2587 1723 Christo
2614 1680 2713 1738 est,
2759 1674 2987 1738 culmen,
3028 1691 3237 1744 arguere
3267 1677 3432 1745 palam
3455 1679 3763 1748 corrigendum
3786 1683 3833 1735 de

2319 1769 2496 1813 cretero
2532 1761 2694 1830 ﬁlium
2737 1762 2955 1827 dubitas,
2997 1770 3111 1817 cum
3154 1768 3410 1821 sententia:
3433 1777 3527 1821 tua:
3548 1773 3740 1823 anchora
3760 1773 3832 1824 nisi

2319 1868 2542 1906 morsum
2568 1854 2719 1908 altius
2740 1857 2992 1924 presserit,
3021 1874 3112 1911 nos
3139 1859 3322 1912 certius
3341 1861 3554 1914 stabilire
3575 1879 3664 1915 non
3683 1865 3834 1931 possit?

2318 1940 2439 1996 Non
2480 1944 2612 1997 enim
2647 1945 2766 1998 levis
2795 1955 2882 1998 aut
2905 1946 3109 2016 culpata
3138 1950 3368 2016 qutestio,
3400 1950 3451 2003 in
3478 1967 3571 2020 qua
3595 1968 3681 2004 non
3705 1953 3832 2005 solum

2317 2035 2445 2088 nihil
2473 2037 2706 2106 profecit,
2729 2052 2898 2090 verum
2937 2040 3087 2092 etiam
3131 2051 3266 2109 post,
3297 2051 3350 2094 ut
3373 2044 3394 2074 ³
3414 2060 3445 2094 a
3465 2041 3517 2095 ιέ
3528 2044 3760 2112 fortissime
3774 2045 3836 2095 di-

2316 2135 2451 2179 ctum
2476 2137 2566 2189 est,
2590 2127 2896 2182 idololatria
2923 2131 3112 2184 crimen
3136 2133 3340 2186 ca'citas
3379 2145 3557 2188 nostra:
3578 2135 3836 2202 cogitationis

2300 2217 2548 2270 incurrit.
2581 2217 2632 2270 Η
2635 2235 2731 2272 anc
2753 2236 2784 2271 a
2812 2228 2858 2272 te
2879 2228 3023 2273 caute
3042 2221 3414 2295 prudenterque
3433 2223 3602 2276 discuti
3619 2222 3782 2286 vellem,
3796 2233 3835 2274 ut

2318 2306 2560 2361 doctrina:
2606 2317 2706 2362 tute
2740 2310 3026 2380 ingeniique
3069 2314 3314 2366 serenitas
3344 2313 3414 2365 ita
3451 2313 3665 2366 nebulam
3695 2321 3838 2366 nostra

2319 2400 2496 2452 mentis
2524 2400 2792 2470 abstergat,
2823 2410 2878 2453 ut
2902 2402 3037 2470 quod
3062 2419 3195 2456 nunc
3224 2406 3447 2474 cogitare
3470 2421 3564 2458 non
3589 2419 3835 2475 possumus,

2318 2494 2666 2565 intelligentia!
2682 2513 2714 2548 a
2737 2507 2783 2550 te
2801 2498 2989 2551 lumine
3009 2500 3342 2568 declaratum,
3368 2503 3522 2557 oculis
3542 2503 3690 2556 cordis
3713 2504 3842 2555 videre

2319 2584 2591 2640 valeamus.
2627 2585 2908 2642 Incolumis
2931 2606 2990 2643 ac
3015 2589 3190 2645 beatus
3225 2593 3282 2646 in
3317 2603 3568 2659 internum,
3591 2594 3677 2646 mei
3693 2607 3841 2645 memor

2319 2677 2537 2730 ctelestia
2566 2695 2722 2750 regna
2751 2681 3040 2750 possideas,
3078 2683 3288 2740 domine
3327 2696 3495 2740 sancte
3528 2702 3584 2739 ac
3617 2685 3842 2740 beatissime

2321 2786 2478 2841 papa.

2744 2885 3070 2942 EPISTOLA
3113 2889 3261 2944 cxx
3281 2893 3298 2914 α
3339 2888 3438 2960 (a).

2374 2995 2640 3050 Consentio
2661 2997 2726 3050 ad
2745 3001 3042 3069 quaestiones
3071 3001 3132 3055 de
3157 3001 3410 3057 Trinitate
3429 3003 3521 3057 sibi
3539 3000 3796 3072 propositas.

2321 3086 2496 3142 Fratri
2527 3087 2870 3144 dilectissimo
2894 3101 2948 3146 ct
2975 3092 3027 3146 in
3053 3092 3248 3148 Christi
3278 3094 3562 3150 visceribus
3588 3088 3844 3146 honorando

2459 3179 2778 3249 Coxseu'no,
2807 3182 3158 3252 AUGUSTINUS,
3184 3185 3236 3238 in
3274 3187 3496 3242 Domino
3523 3185 3740 3239 salutem.

2392 3316 2617 3372 CAPUT
2650 3318 2933 3375 PRIMUM.
2951 3349 3018 3360 —
3035 3321 3059 3375 1
3114 3321 3230 3392 Ego
3250 3332 3528 3392 propterea
3542 3330 3593 3375 ut
3607 3320 3667 3375 ad
3686 3332 3846 3373 nosve«

2321 3406 2465 3461 nires
2487 3410 2686 3478 rogavi,
2709 3412 2956 3480 quoniam
2979 3411 3032 3466 in
3053 3412 3200 3466 libris
3219 3414 3328 3466 tuis
3342 3413 3493 3468 valde
3508 3427 3618 3466 sum
3645 3406 3848 3464 tuodele-

2320 3507 2491 3552 elatus
2517 3500 2747 3569 ingenio.
2767 3501 2996 3557 Proinde
3017 3503 3156 3557 volui
3185 3512 3242 3556 ut
3269 3504 3510 3573 quaedam
3545 3510 3704 3556 nostra
3724 3509 3848 3566 Opus-

2318 3587 2457 3654 cuia,
2477 3605 2594 3659 qua:
2621 3590 2903 3647 arbitratus
2924 3607 3040 3646 sum
3063 3593 3154 3648 tibi
3179 3593 3304 3650 esse
3324 3593 3634 3659 necessaria,
3651 3605 3740 3644 non
3754 3601 3850 3658 pro-

2319 3679 2405 3733 cul
2427 3693 2456 3732 a
2487 3681 2640 3736 nobis
2668 3682 2888 3751 positus,
2911 3683 3002 3738 sed
3033 3684 3208 3753 potius
3233 3685 3377 3755 apud
3406 3700 3501 3739 nos
3526 3684 3724 3753 legeres,
3742 3689 3848 3732 utea

2319 3785 2439 3840 quse
2466 3771 2603 3828 forte
2629 3774 2804 3827 minus
2827 3775 3197 3841 intellexisse-5,
3230 3791 3345 3831 non
3369 3776 3642 3829 difﬁculter
3657 3781 3850 3841 praesens

2321 3861 2676 3932 interrogares
2693 3906 2708 3930 ,
2736 3874 2894 3935 atque
2921 3882 2986 3920 ex
3013 3875 3194 3921 nostra
3221 3869 3662 3923 sermocinatione
3684 3871 3852 3917 mutuo-

2319 3969 2421 4024 que
2450 3955 2734 4025 colloquio,
2767 3966 3021 4023 quantum
3065 3959 3328 4014 Dominus
3362 3969 3416 4013 et
3444 3959 3592 4013 nobis
3619 3965 3848 4026 promere.

2319 4053 2375 4098 et
2405 4045 2495 4098 tibi
2523 4059 2716 4116 capere
2746 4048 3035 4113 tribuisset,
3064 4048 3191 4118 quid
3221 4050 3279 4104 in
3307 4050 3456 4105 libris
3486 4051 3583 4103 tuis
3607 4043 3852 4102 emcndan-

2319 4135 2444 4189 dum
2479 4146 2648 4200 esset,
2692 4138 2805 4207 ipse
2834 4153 3202 4208 cognosceres,
3247 4141 3365 4212 ipse
3406 4140 3721 4198 emendares.
3751 4135 3852 4205 Ejus

2319 4230 2513 4300 quippe
2539 4244 2598 4283 es
2629 4229 2911 4297 facultatis,
2945 4241 3001 4285 ut
3029 4233 3198 4300 possis
3229 4248 3295 4288 ea
3323 4251 3444 4304 qua:
3469 4232 3688 4288 senseris
3720 4225 3854 4295 expli-

2318 4335 2466 4382 care;
2498 4320 2612 4389 ejus
2641 4335 2802 4390 porro
2833 4322 3106 4390 probitatis
3129 4331 3181 4377 et
3203 4325 3534 4390 humilitatis,
3564 4331 3617 4376 ut
3640 4315 3852 4375 mercaris

2320 4426 2442 4464 vcra
2483 4411 2700 4466 sentire.
2737 4413 2799 4466 Et
2830 4429 2968 4468 nunc
3006 4414 3058 4467 in
3087 4413 3274 4470 eadem
3306 4431 3424 4470 sum
3447 4457 3460 4481 ,
3505 4429 3618 4484 qua:
3661 4425 3746 4465 nec
3781 4404 3852 4460 tibi

2317 4501 2477 4555 debet
2501 4502 2782 4571 displicere
2803 4544 2815 4567 ,
2853 4506 3150 4568 sententia;
3179 4506 3324 4561 unde
3361 4516 3414 4561 te
3457 4520 3620 4573 nuper
3643 4495 3851 4555 θὼηουυῖ

2319 4604 2376 4647 υι
2419 4596 2470 4648 in
2515 4595 2596 4648 his
2625 4612 2742 4666 qum
2769 4612 2798 4649 τι
2839 4597 2990 4651 nobis
3028 4597 3298 4653 elaborata
3328 4600 3468 4668 apud
3493 4609 3544 4653 te
3570 4597 3707 4667 legis.
3735 4593 3853 4660 signa

2315 4686 2479 4742 facias
2503 4687 2567 4742 ad
2591 4704 2650 4742 ea
2679 4689 2790 4744 loca
2820 4707 2937 4759 qua:
2963 4700 3012 4745 te
3030 4700 3261 4757 movent,
3290 4703 3344 4747 et
3370 4709 3490 4747 cum
3520 4691 3598 4744 his
3621 4688 3681 4743 ad
3698 4697 3854 4740 merc-

2316 4778 2462 4846 nias,
2505 4789 2559 4834 ct
2604 4780 2671 4834 de
2719 4781 2939 4851 singulis
2990 4798 3216 4851 qumras.
3270 4783 3518 4838 Nondum
3566 4797 3677 4852 qua:
3720 4773 3855 4832 fecisti

2313 4872 2567 4927 exhortor
2598 4884 2650 4927 ut
2679 4873 2858 4928 facias.
2902 4875 3063 4929 Recte
3096 4877 3294 4945 quippe
3340 4871 3772 4931 verecundarcris,
3807 4879 3856 4917 ac

2314 4974 2365 5018 te
2395 4967 2597 5035 pigeret
2623 4967 2673 5020 id
2699 4982 2880 5035 agere,
2916 4968 2960 5021 si
2987 4968 3067 5022 vel
3094 4970 3260 5023 semel
3300 4969 3583 5034 voluisses,
3613 4977 3663 5023 et
3687 4980 3760 5020 me
3777 4958 3855 5015 dil-

2317 5055 2507 5110 ﬁcilcm
2529 5057 2839 5126 reperisses.
2856 5059 2986 5113 illud
3003 5075 3213 5130 quoque
3232 5060 3496 5127 dixeram,
3515 5075 3632 5115 cum
3658 5073 3686 5111 a
3715 5067 3759 5109 te
3777 5067 3856 5105 au-

2376 5230 2393 5261 ί
2419 5229 2492 5277 Sic
2511 5233 2594 5276 Ms.
2620 5227 2714 5289 bt.;
2734 5242 2790 5279 ac
2874 5229 2956 5279 ulo
2976 5236 3086 5293 post
3105 5229 3283 5294 habet,
3301 5229 3604 5284 simulatione
3618 5229 3856 5295 frustra!”-

2557 5240 2872 5354 frustratui):I
3622 5352 3629 5354 ξ
3707 5351 3716 5354 ,
3786 5345 3794 5354 .

2557 5289 2853 5354 frustrata].
2977 5289 2992 5293 “
3267 5289 3279 5294 ⁷
3706 5351 3716 5362 ⁸

2317 5410 2328 5421 _
2351 5359 2409 5421 ,ἡ
2427 5360 2530 5421 Mss.
2542 5355 2777 5421 _omittunt
2798 5361 2866 5404 ut.
2891 5361 3097 5418 Moxque
3110 5361 3192 5404 Ms.
3207 5355 3281 5406 bt.
3293 5355 3448 5408 habet
3463 5369 3477 5407 :
3491 5345 3858 5418 Quastcujusdam

2307 5412 2597 5467 idololatria:
2627 5415 2826 5466 crimen.

2377 5497 2392 5514 '
2435 5497 2594 5561 Mutila
2635 5499 2947 5560 reporiturin
2979 5499 3198 5561 plurimis
3218 5507 3328 5550 uss.
3351 5508 3407 5550 et
3436 5501 3486 5550 in
3513 5499 3624 5549 Edd.
3643 5505 3736 5546 Am.
3767 5488 3856 5561 Ball;

2307 5563 2384 5668 Er.
2406 5565 2504 5607 bon
2530 5555 2739 5623 integra,
2759 5560 2852 5610 nisi
2870 5561 2920 5609 in
2953 5555 3023 5612 b't.
3051 5575 3093 5610 ι’.
3128 5565 3204 5612 sb.
3237 5563 3435 5612 duobus
3468 5569 3502 5612 t.
3541 5561 3721 5611 duobus
3749 5571 3791 5607 γ.
3819 5555 3860 5599 ει

2340 5634 2415 5669 0v.

2369 5703 2441 5771 (ᾳ)
2461 5702 2585 5752 Alias
2617 5702 2873 5771 222:_qu:e
2906 5714 3070 5757 autem
3111 5706 3197 5757 120
3232 5713 3368 5771 erat,
3410 5721 3538 5759 nunc
3576 5706 3676 5756 HO.
3710 5706 3860 5761 δοτιιιω

2307 5764 2447 5828 paulo
2466 5773 2571 5827 post
2588 5764 2908 5828 superiorem.
