  <div class='ocr_page' id='page_1' title='image "/cluster/home/n/w/nwhite01/storage/ocr_20150623/33/hvd.32044015471451/232.png"; bbox 0 0 4122 6350; ppageno 0'>
   <div class='ocr_carea' id='block_1_1' title="bbox 319 357 429 418">
    <p class='ocr_par' dir='ltr' id='par_1_1' title="bbox 319 357 429 418">
     <span class='ocr_line' id='line_1_1' title="bbox 319 357 429 418; baseline -0.009 0"><span class='ocrx_word' id='word_1_1' title='bbox 319 357 429 418; x_wconf 73' lang='grc' dir='ltr'><strong>ιὸδ</strong></span> 
     </span>
    </p>
   </div>
   <div class='ocr_carea' id='block_1_2' title="bbox 323 470 1911 546">
    <p class='ocr_par' dir='ltr' id='par_1_2' title="bbox 323 470 1911 546">
     <span class='ocr_line' id='line_1_2' title="bbox 323 470 1911 546; baseline -0.011 -12"><span class='ocrx_word' id='word_1_2' title='bbox 323 477 518 534; x_wconf 88' lang='lat' dir='ltr'><strong>dissem</strong></span> <span class='ocrx_word' id='word_1_3' title='bbox 543 471 689 546; x_wconf 88' lang='lat' dir='ltr'><strong>quod</strong></span> <span class='ocrx_word' id='word_1_4' title='bbox 729 472 1150 531; x_wconf 85' lang='lat' dir='ltr'><strong>mendosissimis</strong></span> <span class='ocrx_word' id='word_1_5' title='bbox 1175 471 1474 544; x_wconf 68' lang='lat' dir='ltr'><strong>fatigareris</strong></span> <span class='ocrx_word' id='word_1_6' title='bbox 1501 470 1770 524; x_wconf 81' lang='lat' dir='ltr'><strong>codicibus</strong></span> <span class='ocrx_word' id='word_1_7' title='bbox 1795 507 1810 531; x_wconf 95' lang='lat'><strong>,</strong></span> <span class='ocrx_word' id='word_1_8' title='bbox 1854 473 1911 518; x_wconf 91' lang='lat' dir='ltr'><strong>ut</strong></span> 
     </span>
    </p>
   </div>
   <div class='ocr_carea' id='block_1_3' title="bbox 325 560 1912 640">
    <p class='ocr_par' dir='ltr' id='par_1_3' title="bbox 325 560 1912 640">
     <span class='ocr_line' id='line_1_3' title="bbox 325 560 1912 640; baseline -0.008 -14"><span class='ocrx_word' id='word_1_9' title='bbox 325 571 378 626; x_wconf 85' lang='lat' dir='ltr'><strong>in</strong></span> <span class='ocrx_word' id='word_1_10' title='bbox 406 568 851 640; x_wconf 75' lang='lat' dir='ltr'><strong>nosti-islcgeres,</strong></span> <span class='ocrx_word' id='word_1_11' title='bbox 891 583 1025 638; x_wconf 91' lang='lat' dir='ltr'><strong>quos</strong></span> <span class='ocrx_word' id='word_1_12' title='bbox 1070 566 1456 622; x_wconf 89' lang='lat' dir='ltr'><strong>emendatiores</strong></span> <span class='ocrx_word' id='word_1_13' title='bbox 1492 577 1676 633; x_wconf 85' lang='lat' dir='ltr'><strong>posses</strong></span> <span class='ocrx_word' id='word_1_14' title='bbox 1705 560 1912 615; x_wconf 68' lang='lat' dir='ltr'><strong>creteris</strong></span> 
     </span>
    </p>
   </div>
   <div class='ocr_carea' id='block_1_4' title="bbox 328 659 590 716">
    <p class='ocr_par' dir='ltr' id='par_1_4' title="bbox 328 659 590 716">
     <span class='ocr_line' id='line_1_4' title="bbox 328 659 590 716; baseline -0.015 0"><span class='ocrx_word' id='word_1_15' title='bbox 328 659 590 716; x_wconf 77' lang='lat' dir='ltr'><strong>invenire.</strong></span> 
     </span>
    </p>
   </div>
   <div class='ocr_carea' id='block_1_5' title="bbox 399 741 1916 818">
    <p class='ocr_par' dir='ltr' id='par_1_5' title="bbox 399 741 1916 818">
     <span class='ocr_line' id='line_1_5' title="bbox 399 741 1916 818; baseline -0.005 -14"><span class='ocrx_word' id='word_1_16' title='bbox 399 751 445 804; x_wconf 73' lang='lat' dir='ltr'><strong>it</strong></span> <span class='ocrx_word' id='word_1_17' title='bbox 485 748 637 817; x_wconf 70' lang='lat' dir='ltr'><strong>Qeod</strong></span> <span class='ocrx_word' id='word_1_18' title='bbox 657 757 833 803; x_wconf 91' lang='lat' dir='ltr'><strong>autem</strong></span> <span class='ocrx_word' id='word_1_19' title='bbox 861 749 1016 818; x_wconf 81' lang='lat' dir='ltr'><strong>petis,</strong></span> <span class='ocrx_word' id='word_1_20' title='bbox 1041 757 1098 802; x_wconf 91' lang='lat' dir='ltr'><strong>ut</strong></span> <span class='ocrx_word' id='word_1_21' title='bbox 1117 745 1463 817; x_wconf 72' lang='lat' dir='ltr'><strong>quaestionem</strong></span> <span class='ocrx_word' id='word_1_22' title='bbox 1492 741 1787 807; x_wconf 76' lang='lat' dir='ltr'><strong>Trinitatis,</strong></span> <span class='ocrx_word' id='word_1_23' title='bbox 1814 742 1916 797; x_wconf 89' lang='lat' dir='ltr'><strong>hoc</strong></span> 
     </span>
    </p>
   </div>
   <div class='ocr_carea' id='block_1_6' title="bbox 332 840 1913 906">
    <p class='ocr_par' dir='ltr' id='par_1_6' title="bbox 332 840 1913 906">
     <span class='ocr_line' id='line_1_6' title="bbox 332 840 1913 906; baseline -0.006 -8"><span class='ocrx_word' id='word_1_24' title='bbox 332 851 416 898; x_wconf 87' lang='lat' dir='ltr'><strong>est</strong></span> <span class='ocrx_word' id='word_1_25' title='bbox 443 842 512 897; x_wconf 89' lang='lat' dir='ltr'><strong>de</strong></span> <span class='ocrx_word' id='word_1_26' title='bbox 537 842 738 896; x_wconf 88' lang='lat' dir='ltr'><strong>unitate</strong></span> <span class='ocrx_word' id='word_1_27' title='bbox 761 840 1050 896; x_wconf 75' lang='lat' dir='ltr'><strong>divinitatis</strong></span> <span class='ocrx_word' id='word_1_28' title='bbox 1089 848 1141 893; x_wconf 89' lang='lat' dir='ltr'><strong>et</strong></span> <span class='ocrx_word' id='word_1_29' title='bbox 1179 840 1502 894; x_wconf 82' lang='lat' dir='ltr'><strong>discretione</strong></span> <span class='ocrx_word' id='word_1_30' title='bbox 1543 849 1913 906; x_wconf 88' lang='lat' dir='ltr'><strong>personarum,</strong></span> 
     </span>
    </p>
   </div>
   <div class='ocr_carea' id='block_1_7' title="bbox 334 928 1918 1002">
    <p class='ocr_par' dir='ltr' id='par_1_7' title="bbox 334 928 1918 1002">
     <span class='ocr_line' id='line_1_7' title="bbox 334 928 1918 1002; baseline -0.004 -14"><span class='ocrx_word' id='word_1_31' title='bbox 334 945 486 989; x_wconf 89' lang='lat' dir='ltr'><strong>caute</strong></span> <span class='ocrx_word' id='word_1_32' title='bbox 507 933 899 1002; x_wconf 81' lang='lat' dir='ltr'><strong>prudenterque</strong></span> <span class='ocrx_word' id='word_1_33' title='bbox 927 932 1228 997; x_wconf 81' lang='lat' dir='ltr'><strong>discutiam,</strong></span> <span class='ocrx_word' id='word_1_34' title='bbox 1249 940 1302 984; x_wconf 92' lang='lat' dir='ltr'><strong>nt</strong></span> <span class='ocrx_word' id='word_1_35' title='bbox 1321 929 1576 984; x_wconf 68' lang='lat' dir='ltr'><strong>doctrinm</strong></span> <span class='ocrx_word' id='word_1_36' title='bbox 1599 943 1748 991; x_wconf 68' lang='lat' dir='ltr'><strong>mea},</strong></span> <span class='ocrx_word' id='word_1_37' title='bbox 1781 928 1918 982; x_wconf 89' lang='lat' dir='ltr'><strong>sicut</strong></span> 
     </span>
    </p>
   </div>
   <div class='ocr_carea' id='block_1_8' title="bbox 336 1022 1918 1094">
    <p class='ocr_par' dir='ltr' id='par_1_8' title="bbox 336 1022 1918 1094">
     <span class='ocr_line' id='line_1_8' title="bbox 336 1022 1918 1094; baseline -0.006 -13"><span class='ocrx_word' id='word_1_38' title='bbox 336 1025 485 1088; x_wconf 87' lang='lat' dir='ltr'><strong>dicis,</strong></span> <span class='ocrx_word' id='word_1_39' title='bbox 520 1026 821 1094; x_wconf 75' lang='lat' dir='ltr'><strong>ingeniique</strong></span> <span class='ocrx_word' id='word_1_40' title='bbox 855 1025 1133 1087; x_wconf 81' lang='lat' dir='ltr'><strong>serenitas,</strong></span> <span class='ocrx_word' id='word_1_41' title='bbox 1182 1023 1250 1076; x_wconf 90' lang='lat' dir='ltr'><strong>ita</strong></span> <span class='ocrx_word' id='word_1_42' title='bbox 1281 1022 1524 1076; x_wconf 89' lang='lat' dir='ltr'><strong>nebulam</strong></span> <span class='ocrx_word' id='word_1_43' title='bbox 1550 1030 1745 1074; x_wconf 79' lang='lat' dir='ltr'><strong>vestra:</strong></span> <span class='ocrx_word' id='word_1_44' title='bbox 1775 1035 1918 1073; x_wconf 85' lang='lat' dir='ltr'><strong>men-</strong></span> 
     </span>
    </p>
   </div>
   <div class='ocr_carea' id='block_1_9' title="bbox 337 1111 1916 1188">
    <p class='ocr_par' dir='ltr' id='par_1_9' title="bbox 337 1111 1916 1188">
     <span class='ocr_line' id='line_1_9' title="bbox 337 1111 1916 1188; baseline -0.006 -14"><span class='ocrx_word' id='word_1_45' title='bbox 337 1118 403 1174; x_wconf 83' lang='lat' dir='ltr'><strong>tts</strong></span> <span class='ocrx_word' id='word_1_46' title='bbox 431 1118 719 1188; x_wconf 82' lang='lat' dir='ltr'><strong>abstergat,</strong></span> <span class='ocrx_word' id='word_1_47' title='bbox 744 1126 800 1170; x_wconf 90' lang='lat' dir='ltr'><strong>ut</strong></span> <span class='ocrx_word' id='word_1_48' title='bbox 823 1115 963 1186; x_wconf 91' lang='lat' dir='ltr'><strong>quod</strong></span> <span class='ocrx_word' id='word_1_49' title='bbox 991 1129 1130 1169; x_wconf 91' lang='lat' dir='ltr'><strong>nunc</strong></span> <span class='ocrx_word' id='word_1_50' title='bbox 1157 1115 1392 1184; x_wconf 87' lang='lat' dir='ltr'><strong>cogitare</strong></span> <span class='ocrx_word' id='word_1_51' title='bbox 1422 1131 1526 1168; x_wconf 91' lang='lat' dir='ltr'><strong>non</strong></span> <span class='ocrx_word' id='word_1_52' title='bbox 1557 1114 1798 1182; x_wconf 86' lang='lat' dir='ltr'><strong>potestis,</strong></span> <span class='ocrx_word' id='word_1_53' title='bbox 1832 1111 1916 1164; x_wconf 91' lang='lat' dir='ltr'><strong>in-</strong></span> 
     </span>
    </p>
   </div>
   <div class='ocr_carea' id='block_1_10' title="bbox 338 1202 1918 1279">
    <p class='ocr_par' dir='ltr' id='par_1_10' title="bbox 338 1202 1918 1279">
     <span class='ocr_line' id='line_1_10' title="bbox 338 1202 1918 1279; baseline -0.008 -14"><span class='ocrx_word' id='word_1_54' title='bbox 338 1209 649 1279; x_wconf 58' lang='lat' dir='ltr'><strong>telligentia;</strong></span> <span class='ocrx_word' id='word_1_55' title='bbox 683 1224 713 1260; x_wconf 90' lang='lat' dir='ltr'><strong>a</strong></span> <span class='ocrx_word' id='word_1_56' title='bbox 741 1223 827 1262; x_wconf 89' lang='lat' dir='ltr'><strong>me</strong></span> <span class='ocrx_word' id='word_1_57' title='bbox 853 1208 1053 1261; x_wconf 87' lang='lat' dir='ltr'><strong>lumine</strong></span> <span class='ocrx_word' id='word_1_58' title='bbox 1073 1207 1396 1260; x_wconf 85' lang='lat' dir='ltr'><strong>declaratum</strong></span> <span class='ocrx_word' id='word_1_59' title='bbox 1430 1205 1597 1259; x_wconf 88' lang='lat' dir='ltr'><strong>oculis</strong></span> <span class='ocrx_word' id='word_1_60' title='bbox 1620 1205 1635 1234; x_wconf 77' lang='grc'>³</span> <span class='ocrx_word' id='word_1_61' title='bbox 1660 1202 1918 1272; x_wconf 88' lang='lat' dir='ltr'><strong>quodam-</strong></span> 
     </span>
    </p>
   </div>
   <div class='ocr_carea' id='block_1_11' title="bbox 340 1291 1922 1369">
    <p class='ocr_par' dir='ltr' id='par_1_11' title="bbox 340 1291 1922 1369">
     <span class='ocr_line' id='line_1_11' title="bbox 340 1291 1922 1369; baseline -0.007 -13"><span class='ocrx_word' id='word_1_62' title='bbox 340 1302 498 1356; x_wconf 88' lang='lat' dir='ltr'><strong>modo</strong></span> <span class='ocrx_word' id='word_1_63' title='bbox 527 1301 707 1354; x_wconf 88' lang='lat' dir='ltr'><strong>videre</strong></span> <span class='ocrx_word' id='word_1_64' title='bbox 743 1299 955 1369; x_wconf 79' lang='lat' dir='ltr'><strong>possitis</strong></span> <span class='ocrx_word' id='word_1_65' title='bbox 985 1316 997 1354; x_wconf 93' lang='lat'>:</span> <span class='ocrx_word' id='word_1_66' title='bbox 1023 1297 1162 1351; x_wconf 42' lang='lat' dir='ltr'><strong>Ivide</strong></span> <span class='ocrx_word' id='word_1_67' title='bbox 1205 1296 1351 1366; x_wconf 85' lang='lat' dir='ltr'><strong>prius</strong></span> <span class='ocrx_word' id='word_1_68' title='bbox 1382 1304 1564 1349; x_wconf 88' lang='lat' dir='ltr'><strong>utrum</strong></span> <span class='ocrx_word' id='word_1_69' title='bbox 1599 1295 1696 1347; x_wconf 88' lang='lat' dir='ltr'><strong>ista</strong></span> <span class='ocrx_word' id='word_1_70' title='bbox 1737 1291 1922 1360; x_wconf 90' lang='lat' dir='ltr'><strong>petitio</strong></span> 
     </span>
    </p>
   </div>
   <div class='ocr_carea' id='block_1_12' title="bbox 339 1383 1924 1460">
    <p class='ocr_par' dir='ltr' id='par_1_12' title="bbox 339 1383 1924 1460">
     <span class='ocr_line' id='line_1_12' title="bbox 339 1383 1924 1460; baseline -0.007 -13"><span class='ocrx_word' id='word_1_71' title='bbox 339 1409 461 1448; x_wconf 89' lang='lat' dir='ltr'><strong>cum</strong></span> <span class='ocrx_word' id='word_1_72' title='bbox 507 1401 592 1446; x_wconf 89' lang='lat' dir='ltr'><strong>tua</strong></span> <span class='ocrx_word' id='word_1_73' title='bbox 638 1391 901 1460; x_wconf 82' lang='lat' dir='ltr'><strong>superiori</strong></span> <span class='ocrx_word' id='word_1_74' title='bbox 954 1389 1262 1444; x_wconf 88' lang='lat' dir='ltr'><strong>deﬁnitione</strong></span> <span class='ocrx_word' id='word_1_75' title='bbox 1304 1386 1612 1441; x_wconf 88' lang='lat' dir='ltr'><strong>concordet.</strong></span> <span class='ocrx_word' id='word_1_76' title='bbox 1667 1383 1924 1453; x_wconf 84' lang='lat' dir='ltr'><strong>Superius</strong></span> 
     </span>
    </p>
   </div>
   <div class='ocr_carea' id='block_1_13' title="bbox 340 1475 1924 1554">
    <p class='ocr_par' dir='ltr' id='par_1_13' title="bbox 340 1475 1924 1554">
     <span class='ocr_line' id='line_1_13' title="bbox 340 1475 1924 1554; baseline -0.004 -15"><span class='ocrx_word' id='word_1_77' title='bbox 340 1487 534 1554; x_wconf 86' lang='lat' dir='ltr'><strong>quippe</strong></span> <span class='ocrx_word' id='word_1_78' title='bbox 561 1485 615 1537; x_wconf 94' lang='lat' dir='ltr'><strong>in</strong></span> <span class='ocrx_word' id='word_1_79' title='bbox 640 1484 830 1538; x_wconf 87' lang='lat' dir='ltr'><strong>eadem</strong></span> <span class='ocrx_word' id='word_1_80' title='bbox 859 1484 969 1551; x_wconf 90' lang='lat' dir='ltr'><strong>ipsa</strong></span> <span class='ocrx_word' id='word_1_81' title='bbox 993 1482 1236 1552; x_wconf 86' lang='lat' dir='ltr'><strong>epistola,</strong></span> <span class='ocrx_word' id='word_1_82' title='bbox 1262 1481 1313 1533; x_wconf 90' lang='lat' dir='ltr'><strong>in</strong></span> <span class='ocrx_word' id='word_1_83' title='bbox 1345 1494 1447 1548; x_wconf 88' lang='lat' dir='ltr'><strong>qua</strong></span> <span class='ocrx_word' id='word_1_84' title='bbox 1477 1479 1579 1532; x_wconf 88' lang='lat' dir='ltr'><strong>hoc</strong></span> <span class='ocrx_word' id='word_1_85' title='bbox 1607 1480 1760 1546; x_wconf 86' lang='lat' dir='ltr'><strong>petis,</strong></span> <span class='ocrx_word' id='word_1_86' title='bbox 1784 1475 1924 1545; x_wconf 86' lang='lat' dir='ltr'><strong>apud</strong></span> 
     </span>
    </p>
   </div>
   <div class='ocr_carea' id='block_1_14' title="bbox 345 1566 1925 1642">
    <p class='ocr_par' dir='ltr' id='par_1_14' title="bbox 345 1566 1925 1642">
     <span class='ocr_line' id='line_1_14' title="bbox 345 1566 1925 1642; baseline -0.004 -14"><span class='ocrx_word' id='word_1_87' title='bbox 345 1574 680 1642; x_wconf 75' lang='lat' dir='ltr'><strong>temetipsum</strong></span> <span class='ocrx_word' id='word_1_88' title='bbox 710 1573 962 1628; x_wconf 90' lang='lat' dir='ltr'><strong>deﬁnisse</strong></span> <span class='ocrx_word' id='word_1_89' title='bbox 987 1582 1038 1626; x_wconf 89' lang='lat' dir='ltr'><strong>te</strong></span> <span class='ocrx_word' id='word_1_90' title='bbox 1067 1571 1218 1635; x_wconf 88' lang='lat' dir='ltr'><strong>dicis,</strong></span> <span class='ocrx_word' id='word_1_91' title='bbox 1246 1586 1310 1624; x_wconf 84' lang='lat' dir='ltr'><strong>ex</strong></span> <span class='ocrx_word' id='word_1_92' title='bbox 1343 1569 1443 1623; x_wconf 91' lang='lat' dir='ltr'><strong>ﬁde</strong></span> <span class='ocrx_word' id='word_1_93' title='bbox 1465 1569 1736 1623; x_wconf 83' lang='lat' dir='ltr'><strong>veritatem</strong></span> <span class='ocrx_word' id='word_1_94' title='bbox 1760 1566 1925 1635; x_wconf 82' lang='lat' dir='ltr'><strong>magis</strong></span> 
     </span>
    </p>
   </div>
   <div class='ocr_carea' id='block_1_15' title="bbox 343 1659 1925 1736">
    <p class='ocr_par' dir='ltr' id='par_1_15' title="bbox 343 1659 1925 1736">
     <span class='ocr_line' id='line_1_15' title="bbox 343 1659 1925 1736; baseline -0.005 -16"><span class='ocrx_word' id='word_1_95' title='bbox 343 1681 500 1736; x_wconf 87' lang='lat' dir='ltr'><strong>quam</strong></span> <span class='ocrx_word' id='word_1_96' title='bbox 527 1681 593 1720; x_wconf 80' lang='lat' dir='ltr'><strong>ex</strong></span> <span class='ocrx_word' id='word_1_97' title='bbox 620 1666 824 1719; x_wconf 89' lang='lat' dir='ltr'><strong>ratione</strong></span> <span class='ocrx_word' id='word_1_98' title='bbox 864 1665 1063 1733; x_wconf 81' lang='lat' dir='ltr'><strong>percipi</strong></span> <span class='ocrx_word' id='word_1_99' title='bbox 1101 1672 1371 1734; x_wconf 88' lang='lat' dir='ltr'><strong>oportere.</strong></span> <span class='ocrx_word' id='word_1_100' title='bbox 1415 1661 1476 1716; x_wconf 87' lang='lat' dir='ltr'><strong>Si</strong></span> <span class='ocrx_word' id='word_1_101' title='bbox 1504 1662 1634 1714; x_wconf 86' lang='lat' dir='ltr'><strong>enim</strong></span> <span class='ocrx_word' id='word_1_102' title='bbox 1661 1661 1815 1729; x_wconf 78' lang='lat' dir='ltr'><strong>ﬁdes,</strong></span> <span class='ocrx_word' id='word_1_103' title='bbox 1845 1659 1925 1712; x_wconf 88' lang='lat' dir='ltr'><strong>in-</strong></span> 
     </span>
    </p>
   </div>
   <div class='ocr_carea' id='block_1_16' title="bbox 345 1754 1928 1829">
    <p class='ocr_par' dir='ltr' id='par_1_16' title="bbox 345 1754 1928 1829">
     <span class='ocr_line' id='line_1_16' title="bbox 345 1754 1928 1829; baseline -0.005 -17"><span class='ocrx_word' id='word_1_104' title='bbox 345 1760 481 1829; x_wconf 86' lang='lat' dir='ltr'><strong>quis,</strong></span> <span class='ocrx_word' id='word_1_105' title='bbox 505 1767 691 1812; x_wconf 74' lang='lat' dir='ltr'><strong>sancta:</strong></span> <span class='ocrx_word' id='word_1_106' title='bbox 716 1757 960 1812; x_wconf 75' lang='lat' dir='ltr'><strong>Ecclesia:</strong></span> <span class='ocrx_word' id='word_1_107' title='bbox 982 1773 1047 1811; x_wconf 79' lang='lat' dir='ltr'><strong>ea:</strong></span> <span class='ocrx_word' id='word_1_108' title='bbox 1063 1755 1419 1824; x_wconf 83' lang='lat' dir='ltr'><strong>disputationis</strong></span> <span class='ocrx_word' id='word_1_109' title='bbox 1441 1754 1654 1818; x_wconf 84' lang='lat' dir='ltr'><strong>ratione,</strong></span> <span class='ocrx_word' id='word_1_110' title='bbox 1673 1761 1719 1806; x_wconf 87' lang='lat' dir='ltr'><strong>et</strong></span> <span class='ocrx_word' id='word_1_111' title='bbox 1747 1768 1846 1805; x_wconf 88' lang='lat' dir='ltr'><strong>non</strong></span> <span class='ocrx_word' id='word_1_112' title='bbox 1867 1767 1928 1804; x_wconf 76' lang='lat' dir='ltr'><strong>ea:</strong></span> 
     </span>
    </p>
   </div>
   <div class='ocr_carea' id='block_1_17' title="bbox 346 1839 1928 1918">
    <p class='ocr_par' dir='ltr' id='par_1_17' title="bbox 346 1839 1928 1918">
     <span class='ocr_line' id='line_1_17' title="bbox 346 1839 1928 1918; baseline -0.006 -16"><span class='ocrx_word' id='word_1_113' title='bbox 346 1847 655 1902; x_wconf 77' lang='lat' dir='ltr'><strong>credulitatis</strong></span> <span class='ocrx_word' id='word_1_114' title='bbox 675 1848 860 1918; x_wconf 77' lang='lat' dir='ltr'><strong>pietate</strong></span> <span class='ocrx_word' id='word_1_115' title='bbox 879 1846 1356 1917; x_wconf 84' lang='lat' dir='ltr'><strong>appreltenderetur,</strong></span> <span class='ocrx_word' id='word_1_116' title='bbox 1384 1861 1528 1898; x_wconf 87' lang='lat' dir='ltr'><strong>nemo</strong></span> <span class='ocrx_word' id='word_1_117' title='bbox 1560 1852 1742 1913; x_wconf 76' lang='lat' dir='ltr'><strong>pra&#39;ter</strong></span> <span class='ocrx_word' id='word_1_118' title='bbox 1762 1839 1928 1910; x_wconf 82' lang='lat' dir='ltr'><strong>philo-</strong></span> 
     </span>
    </p>
   </div>
   <div class='ocr_carea' id='block_1_18' title="bbox 343 1933 1930 2012">
    <p class='ocr_par' dir='ltr' id='par_1_18' title="bbox 343 1933 1930 2012">
     <span class='ocr_line' id='line_1_18' title="bbox 343 1933 1930 2012; baseline -0.006 -17"><span class='ocrx_word' id='word_1_119' title='bbox 343 1942 529 2012; x_wconf 83' lang='lat' dir='ltr'><strong>sophos</strong></span> <span class='ocrx_word' id='word_1_120' title='bbox 554 1949 702 2008; x_wconf 86' lang='lat' dir='ltr'><strong>atque</strong></span> <span class='ocrx_word' id='word_1_121' title='bbox 725 1948 946 1994; x_wconf 88' lang='lat' dir='ltr'><strong>oratores</strong></span> <span class='ocrx_word' id='word_1_122' title='bbox 975 1939 1328 1992; x_wconf 80' lang='lat' dir='ltr'><strong>beatitudinem</strong></span> <span class='ocrx_word' id='word_1_123' title='bbox 1359 1935 1651 2007; x_wconf 79' lang='lat' dir='ltr'><strong>possideret.</strong></span> <span class='ocrx_word' id='word_1_124' title='bbox 1683 1933 1788 1990; x_wconf 86' lang='lat' dir='ltr'><strong>Sed</strong></span> <span class='ocrx_word' id='word_1_125' title='bbox 1811 1934 1930 2005; x_wconf 84' lang='lat' dir='ltr'><strong>quia</strong></span> 
     </span>
    </p>
   </div>
   <div class='ocr_carea' id='block_1_19' title="bbox 346 2025 1935 2102">
    <p class='ocr_par' dir='ltr' id='par_1_19' title="bbox 346 2025 1935 2102">
     <span class='ocr_line' id='line_1_19' title="bbox 346 2025 1935 2102; baseline -0.006 -18"><span class='ocrx_word' id='word_1_126' title='bbox 346 2031 556 2102; x_wconf 80' lang='lat' dir='ltr'><strong>placuit,</strong></span> <span class='ocrx_word' id='word_1_127' title='bbox 570 2031 765 2099; x_wconf 83' lang='lat' dir='ltr'><strong>inquis,</strong></span> <span class='ocrx_word' id='word_1_128' title='bbox 785 2029 910 2092; x_wconf 87' lang='lat' dir='ltr'><strong>Deo,</strong></span> <span class='ocrx_word' id='word_1_129' title='bbox 928 2030 1012 2098; x_wconf 84' lang='lat' dir='ltr'><strong>qui</strong></span> <span class='ocrx_word' id='word_1_130' title='bbox 1024 2027 1226 2096; x_wconf 85' lang='lat' dir='ltr'><strong>inﬁrma</strong></span> <span class='ocrx_word' id='word_1_131' title='bbox 1243 2029 1394 2098; x_wconf 86' lang='lat' dir='ltr'><strong>hujus</strong></span> <span class='ocrx_word' id='word_1_132' title='bbox 1405 2027 1581 2080; x_wconf 88' lang='lat' dir='ltr'><strong>mundi</strong></span> <span class='ocrx_word' id='word_1_133' title='bbox 1596 2025 1737 2096; x_wconf 83' lang='lat' dir='ltr'><strong>elegit</strong></span> <span class='ocrx_word' id='word_1_134' title='bbox 1756 2033 1806 2076; x_wconf 91' lang='lat' dir='ltr'><strong>ut</strong></span> <span class='ocrx_word' id='word_1_135' title='bbox 1819 2040 1935 2077; x_wconf 85' lang='lat' dir='ltr'><strong>can-</strong></span> 
     </span>
    </p>
   </div>
   <div class='ocr_carea' id='block_1_20' title="bbox 347 2117 1934 2192">
    <p class='ocr_par' dir='ltr' id='par_1_20' title="bbox 347 2117 1934 2192">
     <span class='ocr_line' id='line_1_20' title="bbox 347 2117 1934 2192; baseline -0.005 -17"><span class='ocrx_word' id='word_1_136' title='bbox 347 2123 578 2192; x_wconf 75' lang='lat' dir='ltr'><strong>funderet</strong></span> <span class='ocrx_word' id='word_1_137' title='bbox 598 2123 772 2192; x_wconf 78' lang='lat' dir='ltr'><strong>fortia,</strong></span> <span class='ocrx_word' id='word_1_138' title='bbox 797 2137 887 2190; x_wconf 90' lang='lat' dir='ltr'><strong>per</strong></span> <span class='ocrx_word' id='word_1_139' title='bbox 905 2121 1169 2174; x_wconf 83' lang='lat' dir='ltr'><strong>stultitiam</strong></span> <span class='ocrx_word' id='word_1_140' title='bbox 1187 2119 1534 2190; x_wconf 77' lang='lat' dir='ltr'><strong>prazdirationi</strong></span> <span class='ocrx_word' id='word_1_141' title='bbox 1554 2117 1744 2174; x_wconf 81' lang='lat' dir='ltr'><strong>ssalcos</strong></span> <span class='ocrx_word' id='word_1_142' title='bbox 1769 2119 1934 2186; x_wconf 77' lang='lat' dir='ltr'><strong>facere</strong></span> 
     </span>
    </p>
   </div>
   <div class='ocr_carea' id='block_1_21' title="bbox 347 2208 1933 2284">
    <p class='ocr_par' dir='ltr' id='par_1_21' title="bbox 347 2208 1933 2284">
     <span class='ocr_line' id='line_1_21' title="bbox 347 2208 1933 2284; baseline -0.007 -17"><span class='ocrx_word' id='word_1_143' title='bbox 347 2213 602 2267; x_wconf 70' lang='lat' dir='ltr'><strong>credentes</strong></span> <span class='ocrx_word' id='word_1_144' title='bbox 619 2213 661 2284; x_wconf 91' lang='grc' dir='ltr'><strong>(Ι</strong></span> <span class='ocrx_word' id='word_1_145' title='bbox 687 2212 804 2267; x_wconf 84' lang='lat' dir='ltr'><strong>Cor.</strong></span> <span class='ocrx_word' id='word_1_146' title='bbox 823 2229 861 2279; x_wconf 84' lang='grc' dir='ltr'>ι,</span> <span class='ocrx_word' id='word_1_147' title='bbox 885 2211 998 2281; x_wconf 72' lang='lat'><strong>27),</strong></span> <span class='ocrx_word' id='word_1_148' title='bbox 1033 2228 1133 2267; x_wconf 84' lang='lat' dir='ltr'><strong>non</strong></span> <span class='ocrx_word' id='word_1_149' title='bbox 1159 2220 1262 2263; x_wconf 84' lang='lat' dir='ltr'><strong>tant</strong></span> <span class='ocrx_word' id='word_1_150' title='bbox 1287 2210 1416 2263; x_wconf 88' lang='lat' dir='ltr'><strong>ratio</strong></span> <span class='ocrx_word' id='word_1_151' title='bbox 1438 2208 1752 2278; x_wconf 87' lang='lat' dir='ltr'><strong>requirenda,</strong></span> <span class='ocrx_word' id='word_1_152' title='bbox 1781 2221 1933 2278; x_wconf 84' lang='lat' dir='ltr'><strong>quant</strong></span> 
     </span>
    </p>
   </div>
   <div class='ocr_carea' id='block_1_22' title="bbox 347 2301 1932 2374">
    <p class='ocr_par' dir='ltr' id='par_1_22' title="bbox 347 2301 1932 2374">
     <span class='ocr_line' id='line_1_22' title="bbox 347 2301 1932 2374; baseline -0.003 -17"><span class='ocrx_word' id='word_1_153' title='bbox 347 2305 621 2357; x_wconf 80' lang='lat' dir='ltr'><strong>auctoritas</strong></span> <span class='ocrx_word' id='word_1_154' title='bbox 661 2313 733 2359; x_wconf 86' lang='lat' dir='ltr'><strong>est</strong></span> <span class='ocrx_word' id='word_1_155' title='bbox 759 2305 1010 2374; x_wconf 85' lang='lat' dir='ltr'><strong>sequenda</strong></span> <span class='ocrx_word' id='word_1_156' title='bbox 1046 2313 1352 2358; x_wconf 83' lang='lat' dir='ltr'><strong>sanctorum.</strong></span> <span class='ocrx_word' id='word_1_157' title='bbox 1399 2301 1530 2355; x_wconf 76' lang='lat' dir='ltr'><strong>V&#39;ide</strong></span> <span class='ocrx_word' id='word_1_158' title='bbox 1569 2315 1697 2371; x_wconf 88' lang='lat' dir='ltr'><strong>ergo</strong></span> <span class='ocrx_word' id='word_1_159' title='bbox 1741 2315 1932 2354; x_wconf 84' lang='lat' dir='ltr'><strong>secun-</strong></span> 
     </span>
    </p>
   </div>
   <div class='ocr_carea' id='block_1_23' title="bbox 348 2392 1935 2466">
    <p class='ocr_par' dir='ltr' id='par_1_23' title="bbox 348 2392 1935 2466">
     <span class='ocr_line' id='line_1_23' title="bbox 348 2392 1935 2466; baseline -0.003 -16"><span class='ocrx_word' id='word_1_160' title='bbox 348 2397 475 2450; x_wconf 90' lang='lat' dir='ltr'><strong>dum</strong></span> <span class='ocrx_word' id='word_1_161' title='bbox 507 2396 622 2450; x_wconf 64' lang='lat' dir='ltr'><strong>haec</strong></span> <span class='ocrx_word' id='word_1_162' title='bbox 649 2397 806 2452; x_wconf 88' lang='lat' dir='ltr'><strong>verba</strong></span> <span class='ocrx_word' id='word_1_163' title='bbox 837 2407 943 2463; x_wconf 91' lang='lat' dir='ltr'><strong>tua,</strong></span> <span class='ocrx_word' id='word_1_164' title='bbox 969 2413 1035 2452; x_wconf 90' lang='lat' dir='ltr'><strong>nc</strong></span> <span class='ocrx_word' id='word_1_165' title='bbox 1061 2397 1233 2466; x_wconf 85' lang='lat' dir='ltr'><strong>potius</strong></span> <span class='ocrx_word' id='word_1_166' title='bbox 1256 2395 1468 2455; x_wconf 85' lang='lat' dir='ltr'><strong>debeas.</strong></span> <span class='ocrx_word' id='word_1_167' title='bbox 1503 2395 1730 2448; x_wconf 81' lang='lat' dir='ltr'><strong>maxime</strong></span> <span class='ocrx_word' id='word_1_168' title='bbox 1750 2393 1814 2447; x_wconf 90' lang='lat' dir='ltr'><strong>de</strong></span> <span class='ocrx_word' id='word_1_169' title='bbox 1836 2392 1935 2446; x_wconf 72' lang='lat' dir='ltr'><strong>hac</strong></span> 
     </span>
    </p>
   </div>
   <div class='ocr_carea' id='block_1_24' title="bbox 349 2487 1938 2558">
    <p class='ocr_par' dir='ltr' id='par_1_24' title="bbox 349 2487 1938 2558">
     <span class='ocr_line' id='line_1_24' title="bbox 349 2487 1938 2558; baseline -0.004 -15"><span class='ocrx_word' id='word_1_170' title='bbox 349 2503 427 2552; x_wconf 84' lang='lat' dir='ltr'><strong>re,</strong></span> <span class='ocrx_word' id='word_1_171' title='bbox 455 2487 509 2542; x_wconf 90' lang='lat' dir='ltr'><strong>in</strong></span> <span class='ocrx_word' id='word_1_172' title='bbox 537 2503 640 2558; x_wconf 86' lang='lat' dir='ltr'><strong>qua</strong></span> <span class='ocrx_word' id='word_1_173' title='bbox 668 2493 931 2558; x_wconf 61' lang='lat' dir='ltr'><strong>praecipue</strong></span> <span class='ocrx_word' id='word_1_174' title='bbox 959 2488 1088 2543; x_wconf 89' lang='lat' dir='ltr'><strong>ﬁdes</strong></span> <span class='ocrx_word' id='word_1_175' title='bbox 1115 2496 1295 2542; x_wconf 89' lang='lat' dir='ltr'><strong>nostra</strong></span> <span class='ocrx_word' id='word_1_176' title='bbox 1323 2487 1587 2551; x_wconf 85' lang='lat' dir='ltr'><strong>consistit,</strong></span> <span class='ocrx_word' id='word_1_177' title='bbox 1619 2487 1786 2540; x_wconf 78' lang='lat' dir='ltr'><strong>solam</strong></span> <span class='ocrx_word' id='word_1_178' title='bbox 1815 2500 1938 2539; x_wconf 89' lang='lat' dir='ltr'><strong>san-</strong></span> 
     </span>
    </p>
   </div>
   <div class='ocr_carea' id='block_1_25' title="bbox 347 2579 1938 2650">
    <p class='ocr_par' dir='ltr' id='par_1_25' title="bbox 347 2579 1938 2650">
     <span class='ocr_line' id='line_1_25' title="bbox 347 2579 1938 2650; baseline -0.001 -15"><span class='ocrx_word' id='word_1_179' title='bbox 347 2587 560 2636; x_wconf 90' lang='lat' dir='ltr'><strong>ctorum</strong></span> <span class='ocrx_word' id='word_1_180' title='bbox 580 2581 948 2636; x_wconf 81' lang='lat' dir='ltr'><strong>auctoritatem</strong></span> <span class='ocrx_word' id='word_1_181' title='bbox 971 2581 1142 2650; x_wconf 89' lang='lat' dir='ltr'><strong>sequi,</strong></span> <span class='ocrx_word' id='word_1_182' title='bbox 1167 2595 1266 2635; x_wconf 91' lang='lat' dir='ltr'><strong>nec</strong></span> <span class='ocrx_word' id='word_1_183' title='bbox 1287 2579 1400 2649; x_wconf 88' lang='lat' dir='ltr'><strong>ejus</strong></span> <span class='ocrx_word' id='word_1_184' title='bbox 1420 2579 1778 2650; x_wconf 71' lang='lat' dir='ltr'><strong>intelligentia:</strong></span> <span class='ocrx_word' id='word_1_185' title='bbox 1806 2593 1832 2631; x_wconf 93' lang='lat' dir='ltr'><strong>a</strong></span> <span class='ocrx_word' id='word_1_186' title='bbox 1852 2592 1938 2633; x_wconf 89' lang='lat' dir='ltr'><strong>me</strong></span> 
     </span>
    </p>
   </div>
   <div class='ocr_carea' id='block_1_26' title="bbox 353 2671 1936 2742">
    <p class='ocr_par' dir='ltr' id='par_1_26' title="bbox 353 2671 1936 2742">
     <span class='ocr_line' id='line_1_26' title="bbox 353 2671 1936 2742; baseline -0.001 -16"><span class='ocrx_word' id='word_1_187' title='bbox 353 2686 596 2742; x_wconf 60' lang='lat' dir='ltr'><strong>quaerere</strong></span> <span class='ocrx_word' id='word_1_188' title='bbox 638 2672 918 2726; x_wconf 88' lang='lat' dir='ltr'><strong>rationem.</strong></span> <span class='ocrx_word' id='word_1_189' title='bbox 959 2671 1140 2741; x_wconf 89' lang='lat' dir='ltr'><strong>Neque</strong></span> <span class='ocrx_word' id='word_1_190' title='bbox 1189 2672 1332 2726; x_wconf 90' lang='lat' dir='ltr'><strong>enim</strong></span> <span class='ocrx_word' id='word_1_191' title='bbox 1373 2686 1492 2725; x_wconf 92' lang='lat' dir='ltr'><strong>cum</strong></span> <span class='ocrx_word' id='word_1_192' title='bbox 1543 2685 1756 2740; x_wconf 70' lang='lat' dir='ltr'><strong>cmpero</strong></span> <span class='ocrx_word' id='word_1_193' title='bbox 1799 2679 1848 2724; x_wconf 93' lang='lat' dir='ltr'><strong>te</strong></span> <span class='ocrx_word' id='word_1_194' title='bbox 1885 2671 1936 2724; x_wconf 91' lang='lat' dir='ltr'><strong>in</strong></span> 
     </span>
    </p>
   </div>
   <div class='ocr_carea' id='block_1_27' title="bbox 353 2760 1938 2832">
    <p class='ocr_par' dir='ltr' id='par_1_27' title="bbox 353 2760 1938 2832">
     <span class='ocr_line' id='line_1_27' title="bbox 353 2760 1938 2832; baseline -0.001 -17"><span class='ocrx_word' id='word_1_195' title='bbox 353 2762 485 2815; x_wconf 88' lang='lat' dir='ltr'><strong>tanti</strong></span> <span class='ocrx_word' id='word_1_196' title='bbox 516 2761 674 2831; x_wconf 84' lang='lat' dir='ltr'><strong>hujus</strong></span> <span class='ocrx_word' id='word_1_197' title='bbox 714 2764 903 2816; x_wconf 89' lang='lat' dir='ltr'><strong>secreti</strong></span> <span class='ocrx_word' id='word_1_198' title='bbox 936 2761 1333 2832; x_wconf 82' lang='lat' dir='ltr'><strong>intelligentiam</strong></span> <span class='ocrx_word' id='word_1_199' title='bbox 1369 2770 1654 2830; x_wconf 89' lang='lat' dir='ltr'><strong>utcumque</strong></span> <span class='ocrx_word' id='word_1_200' title='bbox 1697 2760 1938 2814; x_wconf 83' lang='lat' dir='ltr'><strong>introdu-</strong></span> 
     </span>
    </p>
   </div>
   <div class='ocr_carea' id='block_1_28' title="bbox 350 2850 1942 2922">
    <p class='ocr_par' dir='ltr' id='par_1_28' title="bbox 350 2850 1942 2922">
     <span class='ocr_line' id='line_1_28' title="bbox 350 2850 1942 2922; baseline -0.002 -15"><span class='ocrx_word' id='word_1_201' title='bbox 350 2866 476 2907; x_wconf 86' lang='lat' dir='ltr'><strong>cere</strong></span> <span class='ocrx_word' id='word_1_202' title='bbox 505 2852 674 2922; x_wconf 90' lang='lat' dir='ltr'><strong>(quod</strong></span> <span class='ocrx_word' id='word_1_203' title='bbox 704 2852 804 2906; x_wconf 90' lang='lat' dir='ltr'><strong>nisi</strong></span> <span class='ocrx_word' id='word_1_204' title='bbox 836 2854 974 2907; x_wconf 83' lang='lat' dir='ltr'><strong>Deus</strong></span> <span class='ocrx_word' id='word_1_205' title='bbox 1004 2853 1144 2906; x_wconf 90' lang='lat' dir='ltr'><strong>intus</strong></span> <span class='ocrx_word' id='word_1_206' title='bbox 1171 2850 1452 2920; x_wconf 80' lang='lat' dir='ltr'><strong>adjuvet-it,</strong></span> <span class='ocrx_word' id='word_1_207' title='bbox 1477 2852 1692 2904; x_wconf 90' lang='lat' dir='ltr'><strong>omnino</strong></span> <span class='ocrx_word' id='word_1_208' title='bbox 1721 2867 1824 2904; x_wconf 91' lang='lat' dir='ltr'><strong>non</strong></span> <span class='ocrx_word' id='word_1_209' title='bbox 1849 2865 1942 2920; x_wconf 84' lang='lat' dir='ltr'><strong>po-</strong></span> 
     </span>
    </p>
   </div>
   <div class='ocr_carea' id='block_1_29' title="bbox 353 2939 1941 3014">
    <p class='ocr_par' dir='ltr' id='par_1_29' title="bbox 353 2939 1941 3014">
     <span class='ocr_line' id='line_1_29' title="bbox 353 2939 1941 3014; baseline -0.001 -17"><span class='ocrx_word' id='word_1_210' title='bbox 353 2940 512 3014; x_wconf 88' lang='lat' dir='ltr'><strong>tero),</strong></span> <span class='ocrx_word' id='word_1_211' title='bbox 541 2942 684 2996; x_wconf 90' lang='lat' dir='ltr'><strong>aliud</strong></span> <span class='ocrx_word' id='word_1_212' title='bbox 712 2942 1021 2998; x_wconf 89' lang='lat' dir='ltr'><strong>disserendo</strong></span> <span class='ocrx_word' id='word_1_213' title='bbox 1065 2943 1294 2997; x_wconf 82' lang='lat' dir='ltr'><strong>facturus</strong></span> <span class='ocrx_word' id='word_1_214' title='bbox 1323 2939 1460 3004; x_wconf 84' lang='lat' dir='ltr'><strong>sum,</strong></span> <span class='ocrx_word' id='word_1_215' title='bbox 1493 2957 1651 3011; x_wconf 82' lang='lat' dir='ltr'><strong>quant</strong></span> <span class='ocrx_word' id='word_1_216' title='bbox 1681 2943 1941 2996; x_wconf 88' lang='lat' dir='ltr'><strong>rationent</strong></span> 
     </span>
    </p>
   </div>
   <div class='ocr_carea' id='block_1_30' title="bbox 353 3032 1944 3103">
    <p class='ocr_par' dir='ltr' id='par_1_30' title="bbox 353 3032 1944 3103">
     <span class='ocr_line' id='line_1_30' title="bbox 353 3032 1944 3103; baseline 0.001 -16"><span class='ocrx_word' id='word_1_217' title='bbox 353 3045 410 3087; x_wconf 84' lang='grc' dir='ltr'><strong>ιιι</strong></span> <span class='ocrx_word' id='word_1_218' title='bbox 437 3045 626 3103; x_wconf 89' lang='lat' dir='ltr'><strong>potero</strong></span> <span class='ocrx_word' id='word_1_219' title='bbox 652 3034 952 3088; x_wconf 88' lang='lat' dir='ltr'><strong>redditurus</strong></span> <span class='ocrx_word' id='word_1_220' title='bbox 981 3051 995 3086; x_wconf 88' lang='lat'><strong>:</strong></span> <span class='ocrx_word' id='word_1_221' title='bbox 1027 3049 1184 3103; x_wconf 90' lang='lat' dir='ltr'><strong>quam</strong></span> <span class='ocrx_word' id='word_1_222' title='bbox 1215 3033 1260 3088; x_wconf 89' lang='lat' dir='ltr'><strong>si</strong></span> <span class='ocrx_word' id='word_1_223' title='bbox 1307 3049 1336 3088; x_wconf 90' lang='lat' dir='ltr'><strong>a</strong></span> <span class='ocrx_word' id='word_1_224' title='bbox 1377 3048 1482 3096; x_wconf 89' lang='lat' dir='ltr'><strong>me,</strong></span> <span class='ocrx_word' id='word_1_225' title='bbox 1516 3033 1598 3088; x_wconf 81' lang='lat' dir='ltr'><strong>vel</strong></span> <span class='ocrx_word' id='word_1_226' title='bbox 1637 3048 1667 3086; x_wconf 91' lang='lat' dir='ltr'><strong>a</strong></span> <span class='ocrx_word' id='word_1_227' title='bbox 1707 3032 1944 3103; x_wconf 85' lang='lat' dir='ltr'><strong>quolibet</strong></span> 
     </span>
    </p>
   </div>
   <div class='ocr_carea' id='block_1_31' title="bbox 353 3121 1941 3193">
    <p class='ocr_par' dir='ltr' id='par_1_31' title="bbox 353 3121 1941 3193">
     <span class='ocr_line' id='line_1_31' title="bbox 353 3121 1941 3193; baseline 0.001 -16"><span class='ocrx_word' id='word_1_228' title='bbox 353 3121 576 3178; x_wconf 85' lang='lat' dir='ltr'><strong>doctore</strong></span> <span class='ocrx_word' id='word_1_229' title='bbox 611 3138 714 3177; x_wconf 91' lang='lat' dir='ltr'><strong>non</strong></span> <span class='ocrx_word' id='word_1_230' title='bbox 752 3123 1186 3178; x_wconf 88' lang='lat' dir='ltr'><strong>irrationabiliter</strong></span> <span class='ocrx_word' id='word_1_231' title='bbox 1215 3123 1437 3193; x_wconf 85' lang='lat' dir='ltr'><strong>ﬂagitas,</strong></span> <span class='ocrx_word' id='word_1_232' title='bbox 1479 3132 1538 3178; x_wconf 92' lang='lat' dir='ltr'><strong>ut</strong></span> <span class='ocrx_word' id='word_1_233' title='bbox 1581 3123 1722 3192; x_wconf 91' lang='lat' dir='ltr'><strong>quod</strong></span> <span class='ocrx_word' id='word_1_234' title='bbox 1767 3123 1941 3178; x_wconf 86' lang='lat' dir='ltr'><strong>credis</strong></span> 
     </span>
    </p>
   </div>
   <div class='ocr_carea' id='block_1_32' title="bbox 354 3213 1941 3285">
    <p class='ocr_par' dir='ltr' id='par_1_32' title="bbox 354 3213 1941 3285">
     <span class='ocr_line' id='line_1_32' title="bbox 354 3213 1941 3285; baseline 0 -17"><span class='ocrx_word' id='word_1_235' title='bbox 354 3213 639 3285; x_wconf 80' lang='lat' dir='ltr'><strong>intelligas,</strong></span> <span class='ocrx_word' id='word_1_236' title='bbox 691 3216 896 3285; x_wconf 80' lang='lat' dir='ltr'><strong>corrige</strong></span> <span class='ocrx_word' id='word_1_237' title='bbox 937 3215 1297 3270; x_wconf 88' lang='lat' dir='ltr'><strong>deﬁnitionem</strong></span> <span class='ocrx_word' id='word_1_238' title='bbox 1343 3223 1509 3279; x_wconf 88' lang='lat' dir='ltr'><strong>tuam,</strong></span> <span class='ocrx_word' id='word_1_239' title='bbox 1538 3229 1643 3268; x_wconf 91' lang='lat' dir='ltr'><strong>non</strong></span> <span class='ocrx_word' id='word_1_240' title='bbox 1683 3224 1738 3269; x_wconf 93' lang='lat' dir='ltr'><strong>ut</strong></span> <span class='ocrx_word' id='word_1_241' title='bbox 1784 3214 1941 3268; x_wconf 92' lang='lat' dir='ltr'><strong>ﬁdem</strong></span> 
     </span>
    </p>
   </div>
   <div class='ocr_carea' id='block_1_33' title="bbox 357 3305 1942 3376">
    <p class='ocr_par' dir='ltr' id='par_1_33' title="bbox 357 3305 1942 3376">
     <span class='ocr_line' id='line_1_33' title="bbox 357 3305 1942 3376; baseline -0.001 -15"><span class='ocrx_word' id='word_1_242' title='bbox 357 3322 602 3376; x_wconf 83' lang='lat' dir='ltr'><strong>respuas,</strong></span> <span class='ocrx_word' id='word_1_243' title='bbox 621 3307 717 3362; x_wconf 88' lang='lat' dir='ltr'><strong>sed</strong></span> <span class='ocrx_word' id='word_1_244' title='bbox 744 3317 880 3361; x_wconf 89' lang='lat' dir='ltr'><strong>utea</strong></span> <span class='ocrx_word' id='word_1_245' title='bbox 903 3323 1020 3376; x_wconf 71' lang='lat' dir='ltr'><strong>qua:</strong></span> <span class='ocrx_word' id='word_1_246' title='bbox 1049 3305 1169 3361; x_wconf 88' lang='lat' dir='ltr'><strong>ﬁdei</strong></span> <span class='ocrx_word' id='word_1_247' title='bbox 1197 3306 1444 3360; x_wconf 83' lang='lat' dir='ltr'><strong>ﬁrmitate</strong></span> <span class='ocrx_word' id='word_1_248' title='bbox 1461 3306 1569 3376; x_wconf 90' lang='lat' dir='ltr'><strong>jam</strong></span> <span class='ocrx_word' id='word_1_249' title='bbox 1592 3314 1760 3372; x_wconf 86' lang='lat' dir='ltr'><strong>tenes,</strong></span> <span class='ocrx_word' id='word_1_250' title='bbox 1783 3307 1942 3360; x_wconf 88' lang='lat' dir='ltr'><strong>etiam</strong></span> 
     </span>
    </p>
   </div>
   <div class='ocr_carea' id='block_1_34' title="bbox 355 3397 1070 3466">
    <p class='ocr_par' dir='ltr' id='par_1_34' title="bbox 355 3397 1070 3466">
     <span class='ocr_line' id='line_1_34' title="bbox 355 3397 1070 3466; baseline -0.003 -16"><span class='ocrx_word' id='word_1_251' title='bbox 355 3397 582 3451; x_wconf 82' lang='lat' dir='ltr'><strong>rationis</strong></span> <span class='ocrx_word' id='word_1_252' title='bbox 607 3397 724 3451; x_wconf 91' lang='lat' dir='ltr'><strong>lucc</strong></span> <span class='ocrx_word' id='word_1_253' title='bbox 752 3398 1070 3466; x_wconf 81' lang='lat' dir='ltr'><strong>conspicias.</strong></span> 
     </span>
    </p>
   </div>
   <div class='ocr_carea' id='block_1_35' title="bbox 429 3487 1944 3560">
    <p class='ocr_par' dir='ltr' id='par_1_35' title="bbox 429 3487 1944 3560">
     <span class='ocr_line' id='line_1_35' title="bbox 429 3487 1944 3560; baseline -0.001 -17"><span class='ocrx_word' id='word_1_254' title='bbox 429 3489 483 3543; x_wconf 81' lang='lat'><strong>3.</strong></span> <span class='ocrx_word' id='word_1_255' title='bbox 513 3489 668 3544; x_wconf 80' lang='lat' dir='ltr'><strong>Absit</strong></span> <span class='ocrx_word' id='word_1_256' title='bbox 705 3504 934 3560; x_wconf 85' lang='lat' dir='ltr'><strong>namque</strong></span> <span class='ocrx_word' id='word_1_257' title='bbox 971 3499 1028 3544; x_wconf 92' lang='grc' dir='ltr'><strong>ιιι</strong></span> <span class='ocrx_word' id='word_1_258' title='bbox 1061 3489 1162 3544; x_wconf 89' lang='lat' dir='ltr'><strong>hoc</strong></span> <span class='ocrx_word' id='word_1_259' title='bbox 1196 3489 1248 3543; x_wconf 94' lang='lat' dir='ltr'><strong>in</strong></span> <span class='ocrx_word' id='word_1_260' title='bbox 1280 3489 1434 3544; x_wconf 90' lang='lat' dir='ltr'><strong>nobis</strong></span> <span class='ocrx_word' id='word_1_261' title='bbox 1481 3487 1618 3544; x_wconf 87' lang='lat' dir='ltr'><strong>Deus</strong></span> <span class='ocrx_word' id='word_1_262' title='bbox 1661 3489 1852 3557; x_wconf 89' lang='lat' dir='ltr'><strong>oderit,</strong></span> <span class='ocrx_word' id='word_1_263' title='bbox 1891 3489 1944 3543; x_wconf 92' lang='lat' dir='ltr'><strong>in</strong></span> 
     </span>
    </p>
   </div>
   <div class='ocr_carea' id='block_1_36' title="bbox 361 3581 1941 3652">
    <p class='ocr_par' dir='ltr' id='par_1_36' title="bbox 361 3581 1941 3652">
     <span class='ocr_line' id='line_1_36' title="bbox 361 3581 1941 3652; baseline 0.002 -19"><span class='ocrx_word' id='word_1_264' title='bbox 361 3595 469 3649; x_wconf 91' lang='lat' dir='ltr'><strong>quo</strong></span> <span class='ocrx_word' id='word_1_265' title='bbox 510 3595 610 3634; x_wconf 89' lang='lat' dir='ltr'><strong>nos</strong></span> <span class='ocrx_word' id='word_1_266' title='bbox 650 3581 867 3652; x_wconf 90' lang='lat' dir='ltr'><strong>reliquis</strong></span> <span class='ocrx_word' id='word_1_267' title='bbox 902 3583 1256 3636; x_wconf 84' lang='lat' dir='ltr'><strong>:mimantibus</strong></span> <span class='ocrx_word' id='word_1_268' title='bbox 1283 3581 1685 3636; x_wconf 81' lang='lat' dir='ltr'><strong>excellentiores</strong></span> <span class='ocrx_word' id='word_1_269' title='bbox 1723 3583 1941 3636; x_wconf 90' lang='lat' dir='ltr'><strong>creavit.</strong></span> 
     </span>
    </p>
   </div>
   <div class='ocr_carea' id='block_1_37' title="bbox 361 3671 1948 3748">
    <p class='ocr_par' dir='ltr' id='par_1_37' title="bbox 361 3671 1948 3748">
     <span class='ocr_line' id='line_1_37' title="bbox 361 3671 1948 3748; baseline 0.002 -23"><span class='ocrx_word' id='word_1_270' title='bbox 361 3671 535 3737; x_wconf 84' lang='lat' dir='ltr'><strong>Absit,</strong></span> <span class='ocrx_word' id='word_1_271' title='bbox 561 3672 798 3741; x_wconf 89' lang='lat' dir='ltr'><strong>inquam,</strong></span> <span class='ocrx_word' id='word_1_272' title='bbox 831 3681 886 3725; x_wconf 91' lang='lat' dir='ltr'><strong>ut</strong></span> <span class='ocrx_word' id='word_1_273' title='bbox 913 3672 1030 3727; x_wconf 91' lang='lat' dir='ltr'><strong>ideo</strong></span> <span class='ocrx_word' id='word_1_274' title='bbox 1055 3672 1353 3748; x_wconf 84' lang='lat' dir='ltr'><strong>credamus,</strong></span> <span class='ocrx_word' id='word_1_275' title='bbox 1379 3689 1446 3726; x_wconf 90' lang='lat' dir='ltr'><strong>ne</strong></span> <span class='ocrx_word' id='word_1_276' title='bbox 1474 3674 1496 3704; x_wconf 83' lang='grc'>¹</span> <span class='ocrx_word' id='word_1_277' title='bbox 1525 3673 1782 3728; x_wconf 90' lang='lat' dir='ltr'><strong>rationem</strong></span> <span class='ocrx_word' id='word_1_278' title='bbox 1809 3673 1948 3728; x_wconf 86' lang='lat' dir='ltr'><strong>acci-</strong></span> 
     </span>
    </p>
   </div>
   <div class='ocr_carea' id='block_1_38' title="bbox 363 3761 1946 3832">
    <p class='ocr_par' dir='ltr' id='par_1_38' title="bbox 363 3761 1946 3832">
     <span class='ocr_line' id='line_1_38' title="bbox 363 3761 1946 3832; baseline 0.001 -18"><span class='ocrx_word' id='word_1_279' title='bbox 363 3761 570 3830; x_wconf 87' lang='lat' dir='ltr'><strong>piamus</strong></span> <span class='ocrx_word' id='word_1_280' title='bbox 594 3763 705 3816; x_wconf 84' lang='lat' dir='ltr'><strong>sive</strong></span> <span class='ocrx_word' id='word_1_281' title='bbox 731 3776 1064 3832; x_wconf 68' lang='lat' dir='ltr'><strong>quazramus;</strong></span> <span class='ocrx_word' id='word_1_282' title='bbox 1098 3777 1218 3816; x_wconf 91' lang='lat' dir='ltr'><strong>cum</strong></span> <span class='ocrx_word' id='word_1_283' title='bbox 1248 3762 1405 3815; x_wconf 89' lang='lat' dir='ltr'><strong>etiam</strong></span> <span class='ocrx_word' id='word_1_284' title='bbox 1434 3761 1654 3816; x_wconf 87' lang='lat' dir='ltr'><strong>credere</strong></span> <span class='ocrx_word' id='word_1_285' title='bbox 1681 3778 1784 3815; x_wconf 92' lang='lat' dir='ltr'><strong>non</strong></span> <span class='ocrx_word' id='word_1_286' title='bbox 1822 3777 1946 3831; x_wconf 82' lang='lat' dir='ltr'><strong>pos-</strong></span> 
     </span>
    </p>
   </div>
   <div class='ocr_carea' id='block_1_39' title="bbox 362 3853 1946 3924">
    <p class='ocr_par' dir='ltr' id='par_1_39' title="bbox 362 3853 1946 3924">
     <span class='ocr_line' id='line_1_39' title="bbox 362 3853 1946 3924; baseline 0 -16"><span class='ocrx_word' id='word_1_287' title='bbox 362 3867 564 3919; x_wconf 83' lang='lat' dir='ltr'><strong>scmus,</strong></span> <span class='ocrx_word' id='word_1_288' title='bbox 595 3853 693 3908; x_wconf 77' lang='lat' dir='ltr'><strong>nisi</strong></span> <span class='ocrx_word' id='word_1_289' title='bbox 721 3853 1005 3909; x_wconf 70' lang='lat' dir='ltr'><strong>rationales</strong></span> <span class='ocrx_word' id='word_1_290' title='bbox 1033 3854 1235 3906; x_wconf 87' lang='lat' dir='ltr'><strong>animas</strong></span> <span class='ocrx_word' id='word_1_291' title='bbox 1267 3853 1604 3908; x_wconf 86' lang='lat' dir='ltr'><strong>haberemus.</strong></span> <span class='ocrx_word' id='word_1_292' title='bbox 1640 3853 1709 3908; x_wconf 91' lang='lat' dir='ltr'><strong>Ut</strong></span> <span class='ocrx_word' id='word_1_293' title='bbox 1737 3870 1864 3924; x_wconf 82' lang='lat' dir='ltr'><strong>ergo</strong></span> <span class='ocrx_word' id='word_1_294' title='bbox 1894 3854 1946 3908; x_wconf 91' lang='lat' dir='ltr'><strong>in</strong></span> 
     </span>
    </p>
   </div>
   <div class='ocr_carea' id='block_1_40' title="bbox 365 3943 1948 4016">
    <p class='ocr_par' dir='ltr' id='par_1_40' title="bbox 365 3943 1948 4016">
     <span class='ocr_line' id='line_1_40' title="bbox 365 3943 1948 4016; baseline -0.001 -18"><span class='ocrx_word' id='word_1_295' title='bbox 365 3945 679 4016; x_wconf 88' lang='lat' dir='ltr'><strong>quihusdam</strong></span> <span class='ocrx_word' id='word_1_296' title='bbox 708 3946 864 4000; x_wconf 88' lang='lat' dir='ltr'><strong>rebus</strong></span> <span class='ocrx_word' id='word_1_297' title='bbox 892 3945 958 4000; x_wconf 91' lang='lat' dir='ltr'><strong>ad</strong></span> <span class='ocrx_word' id='word_1_298' title='bbox 990 3946 1288 4000; x_wconf 88' lang='lat' dir='ltr'><strong>doctrinam</strong></span> <span class='ocrx_word' id='word_1_299' title='bbox 1317 3946 1602 3999; x_wconf 84' lang='lat' dir='ltr'><strong>salutarem</strong></span> <span class='ocrx_word' id='word_1_300' title='bbox 1634 3943 1948 4014; x_wconf 84' lang='lat' dir='ltr'><strong>pertinenti-</strong></span> 
     </span>
    </p>
   </div>
   <div class='ocr_carea' id='block_1_41' title="bbox 363 4037 1952 4108">
    <p class='ocr_par' dir='ltr' id='par_1_41' title="bbox 363 4037 1952 4108">
     <span class='ocr_line' id='line_1_41' title="bbox 363 4037 1952 4108; baseline -0.003 -15"><span class='ocrx_word' id='word_1_301' title='bbox 363 4038 485 4104; x_wconf 84' lang='lat' dir='ltr'><strong>bus,</strong></span> <span class='ocrx_word' id='word_1_302' title='bbox 515 4053 648 4108; x_wconf 85' lang='lat' dir='ltr'><strong>quas</strong></span> <span class='ocrx_word' id='word_1_303' title='bbox 675 4039 876 4093; x_wconf 88' lang='lat' dir='ltr'><strong>ratione</strong></span> <span class='ocrx_word' id='word_1_304' title='bbox 902 4037 1133 4092; x_wconf 90' lang='lat' dir='ltr'><strong>nondum</strong></span> <span class='ocrx_word' id='word_1_305' title='bbox 1161 4039 1432 4108; x_wconf 90' lang='lat' dir='ltr'><strong>percipere</strong></span> <span class='ocrx_word' id='word_1_306' title='bbox 1457 4038 1715 4104; x_wconf 84' lang='lat' dir='ltr'><strong>valemus,</strong></span> <span class='ocrx_word' id='word_1_307' title='bbox 1740 4037 1832 4092; x_wconf 90' lang='lat' dir='ltr'><strong>sed</strong></span> <span class='ocrx_word' id='word_1_308' title='bbox 1854 4038 1952 4090; x_wconf 89' lang='lat' dir='ltr'><strong>ali-</strong></span> 
     </span>
    </p>
   </div>
   <div class='ocr_carea' id='block_1_42' title="bbox 363 4129 1950 4202">
    <p class='ocr_par' dir='ltr' id='par_1_42' title="bbox 363 4129 1950 4202">
     <span class='ocr_line' id='line_1_42' title="bbox 363 4129 1950 4202; baseline -0.002 -17"><span class='ocrx_word' id='word_1_309' title='bbox 363 4132 579 4202; x_wconf 88' lang='lat' dir='ltr'><strong>quando</strong></span> <span class='ocrx_word' id='word_1_310' title='bbox 623 4131 951 4197; x_wconf 81' lang='lat' dir='ltr'><strong>valebimus,</strong></span> <span class='ocrx_word' id='word_1_311' title='bbox 1004 4130 1134 4184; x_wconf 88' lang='lat' dir='ltr'><strong>ﬁdcs</strong></span> <span class='ocrx_word' id='word_1_312' title='bbox 1179 4129 1443 4198; x_wconf 67' lang='lat' dir='ltr'><strong>prazcedat</strong></span> <span class='ocrx_word' id='word_1_313' title='bbox 1496 4129 1792 4194; x_wconf 88' lang='lat' dir='ltr'><strong>rationem,</strong></span> <span class='ocrx_word' id='word_1_314' title='bbox 1846 4143 1950 4197; x_wconf 88' lang='lat' dir='ltr'><strong>qua</strong></span> 
     </span>
    </p>
   </div>
   <div class='ocr_carea' id='block_1_43' title="bbox 363 4216 1953 4290">
    <p class='ocr_par' dir='ltr' id='par_1_43' title="bbox 363 4216 1953 4290">
     <span class='ocr_line' id='line_1_43' title="bbox 363 4216 1953 4290; baseline -0.003 -13"><span class='ocrx_word' id='word_1_315' title='bbox 363 4237 461 4276; x_wconf 88' lang='lat' dir='ltr'><strong>cor</strong></span> <span class='ocrx_word' id='word_1_316' title='bbox 505 4221 789 4277; x_wconf 90' lang='lat' dir='ltr'><strong>mundetur</strong></span> <span class='ocrx_word' id='word_1_317' title='bbox 811 4263 826 4287; x_wconf 98' lang='lat'><strong>,</strong></span> <span class='ocrx_word' id='word_1_318' title='bbox 872 4228 929 4274; x_wconf 91' lang='lat' dir='ltr'><strong>ut</strong></span> <span class='ocrx_word' id='word_1_319' title='bbox 970 4236 1170 4290; x_wconf 64' lang='lat' dir='ltr'><strong>magna:</strong></span> <span class='ocrx_word' id='word_1_320' title='bbox 1197 4218 1414 4273; x_wconf 90' lang='lat' dir='ltr'><strong>rationis</strong></span> <span class='ocrx_word' id='word_1_321' title='bbox 1439 4220 1610 4287; x_wconf 88' lang='lat' dir='ltr'><strong>capiat</strong></span> <span class='ocrx_word' id='word_1_322' title='bbox 1631 4225 1686 4272; x_wconf 92' lang='lat' dir='ltr'><strong>et</strong></span> <span class='ocrx_word' id='word_1_323' title='bbox 1723 4216 1953 4287; x_wconf 81' lang='lat' dir='ltr'><strong>perferat</strong></span> 
     </span>
    </p>
   </div>
   <div class='ocr_carea' id='block_1_44' title="bbox 365 4311 1952 4382">
    <p class='ocr_par' dir='ltr' id='par_1_44' title="bbox 365 4311 1952 4382">
     <span class='ocr_line' id='line_1_44' title="bbox 365 4311 1952 4382; baseline -0.004 -12"><span class='ocrx_word' id='word_1_324' title='bbox 365 4316 579 4382; x_wconf 85' lang='lat' dir='ltr'><strong>lucem,</strong></span> <span class='ocrx_word' id='word_1_325' title='bbox 631 4314 732 4368; x_wconf 90' lang='lat' dir='ltr'><strong>hoc</strong></span> <span class='ocrx_word' id='word_1_326' title='bbox 778 4314 956 4382; x_wconf 91' lang='lat' dir='ltr'><strong>utique</strong></span> <span class='ocrx_word' id='word_1_327' title='bbox 1004 4312 1224 4366; x_wconf 82' lang='lat' dir='ltr'><strong>rationis</strong></span> <span class='ocrx_word' id='word_1_328' title='bbox 1269 4320 1371 4366; x_wconf 90' lang='lat' dir='ltr'><strong>est.</strong></span> <span class='ocrx_word' id='word_1_329' title='bbox 1424 4311 1490 4364; x_wconf 87' lang='lat' dir='ltr'><strong>Et</strong></span> <span class='ocrx_word' id='word_1_330' title='bbox 1546 4311 1664 4364; x_wconf 91' lang='lat' dir='ltr'><strong>ideo</strong></span> <span class='ocrx_word' id='word_1_331' title='bbox 1721 4311 1952 4363; x_wconf 88' lang='lat' dir='ltr'><strong>rationa-</strong></span> 
     </span>
    </p>
   </div>
   <div class='ocr_carea' id='block_1_45' title="bbox 366 4401 1950 4475">
    <p class='ocr_par' dir='ltr' id='par_1_45' title="bbox 366 4401 1950 4475">
     <span class='ocr_line' id='line_1_45' title="bbox 366 4401 1950 4475; baseline -0.004 -13"><span class='ocrx_word' id='word_1_332' title='bbox 366 4407 547 4462; x_wconf 85' lang='lat' dir='ltr'><strong>biliter</strong></span> <span class='ocrx_word' id='word_1_333' title='bbox 576 4407 774 4461; x_wconf 91' lang='lat' dir='ltr'><strong>dictum</strong></span> <span class='ocrx_word' id='word_1_334' title='bbox 809 4414 891 4459; x_wconf 92' lang='lat' dir='ltr'><strong>est</strong></span> <span class='ocrx_word' id='word_1_335' title='bbox 933 4420 1028 4475; x_wconf 89' lang='lat' dir='ltr'><strong>per</strong></span> <span class='ocrx_word' id='word_1_336' title='bbox 1071 4403 1382 4474; x_wconf 87' lang='lat' dir='ltr'><strong>prophetam</strong></span> <span class='ocrx_word' id='word_1_337' title='bbox 1415 4421 1428 4455; x_wconf 75' lang='grc' dir='ltr'>ε</span> <span class='ocrx_word' id='word_1_338' title='bbox 1471 4401 1588 4456; x_wconf 85' lang='lat' dir='ltr'><strong>Nisi</strong></span> <span class='ocrx_word' id='word_1_339' title='bbox 1620 4402 1950 4470; x_wconf 81' lang='lat' dir='ltr'><strong>credideritis,</strong></span> 
     </span>
    </p>
   </div>
   <div class='ocr_carea' id='block_1_46' title="bbox 368 4493 1956 4570">
    <p class='ocr_par' dir='ltr' id='par_1_46' title="bbox 368 4493 1956 4570">
     <span class='ocr_line' id='line_1_46' title="bbox 368 4493 1956 4570; baseline -0.003 -18"><span class='ocrx_word' id='word_1_340' title='bbox 368 4515 471 4552; x_wconf 84' lang='lat' dir='ltr'><strong>non</strong></span> <span class='ocrx_word' id='word_1_341' title='bbox 491 4497 778 4569; x_wconf 83' lang='lat' dir='ltr'><strong>intelligetis</strong></span> <span class='ocrx_word' id='word_1_342' title='bbox 809 4497 957 4570; x_wconf 89' lang='lat' dir='ltr'><strong>(lsai.</strong></span> <span class='ocrx_word' id='word_1_343' title='bbox 987 4511 1078 4564; x_wconf 83' lang='lat' dir='ltr'><strong>vn,</strong></span> <span class='ocrx_word' id='word_1_344' title='bbox 1107 4496 1140 4551; x_wconf 87' lang='lat'>9</span> <span class='ocrx_word' id='word_1_345' title='bbox 1173 4513 1273 4549; x_wconf 85' lang='lat' dir='ltr'><strong>sec.</strong></span> <span class='ocrx_word' id='word_1_346' title='bbox 1303 4493 1496 4564; x_wconf 81' lang='lat' dir='ltr'><strong>LXX).</strong></span> <span class='ocrx_word' id='word_1_347' title='bbox 1526 4494 1624 4550; x_wconf 87' lang='lat' dir='ltr'><strong>Ubi</strong></span> <span class='ocrx_word' id='word_1_348' title='bbox 1652 4494 1834 4564; x_wconf 88' lang='lat' dir='ltr'><strong>procul</strong></span> <span class='ocrx_word' id='word_1_349' title='bbox 1857 4493 1956 4548; x_wconf 91' lang='lat' dir='ltr'><strong>du-</strong></span> 
     </span>
    </p>
   </div>
   <div class='ocr_carea' id='block_1_47' title="bbox 369 4573 1955 4656">
    <p class='ocr_par' dir='ltr' id='par_1_47' title="bbox 369 4573 1955 4656">
     <span class='ocr_line' id='line_1_47' title="bbox 369 4573 1955 4656; baseline -0.003 -13"><span class='ocrx_word' id='word_1_350' title='bbox 369 4590 459 4644; x_wconf 90' lang='lat' dir='ltr'><strong>bio</strong></span> <span class='ocrx_word' id='word_1_351' title='bbox 483 4590 736 4644; x_wconf 85' lang='lat' dir='ltr'><strong>discrevit</strong></span> <span class='ocrx_word' id='word_1_352' title='bbox 764 4589 877 4642; x_wconf 66' lang='lat' dir='ltr'><strong>haec</strong></span> <span class='ocrx_word' id='word_1_353' title='bbox 908 4587 1032 4650; x_wconf 88' lang='lat' dir='ltr'><strong>duo,</strong></span> <span class='ocrx_word' id='word_1_354' title='bbox 1075 4586 1325 4656; x_wconf 89' lang='lat' dir='ltr'><strong>deditque</strong></span> <span class='ocrx_word' id='word_1_355' title='bbox 1362 4585 1642 4639; x_wconf 84' lang='lat' dir='ltr'><strong>consilium</strong></span> <span class='ocrx_word' id='word_1_356' title='bbox 1671 4599 1776 4654; x_wconf 90' lang='lat' dir='ltr'><strong>quo</strong></span> <span class='ocrx_word' id='word_1_357' title='bbox 1811 4573 1955 4654; x_wconf 85' lang='lat' dir='ltr'><strong>prius</strong></span> 
     </span>
    </p>
   </div>
   <div class='ocr_carea' id='block_1_48' title="bbox 367 4676 1952 4749">
    <p class='ocr_par' dir='ltr' id='par_1_48' title="bbox 367 4676 1952 4749">
     <span class='ocr_line' id='line_1_48' title="bbox 367 4676 1952 4749; baseline -0.003 -15"><span class='ocrx_word' id='word_1_358' title='bbox 367 4681 672 4746; x_wconf 87' lang='lat' dir='ltr'><strong>credamus,</strong></span> <span class='ocrx_word' id='word_1_359' title='bbox 702 4687 758 4734; x_wconf 91' lang='lat' dir='ltr'><strong>ut</strong></span> <span class='ocrx_word' id='word_1_360' title='bbox 783 4679 834 4733; x_wconf 93' lang='lat' dir='ltr'><strong>id</strong></span> <span class='ocrx_word' id='word_1_361' title='bbox 863 4677 1002 4749; x_wconf 89' lang='lat' dir='ltr'><strong>quod</strong></span> <span class='ocrx_word' id='word_1_362' title='bbox 1028 4677 1289 4732; x_wconf 75' lang='lat' dir='ltr'><strong>credimus</strong></span> <span class='ocrx_word' id='word_1_363' title='bbox 1326 4677 1616 4746; x_wconf 84' lang='lat' dir='ltr'><strong>intelligere</strong></span> <span class='ocrx_word' id='word_1_364' title='bbox 1663 4676 1952 4729; x_wconf 83' lang='lat' dir='ltr'><strong>valeamus.</strong></span> 
     </span>
    </p>
   </div>
   <div class='ocr_carea' id='block_1_49' title="bbox 372 4766 1958 4839">
    <p class='ocr_par' dir='ltr' id='par_1_49' title="bbox 372 4766 1958 4839">
     <span class='ocr_line' id='line_1_49' title="bbox 372 4766 1958 4839; baseline -0.004 -13"><span class='ocrx_word' id='word_1_365' title='bbox 372 4773 604 4826; x_wconf 80' lang='lat' dir='ltr'><strong>Proinde</strong></span> <span class='ocrx_word' id='word_1_366' title='bbox 629 4778 690 4826; x_wconf 92' lang='lat' dir='ltr'><strong>ut</strong></span> <span class='ocrx_word' id='word_1_367' title='bbox 713 4771 842 4825; x_wconf 87' lang='lat' dir='ltr'><strong>ﬁdes</strong></span> <span class='ocrx_word' id='word_1_368' title='bbox 864 4768 1126 4839; x_wconf 69' lang='lat' dir='ltr'><strong>prmccdat</strong></span> <span class='ocrx_word' id='word_1_369' title='bbox 1152 4769 1430 4833; x_wconf 89' lang='lat' dir='ltr'><strong>rationem,</strong></span> <span class='ocrx_word' id='word_1_370' title='bbox 1463 4766 1843 4821; x_wconf 85' lang='lat' dir='ltr'><strong>rationabiliter</strong></span> <span class='ocrx_word' id='word_1_371' title='bbox 1880 4767 1958 4819; x_wconf 91' lang='lat' dir='ltr'><strong>vi-</strong></span> 
     </span>
    </p>
   </div>
   <div class='ocr_carea' id='block_1_50' title="bbox 369 4859 1954 4932">
    <p class='ocr_par' dir='ltr' id='par_1_50' title="bbox 369 4859 1954 4932">
     <span class='ocr_line' id='line_1_50' title="bbox 369 4859 1954 4932; baseline -0.003 -14"><span class='ocrx_word' id='word_1_372' title='bbox 369 4881 489 4918; x_wconf 87' lang='lat' dir='ltr'><strong>sum</strong></span> <span class='ocrx_word' id='word_1_373' title='bbox 516 4873 618 4918; x_wconf 90' lang='lat' dir='ltr'><strong>est.</strong></span> <span class='ocrx_word' id='word_1_374' title='bbox 649 4863 780 4918; x_wconf 84' lang='lat' dir='ltr'><strong>Nam</strong></span> <span class='ocrx_word' id='word_1_375' title='bbox 810 4864 852 4918; x_wconf 88' lang='lat' dir='ltr'><strong>si</strong></span> <span class='ocrx_word' id='word_1_376' title='bbox 900 4864 999 4917; x_wconf 90' lang='lat' dir='ltr'><strong>hoc</strong></span> <span class='ocrx_word' id='word_1_377' title='bbox 1030 4872 1350 4932; x_wconf 63' lang='lat' dir='ltr'><strong>praeceptum</strong></span> <span class='ocrx_word' id='word_1_378' title='bbox 1373 4859 1684 4915; x_wconf 85' lang='lat' dir='ltr'><strong>rationabile</strong></span> <span class='ocrx_word' id='word_1_379' title='bbox 1712 4875 1817 4914; x_wconf 92' lang='lat' dir='ltr'><strong>non</strong></span> <span class='ocrx_word' id='word_1_380' title='bbox 1851 4869 1954 4928; x_wconf 89' lang='lat' dir='ltr'><strong>est,</strong></span> 
     </span>
    </p>
   </div>
   <div class='ocr_carea' id='block_1_51' title="bbox 368 4950 1960 5026">
    <p class='ocr_par' dir='ltr' id='par_1_51' title="bbox 368 4950 1960 5026">
     <span class='ocr_line' id='line_1_51' title="bbox 368 4950 1960 5026; baseline -0.004 -16"><span class='ocrx_word' id='word_1_381' title='bbox 368 4971 500 5026; x_wconf 86' lang='lat' dir='ltr'><strong>ergo</strong></span> <span class='ocrx_word' id='word_1_382' title='bbox 527 4953 886 5010; x_wconf 88' lang='lat' dir='ltr'><strong>irrationabile</strong></span> <span class='ocrx_word' id='word_1_383' title='bbox 918 4961 1001 5008; x_wconf 90' lang='lat' dir='ltr'><strong>est</strong></span> <span class='ocrx_word' id='word_1_384' title='bbox 1037 4969 1049 5006; x_wconf 90' lang='lat'><strong>:</strong></span> <span class='ocrx_word' id='word_1_385' title='bbox 1085 4952 1241 5007; x_wconf 89' lang='lat' dir='ltr'><strong>absit.</strong></span> <span class='ocrx_word' id='word_1_386' title='bbox 1267 4952 1321 5006; x_wconf 90' lang='lat' dir='ltr'><strong>Si</strong></span> <span class='ocrx_word' id='word_1_387' title='bbox 1352 4952 1510 5022; x_wconf 85' lang='lat' dir='ltr'><strong>igitur</strong></span> <span class='ocrx_word' id='word_1_388' title='bbox 1537 4950 1849 5006; x_wconf 90' lang='lat' dir='ltr'><strong>rationabile</strong></span> <span class='ocrx_word' id='word_1_389' title='bbox 1877 4958 1960 5004; x_wconf 89' lang='lat' dir='ltr'><strong>est</strong></span> 
     </span>
    </p>
   </div>
   <div class='ocr_carea' id='block_1_52' title="bbox 369 5041 1956 5115">
    <p class='ocr_par' dir='ltr' id='par_1_52' title="bbox 369 5041 1956 5115">
     <span class='ocr_line' id='line_1_52' title="bbox 369 5041 1956 5115; baseline -0.004 -15"><span class='ocrx_word' id='word_1_390' title='bbox 369 5056 431 5100; x_wconf 92' lang='lat' dir='ltr'><strong>nt</strong></span> <span class='ocrx_word' id='word_1_391' title='bbox 457 5045 524 5100; x_wconf 88' lang='lat' dir='ltr'><strong>ad</strong></span> <span class='ocrx_word' id='word_1_392' title='bbox 552 5059 740 5115; x_wconf 82' lang='lat' dir='ltr'><strong>magna</strong></span> <span class='ocrx_word' id='word_1_393' title='bbox 767 5043 1032 5114; x_wconf 65' lang='lat' dir='ltr'><strong>quaedam,</strong></span> <span class='ocrx_word' id='word_1_394' title='bbox 1053 5059 1170 5113; x_wconf 68' lang='lat' dir='ltr'><strong>quae</strong></span> <span class='ocrx_word' id='word_1_395' title='bbox 1200 5043 1316 5112; x_wconf 89' lang='lat' dir='ltr'><strong>capi</strong></span> <span class='ocrx_word' id='word_1_396' title='bbox 1353 5041 1586 5096; x_wconf 91' lang='lat' dir='ltr'><strong>nondum</strong></span> <span class='ocrx_word' id='word_1_397' title='bbox 1612 5049 1848 5111; x_wconf 90' lang='lat' dir='ltr'><strong>possunt,</strong></span> <span class='ocrx_word' id='word_1_398' title='bbox 1893 5041 1956 5093; x_wconf 90' lang='lat' dir='ltr'><strong>ﬁ-</strong></span> 
     </span>
    </p>
   </div>
   <div class='ocr_carea' id='block_1_53' title="bbox 368 5132 1960 5206">
    <p class='ocr_par' dir='ltr' id='par_1_53' title="bbox 368 5132 1960 5206">
     <span class='ocr_line' id='line_1_53' title="bbox 368 5132 1960 5206; baseline -0.003 -15"><span class='ocrx_word' id='word_1_399' title='bbox 368 5135 468 5190; x_wconf 88' lang='lat' dir='ltr'><strong>des</strong></span> <span class='ocrx_word' id='word_1_400' title='bbox 499 5135 766 5206; x_wconf 69' lang='lat' dir='ltr'><strong>prmeedat</strong></span> <span class='ocrx_word' id='word_1_401' title='bbox 784 5135 1060 5200; x_wconf 88' lang='lat' dir='ltr'><strong>rationem,</strong></span> <span class='ocrx_word' id='word_1_402' title='bbox 1087 5135 1270 5204; x_wconf 88' lang='lat' dir='ltr'><strong>procul</strong></span> <span class='ocrx_word' id='word_1_403' title='bbox 1297 5133 1456 5188; x_wconf 92' lang='lat' dir='ltr'><strong>dubio</strong></span> <span class='ocrx_word' id='word_1_404' title='bbox 1482 5132 1960 5203; x_wconf 90' lang='lat' dir='ltr'><strong>quantulacumque</strong></span> 
     </span>
    </p>
   </div>
   <div class='ocr_carea' id='block_1_54' title="bbox 371 5223 1956 5297">
    <p class='ocr_par' dir='ltr' id='par_1_54' title="bbox 371 5223 1956 5297">
     <span class='ocr_line' id='line_1_54' title="bbox 371 5223 1956 5297; baseline -0.003 -18"><span class='ocrx_word' id='word_1_405' title='bbox 371 5226 512 5280; x_wconf 89' lang='lat' dir='ltr'><strong>ratio</strong></span> <span class='ocrx_word' id='word_1_406' title='bbox 537 5241 656 5297; x_wconf 63' lang='lat' dir='ltr'><strong>qua:</strong></span> <span class='ocrx_word' id='word_1_407' title='bbox 677 5225 779 5280; x_wconf 89' lang='lat' dir='ltr'><strong>hoc</strong></span> <span class='ocrx_word' id='word_1_408' title='bbox 811 5224 1111 5296; x_wconf 87' lang='lat' dir='ltr'><strong>persuadet,</strong></span> <span class='ocrx_word' id='word_1_409' title='bbox 1143 5225 1300 5278; x_wconf 91' lang='lat' dir='ltr'><strong>etiam</strong></span> <span class='ocrx_word' id='word_1_410' title='bbox 1330 5225 1442 5294; x_wconf 88' lang='lat' dir='ltr'><strong>ipsa</strong></span> <span class='ocrx_word' id='word_1_411' title='bbox 1480 5223 1744 5278; x_wconf 86' lang='lat' dir='ltr'><strong>antecedit</strong></span> <span class='ocrx_word' id='word_1_412' title='bbox 1780 5223 1956 5276; x_wconf 89' lang='lat' dir='ltr'><strong>ﬁdem.</strong></span> 
     </span>
    </p>
   </div>
   <div class='ocr_carea' id='block_1_55' title="bbox 443 5314 1961 5385">
    <p class='ocr_par' dir='ltr' id='par_1_55' title="bbox 443 5314 1961 5385">
     <span class='ocr_line' id='line_1_55' title="bbox 443 5314 1961 5385; baseline 0 -15"><span class='ocrx_word' id='word_1_413' title='bbox 443 5317 498 5370; x_wconf 78' lang='grc'><strong>4.</strong></span> <span class='ocrx_word' id='word_1_414' title='bbox 529 5316 816 5385; x_wconf 88' lang='lat' dir='ltr'><strong>Propterea</strong></span> <span class='ocrx_word' id='word_1_415' title='bbox 845 5322 1028 5370; x_wconf 89' lang='lat' dir='ltr'><strong>monet</strong></span> <span class='ocrx_word' id='word_1_416' title='bbox 1063 5315 1333 5383; x_wconf 89' lang='lat' dir='ltr'><strong>apostolus</strong></span> <span class='ocrx_word' id='word_1_417' title='bbox 1373 5314 1580 5377; x_wconf 87' lang='lat' dir='ltr'><strong>Petrus,</strong></span> <span class='ocrx_word' id='word_1_418' title='bbox 1608 5324 1817 5382; x_wconf 88' lang='lat' dir='ltr'><strong>paratos</strong></span> <span class='ocrx_word' id='word_1_419' title='bbox 1861 5329 1961 5370; x_wconf 90' lang='lat' dir='ltr'><strong>nos</strong></span> 
     </span>
    </p>
   </div>
   <div class='ocr_carea' id='block_1_56' title="bbox 437 5447 1963 5512">
    <p class='ocr_par' dir='ltr' id='par_1_56' title="bbox 437 5447 1963 5512">
     <span class='ocr_line' id='line_1_56' title="bbox 437 5447 1963 5512; baseline 0.003 -16"><span class='ocrx_word' id='word_1_420' title='bbox 437 5449 454 5480; x_wconf 77' lang='grc'>⁸</span> <span class='ocrx_word' id='word_1_421' title='bbox 477 5450 566 5512; x_wconf 90' lang='lat' dir='ltr'><strong>sic</strong></span> <span class='ocrx_word' id='word_1_422' title='bbox 598 5456 706 5511; x_wconf 75' lang='lat' dir='ltr'><strong>Ms.,</strong></span> <span class='ocrx_word' id='word_1_423' title='bbox 743 5451 818 5500; x_wconf 87' lang='lat' dir='ltr'><strong>bt.</strong></span> <span class='ocrx_word' id='word_1_424' title='bbox 865 5451 999 5501; x_wconf 90' lang='lat' dir='ltr'><strong>Unde</strong></span> <span class='ocrx_word' id='word_1_425' title='bbox 1047 5451 1302 5510; x_wconf 78' lang='lat' dir='ltr'><strong>conjicitur</strong></span> <span class='ocrx_word' id='word_1_426' title='bbox 1340 5461 1486 5512; x_wconf 63' lang='lat' dir='ltr'><strong>sugra</strong></span> <span class='ocrx_word' id='word_1_427' title='bbox 1528 5448 1586 5498; x_wconf 84' lang='lat' dir='ltr'><strong>ad</strong></span> <span class='ocrx_word' id='word_1_428' title='bbox 1631 5447 1778 5512; x_wconf 82' lang='lat' dir='ltr'><strong>ﬁnem</strong></span> <span class='ocrx_word' id='word_1_429' title='bbox 1818 5462 1963 5512; x_wconf 88' lang='lat' dir='ltr'><strong>supe-</strong></span> 
     </span>
    </p>
   </div>
   <div class='ocr_carea' id='block_1_57' title="bbox 368 5509 1962 5623">
    <p class='ocr_par' dir='ltr' id='par_1_57' title="bbox 368 5509 1962 5623">
     <span class='ocr_line' id='line_1_57' title="bbox 368 5509 1962 5623; baseline 0.003 -65"><span class='ocrx_word' id='word_1_430' title='bbox 368 5509 810 5623; x_wconf 43' lang='grc' dir='ltr'><strong>ἴιέἓὲίῗωῖςὲἷιιέιιῗο</strong></span> <span class='ocrx_word' id='word_1_431' title='bbox 825 5513 1242 5623; x_wconf 40' lang='grc' dir='ltr'><strong>βιοεῶξιῖιὶιᾶιοῖΐιιιδδθ</strong></span> <span class='ocrx_word' id='word_1_432' title='bbox 1279 5509 1440 5562; x_wconf 83' lang='lat' dir='ltr'><strong>cordis</strong></span> <span class='ocrx_word' id='word_1_433' title='bbox 1483 5524 1570 5574; x_wconf 88' lang='lat' dir='ltr'><strong>pro</strong></span> <span class='ocrx_word' id='word_1_434' title='bbox 1613 5509 1962 5574; x_wconf 81' lang='lat' dir='ltr'><strong>quodanme</strong></span> 
     </span>
     <span class='ocr_line' id='line_1_58' title="bbox 813 5591 1104 5623; baseline 0 0"><span class='ocrx_word' id='word_1_435' title='bbox 813 5591 828 5623; x_wconf 77' lang='grc' dir='ltr'>ί</span> <span class='ocrx_word' id='word_1_436' title='bbox 1093 5611 1104 5623; x_wconf 88' lang='grc'><strong>.</strong></span> 
     </span>
    </p>
   </div>
   <div class='ocr_carea' id='block_1_58' title="bbox 372 5569 1907 5638">
    <p class='ocr_par' dir='ltr' id='par_1_58' title="bbox 372 5569 1907 5638">
     <span class='ocr_line' id='line_1_59' title="bbox 372 5569 1907 5638; baseline 0.012 -18"><span class='ocrx_word' id='word_1_437' title='bbox 372 5569 696 5638; x_wconf 62' lang='lat' dir='ltr'><strong>[declaratum</strong></span> <span class='ocrx_word' id='word_1_438' title='bbox 719 5569 1104 5638; x_wconf 79' lang='lat' dir='ltr'><strong>quodammodo].</strong></span> <span class='ocrx_word' id='word_1_439' title='bbox 1430 5635 1439 5638; x_wconf 97' lang='lat'><em>_</em></span> <span class='ocrx_word' id='word_1_440' title='bbox 1483 5569 1497 5574; x_wconf 70' lang='grc'><em>’</em></span> <span class='ocrx_word' id='word_1_441' title='bbox 1625 5569 1636 5574; x_wconf 51' lang='grc'>⁷</span> <span class='ocrx_word' id='word_1_442' title='bbox 1651 5633 1662 5638; x_wconf 59' lang='grc'><em>,</em></span> <span class='ocrx_word' id='word_1_443' title='bbox 1905 5636 1907 5638; x_wconf 83' lang='grc'><strong>,</strong></span> 
     </span>
    </p>
   </div>
   <div class='ocr_carea' id='block_1_59' title="bbox 437 5633 1964 5696">
    <p class='ocr_par' dir='ltr' id='par_1_59' title="bbox 437 5633 1964 5696">
     <span class='ocr_line' id='line_1_60' title="bbox 437 5633 1964 5696; baseline 0.001 -15"><span class='ocrx_word' id='word_1_444' title='bbox 437 5634 558 5696; x_wconf 73' lang='lat' dir='ltr'><strong>’_$ic</strong></span> <span class='ocrx_word' id='word_1_445' title='bbox 582 5633 948 5685; x_wconf 82' lang='lat' dir='ltr'><strong>emendavimus</strong></span> <span class='ocrx_word' id='word_1_446' title='bbox 978 5637 1036 5684; x_wconf 90' lang='lat' dir='ltr'><strong>ad</strong></span> <span class='ocrx_word' id='word_1_447' title='bbox 1059 5633 1142 5685; x_wconf 62' lang='lat' dir='ltr'><strong>its.</strong></span> <span class='ocrx_word' id='word_1_448' title='bbox 1167 5647 1319 5696; x_wconf 86' lang='lat' dir='ltr'><strong>unum</strong></span> <span class='ocrx_word' id='word_1_449' title='bbox 1341 5635 1485 5683; x_wconf 69' lang='lat' dir='ltr'><strong>vatic.</strong></span> <span class='ocrx_word' id='word_1_450' title='bbox 1519 5633 1792 5696; x_wconf 63' lang='lat' dir='ltr'><strong>legebatur</strong></span> <span class='ocrx_word' id='word_1_451' title='bbox 1831 5636 1964 5696; x_wconf 79' lang='lat' dir='ltr'><strong>enim</strong></span> 
     </span>
    </p>
   </div>
   <div class='ocr_carea' id='block_1_60' title="bbox 371 5691 1962 5807">
    <p class='ocr_par' dir='ltr' id='par_1_60' title="bbox 371 5691 1962 5807">
     <span class='ocr_line' id='line_1_61' title="bbox 371 5691 1962 5807; baseline 0.003 -65"><span class='ocrx_word' id='word_1_452' title='bbox 371 5691 690 5807; x_wconf 47' lang='lat' dir='ltr'><strong>i&#39;nma‘lit:</strong></span> <span class='ocrx_word' id='word_1_453' title='bbox 713 5711 726 5747; x_wconf 92' lang='lat'>:</span> <span class='ocrx_word' id='word_1_454' title='bbox 751 5697 906 5756; x_wconf 51' lang='lat' dir='ltr'><strong>Absit,</strong></span> <span class='ocrx_word' id='word_1_455' title='bbox 943 5696 1166 5762; x_wconf 78' lang='lat' dir='ltr'><strong>inquam,</strong></span> <span class='ocrx_word' id='word_1_456' title='bbox 1204 5709 1263 5748; x_wconf 84' lang='lat' dir='ltr'><strong>ne</strong></span> <span class='ocrx_word' id='word_1_457' title='bbox 1302 5694 1412 5747; x_wconf 86' lang='lat' dir='ltr'><strong>ideo</strong></span> <span class='ocrx_word' id='word_1_458' title='bbox 1431 5691 1686 5746; x_wconf 70' lang='lat' dir='ltr'><strong>credar&#39;nus</strong></span> <span class='ocrx_word' id='word_1_459' title='bbox 1722 5701 1774 5746; x_wconf 89' lang='lat' dir='ltr'><strong>ut</strong></span> <span class='ocrx_word' id='word_1_460' title='bbox 1814 5695 1962 5747; x_wconf 86' lang='lat' dir='ltr'><strong>ratio—</strong></span> 
     </span>
    </p>
   </div>
   <div class='ocr_carea' id='block_1_61' title="bbox 485 5793 627 5818">
    <p class='ocr_par' dir='ltr' id='par_1_61' title="bbox 485 5793 627 5818">
     <span class='ocr_line' id='line_1_62' title="bbox 485 5793 627 5818; baseline 0 -12"><span class='ocrx_word' id='word_1_461' title='bbox 485 5793 500 5818; x_wconf 78' lang='lat'><strong>,</strong></span> <span class='ocrx_word' id='word_1_462' title='bbox 532 5793 627 5807; x_wconf 72' lang='grc' dir='ltr'><strong>νυν.</strong></span> 
     </span>
    </p>
   </div>
   <div class='ocr_carea' id='block_1_62' title="bbox 1543 336 2431 407">
    <p class='ocr_par' dir='ltr' id='par_1_62' title="bbox 1543 336 2431 407">
     <span class='ocr_line' id='line_1_63' title="bbox 1543 336 2431 407; baseline -0.009 0"><span class='ocrx_word' id='word_1_463' title='bbox 1543 336 2018 407; x_wconf 80' lang='lat' dir='ltr'><strong>EPISTULARUM</strong></span> <span class='ocrx_word' id='word_1_464' title='bbox 2056 339 2330 402; x_wconf 81' lang='lat' dir='ltr'><strong>CLASSlS</strong></span> <span class='ocrx_word' id='word_1_465' title='bbox 2367 344 2431 400; x_wconf 91' lang='lat' dir='ltr'><strong>ll.</strong></span> 
     </span>
    </p>
   </div>
   <div class='ocr_carea' id='block_1_63' title="bbox 3490 349 3596 412">
    <p class='ocr_par' dir='ltr' id='par_1_63' title="bbox 3490 349 3596 412">
     <span class='ocr_line' id='line_1_64' title="bbox 3490 349 3596 412; baseline 0.057 -6"><span class='ocrx_word' id='word_1_466' title='bbox 3490 349 3596 412; x_wconf 63' lang='grc'><strong>456</strong></span> 
     </span>
    </p>
   </div>
   <div class='ocr_carea' id='block_1_64' title="bbox 2017 462 3598 536">
    <p class='ocr_par' dir='ltr' id='par_1_64' title="bbox 2017 462 3598 536">
     <span class='ocr_line' id='line_1_65' title="bbox 2017 462 3598 536; baseline 0.004 -21"><span class='ocrx_word' id='word_1_467' title='bbox 2017 475 2135 517; x_wconf 80' lang='lat' dir='ltr'><strong>esse</strong></span> <span class='ocrx_word' id='word_1_468' title='bbox 2159 462 2355 518; x_wconf 86' lang='lat' dir='ltr'><strong>debere</strong></span> <span class='ocrx_word' id='word_1_469' title='bbox 2378 462 2441 518; x_wconf 91' lang='lat' dir='ltr'><strong>ad</strong></span> <span class='ocrx_word' id='word_1_470' title='bbox 2467 463 2864 532; x_wconf 89' lang='lat' dir='ltr'><strong>responsionem</strong></span> <span class='ocrx_word' id='word_1_471' title='bbox 2889 464 3033 520; x_wconf 89' lang='lat' dir='ltr'><strong>omni</strong></span> <span class='ocrx_word' id='word_1_472' title='bbox 3060 465 3294 536; x_wconf 89' lang='lat' dir='ltr'><strong>poscenti</strong></span> <span class='ocrx_word' id='word_1_473' title='bbox 3316 480 3412 520; x_wconf 86' lang='lat' dir='ltr'><strong>nos</strong></span> <span class='ocrx_word' id='word_1_474' title='bbox 3435 467 3598 522; x_wconf 88' lang='lat' dir='ltr'><strong>ratio-</strong></span> 
     </span>
    </p>
   </div>
   <div class='ocr_carea' id='block_1_65' title="bbox 2019 553 3600 627">
    <p class='ocr_par' dir='ltr' id='par_1_65' title="bbox 2019 553 3600 627">
     <span class='ocr_line' id='line_1_66' title="bbox 2019 553 3600 627; baseline 0.002 -18"><span class='ocrx_word' id='word_1_475' title='bbox 2019 571 2139 609; x_wconf 90' lang='lat' dir='ltr'><strong>nem</strong></span> <span class='ocrx_word' id='word_1_476' title='bbox 2167 557 2233 609; x_wconf 92' lang='lat' dir='ltr'><strong>de</strong></span> <span class='ocrx_word' id='word_1_477' title='bbox 2265 553 2366 608; x_wconf 90' lang='lat' dir='ltr'><strong>ﬁde</strong></span> <span class='ocrx_word' id='word_1_478' title='bbox 2393 563 2447 609; x_wconf 85' lang='lat' dir='ltr'><strong>et</strong></span> <span class='ocrx_word' id='word_1_479' title='bbox 2489 570 2581 624; x_wconf 89' lang='lat' dir='ltr'><strong>spe</strong></span> <span class='ocrx_word' id='word_1_480' title='bbox 2607 564 2784 610; x_wconf 89' lang='lat' dir='ltr'><strong>nostra</strong></span> <span class='ocrx_word' id='word_1_481' title='bbox 2819 555 2873 626; x_wconf 93' lang='grc' dir='ltr'><strong>(Ι</strong></span> <span class='ocrx_word' id='word_1_482' title='bbox 2911 554 3048 609; x_wconf 83' lang='lat' dir='ltr'><strong>Pctr.</strong></span> <span class='ocrx_word' id='word_1_483' title='bbox 3081 573 3158 621; x_wconf 87' lang='lat' dir='ltr'><strong>In,</strong></span> <span class='ocrx_word' id='word_1_484' title='bbox 3189 557 3275 625; x_wconf 77' lang='grc'><strong>’15)</strong></span> <span class='ocrx_word' id='word_1_485' title='bbox 3302 575 3313 610; x_wconf 96' lang='lat'>:</span> <span class='ocrx_word' id='word_1_486' title='bbox 3347 558 3600 627; x_wconf 81' lang='lat' dir='ltr'><strong>quoniam</strong></span> 
     </span>
    </p>
   </div>
   <div class='ocr_carea' id='block_1_66' title="bbox 2019 645 3600 714">
    <p class='ocr_par' dir='ltr' id='par_1_66' title="bbox 2019 645 3600 714">
     <span class='ocr_line' id='line_1_67' title="bbox 2019 645 3600 714; baseline 0.001 -15"><span class='ocrx_word' id='word_1_487' title='bbox 2019 645 2064 700; x_wconf 88' lang='lat' dir='ltr'><strong>si</strong></span> <span class='ocrx_word' id='word_1_488' title='bbox 2093 662 2121 698; x_wconf 88' lang='lat' dir='ltr'><strong>a</strong></span> <span class='ocrx_word' id='word_1_489' title='bbox 2150 662 2232 700; x_wconf 86' lang='lat' dir='ltr'><strong>tne</strong></span> <span class='ocrx_word' id='word_1_490' title='bbox 2264 646 2489 700; x_wconf 78' lang='lat' dir='ltr'><strong>inﬁdelis</strong></span> <span class='ocrx_word' id='word_1_491' title='bbox 2517 647 2772 700; x_wconf 88' lang='lat' dir='ltr'><strong>rationem</strong></span> <span class='ocrx_word' id='word_1_492' title='bbox 2807 645 2976 714; x_wconf 91' lang='lat' dir='ltr'><strong>poscit</strong></span> <span class='ocrx_word' id='word_1_493' title='bbox 2997 645 3118 699; x_wconf 90' lang='lat' dir='ltr'><strong>ﬁdei</strong></span> <span class='ocrx_word' id='word_1_494' title='bbox 3149 654 3203 700; x_wconf 90' lang='lat' dir='ltr'><strong>et</strong></span> <span class='ocrx_word' id='word_1_495' title='bbox 3227 645 3340 714; x_wconf 87' lang='lat' dir='ltr'><strong>spei</strong></span> <span class='ocrx_word' id='word_1_496' title='bbox 3369 663 3521 713; x_wconf 70' lang='lat' dir='ltr'><strong>mem,</strong></span> <span class='ocrx_word' id='word_1_497' title='bbox 3543 657 3600 702; x_wconf 83' lang='lat' dir='ltr'><strong>et</strong></span> 
     </span>
    </p>
   </div>
   <div class='ocr_carea' id='block_1_67' title="bbox 2019 737 3600 806">
    <p class='ocr_par' dir='ltr' id='par_1_67' title="bbox 2019 737 3600 806">
     <span class='ocr_line' id='line_1_68' title="bbox 2019 737 3600 806; baseline 0.003 -17"><span class='ocrx_word' id='word_1_498' title='bbox 2019 737 2173 790; x_wconf 88' lang='lat' dir='ltr'><strong>video</strong></span> <span class='ocrx_word' id='word_1_499' title='bbox 2195 738 2334 806; x_wconf 72' lang='lat' dir='ltr'><strong>quod</strong></span> <span class='ocrx_word' id='word_1_500' title='bbox 2364 749 2646 806; x_wconf 75' lang='lat' dir='ltr'><strong>antequmt</strong></span> <span class='ocrx_word' id='word_1_501' title='bbox 2671 737 2854 792; x_wconf 86' lang='lat' dir='ltr'><strong>credat</strong></span> <span class='ocrx_word' id='word_1_502' title='bbox 2877 751 3066 806; x_wconf 89' lang='lat' dir='ltr'><strong>capere</strong></span> <span class='ocrx_word' id='word_1_503' title='bbox 3103 753 3207 790; x_wconf 91' lang='lat' dir='ltr'><strong>non</strong></span> <span class='ocrx_word' id='word_1_504' title='bbox 3237 748 3429 806; x_wconf 88' lang='lat' dir='ltr'><strong>potest,</strong></span> <span class='ocrx_word' id='word_1_505' title='bbox 3464 740 3600 794; x_wconf 90' lang='lat' dir='ltr'><strong>hanc</strong></span> 
     </span>
    </p>
   </div>
   <div class='ocr_carea' id='block_1_68' title="bbox 2021 829 3602 912">
    <p class='ocr_par' dir='ltr' id='par_1_68' title="bbox 2021 829 3602 912">
     <span class='ocr_line' id='line_1_69' title="bbox 2021 829 3602 912; baseline 0.003 -29"><span class='ocrx_word' id='word_1_506' title='bbox 2021 829 2187 898; x_wconf 84' lang='lat' dir='ltr'><strong>ipsam</strong></span> <span class='ocrx_word' id='word_1_507' title='bbox 2220 830 2266 884; x_wconf 91' lang='lat' dir='ltr'><strong>ei</strong></span> <span class='ocrx_word' id='word_1_508' title='bbox 2292 829 2455 912; x_wconf 79' lang='lat' dir='ltr'><strong>reddo</strong></span> <span class='ocrx_word' id='word_1_509' title='bbox 2486 831 2742 885; x_wconf 87' lang='lat' dir='ltr'><strong>rationem</strong></span> <span class='ocrx_word' id='word_1_510' title='bbox 2771 833 2821 884; x_wconf 92' lang='lat' dir='ltr'><strong>in</strong></span> <span class='ocrx_word' id='word_1_511' title='bbox 2851 845 2971 900; x_wconf 87' lang='lat' dir='ltr'><strong>qua,</strong></span> <span class='ocrx_word' id='word_1_512' title='bbox 3003 831 3047 886; x_wconf 91' lang='lat' dir='ltr'><strong>si</strong></span> <span class='ocrx_word' id='word_1_513' title='bbox 3077 833 3188 887; x_wconf 90' lang='lat' dir='ltr'><strong>ﬁeri</strong></span> <span class='ocrx_word' id='word_1_514' title='bbox 3212 841 3400 903; x_wconf 89' lang='lat' dir='ltr'><strong>potest,</strong></span> <span class='ocrx_word' id='word_1_515' title='bbox 3427 834 3602 888; x_wconf 89' lang='lat' dir='ltr'><strong>videat</strong></span> 
     </span>
    </p>
   </div>
   <div class='ocr_carea' id='block_1_69' title="bbox 2021 923 3602 994">
    <p class='ocr_par' dir='ltr' id='par_1_69' title="bbox 2021 923 3602 994">
     <span class='ocr_line' id='line_1_70' title="bbox 2021 923 3602 994; baseline 0.006 -22"><span class='ocrx_word' id='word_1_516' title='bbox 2021 937 2176 991; x_wconf 88' lang='lat' dir='ltr'><strong>quam</strong></span> <span class='ocrx_word' id='word_1_517' title='bbox 2215 931 2538 990; x_wconf 70' lang='lat' dir='ltr'><strong>prmpostere</strong></span> <span class='ocrx_word' id='word_1_518' title='bbox 2565 933 2685 977; x_wconf 89' lang='lat' dir='ltr'><strong>ante</strong></span> <span class='ocrx_word' id='word_1_519' title='bbox 2713 923 2868 978; x_wconf 89' lang='lat' dir='ltr'><strong>ﬁdem</strong></span> <span class='ocrx_word' id='word_1_520' title='bbox 2912 933 3091 994; x_wconf 88' lang='lat' dir='ltr'><strong>poscat</strong></span> <span class='ocrx_word' id='word_1_521' title='bbox 3131 926 3389 981; x_wconf 87' lang='lat' dir='ltr'><strong>rationem</strong></span> <span class='ocrx_word' id='word_1_522' title='bbox 3419 943 3602 982; x_wconf 87' lang='lat' dir='ltr'><strong>carum</strong></span> 
     </span>
    </p>
   </div>
   <div class='ocr_carea' id='block_1_70' title="bbox 2021 1017 3606 1088">
    <p class='ocr_par' dir='ltr' id='par_1_70' title="bbox 2021 1017 3606 1088">
     <span class='ocr_line' id='line_1_71' title="bbox 2021 1017 3606 1088; baseline 0.004 -21"><span class='ocrx_word' id='word_1_523' title='bbox 2021 1028 2197 1067; x_wconf 88' lang='lat' dir='ltr'><strong>rerum</strong></span> <span class='ocrx_word' id='word_1_524' title='bbox 2221 1029 2352 1082; x_wconf 88' lang='lat' dir='ltr'><strong>quas</strong></span> <span class='ocrx_word' id='word_1_525' title='bbox 2375 1028 2564 1083; x_wconf 87' lang='lat' dir='ltr'><strong>capere</strong></span> <span class='ocrx_word' id='word_1_526' title='bbox 2595 1030 2699 1067; x_wconf 90' lang='lat' dir='ltr'><strong>non</strong></span> <span class='ocrx_word' id='word_1_527' title='bbox 2739 1025 2930 1083; x_wconf 87' lang='lat' dir='ltr'><strong>potest.</strong></span> <span class='ocrx_word' id='word_1_528' title='bbox 2971 1017 3024 1072; x_wconf 90' lang='lat' dir='ltr'><strong>Si</strong></span> <span class='ocrx_word' id='word_1_529' title='bbox 3066 1026 3241 1072; x_wconf 90' lang='lat' dir='ltr'><strong>autem</strong></span> <span class='ocrx_word' id='word_1_530' title='bbox 3279 1018 3386 1088; x_wconf 75' lang='lat' dir='ltr'><strong>jam</strong></span> <span class='ocrx_word' id='word_1_531' title='bbox 3431 1019 3606 1074; x_wconf 92' lang='lat' dir='ltr'><strong>ﬁdelis</strong></span> 
     </span>
    </p>
   </div>
   <div class='ocr_carea' id='block_1_71' title="bbox 2023 1105 3604 1182">
    <p class='ocr_par' dir='ltr' id='par_1_71' title="bbox 2023 1105 3604 1182">
     <span class='ocr_line' id='line_1_72' title="bbox 2023 1105 3604 1182; baseline 0.005 -25"><span class='ocrx_word' id='word_1_532' title='bbox 2023 1105 2281 1158; x_wconf 79' lang='lat' dir='ltr'><strong>rationem</strong></span> <span class='ocrx_word' id='word_1_533' title='bbox 2329 1113 2528 1173; x_wconf 80' lang='lat' dir='ltr'><strong>poscat,</strong></span> <span class='ocrx_word' id='word_1_534' title='bbox 2562 1115 2616 1158; x_wconf 89' lang='lat' dir='ltr'><strong>ut</strong></span> <span class='ocrx_word' id='word_1_535' title='bbox 2644 1107 2782 1175; x_wconf 89' lang='lat' dir='ltr'><strong>quod</strong></span> <span class='ocrx_word' id='word_1_536' title='bbox 2809 1108 2980 1163; x_wconf 89' lang='lat' dir='ltr'><strong>credit</strong></span> <span class='ocrx_word' id='word_1_537' title='bbox 3027 1110 3302 1180; x_wconf 78' lang='lat' dir='ltr'><strong>intelligat,</strong></span> <span class='ocrx_word' id='word_1_538' title='bbox 3339 1112 3604 1182; x_wconf 84' lang='lat' dir='ltr'><strong>capacitas</strong></span> 
     </span>
    </p>
   </div>
   <div class='ocr_carea' id='block_1_72' title="bbox 2023 1197 3607 1266">
    <p class='ocr_par' dir='ltr' id='par_1_72' title="bbox 2023 1197 3607 1266">
     <span class='ocr_line' id='line_1_73' title="bbox 2023 1197 3607 1266; baseline 0.003 -14"><span class='ocrx_word' id='word_1_539' title='bbox 2023 1199 2138 1266; x_wconf 87' lang='lat' dir='ltr'><strong>ejus</strong></span> <span class='ocrx_word' id='word_1_540' title='bbox 2169 1197 2414 1250; x_wconf 89' lang='lat' dir='ltr'><strong>intuenda</strong></span> <span class='ocrx_word' id='word_1_541' title='bbox 2453 1207 2554 1261; x_wconf 91' lang='lat' dir='ltr'><strong>est,</strong></span> <span class='ocrx_word' id='word_1_542' title='bbox 2603 1206 2660 1252; x_wconf 93' lang='lat' dir='ltr'><strong>ut</strong></span> <span class='ocrx_word' id='word_1_543' title='bbox 2701 1199 2990 1254; x_wconf 89' lang='lat' dir='ltr'><strong>secundum</strong></span> <span class='ocrx_word' id='word_1_544' title='bbox 3030 1216 3146 1255; x_wconf 91' lang='lat' dir='ltr'><strong>eam</strong></span> <span class='ocrx_word' id='word_1_545' title='bbox 3195 1203 3399 1258; x_wconf 86' lang='lat' dir='ltr'><strong>ratione</strong></span> <span class='ocrx_word' id='word_1_546' title='bbox 3430 1204 3607 1260; x_wconf 85' lang='lat' dir='ltr'><strong>reddi-</strong></span> 
     </span>
    </p>
   </div>
   <div class='ocr_carea' id='block_1_73' title="bbox 2028 1292 3603 1369">
    <p class='ocr_par' dir='ltr' id='par_1_73' title="bbox 2028 1292 3603 1369">
     <span class='ocr_line' id='line_1_74' title="bbox 2028 1292 3603 1369; baseline 0.005 -23"><span class='ocrx_word' id='word_1_547' title='bbox 2028 1302 2078 1346; x_wconf 87' lang='lat' dir='ltr'><strong>ta</strong></span> <span class='ocrx_word' id='word_1_548' title='bbox 2107 1294 2147 1357; x_wconf 78' lang='grc' dir='ltr'><strong>ί,</strong></span> <span class='ocrx_word' id='word_1_549' title='bbox 2194 1303 2365 1346; x_wconf 89' lang='lat' dir='ltr'><strong>sumat</strong></span> <span class='ocrx_word' id='word_1_550' title='bbox 2395 1292 2514 1347; x_wconf 89' lang='lat' dir='ltr'><strong>ﬁdei</strong></span> <span class='ocrx_word' id='word_1_551' title='bbox 2542 1311 2652 1348; x_wconf 66' lang='lat' dir='ltr'><strong>sua:</strong></span> <span class='ocrx_word' id='word_1_552' title='bbox 2678 1303 2925 1364; x_wconf 87' lang='lat' dir='ltr'><strong>quantam</strong></span> <span class='ocrx_word' id='word_1_553' title='bbox 2955 1307 3128 1366; x_wconf 79' lang='lat' dir='ltr'><strong>potest</strong></span> <span class='ocrx_word' id='word_1_554' title='bbox 3167 1299 3561 1369; x_wconf 80' lang='lat' dir='ltr'><strong>intelligentiam</strong></span> <span class='ocrx_word' id='word_1_555' title='bbox 3587 1317 3603 1366; x_wconf 91' lang='lat'><strong>;</strong></span> 
     </span>
    </p>
   </div>
   <div class='ocr_carea' id='block_1_74' title="bbox 2027 1386 3609 1456">
    <p class='ocr_par' dir='ltr' id='par_1_74' title="bbox 2027 1386 3609 1456">
     <span class='ocr_line' id='line_1_75' title="bbox 2027 1386 3609 1456; baseline 0.007 -18"><span class='ocrx_word' id='word_1_556' title='bbox 2027 1386 2304 1454; x_wconf 88' lang='lat' dir='ltr'><strong>majorem,</strong></span> <span class='ocrx_word' id='word_1_557' title='bbox 2335 1387 2377 1438; x_wconf 87' lang='lat' dir='ltr'><strong>si</strong></span> <span class='ocrx_word' id='word_1_558' title='bbox 2407 1386 2521 1454; x_wconf 88' lang='lat' dir='ltr'><strong>plus</strong></span> <span class='ocrx_word' id='word_1_559' title='bbox 2548 1388 2720 1456; x_wconf 86' lang='lat' dir='ltr'><strong>capit;</strong></span> <span class='ocrx_word' id='word_1_560' title='bbox 2750 1390 3025 1454; x_wconf 89' lang='lat' dir='ltr'><strong>minorem,</strong></span> <span class='ocrx_word' id='word_1_561' title='bbox 3060 1393 3101 1445; x_wconf 91' lang='lat' dir='ltr'><strong>si</strong></span> <span class='ocrx_word' id='word_1_562' title='bbox 3133 1393 3344 1447; x_wconf 82' lang='lat' dir='ltr'><strong>minus:</strong></span> <span class='ocrx_word' id='word_1_563' title='bbox 3369 1394 3492 1448; x_wconf 86' lang='lat' dir='ltr'><strong>dum</strong></span> <span class='ocrx_word' id='word_1_564' title='bbox 3531 1406 3609 1449; x_wconf 86' lang='lat' dir='ltr'><strong>ta-</strong></span> 
     </span>
    </p>
   </div>
   <div class='ocr_carea' id='block_1_75' title="bbox 2027 1477 3607 1552">
    <p class='ocr_par' dir='ltr' id='par_1_75' title="bbox 2027 1477 3607 1552">
     <span class='ocr_line' id='line_1_76' title="bbox 2027 1477 3607 1552; baseline 0.006 -22"><span class='ocrx_word' id='word_1_565' title='bbox 2027 1492 2146 1530; x_wconf 90' lang='lat' dir='ltr'><strong>men</strong></span> <span class='ocrx_word' id='word_1_566' title='bbox 2179 1492 2451 1545; x_wconf 84' lang='lat' dir='ltr'><strong>quouSqne</strong></span> <span class='ocrx_word' id='word_1_567' title='bbox 2472 1477 2535 1530; x_wconf 87' lang='lat' dir='ltr'><strong>ad</strong></span> <span class='ocrx_word' id='word_1_568' title='bbox 2562 1478 2942 1546; x_wconf 90' lang='lat' dir='ltr'><strong>plenitudinem</strong></span> <span class='ocrx_word' id='word_1_569' title='bbox 2970 1483 3285 1550; x_wconf 87' lang='lat' dir='ltr'><strong>cognitionis</strong></span> <span class='ocrx_word' id='word_1_570' title='bbox 3323 1484 3607 1552; x_wconf 68' lang='lat' dir='ltr'><strong>perfectio-</strong></span> 
     </span>
    </p>
   </div>
   <div class='ocr_carea' id='block_1_76' title="bbox 2028 1568 3610 1637">
    <p class='ocr_par' dir='ltr' id='par_1_76' title="bbox 2028 1568 3610 1637">
     <span class='ocr_line' id='line_1_77' title="bbox 2028 1568 3610 1637; baseline 0.005 -15"><span class='ocrx_word' id='word_1_571' title='bbox 2028 1583 2254 1637; x_wconf 86' lang='lat' dir='ltr'><strong>nemque</strong></span> <span class='ocrx_word' id='word_1_572' title='bbox 2285 1569 2575 1634; x_wconf 80' lang='lat' dir='ltr'><strong>perveniat,</strong></span> <span class='ocrx_word' id='word_1_573' title='bbox 2619 1568 2892 1624; x_wconf 90' lang='lat' dir='ltr'><strong>abitinere</strong></span> <span class='ocrx_word' id='word_1_574' title='bbox 2916 1569 3036 1624; x_wconf 90' lang='lat' dir='ltr'><strong>ﬁdei</strong></span> <span class='ocrx_word' id='word_1_575' title='bbox 3063 1587 3167 1625; x_wconf 93' lang='lat' dir='ltr'><strong>non</strong></span> <span class='ocrx_word' id='word_1_576' title='bbox 3195 1575 3425 1628; x_wconf 90' lang='lat' dir='ltr'><strong>recedat.</strong></span> <span class='ocrx_word' id='word_1_577' title='bbox 3476 1574 3610 1630; x_wconf 90' lang='lat' dir='ltr'><strong>llinc</strong></span> 
     </span>
    </p>
   </div>
   <div class='ocr_carea' id='block_1_77' title="bbox 2029 1658 3611 1734">
    <p class='ocr_par' dir='ltr' id='par_1_77' title="bbox 2029 1658 3611 1734">
     <span class='ocr_line' id='line_1_78' title="bbox 2029 1658 3611 1734; baseline 0.002 -20"><span class='ocrx_word' id='word_1_578' title='bbox 2029 1672 2112 1714; x_wconf 88' lang='lat' dir='ltr'><strong>est</strong></span> <span class='ocrx_word' id='word_1_579' title='bbox 2139 1658 2278 1728; x_wconf 88' lang='lat' dir='ltr'><strong>quod</strong></span> <span class='ocrx_word' id='word_1_580' title='bbox 2309 1659 2439 1712; x_wconf 88' lang='lat' dir='ltr'><strong>dicit</strong></span> <span class='ocrx_word' id='word_1_581' title='bbox 2465 1660 2747 1728; x_wconf 77' lang='lat' dir='ltr'><strong>Apostolus</strong></span> <span class='ocrx_word' id='word_1_582' title='bbox 2779 1678 2790 1714; x_wconf 94' lang='lat'><strong>:</strong></span> <span class='ocrx_word' id='word_1_583' title='bbox 2835 1661 2900 1714; x_wconf 77' lang='lat' dir='ltr'><strong>Et</strong></span> <span class='ocrx_word' id='word_1_584' title='bbox 2923 1671 3085 1715; x_wconf 86' lang='lat' dir='ltr'><strong>tamen</strong></span> <span class='ocrx_word' id='word_1_585' title='bbox 3124 1663 3168 1716; x_wconf 95' lang='lat' dir='ltr'><strong>si</strong></span> <span class='ocrx_word' id='word_1_586' title='bbox 3199 1664 3320 1734; x_wconf 85' lang='lat' dir='ltr'><strong>quid</strong></span> <span class='ocrx_word' id='word_1_587' title='bbox 3357 1663 3502 1717; x_wconf 87' lang='lat' dir='ltr'><strong>aliter</strong></span> <span class='ocrx_word' id='word_1_588' title='bbox 3533 1681 3611 1719; x_wconf 81' lang='lat' dir='ltr'><strong>sa-</strong></span> 
     </span>
    </p>
   </div>
   <div class='ocr_carea' id='block_1_78' title="bbox 2033 1749 3612 1820">
    <p class='ocr_par' dir='ltr' id='par_1_78' title="bbox 2033 1749 3612 1820">
     <span class='ocr_line' id='line_1_79' title="bbox 2033 1749 3612 1820; baseline 0.006 -20"><span class='ocrx_word' id='word_1_589' title='bbox 2033 1751 2168 1820; x_wconf 84' lang='lat' dir='ltr'><strong>pitis,</strong></span> <span class='ocrx_word' id='word_1_590' title='bbox 2214 1749 2267 1803; x_wconf 88' lang='lat' dir='ltr'><strong>id</strong></span> <span class='ocrx_word' id='word_1_591' title='bbox 2294 1766 2488 1820; x_wconf 87' lang='lat' dir='ltr'><strong>quoque</strong></span> <span class='ocrx_word' id='word_1_592' title='bbox 2525 1751 2658 1805; x_wconf 85' lang='lat' dir='ltr'><strong>vobis</strong></span> <span class='ocrx_word' id='word_1_593' title='bbox 2706 1750 2845 1806; x_wconf 84' lang='lat' dir='ltr'><strong>Deus</strong></span> <span class='ocrx_word' id='word_1_594' title='bbox 2883 1752 3146 1818; x_wconf 76' lang='lat' dir='ltr'><strong>reuelabit;</strong></span> <span class='ocrx_word' id='word_1_595' title='bbox 3189 1764 3524 1809; x_wconf 78' lang='lat' dir='ltr'><strong>verumtamen</strong></span> <span class='ocrx_word' id='word_1_596' title='bbox 3557 1756 3612 1809; x_wconf 88' lang='lat' dir='ltr'><strong>in</strong></span> 
     </span>
    </p>
   </div>
   <div class='ocr_carea' id='block_1_79' title="bbox 2031 1842 3610 1916">
    <p class='ocr_par' dir='ltr' id='par_1_79' title="bbox 2031 1842 3610 1916">
     <span class='ocr_line' id='line_1_80' title="bbox 2031 1842 3610 1916; baseline 0.004 -22"><span class='ocrx_word' id='word_1_597' title='bbox 2031 1842 2164 1913; x_wconf 87' lang='lat' dir='ltr'><strong>quod</strong></span> <span class='ocrx_word' id='word_1_598' title='bbox 2188 1843 2519 1912; x_wconf 83' lang='lat' dir='ltr'><strong>pervenimus,</strong></span> <span class='ocrx_word' id='word_1_599' title='bbox 2543 1843 2594 1895; x_wconf 88' lang='lat' dir='ltr'><strong>in</strong></span> <span class='ocrx_word' id='word_1_600' title='bbox 2610 1860 2666 1897; x_wconf 87' lang='lat' dir='ltr'><strong>eo</strong></span> <span class='ocrx_word' id='word_1_601' title='bbox 2685 1842 2996 1897; x_wconf 88' lang='lat' dir='ltr'><strong>ambulemus</strong></span> <span class='ocrx_word' id='word_1_602' title='bbox 3021 1843 3275 1916; x_wconf 84' lang='lat' dir='ltr'><strong>(Philipp.</strong></span> <span class='ocrx_word' id='word_1_603' title='bbox 3301 1846 3478 1913; x_wconf 65' lang='lat' dir='ltr'>IIIJS,</span> <span class='ocrx_word' id='word_1_604' title='bbox 3499 1845 3610 1913; x_wconf 83' lang='lat' dir='ltr'><strong>l6).</strong></span> 
     </span>
    </p>
   </div>
   <div class='ocr_carea' id='block_1_80' title="bbox 2032 1933 3610 2008">
    <p class='ocr_par' dir='ltr' id='par_1_80' title="bbox 2032 1933 3610 2008">
     <span class='ocr_line' id='line_1_81' title="bbox 2032 1933 3610 2008; baseline 0.001 -18"><span class='ocrx_word' id='word_1_605' title='bbox 2032 1933 2148 1990; x_wconf 81' lang='lat' dir='ltr'><strong>Jam</strong></span> <span class='ocrx_word' id='word_1_606' title='bbox 2179 1949 2304 2002; x_wconf 91' lang='lat' dir='ltr'><strong>ergo</strong></span> <span class='ocrx_word' id='word_1_607' title='bbox 2325 1933 2369 1986; x_wconf 93' lang='lat' dir='ltr'><strong>si</strong></span> <span class='ocrx_word' id='word_1_608' title='bbox 2398 1933 2578 1988; x_wconf 89' lang='lat' dir='ltr'><strong>ﬁdeles</strong></span> <span class='ocrx_word' id='word_1_609' title='bbox 2607 1950 2805 1999; x_wconf 90' lang='lat' dir='ltr'><strong>sumus,</strong></span> <span class='ocrx_word' id='word_1_610' title='bbox 2839 1935 2904 1990; x_wconf 90' lang='lat' dir='ltr'><strong>ad</strong></span> <span class='ocrx_word' id='word_1_611' title='bbox 2937 1935 3056 1990; x_wconf 89' lang='lat' dir='ltr'><strong>ﬁdei</strong></span> <span class='ocrx_word' id='word_1_612' title='bbox 3084 1938 3219 1991; x_wconf 89' lang='lat' dir='ltr'><strong>viam</strong></span> <span class='ocrx_word' id='word_1_613' title='bbox 3252 1940 3610 2008; x_wconf 88' lang='lat' dir='ltr'><strong>pervenimus,</strong></span> 
     </span>
    </p>
   </div>
   <div class='ocr_carea' id='block_1_81' title="bbox 2034 2026 3614 2096">
    <p class='ocr_par' dir='ltr' id='par_1_81' title="bbox 2034 2026 3614 2096">
     <span class='ocr_line' id='line_1_82' title="bbox 2034 2026 3614 2096; baseline 0.003 -17"><span class='ocrx_word' id='word_1_614' title='bbox 2034 2043 2190 2096; x_wconf 88' lang='lat' dir='ltr'><strong>quam</strong></span> <span class='ocrx_word' id='word_1_615' title='bbox 2223 2026 2266 2080; x_wconf 81' lang='lat' dir='ltr'><strong>si</strong></span> <span class='ocrx_word' id='word_1_616' title='bbox 2299 2040 2399 2080; x_wconf 87' lang='lat' dir='ltr'><strong>non</strong></span> <span class='ocrx_word' id='word_1_617' title='bbox 2439 2027 2816 2088; x_wconf 79' lang='lat' dir='ltr'><strong>dimiserimus,</strong></span> <span class='ocrx_word' id='word_1_618' title='bbox 2850 2044 2954 2082; x_wconf 91' lang='lat' dir='ltr'><strong>non</strong></span> <span class='ocrx_word' id='word_1_619' title='bbox 2981 2029 3150 2083; x_wconf 88' lang='lat' dir='ltr'><strong>solum</strong></span> <span class='ocrx_word' id='word_1_620' title='bbox 3181 2030 3247 2084; x_wconf 91' lang='lat' dir='ltr'><strong>ad</strong></span> <span class='ocrx_word' id='word_1_621' title='bbox 3290 2039 3486 2086; x_wconf 87' lang='lat' dir='ltr'><strong>tantam</strong></span> <span class='ocrx_word' id='word_1_622' title='bbox 3528 2031 3614 2084; x_wconf 89' lang='lat' dir='ltr'><strong>in-</strong></span> 
     </span>
    </p>
   </div>
   <div class='ocr_carea' id='block_1_82' title="bbox 2036 2119 3616 2188">
    <p class='ocr_par' dir='ltr' id='par_1_82' title="bbox 2036 2119 3616 2188">
     <span class='ocr_line' id='line_1_83' title="bbox 2036 2119 3616 2188; baseline 0.002 -15"><span class='ocrx_word' id='word_1_623' title='bbox 2036 2119 2376 2188; x_wconf 86' lang='lat' dir='ltr'><strong>telligentiam</strong></span> <span class='ocrx_word' id='word_1_624' title='bbox 2420 2134 2596 2172; x_wconf 88' lang='lat' dir='ltr'><strong>rerum</strong></span> <span class='ocrx_word' id='word_1_625' title='bbox 2635 2119 3066 2188; x_wconf 87' lang='lat' dir='ltr'><strong>incorporearum</strong></span> <span class='ocrx_word' id='word_1_626' title='bbox 3115 2129 3168 2175; x_wconf 91' lang='lat' dir='ltr'><strong>et</strong></span> <span class='ocrx_word' id='word_1_627' title='bbox 3207 2120 3616 2176; x_wconf 89' lang='lat' dir='ltr'><strong>incommutabi-</strong></span> 
     </span>
    </p>
   </div>
   <div class='ocr_carea' id='block_1_83' title="bbox 2037 2209 3616 2280">
    <p class='ocr_par' dir='ltr' id='par_1_83' title="bbox 2037 2209 3616 2280">
     <span class='ocr_line' id='line_1_84' title="bbox 2037 2209 3616 2280; baseline 0.001 -15"><span class='ocrx_word' id='word_1_628' title='bbox 2037 2211 2184 2274; x_wconf 91' lang='lat' dir='ltr'><strong>lium,</strong></span> <span class='ocrx_word' id='word_1_629' title='bbox 2218 2219 2410 2280; x_wconf 86' lang='lat' dir='ltr'><strong>quanta</strong></span> <span class='ocrx_word' id='word_1_630' title='bbox 2443 2211 2492 2264; x_wconf 92' lang='lat' dir='ltr'><strong>in</strong></span> <span class='ocrx_word' id='word_1_631' title='bbox 2525 2209 2625 2265; x_wconf 89' lang='lat' dir='ltr'><strong>hac</strong></span> <span class='ocrx_word' id='word_1_632' title='bbox 2650 2211 2752 2264; x_wconf 90' lang='lat' dir='ltr'><strong>vita</strong></span> <span class='ocrx_word' id='word_1_633' title='bbox 2779 2211 2893 2279; x_wconf 88' lang='lat' dir='ltr'><strong>capi</strong></span> <span class='ocrx_word' id='word_1_634' title='bbox 2922 2225 3028 2264; x_wconf 90' lang='lat' dir='ltr'><strong>non</strong></span> <span class='ocrx_word' id='word_1_635' title='bbox 3056 2212 3123 2266; x_wconf 90' lang='lat' dir='ltr'><strong>ab</strong></span> <span class='ocrx_word' id='word_1_636' title='bbox 3146 2212 3392 2266; x_wconf 88' lang='lat' dir='ltr'><strong>omnibus</strong></span> <span class='ocrx_word' id='word_1_637' title='bbox 3418 2220 3616 2280; x_wconf 85' lang='lat' dir='ltr'><strong>potest,</strong></span> 
     </span>
    </p>
   </div>
   <div class='ocr_carea' id='block_1_84' title="bbox 2038 2300 3619 2372">
    <p class='ocr_par' dir='ltr' id='par_1_84' title="bbox 2038 2300 3619 2372">
     <span class='ocr_line' id='line_1_85' title="bbox 2038 2300 3619 2372; baseline 0 -16"><span class='ocrx_word' id='word_1_638' title='bbox 2038 2317 2222 2357; x_wconf 89' lang='lat' dir='ltr'><strong>verum</strong></span> <span class='ocrx_word' id='word_1_639' title='bbox 2253 2303 2410 2356; x_wconf 86' lang='lat' dir='ltr'><strong>etiam</strong></span> <span class='ocrx_word' id='word_1_640' title='bbox 2449 2300 2513 2355; x_wconf 90' lang='lat' dir='ltr'><strong>ad</strong></span> <span class='ocrx_word' id='word_1_641' title='bbox 2553 2301 2910 2357; x_wconf 86' lang='lat' dir='ltr'><strong>summitatem</strong></span> <span class='ocrx_word' id='word_1_642' title='bbox 2950 2303 3431 2371; x_wconf 83' lang='lat' dir='ltr'><strong>contemplationis,</strong></span> <span class='ocrx_word' id='word_1_643' title='bbox 3458 2317 3619 2372; x_wconf 88' lang='lat' dir='ltr'><strong>quam</strong></span> 
     </span>
    </p>
   </div>
   <div class='ocr_carea' id='block_1_85' title="bbox 2038 2391 3617 2463">
    <p class='ocr_par' dir='ltr' id='par_1_85' title="bbox 2038 2391 3617 2463">
     <span class='ocr_line' id='line_1_86' title="bbox 2038 2391 3617 2463; baseline -0.001 -15"><span class='ocrx_word' id='word_1_644' title='bbox 2038 2394 2162 2448; x_wconf 89' lang='lat' dir='ltr'><strong>dicit</strong></span> <span class='ocrx_word' id='word_1_645' title='bbox 2208 2393 2524 2462; x_wconf 81' lang='lat' dir='ltr'><strong>Apostolus,</strong></span> <span class='ocrx_word' id='word_1_646' title='bbox 2575 2393 2706 2461; x_wconf 78' lang='lat' dir='ltr'><strong>faeie</strong></span> <span class='ocrx_word' id='word_1_647' title='bbox 2752 2391 2820 2444; x_wconf 90' lang='lat' dir='ltr'><strong>ad</strong></span> <span class='ocrx_word' id='word_1_648' title='bbox 2864 2392 3045 2461; x_wconf 80' lang='lat' dir='ltr'><strong>[aciem</strong></span> <span class='ocrx_word' id='word_1_649' title='bbox 3088 2391 3139 2461; x_wconf 93' lang='grc'><strong>(1</strong></span> <span class='ocrx_word' id='word_1_650' title='bbox 3168 2391 3286 2446; x_wconf 86' lang='lat' dir='ltr'><strong>Cor.</strong></span> <span class='ocrx_word' id='word_1_651' title='bbox 3332 2409 3455 2456; x_wconf 79' lang='lat' dir='ltr'><strong>xm,</strong></span> <span class='ocrx_word' id='word_1_652' title='bbox 3505 2392 3617 2463; x_wconf 76' lang='grc'><strong>12),</strong></span> 
     </span>
    </p>
   </div>
   <div class='ocr_carea' id='block_1_86' title="bbox 2039 2482 3624 2554">
    <p class='ocr_par' dir='ltr' id='par_1_86' title="bbox 2039 2482 3624 2554">
     <span class='ocr_line' id='line_1_87' title="bbox 2039 2482 3624 2554; baseline -0.001 -14"><span class='ocrx_word' id='word_1_653' title='bbox 2039 2486 2154 2540; x_wconf 89' lang='lat' dir='ltr'><strong>sine</strong></span> <span class='ocrx_word' id='word_1_654' title='bbox 2181 2485 2506 2539; x_wconf 91' lang='lat' dir='ltr'><strong>dubitatione</strong></span> <span class='ocrx_word' id='word_1_655' title='bbox 2529 2483 2918 2554; x_wconf 85' lang='lat' dir='ltr'><strong>perveniemus.</strong></span> <span class='ocrx_word' id='word_1_656' title='bbox 2949 2482 3078 2537; x_wconf 84' lang='lat' dir='ltr'><strong>Nam</strong></span> <span class='ocrx_word' id='word_1_657' title='bbox 3103 2483 3314 2554; x_wconf 90' lang='lat' dir='ltr'><strong>quidam</strong></span> <span class='ocrx_word' id='word_1_658' title='bbox 3341 2483 3498 2538; x_wconf 88' lang='lat' dir='ltr'><strong>etiam</strong></span> <span class='ocrx_word' id='word_1_659' title='bbox 3523 2484 3624 2538; x_wconf 80' lang='lat' dir='ltr'><strong>mi-</strong></span> 
     </span>
    </p>
   </div>
   <div class='ocr_carea' id='block_1_87' title="bbox 2043 2572 3624 2646">
    <p class='ocr_par' dir='ltr' id='par_1_87' title="bbox 2043 2572 3624 2646">
     <span class='ocr_line' id='line_1_88' title="bbox 2043 2572 3624 2646; baseline -0.001 -16"><span class='ocrx_word' id='word_1_660' title='bbox 2043 2576 2168 2630; x_wconf 88' lang='lat' dir='ltr'><strong>nimi</strong></span> <span class='ocrx_word' id='word_1_661' title='bbox 2200 2579 2242 2642; x_wconf 63' lang='lat'><strong>”,</strong></span> <span class='ocrx_word' id='word_1_662' title='bbox 2271 2572 2324 2630; x_wconf 83' lang='lat' dir='ltr'><strong>et</strong></span> <span class='ocrx_word' id='word_1_663' title='bbox 2367 2585 2542 2630; x_wconf 86' lang='lat' dir='ltr'><strong>tamen</strong></span> <span class='ocrx_word' id='word_1_664' title='bbox 2584 2577 2634 2629; x_wconf 89' lang='lat' dir='ltr'><strong>in</strong></span> <span class='ocrx_word' id='word_1_665' title='bbox 2665 2577 2746 2629; x_wconf 87' lang='lat' dir='ltr'><strong>via</strong></span> <span class='ocrx_word' id='word_1_666' title='bbox 2790 2575 2910 2630; x_wconf 89' lang='lat' dir='ltr'><strong>ﬁdei</strong></span> <span class='ocrx_word' id='word_1_667' title='bbox 2951 2576 3474 2646; x_wconf 87' lang='lat' dir='ltr'><strong>perseverantissime</strong></span> <span class='ocrx_word' id='word_1_668' title='bbox 3501 2590 3624 2644; x_wconf 85' lang='lat' dir='ltr'><strong>gra-</strong></span> 
     </span>
    </p>
   </div>
   <div class='ocr_carea' id='block_1_88' title="bbox 2042 2668 3626 2738">
    <p class='ocr_par' dir='ltr' id='par_1_88' title="bbox 2042 2668 3626 2738">
     <span class='ocr_line' id='line_1_89' title="bbox 2042 2668 3626 2738; baseline -0.003 -14"><span class='ocrx_word' id='word_1_669' title='bbox 2042 2669 2268 2730; x_wconf 87' lang='lat' dir='ltr'><strong>dientes,</strong></span> <span class='ocrx_word' id='word_1_670' title='bbox 2300 2668 2363 2721; x_wconf 91' lang='lat' dir='ltr'><strong>ad</strong></span> <span class='ocrx_word' id='word_1_671' title='bbox 2393 2668 2536 2722; x_wconf 82' lang='lat' dir='ltr'><strong>illam</strong></span> <span class='ocrx_word' id='word_1_672' title='bbox 2575 2668 2932 2722; x_wconf 90' lang='lat' dir='ltr'><strong>beatissimam</strong></span> <span class='ocrx_word' id='word_1_673' title='bbox 2963 2668 3462 2737; x_wconf 83' lang='lat' dir='ltr'><strong>contemplationem</strong></span> <span class='ocrx_word' id='word_1_674' title='bbox 3502 2683 3626 2738; x_wconf 89' lang='lat' dir='ltr'><strong>pcr-</strong></span> 
     </span>
    </p>
   </div>
   <div class='ocr_carea' id='block_1_89' title="bbox 2043 2750 3625 2831">
    <p class='ocr_par' dir='ltr' id='par_1_89' title="bbox 2043 2750 3625 2831">
     <span class='ocr_line' id='line_1_90' title="bbox 2043 2750 3625 2831; baseline -0.001 -16"><span class='ocrx_word' id='word_1_675' title='bbox 2043 2763 2296 2816; x_wconf 85' lang='lat' dir='ltr'><strong>veniunt:</strong></span> <span class='ocrx_word' id='word_1_676' title='bbox 2327 2761 2542 2831; x_wconf 91' lang='lat' dir='ltr'><strong>quidam</strong></span> <span class='ocrx_word' id='word_1_677' title='bbox 2585 2776 2712 2815; x_wconf 87' lang='lat' dir='ltr'><strong>vero</strong></span> <span class='ocrx_word' id='word_1_678' title='bbox 2737 2760 2860 2830; x_wconf 91' lang='lat' dir='ltr'><strong>quid</strong></span> <span class='ocrx_word' id='word_1_679' title='bbox 2896 2761 2966 2815; x_wconf 87' lang='lat' dir='ltr'><strong>sit</strong></span> <span class='ocrx_word' id='word_1_680' title='bbox 2995 2750 3180 2814; x_wconf 86' lang='lat' dir='ltr'><strong>natura</strong></span> <span class='ocrx_word' id='word_1_681' title='bbox 3209 2760 3508 2825; x_wconf 88' lang='lat' dir='ltr'><strong>invisibilis,</strong></span> <span class='ocrx_word' id='word_1_682' title='bbox 3540 2759 3625 2814; x_wconf 91' lang='lat' dir='ltr'><strong>in-</strong></span> 
     </span>
    </p>
   </div>
   <div class='ocr_carea' id='block_1_90' title="bbox 2044 2852 3628 2922">
    <p class='ocr_par' dir='ltr' id='par_1_90' title="bbox 2044 2852 3628 2922">
     <span class='ocr_line' id='line_1_91' title="bbox 2044 2852 3628 2922; baseline 0 -16"><span class='ocrx_word' id='word_1_683' title='bbox 2044 2853 2454 2914; x_wconf 87' lang='lat' dir='ltr'><strong>commutabilis,</strong></span> <span class='ocrx_word' id='word_1_684' title='bbox 2489 2853 2818 2921; x_wconf 88' lang='lat' dir='ltr'><strong>incorporea,</strong></span> <span class='ocrx_word' id='word_1_685' title='bbox 2847 2860 3132 2922; x_wconf 90' lang='lat' dir='ltr'><strong>utcumque</strong></span> <span class='ocrx_word' id='word_1_686' title='bbox 3151 2852 3260 2922; x_wconf 88' lang='lat' dir='ltr'><strong>jam</strong></span> <span class='ocrx_word' id='word_1_687' title='bbox 3286 2852 3532 2917; x_wconf 87' lang='lat' dir='ltr'><strong>scientes,</strong></span> <span class='ocrx_word' id='word_1_688' title='bbox 3571 2861 3628 2907; x_wconf 90' lang='lat' dir='ltr'><strong>et</strong></span> 
     </span>
    </p>
   </div>
   <div class='ocr_carea' id='block_1_91' title="bbox 2047 2939 3625 3016">
    <p class='ocr_par' dir='ltr' id='par_1_91' title="bbox 2047 2939 3625 3016">
     <span class='ocr_line' id='line_1_92' title="bbox 2047 2939 3625 3016; baseline 0 -18"><span class='ocrx_word' id='word_1_689' title='bbox 2047 2947 2184 3000; x_wconf 81' lang='lat' dir='ltr'><strong>viam</strong></span> <span class='ocrx_word' id='word_1_690' title='bbox 2231 2962 2346 3016; x_wconf 74' lang='lat' dir='ltr'><strong>qua:</strong></span> <span class='ocrx_word' id='word_1_691' title='bbox 2388 2945 2531 3001; x_wconf 90' lang='lat' dir='ltr'><strong>ducit</strong></span> <span class='ocrx_word' id='word_1_692' title='bbox 2577 2945 2643 2999; x_wconf 91' lang='lat' dir='ltr'><strong>ad</strong></span> <span class='ocrx_word' id='word_1_693' title='bbox 2693 2953 2850 3000; x_wconf 77' lang='lat' dir='ltr'><strong>tanta:</strong></span> <span class='ocrx_word' id='word_1_694' title='bbox 2893 2944 3232 3000; x_wconf 90' lang='lat' dir='ltr'><strong>beatitudinis</strong></span> <span class='ocrx_word' id='word_1_695' title='bbox 3273 2939 3625 3012; x_wconf 82' lang='lat' dir='ltr'><strong>mansionem,</strong></span> 
     </span>
    </p>
   </div>
   <div class='ocr_carea' id='block_1_92' title="bbox 2045 3033 3627 3106">
    <p class='ocr_par' dir='ltr' id='par_1_92' title="bbox 2045 3033 3627 3106">
     <span class='ocr_line' id='line_1_93' title="bbox 2045 3033 3627 3106; baseline 0.002 -18"><span class='ocrx_word' id='word_1_696' title='bbox 2045 3038 2291 3106; x_wconf 89' lang='lat' dir='ltr'><strong>quoniam</strong></span> <span class='ocrx_word' id='word_1_697' title='bbox 2319 3036 2480 3090; x_wconf 89' lang='lat' dir='ltr'><strong>stulta</strong></span> <span class='ocrx_word' id='word_1_698' title='bbox 2523 3037 2626 3090; x_wconf 92' lang='lat' dir='ltr'><strong>illis</strong></span> <span class='ocrx_word' id='word_1_699' title='bbox 2655 3035 2884 3102; x_wconf 87' lang='lat' dir='ltr'><strong>videtur,</strong></span> <span class='ocrx_word' id='word_1_700' title='bbox 2911 3035 3052 3106; x_wconf 91' lang='lat' dir='ltr'><strong>quod</strong></span> <span class='ocrx_word' id='word_1_701' title='bbox 3081 3045 3162 3091; x_wconf 93' lang='lat' dir='ltr'><strong>est</strong></span> <span class='ocrx_word' id='word_1_702' title='bbox 3187 3035 3428 3091; x_wconf 83' lang='lat' dir='ltr'><strong>Christus</strong></span> <span class='ocrx_word' id='word_1_703' title='bbox 3451 3033 3627 3091; x_wconf 89' lang='lat' dir='ltr'><strong>cruci-</strong></span> 
     </span>
    </p>
   </div>
   <div class='ocr_carea' id='block_1_93' title="bbox 2049 3113 3626 3198">
    <p class='ocr_par' dir='ltr' id='par_1_93' title="bbox 2049 3113 3626 3198">
     <span class='ocr_line' id='line_1_94' title="bbox 2049 3113 3626 3198; baseline 0.001 -20"><span class='ocrx_word' id='word_1_704' title='bbox 2049 3125 2202 3190; x_wconf 80' lang='lat' dir='ltr'><strong>ﬁxus,</strong></span> <span class='ocrx_word' id='word_1_705' title='bbox 2234 3136 2412 3180; x_wconf 89' lang='lat' dir='ltr'><strong>tenere</strong></span> <span class='ocrx_word' id='word_1_706' title='bbox 2451 3113 2778 3192; x_wconf 89' lang='lat' dir='ltr'><strong>recusantes,</strong></span> <span class='ocrx_word' id='word_1_707' title='bbox 2807 3125 2871 3180; x_wconf 87' lang='lat' dir='ltr'><strong>ad</strong></span> <span class='ocrx_word' id='word_1_708' title='bbox 2901 3127 3094 3196; x_wconf 90' lang='lat' dir='ltr'><strong>quietis</strong></span> <span class='ocrx_word' id='word_1_709' title='bbox 3137 3127 3300 3196; x_wconf 91' lang='lat' dir='ltr'><strong>ipsius</strong></span> <span class='ocrx_word' id='word_1_710' title='bbox 3333 3127 3626 3198; x_wconf 86' lang='lat' dir='ltr'><strong>penetrale,</strong></span> 
     </span>
    </p>
   </div>
   <div class='ocr_carea' id='block_1_94' title="bbox 2047 3217 3631 3290">
    <p class='ocr_par' dir='ltr' id='par_1_94' title="bbox 2047 3217 3631 3290">
     <span class='ocr_line' id='line_1_95' title="bbox 2047 3217 3631 3290; baseline 0.002 -19"><span class='ocrx_word' id='word_1_711' title='bbox 2047 3218 2197 3286; x_wconf 88' lang='lat' dir='ltr'><strong>cujus</strong></span> <span class='ocrx_word' id='word_1_712' title='bbox 2235 3219 2344 3286; x_wconf 86' lang='lat' dir='ltr'><strong>jam</strong></span> <span class='ocrx_word' id='word_1_713' title='bbox 2383 3218 2498 3271; x_wconf 90' lang='lat' dir='ltr'><strong>luce</strong></span> <span class='ocrx_word' id='word_1_714' title='bbox 2528 3232 2678 3271; x_wconf 88' lang='lat' dir='ltr'><strong>mens</strong></span> <span class='ocrx_word' id='word_1_715' title='bbox 2717 3233 2900 3272; x_wconf 88' lang='lat' dir='ltr'><strong>eorum</strong></span> <span class='ocrx_word' id='word_1_716' title='bbox 2941 3217 3082 3272; x_wconf 88' lang='lat' dir='ltr'><strong>velut</strong></span> <span class='ocrx_word' id='word_1_717' title='bbox 3119 3219 3171 3273; x_wconf 93' lang='lat' dir='ltr'><strong>in</strong></span> <span class='ocrx_word' id='word_1_718' title='bbox 3213 3218 3496 3290; x_wconf 65' lang='lat' dir='ltr'><strong>longinqua</strong></span> <span class='ocrx_word' id='word_1_719' title='bbox 3543 3233 3631 3274; x_wconf 86' lang='lat' dir='ltr'><strong>ra-</strong></span> 
     </span>
    </p>
   </div>
   <div class='ocr_carea' id='block_1_95' title="bbox 2047 3307 3356 3378">
    <p class='ocr_par' dir='ltr' id='par_1_95' title="bbox 2047 3307 3356 3378">
     <span class='ocr_line' id='line_1_96' title="bbox 2047 3307 3356 3378; baseline 0.002 -16"><span class='ocrx_word' id='word_1_720' title='bbox 2047 3307 2224 3362; x_wconf 89' lang='lat' dir='ltr'><strong>diante</strong></span> <span class='ocrx_word' id='word_1_721' title='bbox 2252 3308 2639 3377; x_wconf 84' lang='lat' dir='ltr'><strong>perstringitur,</strong></span> <span class='ocrx_word' id='word_1_722' title='bbox 2673 3308 2950 3377; x_wconf 89' lang='lat' dir='ltr'><strong>pervenire</strong></span> <span class='ocrx_word' id='word_1_723' title='bbox 2980 3323 3083 3361; x_wconf 91' lang='lat' dir='ltr'><strong>non</strong></span> <span class='ocrx_word' id='word_1_724' title='bbox 3116 3318 3356 3378; x_wconf 85' lang='lat' dir='ltr'><strong>possunt.</strong></span> 
     </span>
    </p>
   </div>
   <div class='ocr_carea' id='block_1_96' title="bbox 2118 3399 3628 3469">
    <p class='ocr_par' dir='ltr' id='par_1_96' title="bbox 2118 3399 3628 3469">
     <span class='ocr_line' id='line_1_97' title="bbox 2118 3399 3628 3469; baseline 0.002 -14"><span class='ocrx_word' id='word_1_725' title='bbox 2118 3400 2171 3455; x_wconf 85' lang='lat'><strong>5.</strong></span> <span class='ocrx_word' id='word_1_726' title='bbox 2201 3399 2332 3454; x_wconf 91' lang='lat' dir='ltr'><strong>Sunt</strong></span> <span class='ocrx_word' id='word_1_727' title='bbox 2358 3409 2532 3452; x_wconf 91' lang='lat' dir='ltr'><strong>autem</strong></span> <span class='ocrx_word' id='word_1_728' title='bbox 2558 3399 2821 3467; x_wconf 60' lang='lat' dir='ltr'><strong>quaedam,</strong></span> <span class='ocrx_word' id='word_1_729' title='bbox 2852 3415 2970 3469; x_wconf 71' lang='lat' dir='ltr'><strong>qua:</strong></span> <span class='ocrx_word' id='word_1_730' title='bbox 2993 3415 3114 3454; x_wconf 90' lang='lat' dir='ltr'><strong>cum</strong></span> <span class='ocrx_word' id='word_1_731' title='bbox 3151 3400 3492 3467; x_wconf 88' lang='lat' dir='ltr'><strong>audierimus,</strong></span> <span class='ocrx_word' id='word_1_732' title='bbox 3522 3417 3628 3458; x_wconf 90' lang='lat' dir='ltr'><strong>non</strong></span> 
     </span>
    </p>
   </div>
   <div class='ocr_carea' id='block_1_97' title="bbox 2049 3490 3631 3566">
    <p class='ocr_par' dir='ltr' id='par_1_97' title="bbox 2049 3490 3631 3566">
     <span class='ocr_line' id='line_1_98' title="bbox 2049 3490 3631 3566; baseline 0.003 -21"><span class='ocrx_word' id='word_1_733' title='bbox 2049 3491 2125 3545; x_wconf 89' lang='lat' dir='ltr'><strong>eis</strong></span> <span class='ocrx_word' id='word_1_734' title='bbox 2150 3490 2613 3545; x_wconf 82' lang='lat' dir='ltr'><strong>accommodamus</strong></span> <span class='ocrx_word' id='word_1_735' title='bbox 2633 3490 2812 3551; x_wconf 90' lang='lat' dir='ltr'><strong>ﬁdem.</strong></span> <span class='ocrx_word' id='word_1_736' title='bbox 2832 3501 2883 3566; x_wconf 86' lang='lat' dir='ltr'><strong>et</strong></span> <span class='ocrx_word' id='word_1_737' title='bbox 2900 3492 3103 3546; x_wconf 89' lang='lat' dir='ltr'><strong>ratione</strong></span> <span class='ocrx_word' id='word_1_738' title='bbox 3120 3492 3270 3546; x_wconf 85' lang='lat' dir='ltr'><strong>nobis</strong></span> <span class='ocrx_word' id='word_1_739' title='bbox 3286 3492 3490 3548; x_wconf 90' lang='lat' dir='ltr'><strong>reddita</strong></span> <span class='ocrx_word' id='word_1_740' title='bbox 3507 3509 3631 3549; x_wconf 85' lang='lat' dir='ltr'><strong>vera</strong></span> 
     </span>
    </p>
   </div>
   <div class='ocr_carea' id='block_1_98' title="bbox 2050 3584 3631 3653">
    <p class='ocr_par' dir='ltr' id='par_1_98' title="bbox 2050 3584 3631 3653">
     <span class='ocr_line' id='line_1_99' title="bbox 2050 3584 3631 3653; baseline 0.001 -14"><span class='ocrx_word' id='word_1_741' title='bbox 2050 3600 2169 3640; x_wconf 81' lang='lat' dir='ltr'><strong>esse</strong></span> <span class='ocrx_word' id='word_1_742' title='bbox 2193 3585 2579 3653; x_wconf 82' lang='lat' dir='ltr'><strong>cognoscimus,</strong></span> <span class='ocrx_word' id='word_1_743' title='bbox 2611 3599 2729 3653; x_wconf 72' lang='lat' dir='ltr'><strong>quae</strong></span> <span class='ocrx_word' id='word_1_744' title='bbox 2757 3584 2976 3638; x_wconf 89' lang='lat' dir='ltr'><strong>credere</strong></span> <span class='ocrx_word' id='word_1_745' title='bbox 3003 3599 3106 3637; x_wconf 89' lang='lat' dir='ltr'><strong>non</strong></span> <span class='ocrx_word' id='word_1_746' title='bbox 3133 3585 3386 3639; x_wconf 90' lang='lat' dir='ltr'><strong>valemus.</strong></span> <span class='ocrx_word' id='word_1_747' title='bbox 3416 3585 3483 3640; x_wconf 86' lang='lat' dir='ltr'><strong>Et</strong></span> <span class='ocrx_word' id='word_1_748' title='bbox 3509 3589 3631 3640; x_wconf 83' lang='lat' dir='ltr'><strong>uni-</strong></span> 
     </span>
    </p>
   </div>
   <div class='ocr_carea' id='block_1_99' title="bbox 2051 3675 3631 3744">
    <p class='ocr_par' dir='ltr' id='par_1_99' title="bbox 2051 3675 3631 3744">
     <span class='ocr_line' id='line_1_100' title="bbox 2051 3675 3631 3744; baseline -0.001 -12"><span class='ocrx_word' id='word_1_749' title='bbox 2051 3691 2202 3732; x_wconf 87' lang='lat' dir='ltr'><strong>versa</strong></span> <span class='ocrx_word' id='word_1_750' title='bbox 2228 3677 2318 3732; x_wconf 91' lang='lat' dir='ltr'><strong>Dei</strong></span> <span class='ocrx_word' id='word_1_751' title='bbox 2347 3676 2594 3731; x_wconf 87' lang='lat' dir='ltr'><strong>miracula</strong></span> <span class='ocrx_word' id='word_1_752' title='bbox 2626 3675 2744 3730; x_wconf 89' lang='lat' dir='ltr'><strong>ideo</strong></span> <span class='ocrx_word' id='word_1_753' title='bbox 2769 3675 2835 3729; x_wconf 89' lang='lat' dir='ltr'><strong>ab</strong></span> <span class='ocrx_word' id='word_1_754' title='bbox 2870 3675 3167 3731; x_wconf 89' lang='lat' dir='ltr'><strong>inﬁdelibus</strong></span> <span class='ocrx_word' id='word_1_755' title='bbox 3192 3693 3294 3730; x_wconf 90' lang='lat' dir='ltr'><strong>non</strong></span> <span class='ocrx_word' id='word_1_756' title='bbox 3321 3677 3631 3744; x_wconf 84' lang='lat' dir='ltr'><strong>credun&#39;ur,</strong></span> 
     </span>
    </p>
   </div>
   <div class='ocr_carea' id='block_1_100' title="bbox 2051 3766 3634 3912">
    <p class='ocr_par' dir='ltr' id='par_1_100' title="bbox 2051 3766 3634 3912">
     <span class='ocr_line' id='line_1_101' title="bbox 2051 3766 3634 3912; baseline 0 -90"><span class='ocrx_word' id='word_1_757' title='bbox 2051 3769 2172 3839; x_wconf 89' lang='lat' dir='ltr'><strong>quia</strong></span> <span class='ocrx_word' id='word_1_758' title='bbox 2203 3782 2387 3822; x_wconf 89' lang='lat' dir='ltr'><strong>eorum</strong></span> <span class='ocrx_word' id='word_1_759' title='bbox 2413 3767 2546 3842; x_wconf 81' lang='lat' dir='ltr'><strong>ratio</strong></span> <span class='ocrx_word' id='word_1_760' title='bbox 2577 3782 2678 3820; x_wconf 91' lang='lat' dir='ltr'><strong>non</strong></span> <span class='ocrx_word' id='word_1_761' title='bbox 2711 3766 3034 3912; x_wconf 74' lang='lat' dir='ltr'><strong>videtuer</strong></span> <span class='ocrx_word' id='word_1_762' title='bbox 3061 3781 3244 3820; x_wconf 89' lang='lat' dir='ltr'><strong>revera</strong></span> <span class='ocrx_word' id='word_1_763' title='bbox 3271 3776 3393 3821; x_wconf 87' lang='lat' dir='ltr'><strong>sunt</strong></span> <span class='ocrx_word' id='word_1_764' title='bbox 3419 3768 3486 3822; x_wconf 90' lang='lat' dir='ltr'><strong>de</strong></span> <span class='ocrx_word' id='word_1_765' title='bbox 3511 3770 3634 3838; x_wconf 86' lang='lat' dir='ltr'><strong>qui-</strong></span> 
     </span>
     <span class='ocr_line' id='line_1_102' title="bbox 2053 3859 3634 3912; baseline 0 0"><span class='ocrx_word' id='word_1_766' title='bbox 2053 3861 2151 3912; x_wconf 88' lang='lat' dir='ltr'><strong>bus</strong></span> <span class='ocrx_word' id='word_1_767' title='bbox 2179 3861 2310 3912; x_wconf 90' lang='lat' dir='ltr'><strong>ratio</strong></span> <span class='ocrx_word' id='word_1_768' title='bbox 2339 3859 2486 3912; x_wconf 89' lang='lat' dir='ltr'><strong>reddi</strong></span> <span class='ocrx_word' id='word_1_769' title='bbox 2523 3874 2627 3912; x_wconf 90' lang='lat' dir='ltr'><strong>non</strong></span> <span class='ocrx_word' id='word_1_770' title='bbox 2660 3867 2850 3912; x_wconf 78' lang='lat' dir='ltr'><strong>potest.</strong></span> <span class='ocrx_word' id='word_1_771' title='bbox 2883 3874 2916 3912; x_wconf 88' lang='grc' dir='ltr'><strong>ιι</strong></span> <span class='ocrx_word' id='word_1_772' title='bbox 2958 3876 2986 3910; x_wconf 90' lang='grc' dir='ltr'><strong>ιι</strong></span> <span class='ocrx_word' id='word_1_773' title='bbox 3015 3868 3188 3912; x_wconf 89' lang='lat' dir='ltr'><strong>tamen</strong></span> <span class='ocrx_word' id='word_1_774' title='bbox 3221 3868 3466 3912; x_wconf 81' lang='lat' dir='ltr'><strong>nonest:</strong></span> <span class='ocrx_word' id='word_1_775' title='bbox 3506 3859 3634 3912; x_wconf 86' lang='lat' dir='ltr'><strong>anid</strong></span> 
     </span>
    </p>
   </div>
   <div class='ocr_carea' id='block_1_101' title="bbox 2053 3859 3634 3929">
    <p class='ocr_par' dir='ltr' id='par_1_101' title="bbox 2053 3859 3634 3929">
     <span class='ocr_line' id='line_1_103' title="bbox 2053 3859 3634 3929; baseline -0.001 -14"><span class='ocrx_word' id='word_1_776' title='bbox 2053 3861 2151 3915; x_wconf 84' lang='lat' dir='ltr'><strong>bus</strong></span> <span class='ocrx_word' id='word_1_777' title='bbox 2179 3861 2310 3913; x_wconf 89' lang='lat' dir='ltr'><strong>ratio</strong></span> <span class='ocrx_word' id='word_1_778' title='bbox 2339 3859 2486 3913; x_wconf 89' lang='lat' dir='ltr'><strong>reddi</strong></span> <span class='ocrx_word' id='word_1_779' title='bbox 2523 3874 2627 3912; x_wconf 90' lang='lat' dir='ltr'><strong>non</strong></span> <span class='ocrx_word' id='word_1_780' title='bbox 2660 3867 2850 3928; x_wconf 86' lang='lat' dir='ltr'><strong>potest,</strong></span> <span class='ocrx_word' id='word_1_781' title='bbox 2883 3859 2986 3912; x_wconf 72' lang='lat' dir='ltr'><strong>no&#39;n</strong></span> <span class='ocrx_word' id='word_1_782' title='bbox 3015 3868 3188 3912; x_wconf 89' lang='lat' dir='ltr'><strong>tamen</strong></span> <span class='ocrx_word' id='word_1_783' title='bbox 3221 3868 3466 3912; x_wconf 81' lang='lat' dir='ltr'><strong>nonest:</strong></span> <span class='ocrx_word' id='word_1_784' title='bbox 3506 3859 3634 3929; x_wconf 84' lang='lat' dir='ltr'><strong>quid</strong></span> 
     </span>
    </p>
   </div>
   <div class='ocr_carea' id='block_1_102' title="bbox 2054 3949 3634 4020">
    <p class='ocr_par' dir='ltr' id='par_1_102' title="bbox 2054 3949 3634 4020">
     <span class='ocr_line' id='line_1_104' title="bbox 2054 3949 3634 4020; baseline 0.001 -13"><span class='ocrx_word' id='word_1_785' title='bbox 2054 3952 2193 4008; x_wconf 89' lang='lat' dir='ltr'><strong>enim</strong></span> <span class='ocrx_word' id='word_1_786' title='bbox 2221 3962 2302 4005; x_wconf 71' lang='lat' dir='ltr'><strong>est</strong></span> <span class='ocrx_word' id='word_1_787' title='bbox 2325 3951 2376 4005; x_wconf 92' lang='lat' dir='ltr'><strong>in</strong></span> <span class='ocrx_word' id='word_1_788' title='bbox 2400 3967 2576 4006; x_wconf 86' lang='lat' dir='ltr'><strong>rerum</strong></span> <span class='ocrx_word' id='word_1_789' title='bbox 2601 3961 2806 4014; x_wconf 87' lang='lat' dir='ltr'><strong>natura,</strong></span> <span class='ocrx_word' id='word_1_790' title='bbox 2827 3950 2964 4020; x_wconf 88' lang='lat' dir='ltr'><strong>quod</strong></span> <span class='ocrx_word' id='word_1_791' title='bbox 2993 3949 3424 4005; x_wconf 88' lang='lat' dir='ltr'><strong>irrationabiliter</strong></span> <span class='ocrx_word' id='word_1_792' title='bbox 3451 3953 3634 4008; x_wconf 82' lang='lat' dir='ltr'><strong>fecerit</strong></span> 
     </span>
    </p>
   </div>
   <div class='ocr_carea' id='block_1_103' title="bbox 2054 4040 3632 4111">
    <p class='ocr_par' dir='ltr' id='par_1_103' title="bbox 2054 4040 3632 4111">
     <span class='ocr_line' id='line_1_105' title="bbox 2054 4040 3632 4111; baseline -0.001 -14"><span class='ocrx_word' id='word_1_793' title='bbox 2054 4043 2226 4098; x_wconf 89' lang='lat' dir='ltr'><strong>Deus?</strong></span> <span class='ocrx_word' id='word_1_794' title='bbox 2243 4041 2345 4096; x_wconf 90' lang='lat' dir='ltr'><strong>Sed</strong></span> <span class='ocrx_word' id='word_1_795' title='bbox 2363 4041 2711 4111; x_wconf 86' lang='lat' dir='ltr'><strong>quorumdam</strong></span> <span class='ocrx_word' id='word_1_796' title='bbox 2739 4040 3053 4094; x_wconf 88' lang='lat' dir='ltr'><strong>mirabilium</strong></span> <span class='ocrx_word' id='word_1_797' title='bbox 3072 4055 3292 4108; x_wconf 87' lang='lat' dir='ltr'><strong>operum</strong></span> <span class='ocrx_word' id='word_1_798' title='bbox 3315 4042 3450 4110; x_wconf 85' lang='lat' dir='ltr'><strong>ejus,</strong></span> <span class='ocrx_word' id='word_1_799' title='bbox 3474 4043 3632 4096; x_wconf 87' lang='lat' dir='ltr'><strong>etiam</strong></span> 
     </span>
    </p>
   </div>
   <div class='ocr_carea' id='block_1_104' title="bbox 2054 4130 3634 4202">
    <p class='ocr_par' dir='ltr' id='par_1_104' title="bbox 2054 4130 3634 4202">
     <span class='ocr_line' id='line_1_106' title="bbox 2054 4130 3634 4202; baseline -0.001 -14"><span class='ocrx_word' id='word_1_800' title='bbox 2054 4133 2270 4202; x_wconf 75' lang='lat' dir='ltr'><strong>expedit</strong></span> <span class='ocrx_word' id='word_1_801' title='bbox 2313 4133 2568 4200; x_wconf 88' lang='lat' dir='ltr'><strong>tantisper</strong></span> <span class='ocrx_word' id='word_1_802' title='bbox 2607 4130 2868 4184; x_wconf 86' lang='lat' dir='ltr'><strong>occultam</strong></span> <span class='ocrx_word' id='word_1_803' title='bbox 2911 4145 3031 4184; x_wconf 88' lang='lat' dir='ltr'><strong>esse</strong></span> <span class='ocrx_word' id='word_1_804' title='bbox 3070 4130 3351 4197; x_wconf 87' lang='lat' dir='ltr'><strong>rationem,</strong></span> <span class='ocrx_word' id='word_1_805' title='bbox 3384 4146 3452 4185; x_wconf 88' lang='lat' dir='ltr'><strong>ne</strong></span> <span class='ocrx_word' id='word_1_806' title='bbox 3495 4131 3634 4200; x_wconf 87' lang='lat' dir='ltr'><strong>apud</strong></span> 
     </span>
    </p>
   </div>
   <div class='ocr_carea' id='block_1_105' title="bbox 2056 4221 3636 4293">
    <p class='ocr_par' dir='ltr' id='par_1_105' title="bbox 2056 4221 3636 4293">
     <span class='ocr_line' id='line_1_107' title="bbox 2056 4221 3636 4293; baseline -0.001 -13"><span class='ocrx_word' id='word_1_807' title='bbox 2056 4228 2260 4280; x_wconf 88' lang='lat' dir='ltr'><strong>animos</strong></span> <span class='ocrx_word' id='word_1_808' title='bbox 2282 4224 2494 4278; x_wconf 81' lang='lat' dir='ltr'><strong>fastidio</strong></span> <span class='ocrx_word' id='word_1_809' title='bbox 2511 4223 2804 4293; x_wconf 87' lang='lat' dir='ltr'><strong>languidos,</strong></span> <span class='ocrx_word' id='word_1_810' title='bbox 2829 4221 3064 4291; x_wconf 89' lang='lat' dir='ltr'><strong>ejusdem</strong></span> <span class='ocrx_word' id='word_1_811' title='bbox 3094 4223 3313 4276; x_wconf 81' lang='lat' dir='ltr'><strong>rationis</strong></span> <span class='ocrx_word' id='word_1_812' title='bbox 3333 4222 3636 4292; x_wconf 85' lang='lat' dir='ltr'><strong>cognitione</strong></span> 
     </span>
    </p>
   </div>
   <div class='ocr_carea' id='block_1_106' title="bbox 2057 4313 3638 4384">
    <p class='ocr_par' dir='ltr' id='par_1_106' title="bbox 2057 4313 3638 4384">
     <span class='ocr_line' id='line_1_108' title="bbox 2057 4313 3638 4384; baseline 0 -12"><span class='ocrx_word' id='word_1_813' title='bbox 2057 4319 2332 4372; x_wconf 88' lang='lat' dir='ltr'><strong>vilescant.</strong></span> <span class='ocrx_word' id='word_1_814' title='bbox 2359 4315 2493 4370; x_wconf 88' lang='lat' dir='ltr'><strong>Sunt</strong></span> <span class='ocrx_word' id='word_1_815' title='bbox 2517 4314 2680 4378; x_wconf 91' lang='lat' dir='ltr'><strong>enim,</strong></span> <span class='ocrx_word' id='word_1_816' title='bbox 2709 4322 2763 4368; x_wconf 89' lang='lat' dir='ltr'><strong>et</strong></span> <span class='ocrx_word' id='word_1_817' title='bbox 2788 4313 2808 4344; x_wconf 84' lang='grc'>³</span> <span class='ocrx_word' id='word_1_818' title='bbox 2830 4313 2981 4368; x_wconf 89' lang='lat' dir='ltr'><strong>multi</strong></span> <span class='ocrx_word' id='word_1_819' title='bbox 3019 4323 3142 4367; x_wconf 89' lang='lat' dir='ltr'><strong>sunt</strong></span> <span class='ocrx_word' id='word_1_820' title='bbox 3168 4315 3254 4383; x_wconf 87' lang='lat' dir='ltr'><strong>qui</strong></span> <span class='ocrx_word' id='word_1_821' title='bbox 3291 4314 3407 4384; x_wconf 93' lang='lat' dir='ltr'><strong>plus</strong></span> <span class='ocrx_word' id='word_1_822' title='bbox 3446 4324 3638 4372; x_wconf 83' lang='lat' dir='ltr'><strong>tenen-</strong></span> 
     </span>
    </p>
   </div>
   <div class='ocr_carea' id='block_1_107' title="bbox 2059 4407 3635 4476">
    <p class='ocr_par' dir='ltr' id='par_1_107' title="bbox 2059 4407 3635 4476">
     <span class='ocr_line' id='line_1_109' title="bbox 2059 4407 3635 4476; baseline 0.001 -13"><span class='ocrx_word' id='word_1_823' title='bbox 2059 4418 2145 4463; x_wconf 89' lang='lat' dir='ltr'><strong>tur</strong></span> <span class='ocrx_word' id='word_1_824' title='bbox 2188 4407 2536 4462; x_wconf 88' lang='lat' dir='ltr'><strong>admiratione</strong></span> <span class='ocrx_word' id='word_1_825' title='bbox 2579 4421 2755 4461; x_wconf 89' lang='lat' dir='ltr'><strong>rernm</strong></span> <span class='ocrx_word' id='word_1_826' title='bbox 2799 4421 2956 4475; x_wconf 88' lang='lat' dir='ltr'><strong>quam</strong></span> <span class='ocrx_word' id='word_1_827' title='bbox 2995 4407 3293 4476; x_wconf 87' lang='lat' dir='ltr'><strong>cognitione</strong></span> <span class='ocrx_word' id='word_1_828' title='bbox 3331 4423 3635 4476; x_wconf 84' lang='lat' dir='ltr'><strong>causarum,</strong></span> 
     </span>
    </p>
   </div>
   <div class='ocr_carea' id='block_1_108' title="bbox 2059 4498 3639 4568">
    <p class='ocr_par' dir='ltr' id='par_1_108' title="bbox 2059 4498 3639 4568">
     <span class='ocr_line' id='line_1_110' title="bbox 2059 4498 3639 4568; baseline -0.001 -11"><span class='ocrx_word' id='word_1_829' title='bbox 2059 4501 2145 4557; x_wconf 90' lang='lat' dir='ltr'><strong>ubi</strong></span> <span class='ocrx_word' id='word_1_830' title='bbox 2177 4499 2425 4554; x_wconf 90' lang='lat' dir='ltr'><strong>miracula</strong></span> <span class='ocrx_word' id='word_1_831' title='bbox 2455 4499 2587 4552; x_wconf 88' lang='lat' dir='ltr'><strong>mira</strong></span> <span class='ocrx_word' id='word_1_832' title='bbox 2624 4514 2743 4554; x_wconf 89' lang='lat' dir='ltr'><strong>esse</strong></span> <span class='ocrx_word' id='word_1_833' title='bbox 2767 4498 3048 4560; x_wconf 86' lang='lat' dir='ltr'><strong>desistunt,</strong></span> <span class='ocrx_word' id='word_1_834' title='bbox 3089 4506 3144 4553; x_wconf 88' lang='lat' dir='ltr'><strong>et</strong></span> <span class='ocrx_word' id='word_1_835' title='bbox 3180 4514 3312 4568; x_wconf 88' lang='lat' dir='ltr'><strong>opus</strong></span> <span class='ocrx_word' id='word_1_836' title='bbox 3344 4509 3426 4554; x_wconf 89' lang='lat' dir='ltr'><strong>est</strong></span> <span class='ocrx_word' id='word_1_837' title='bbox 3453 4515 3545 4555; x_wconf 88' lang='lat' dir='ltr'><strong>eos</strong></span> <span class='ocrx_word' id='word_1_838' title='bbox 3571 4501 3639 4556; x_wconf 85' lang='lat' dir='ltr'><strong>ad</strong></span> 
     </span>
    </p>
   </div>
   <div class='ocr_carea' id='block_1_109' title="bbox 2061 4589 3643 4656">
    <p class='ocr_par' dir='ltr' id='par_1_109' title="bbox 2061 4589 3643 4656">
     <span class='ocr_line' id='line_1_111' title="bbox 2061 4589 3643 4656; baseline -0.001 -10"><span class='ocrx_word' id='word_1_839' title='bbox 2061 4591 2399 4646; x_wconf 88' lang='lat' dir='ltr'><strong>invisibilium</strong></span> <span class='ocrx_word' id='word_1_840' title='bbox 2417 4590 2571 4644; x_wconf 91' lang='lat' dir='ltr'><strong>ﬁdem</strong></span> <span class='ocrx_word' id='word_1_841' title='bbox 2591 4589 2886 4644; x_wconf 88' lang='lat' dir='ltr'><strong>visibilibus</strong></span> <span class='ocrx_word' id='word_1_842' title='bbox 2907 4589 3176 4644; x_wconf 87' lang='lat' dir='ltr'><strong>miraculis</strong></span> <span class='ocrx_word' id='word_1_843' title='bbox 3197 4591 3501 4656; x_wconf 81' lang='lat' dir='ltr'><strong>excitari,ut</strong></span> <span class='ocrx_word' id='word_1_844' title='bbox 3516 4591 3643 4645; x_wconf 84' lang='lat' dir='ltr'><strong>cha-</strong></span> 
     </span>
    </p>
   </div>
   <div class='ocr_carea' id='block_1_110' title="bbox 2061 4679 3642 4752">
    <p class='ocr_par' dir='ltr' id='par_1_110' title="bbox 2061 4679 3642 4752">
     <span class='ocr_line' id='line_1_112' title="bbox 2061 4679 3642 4752; baseline 0.001 -15"><span class='ocrx_word' id='word_1_845' title='bbox 2061 4683 2216 4738; x_wconf 87' lang='lat' dir='ltr'><strong>ritate</strong></span> <span class='ocrx_word' id='word_1_846' title='bbox 2239 4682 2459 4752; x_wconf 87' lang='lat' dir='ltr'><strong>purgati,</strong></span> <span class='ocrx_word' id='word_1_847' title='bbox 2491 4696 2555 4736; x_wconf 90' lang='lat' dir='ltr'><strong>eo</strong></span> <span class='ocrx_word' id='word_1_848' title='bbox 2585 4682 2890 4748; x_wconf 80' lang='lat' dir='ltr'><strong>perveniant</strong></span> <span class='ocrx_word' id='word_1_849' title='bbox 2918 4680 3002 4734; x_wconf 87' lang='lat' dir='ltr'><strong>ubi</strong></span> <span class='ocrx_word' id='word_1_850' title='bbox 3033 4679 3382 4736; x_wconf 83' lang='lat' dir='ltr'><strong>familiaritate</strong></span> <span class='ocrx_word' id='word_1_851' title='bbox 3405 4684 3642 4739; x_wconf 80' lang='lat' dir='ltr'><strong>veritatis</strong></span> 
     </span>
    </p>
   </div>
   <div class='ocr_carea' id='block_1_111' title="bbox 2061 4770 3641 4829">
    <p class='ocr_par' dir='ltr' id='par_1_111' title="bbox 2061 4770 3641 4829">
     <span class='ocr_line' id='line_1_113' title="bbox 2061 4770 3641 4829; baseline -0.001 0"><span class='ocrx_word' id='word_1_852' title='bbox 2061 4775 2243 4829; x_wconf 90' lang='lat' dir='ltr'><strong>mirari</strong></span> <span class='ocrx_word' id='word_1_853' title='bbox 2273 4773 2549 4828; x_wconf 73' lang='lat' dir='ltr'><strong>desistant.</strong></span> <span class='ocrx_word' id='word_1_854' title='bbox 2579 4772 2709 4825; x_wconf 90' lang='lat' dir='ltr'><strong>Nam</strong></span> <span class='ocrx_word' id='word_1_855' title='bbox 2741 4779 2795 4826; x_wconf 90' lang='lat' dir='ltr'><strong>et</strong></span> <span class='ocrx_word' id='word_1_856' title='bbox 2824 4771 2874 4824; x_wconf 92' lang='lat' dir='ltr'><strong>in</strong></span> <span class='ocrx_word' id='word_1_857' title='bbox 2907 4770 3129 4826; x_wconf 84' lang='lat' dir='ltr'><strong>theatris</strong></span> <span class='ocrx_word' id='word_1_858' title='bbox 3159 4771 3401 4828; x_wconf 90' lang='lat' dir='ltr'><strong>homines</strong></span> <span class='ocrx_word' id='word_1_859' title='bbox 3434 4773 3641 4828; x_wconf 84' lang='lat' dir='ltr'><strong>lunam-</strong></span> 
     </span>
    </p>
   </div>
   <div class='ocr_carea' id='block_1_112' title="bbox 2065 4860 3646 4933">
    <p class='ocr_par' dir='ltr' id='par_1_112' title="bbox 2065 4860 3646 4933">
     <span class='ocr_line' id='line_1_114' title="bbox 2065 4860 3646 4933; baseline 0.001 -14"><span class='ocrx_word' id='word_1_860' title='bbox 2065 4864 2245 4919; x_wconf 90' lang='lat' dir='ltr'><strong>bulum</strong></span> <span class='ocrx_word' id='word_1_861' title='bbox 2281 4863 2559 4928; x_wconf 88' lang='lat' dir='ltr'><strong>mirantur,</strong></span> <span class='ocrx_word' id='word_1_862' title='bbox 2593 4861 2809 4914; x_wconf 90' lang='lat' dir='ltr'><strong>musicis</strong></span> <span class='ocrx_word' id='word_1_863' title='bbox 2834 4860 3169 4915; x_wconf 86' lang='lat' dir='ltr'><strong>delectantur</strong></span> <span class='ocrx_word' id='word_1_864' title='bbox 3211 4879 3223 4914; x_wconf 87' lang='lat'><strong>:</strong></span> <span class='ocrx_word' id='word_1_865' title='bbox 3268 4863 3319 4915; x_wconf 91' lang='lat' dir='ltr'><strong>in</strong></span> <span class='ocrx_word' id='word_1_866' title='bbox 3350 4862 3441 4917; x_wconf 91' lang='lat' dir='ltr'><strong>illo</strong></span> <span class='ocrx_word' id='word_1_867' title='bbox 3466 4871 3646 4933; x_wconf 83' lang='lat' dir='ltr'><strong>stupet</strong></span> 
     </span>
    </p>
   </div>
   <div class='ocr_carea' id='block_1_113' title="bbox 2063 4951 3421 5021">
    <p class='ocr_par' dir='ltr' id='par_1_113' title="bbox 2063 4951 3421 5021">
     <span class='ocr_line' id='line_1_115' title="bbox 2063 4951 3421 5021; baseline -0.004 -10"><span class='ocrx_word' id='word_1_868' title='bbox 2063 4955 2378 5020; x_wconf 82' lang='lat' dir='ltr'><strong>difﬁcultas;</strong></span> <span class='ocrx_word' id='word_1_869' title='bbox 2403 4953 2454 5006; x_wconf 90' lang='lat' dir='ltr'><strong>in</strong></span> <span class='ocrx_word' id='word_1_870' title='bbox 2483 4952 2564 5005; x_wconf 89' lang='lat' dir='ltr'><strong>his</strong></span> <span class='ocrx_word' id='word_1_871' title='bbox 2591 4952 2783 5005; x_wconf 88' lang='lat' dir='ltr'><strong>rctinct</strong></span> <span class='ocrx_word' id='word_1_872' title='bbox 2811 4951 3081 5021; x_wconf 86' lang='lat' dir='ltr'><strong>pascitque</strong></span> <span class='ocrx_word' id='word_1_873' title='bbox 3101 4951 3421 5020; x_wconf 88' lang='lat' dir='ltr'><strong>jucunditas.</strong></span> 
     </span>
    </p>
   </div>
   <div class='ocr_carea' id='block_1_114' title="bbox 2138 5043 3642 5108">
    <p class='ocr_par' dir='ltr' id='par_1_114' title="bbox 2138 5043 3642 5108">
     <span class='ocr_line' id='line_1_116' title="bbox 2138 5043 3642 5108; baseline -0.005 -4"><span class='ocrx_word' id='word_1_874' title='bbox 2138 5049 2191 5104; x_wconf 88' lang='lat'><strong>6.</strong></span> <span class='ocrx_word' id='word_1_875' title='bbox 2228 5047 2352 5102; x_wconf 69' lang='lat' dir='ltr'><strong>Haec</strong></span> <span class='ocrx_word' id='word_1_876' title='bbox 2375 5045 2620 5108; x_wconf 80' lang='lat' dir='ltr'><strong>dixerim,</strong></span> <span class='ocrx_word' id='word_1_877' title='bbox 2649 5052 2706 5098; x_wconf 89' lang='lat' dir='ltr'><strong>ut</strong></span> <span class='ocrx_word' id='word_1_878' title='bbox 2733 5043 2890 5097; x_wconf 89' lang='lat' dir='ltr'><strong>ﬁdem</strong></span> <span class='ocrx_word' id='word_1_879' title='bbox 2925 5050 3068 5096; x_wconf 90' lang='lat' dir='ltr'><strong>tuam</strong></span> <span class='ocrx_word' id='word_1_880' title='bbox 3092 5043 3157 5096; x_wconf 86' lang='lat' dir='ltr'><strong>ad</strong></span> <span class='ocrx_word' id='word_1_881' title='bbox 3179 5059 3412 5098; x_wconf 90' lang='lat' dir='ltr'><strong>amorem</strong></span> <span class='ocrx_word' id='word_1_882' title='bbox 3441 5043 3642 5098; x_wconf 83' lang='lat' dir='ltr'><strong>intelli-</strong></span> 
     </span>
    </p>
   </div>
   <div class='ocr_carea' id='block_1_115' title="bbox 2066 5133 3644 5214">
    <p class='ocr_par' dir='ltr' id='par_1_115' title="bbox 2066 5133 3644 5214">
     <span class='ocr_line' id='line_1_117' title="bbox 2066 5133 3644 5214; baseline -0.006 -18"><span class='ocrx_word' id='word_1_883' title='bbox 2066 5141 2258 5214; x_wconf 75' lang='lat' dir='ltr'><strong>gentia:</strong></span> <span class='ocrx_word' id='word_1_884' title='bbox 2285 5137 2554 5202; x_wconf 78' lang='lat' dir='ltr'><strong>cohortor,</strong></span> <span class='ocrx_word' id='word_1_885' title='bbox 2581 5135 2647 5189; x_wconf 89' lang='lat' dir='ltr'><strong>ad</strong></span> <span class='ocrx_word' id='word_1_886' title='bbox 2677 5150 2834 5205; x_wconf 88' lang='lat' dir='ltr'><strong>quam</strong></span> <span class='ocrx_word' id='word_1_887' title='bbox 2877 5134 3013 5188; x_wconf 90' lang='lat' dir='ltr'><strong>ratio</strong></span> <span class='ocrx_word' id='word_1_888' title='bbox 3043 5149 3164 5187; x_wconf 85' lang='lat' dir='ltr'><strong>vera</strong></span> <span class='ocrx_word' id='word_1_889' title='bbox 3191 5133 3452 5202; x_wconf 87' lang='lat' dir='ltr'><strong>perducit,</strong></span> <span class='ocrx_word' id='word_1_890' title='bbox 3481 5143 3534 5188; x_wconf 94' lang='lat' dir='ltr'><strong>et</strong></span> <span class='ocrx_word' id='word_1_891' title='bbox 3558 5133 3644 5188; x_wconf 83' lang='lat' dir='ltr'><strong>cui</strong></span> 
     </span>
    </p>
   </div>
   <div class='ocr_carea' id='block_1_116' title="bbox 2070 5223 3642 5296">
    <p class='ocr_par' dir='ltr' id='par_1_116' title="bbox 2070 5223 3642 5296">
     <span class='ocr_line' id='line_1_118' title="bbox 2070 5223 3642 5296; baseline -0.006 -8"><span class='ocrx_word' id='word_1_892' title='bbox 2070 5233 2203 5288; x_wconf 90' lang='lat' dir='ltr'><strong>ﬁdes</strong></span> <span class='ocrx_word' id='word_1_893' title='bbox 2245 5228 2481 5284; x_wconf 86' lang='lat' dir='ltr'><strong>animum</strong></span> <span class='ocrx_word' id='word_1_894' title='bbox 2522 5236 2802 5296; x_wconf 68' lang='lat' dir='ltr'><strong>pra-parat.</strong></span> <span class='ocrx_word' id='word_1_895' title='bbox 2841 5223 2972 5280; x_wconf 87' lang='lat' dir='ltr'><strong>Nam</strong></span> <span class='ocrx_word' id='word_1_896' title='bbox 3019 5225 3106 5279; x_wconf 89' lang='lat' dir='ltr'><strong>illa</strong></span> <span class='ocrx_word' id='word_1_897' title='bbox 3132 5240 3248 5295; x_wconf 76' lang='lat' dir='ltr'><strong>qua:</strong></span> <span class='ocrx_word' id='word_1_898' title='bbox 3276 5226 3560 5294; x_wconf 85' lang='lat' dir='ltr'><strong>persuasit,</strong></span> <span class='ocrx_word' id='word_1_899' title='bbox 3591 5226 3642 5278; x_wconf 91' lang='lat' dir='ltr'><strong>in</strong></span> 
     </span>
    </p>
   </div>
   <div class='ocr_carea' id='block_1_117' title="bbox 2132 5440 3647 5514">
    <p class='ocr_par' dir='ltr' id='par_1_117' title="bbox 2132 5440 3647 5514">
     <span class='ocr_line' id='line_1_119' title="bbox 2132 5440 3647 5514; baseline -0.003 -15"><span class='ocrx_word' id='word_1_900' title='bbox 2132 5451 2158 5514; x_wconf 42' lang='grc' dir='ltr'>ι,</span> <span class='ocrx_word' id='word_1_901' title='bbox 2184 5450 2258 5514; x_wconf 75' lang='lat' dir='ltr'><strong>sic</strong></span> <span class='ocrx_word' id='word_1_902' title='bbox 2269 5449 2408 5511; x_wconf 81' lang='lat' dir='ltr'><strong>juxta</strong></span> <span class='ocrx_word' id='word_1_903' title='bbox 2425 5453 2508 5514; x_wconf 77' lang='lat' dir='ltr'><strong>Ms.</strong></span> <span class='ocrx_word' id='word_1_904' title='bbox 2531 5446 2603 5494; x_wconf 87' lang='lat' dir='ltr'><strong>bt.</strong></span> <span class='ocrx_word' id='word_1_905' title='bbox 2627 5451 2848 5514; x_wconf 83' lang='lat' dir='ltr'><strong>lt_emque</strong></span> <span class='ocrx_word' id='word_1_906' title='bbox 2866 5442 3007 5514; x_wconf 67' lang='lat' dir='ltr'><strong>paulo</strong></span> <span class='ocrx_word' id='word_1_907' title='bbox 3039 5443 3178 5504; x_wconf 76' lang='lat' dir='ltr'><strong>intra,</strong></span> <span class='ocrx_word' id='word_1_908' title='bbox 3198 5440 3243 5514; x_wconf 69' lang='lat' dir='ltr'><strong>si</strong></span> <span class='ocrx_word' id='word_1_909' title='bbox 3261 5440 3380 5507; x_wconf 87' lang='lat' dir='ltr'><strong>quid</strong></span> <span class='ocrx_word' id='word_1_910' title='bbox 3391 5440 3550 5514; x_wconf 59' lang='lat' dir='ltr'><strong>aliter</strong></span> <span class='ocrx_word' id='word_1_911' title='bbox 3567 5457 3647 5494; x_wconf 89' lang='lat' dir='ltr'><strong>sa-</strong></span> 
     </span>
    </p>
   </div>
   <div class='ocr_carea' id='block_1_118' title="bbox 2068 5505 3500 5577">
    <p class='ocr_par' dir='ltr' id='par_1_118' title="bbox 2068 5505 3500 5577">
     <span class='ocr_line' id='line_1_120' title="bbox 2068 5505 3500 5577; baseline -0.007 -15"><span class='ocrx_word' id='word_1_912' title='bbox 2068 5509 2182 5577; x_wconf 84' lang='lat' dir='ltr'><strong>pitis</strong></span> <span class='ocrx_word' id='word_1_913' title='bbox 2203 5505 2554 5577; x_wconf 65' lang='lat' dir='ltr'><strong>[ut&#39;secundum</strong></span> <span class='ocrx_word' id='word_1_914' title='bbox 2576 5505 2806 5577; x_wconf 75' lang='lat' dir='ltr'><strong>rationein</strong></span> <span class='ocrx_word' id='word_1_915' title='bbox 2825 5505 3144 5577; x_wconf 57' lang='lat' dir='ltr'><strong>redditant.:..</strong></span> <span class='ocrx_word' id='word_1_916' title='bbox 3172 5505 3311 5577; x_wconf 62' lang='lat' dir='ltr'><strong>aliter</strong></span> <span class='ocrx_word' id='word_1_917' title='bbox 3331 5505 3402 5577; x_wconf 67' lang='lat' dir='ltr'><strong>sci</strong></span> <span class='ocrx_word' id='word_1_918' title='bbox 3421 5505 3500 5576; x_wconf 76' lang='lat' dir='ltr'><strong>is].</strong></span> 
     </span>
    </p>
   </div>
   <div class='ocr_carea' id='block_1_119' title="bbox 2133 5567 3650 5634">
    <p class='ocr_par' dir='ltr' id='par_1_119' title="bbox 2133 5567 3650 5634">
     <span class='ocr_line' id='line_1_121' title="bbox 2133 5567 3650 5634; baseline -0.003 -14"><span class='ocrx_word' id='word_1_919' title='bbox 2133 5576 2152 5604; x_wconf 82' lang='grc'>¹</span> <span class='ocrx_word' id='word_1_920' title='bbox 2184 5567 2293 5622; x_wconf 66' lang='lat' dir='ltr'><strong>tiss.</strong></span> <span class='ocrx_word' id='word_1_921' title='bbox 2319 5571 2556 5634; x_wconf 86' lang='lat' dir='ltr'><strong>quinque,</strong></span> <span class='ocrx_word' id='word_1_922' title='bbox 2595 5567 2860 5634; x_wconf 77' lang='lat' dir='ltr'><strong>minimum.</strong></span> <span class='ocrx_word' id='word_1_923' title='bbox 2896 5576 2992 5634; x_wconf 56' lang='lat' dir='ltr'><strong>non</strong></span> <span class='ocrx_word' id='word_1_924' title='bbox 3011 5567 3156 5634; x_wconf 69' lang='lat' dir='ltr'><strong>male,</strong></span> <span class='ocrx_word' id='word_1_925' title='bbox 3179 5568 3219 5616; x_wconf 91' lang='lat' dir='ltr'><strong>si</strong></span> <span class='ocrx_word' id='word_1_926' title='bbox 3237 5568 3300 5616; x_wconf 89' lang='lat' dir='ltr'><strong>de</strong></span> <span class='ocrx_word' id='word_1_927' title='bbox 3321 5568 3520 5617; x_wconf 81' lang='lat' dir='ltr'><strong>minimo</strong></span> <span class='ocrx_word' id='word_1_928' title='bbox 3537 5579 3650 5629; x_wconf 85' lang='lat' dir='ltr'><strong>pro-</strong></span> 
     </span>
    </p>
   </div>
   <div class='ocr_carea' id='block_1_120' title="bbox 2068 5627 3228 5697">
    <p class='ocr_par' dir='ltr' id='par_1_120' title="bbox 2068 5627 3228 5697">
     <span class='ocr_line' id='line_1_122' title="bbox 2068 5627 3228 5697; baseline -0.007 -13"><span class='ocrx_word' id='word_1_929' title='bbox 2068 5646 2244 5697; x_wconf 84' lang='lat' dir='ltr'><strong>gressu</strong></span> <span class='ocrx_word' id='word_1_930' title='bbox 2262 5635 2312 5697; x_wconf 83' lang='lat' dir='ltr'><strong>in</strong></span> <span class='ocrx_word' id='word_1_931' title='bbox 2326 5627 2595 5697; x_wconf 66' lang='lat' dir='ltr'><strong>divinorum</strong></span> <span class='ocrx_word' id='word_1_932' title='bbox 2621 5631 2896 5697; x_wconf 81' lang='lat' dir='ltr'><strong>cognitione</strong></span> <span class='ocrx_word' id='word_1_933' title='bbox 2915 5627 3228 5697; x_wconf 69' lang='lat' dir='ltr'><strong>intelligatur.</strong></span> 
     </span>
    </p>
   </div>
   <div class='ocr_carea' id='block_1_121' title="bbox 2100 5688 3650 5764">
    <p class='ocr_par' dir='ltr' id='par_1_121' title="bbox 2100 5688 3650 5764">
     <span class='ocr_line' id='line_1_123' title="bbox 2100 5688 3650 5764; baseline 0.001 -22"><span class='ocrx_word' id='word_1_934' title='bbox 2100 5753 2111 5764; x_wconf 80' lang='lat'><em>_</em></span> <span class='ocrx_word' id='word_1_935' title='bbox 2133 5697 2152 5726; x_wconf 79' lang='grc'>³</span> <span class='ocrx_word' id='word_1_936' title='bbox 2185 5695 2380 5764; x_wconf 76' lang='lat' dir='ltr'><strong>Legitur</strong></span> <span class='ocrx_word' id='word_1_937' title='bbox 2399 5699 2444 5744; x_wconf 86' lang='lat' dir='ltr'><strong>et</strong></span> <span class='ocrx_word' id='word_1_938' title='bbox 2461 5691 2513 5744; x_wconf 83' lang='lat' dir='ltr'><strong>tn&#39;</strong></span> <span class='ocrx_word' id='word_1_939' title='bbox 2534 5696 2582 5743; x_wconf 75' lang='lat' dir='ltr'><strong>is</strong></span> <span class='ocrx_word' id='word_1_940' title='bbox 2599 5688 2776 5743; x_wconf 55' lang='lat' dir='ltr'><strong>Msfht.</strong></span> <span class='ocrx_word' id='word_1_941' title='bbox 2796 5693 2878 5756; x_wconf 89' lang='lat' dir='ltr'><strong>qui</strong></span> <span class='ocrx_word' id='word_1_942' title='bbox 2911 5689 3051 5754; x_wconf 61' lang='lat' dir='ltr'><strong>paulo</strong></span> <span class='ocrx_word' id='word_1_943' title='bbox 3069 5688 3174 5754; x_wconf 78' lang='lat' dir='ltr'><strong>post</strong></span> <span class='ocrx_word' id='word_1_944' title='bbox 3195 5689 3362 5752; x_wconf 83' lang='lat' dir='ltr'><strong>habet,</strong></span> <span class='ocrx_word' id='word_1_945' title='bbox 3385 5688 3558 5742; x_wconf 78' lang='lat' dir='ltr'><strong>mirari</strong></span> <span class='ocrx_word' id='word_1_946' title='bbox 3571 5690 3650 5744; x_wconf 74' lang='lat' dir='ltr'><strong>de-</strong></span> 
     </span>
    </p>
   </div>
   <div class='ocr_carea' id='block_1_122' title="bbox 2068 5761 2240 5807">
    <p class='ocr_par' dir='ltr' id='par_1_122' title="bbox 2068 5761 2240 5807">
     <span class='ocr_line' id='line_1_124' title="bbox 2068 5761 2240 5807; baseline -0.023 0"><span class='ocrx_word' id='word_1_947' title='bbox 2068 5761 2240 5807; x_wconf 75' lang='lat' dir='ltr'><strong>sinant.</strong></span> 
     </span>
    </p>
   </div>
  </div>
