4014 6338
570 333 675 390 455

572 463 634 500 ea
662 441 921 498 Trinitate
948 450 1068 509 quae
1092 442 1175 492 est
1205 433 1366 498 Deus,
1392 428 1584 485 Filium
1614 421 1756 482 Patri
1781 440 1887 480 non
1916 437 2038 479 esse
2063 436 2158 478 co-

573 547 854 598 :cternum,
885 530 968 586 vel
997 527 1219 583 alterius
1256 537 1377 580 esse
1413 518 1747 580 substantia},
1787 524 1948 586 atque
1985 515 2158 584 aliqua

577 636 726 698 parte
772 622 1109 685 dissimilem,
1154 627 1209 674 et
1245 632 1311 672 eo
1349 613 1509 669 modo
1552 611 1860 667 inferiorem
1902 607 2160 678 Spiritum

573 697 854 778 sanctum;
883 713 1116 780 itemque
1145 708 1232 762 illa
1267 721 1384 776 qua:
1433 702 1716 773 persuasit,
1743 700 1954 755 Patrem
1983 708 2037 754 et
2070 697 2160 751 Fi-

575 809 705 862 lium
732 806 886 860 unius
911 800 1275 872 ejusdemque,
1300 794 1553 865 Spiritum
1593 805 1724 846 vero
1760 799 2002 845 sanctum
2028 789 2164 844 alte-

576 899 689 954 rius
727 911 846 952 esse
889 890 1222 954 substantiae,
1274 901 1379 940 non
1436 883 1554 938 ideo
1592 882 1716 953 quia
1756 880 1891 936 ratio
1923 887 2026 946 est,
2067 878 2160 933 sed

574 990 698 1060 quia
740 987 868 1041 falsa
909 982 1042 1038 ratio
1080 990 1183 1046 est,
1227 975 1461 1035 cavenda
1505 984 1561 1030 et
1599 972 1907 1040 detestanda
1937 970 2161 1025 dicenda

576 1090 678 1133 est.
721 1077 852 1132 Nam
896 1074 940 1128 si
987 1072 1122 1127 ratio
1159 1085 1282 1124 vera
1322 1076 1485 1134 esset,
1531 1081 1638 1121 non
1681 1064 1863 1134 utique
1902 1068 2158 1116 errasset.

576 1171 913 1238 Quapropter
939 1166 1073 1219 sicut
1101 1178 1208 1218 non
1238 1160 1359 1215 ideo
1387 1158 1551 1213 debes
1586 1171 1801 1210 omnem
1834 1154 2004 1208 vitare
2045 1167 2161 1207 ser-

579 1277 824 1325 monem,
871 1259 993 1328 quia
1044 1265 1127 1311 est
1171 1263 1226 1310 et
1267 1267 1446 1308 sermo
1489 1246 1689 1314 falsus;
1735 1247 1808 1302 ita
1852 1261 1960 1301 non
2001 1245 2164 1301 debes

577 1368 790 1408 omnem
818 1351 986 1404 vitare
1016 1347 1299 1408 rationem,
1331 1343 1451 1413 quia
1484 1349 1565 1395 est
1603 1346 1657 1394 et
1689 1337 1822 1391 falsa
1862 1335 2018 1391 ratio.
2054 1335 2164 1390 lloc

575 1458 629 1503 et
650 1445 716 1500 de
737 1441 994 1512 sapientia
1018 1437 1265 1494 dixerim.
1288 1435 1469 1502 Neque
1489 1433 1631 1487 enim
1654 1437 1932 1499 propterea
1954 1429 2165 1497 sapien-

579 1539 646 1591 tia
674 1532 886 1588 vitanda
914 1539 1016 1594 est,
1047 1528 1169 1598 quia
1198 1533 1281 1580 est
1305 1533 1358 1580 et
1382 1524 1510 1577 falsa
1537 1520 1815 1590 sapientia,
1840 1519 1924 1573 cui
1945 1517 2164 1572 stultitia

576 1634 659 1679 est
687 1623 931 1679 Christus
977 1618 1284 1680 cruciﬁxus,
1331 1615 1420 1685 qui
1466 1621 1549 1668 est
1590 1611 1684 1666 Dei
1722 1610 1920 1675 Virtus,
1971 1619 2025 1664 et
2071 1608 2163 1664 Dei

576 1711 847 1784 Sapientia
875 1730 886 1765 :
914 1718 970 1765 et
999 1708 1117 1764 ideo
1143 1723 1237 1777 per
1272 1705 1409 1760 hanc
1445 1703 1723 1758 stultitiam
1770 1699 2165 1771 przedicationis

579 1807 775 1876 placuit
815 1805 920 1858 Deo
967 1802 1142 1856 salvos
1185 1799 1360 1854 facere
1399 1795 1712 1859 credentes;
1749 1793 1996 1862 quoniam
2023 1790 2166 1861 quod

575 1898 796 1951 stultum
827 1903 908 1949 est
943 1893 1058 1958 Dei,
1100 1890 1392 1961 sapientius
1420 1896 1503 1943 est
1529 1885 1856 1941 hominibus.
1887 1882 1999 1938 Hoc
2045 1881 2166 1952 qui-

579 1988 801 2043 busdam
831 1983 1266 2056 philosophorum
1289 1991 1340 2036 et
1356 1989 1646 2043 oratorum,
1676 1991 1781 2030 non
1804 1988 1982 2029 veram
2003 1973 2164 2040 viam,

579 2080 674 2134 sed
703 2080 811 2133 veri
841 2077 1067 2132 similem
1095 2072 1440 2135 sectantibus,
1467 2078 1520 2125 et
1545 2070 1599 2122 in
1616 2083 1679 2122 ea
1701 2066 1907 2136 seipsos
1929 2065 2169 2134 aliosque

582 2172 904 2236 fallentibus,
920 2166 1227 2239 persuaderi
1255 2180 1360 2219 non
1381 2162 1576 2233 potuit;
1595 2155 1912 2230 quibusdam
1936 2169 2170 2210 vero-eo-

579 2280 700 2319 rum
749 2262 937 2333 potuit.
980 2260 1049 2314 Et
1090 2258 1282 2329 quibus
1312 2254 1501 2326 potuit,
1543 2265 1716 2321 neque
1751 2246 2058 2303 scandalum
2087 2253 2169 2301 est

583 2354 824 2408 Christus
853 2349 1160 2415 cruciﬁxus,
1192 2361 1363 2416 neque
1402 2342 1656 2404 stultitia;
1690 2341 1744 2394 in
1768 2340 1834 2394 iis
1861 2339 2004 2393 enim
2025 2344 2167 2400 sunt,

582 2447 774 2516 quibus
799 2444 998 2498 vocatis
1021 2439 1219 2496 Judaeis
1247 2445 1299 2492 ct
1319 2435 1538 2500 Grrecis,
1583 2432 1676 2486 Dei
1701 2431 1879 2485 Virtus
1899 2437 1981 2483 cst
2003 2435 2057 2482 et
2079 2427 2171 2482 Dei

585 2534 878 2606 Sapientia.
909 2532 965 2587 In
993 2546 1095 2602 qua
1124 2530 1228 2592 via,
1262 2527 1312 2582 id
1341 2533 1426 2581 est
1451 2525 1504 2579 in
1536 2523 1688 2592 cujus
1707 2519 1908 2576 Christi
1934 2517 2171 2573 cruciﬁxi

588 2627 710 2691 ﬁde,
736 2627 825 2696 qui
856 2625 972 2695 ejus
1001 2621 1370 2678 rectitudinem
1411 2633 1507 2687 per
1535 2615 1630 2670 Dei
1668 2614 1892 2685 gratiam
1931 2624 2173 2679 compre-

587 2719 822 2773 hendere
842 2722 1148 2787 potuerunt,
1176 2712 1275 2768 etsi
1302 2707 1599 2780 philosophi
1626 2705 1874 2778 appellati
1896 2711 2038 2769 sunt,
2063 2703 2174 2756 sive

586 2819 845 2872 oratores,
878 2806 1116 2878 profecto
1163 2803 1349 2859 humili
1398 2803 1593 2872 pietate
1621 2798 1851 2854 confessi
1893 2806 2034 2862 sunt,
2070 2795 2173 2850 sibi

586 2902 744 2972 longe
786 2899 1136 2962 excellentius
1181 2897 1233 2950 in
1264 2911 1324 2950 ea
1375 2893 1536 2948 fuisse
1583 2891 1810 2961 prmvios
1863 2888 2172 2958 piscatores,

589 3007 695 3046 non
729 2991 902 3045 solum
932 2987 1184 3044 credendi
1215 2985 1521 3040 ﬁrmissimo
1551 2982 1762 3045 robore,
1794 2995 1976 3034 verum
2015 2979 2174 3033 etiam

589 3080 915 3150 intelligendi
956 3078 1250 3134 certissima
1281 3075 1501 3130 veritate
1527 3075 1567 3126 ί.
1617 3073 1750 3126 Cum
1778 3071 1921 3126 enim
1961 3067 2173 3122 didicis-

589 3187 730 3241 sent,
762 3173 829 3227 ad
855 3172 956 3226 hoc
996 3171 1168 3227 electa
1210 3168 1370 3223 stulta
1400 3180 1520 3221 esse
1551 3162 1731 3218 mundi
1761 3170 1815 3216 et
1843 3160 2074 3225 inﬁrma,
2119 3166 2177 3212 ut

591 3268 745 3322 fortia
788 3274 844 3320 et
871 3263 1130 3334 sapientia
1169 3258 1619 3316 confundercntur
1641 3254 1699 3329 (l
1729 3253 1846 3308 Cor.
1873 3269 1914 3317 ι,
1950 3249 2173 3322 21-29),

592 3375 758 3429 seque
791 3356 1166 3428 cognovissent
1213 3352 1470 3407 fallaciter
1497 3363 1720 3418 sapere,
1751 3356 1804 3401 et
1842 3343 2180 3399 imbecillitcr

593 3449 915 3518 prmvalere;
947 3443 1152 3499 confusi
1182 3441 1485 3502 salubriter,
1519 3439 1640 3493 facti
1671 3445 1798 3491 sunt
1831 3433 1979 3489 stulti
2008 3442 2064 3488 et
2093 3435 2178 3488 in-

596 3539 755 3599 ﬁrmi,
779 3547 836 3590 ut
863 3552 956 3604 per
973 3535 1190 3588 stultum
1218 3543 1271 3586 et
1296 3531 1562 3586 inﬁrmum
1583 3529 1698 3595 Dei,
1725 3527 1866 3598 quod
1891 3525 2181 3595 sapientius

596 3637 651 3682 et
681 3628 867 3682 fortius
888 3635 969 3682 est
995 3626 1317 3688 hominibus,
1339 3625 1476 3677 inter
1497 3623 1666 3677 electa
1692 3621 1852 3674 stulta
1889 3627 1944 3674 ct
1972 3618 2178 3673 inﬁrma

598 3719 786 3774 ﬁerent
811 3719 1072 3772 veraciter
1094 3715 1364 3784 sapientes
1393 3722 1448 3767 et
1473 3712 1760 3767 efﬁcaciter
1783 3712 1967 3765 fortes.

667 3809 893 3864 CAPUT
917 3807 979 3862 ll.
996 3837 1068 3847 —
1085 3807 1138 3861 7.
1159 3805 1464 3873 Cdkautcm
1485 3803 1588 3858 nisi
1605 3802 1894 3857 verissima:
1909 3801 2098 3857 rationi
2119 3801 2181 3854 ﬁ-

598 3900 733 3956 delis
757 3902 925 3971 pietas
947 3897 1228 3961 erubescit,
1253 3905 1308 3950 ut
1325 3895 1606 3965 quamdam
1627 3893 2001 3960 idololatriam,
2024 3907 2182 3963 quam

600 3991 841 4046 in'corde
869 3997 1049 4044 nostro
1075 4002 1140 4043 ex
1166 3985 1551 4042 consuetudine
1576 3983 1858 4039 visibilium
1896 3983 2186 4038 constitue-

601 4101 659 4139 re
683 4092 907 4138 conatur
940 4081 1185 4135 humana:
1210 4078 1547 4148 c0gitationis
1573 4076 1873 4143 inﬁrmitas,
1906 4091 2010 4130 non
2038 4075 2187 4129 dubi-

602 4186 775 4230 temus
801 4184 1069 4238 evertere;
1097 4186 1196 4225 nec
1224 4170 1512 4224 audeamus
1539 4167 1758 4224 credere
1784 4167 1853 4221 ita
1876 4181 1993 4221 esse
2015 4166 2185 4219 Trini-

604 4274 784 4328 tatem,
809 4278 967 4334 quam
994 4261 1313 4316 invisibilem
1343 4268 1396 4314 et
1422 4260 1788 4329 incorpoream
1809 4265 1966 4327 atque
1987 4257 2189 4310 incont-

605 4359 913 4412 mutabilem
965 4356 1228 4418 colimus,
1278 4354 1427 4424 quasi
1487 4361 1595 4407 tres
1644 4351 1898 4422 quasdam
1950 4351 2189 4404 viventes

607 4450 794 4513 moles,
823 4448 946 4503 licet
971 4447 1229 4501 maximas
1250 4453 1304 4499 ct
1333 4444 1738 4513 pulcherrimas,
1770 4457 1987 4496 suorum
2010 4450 2186 4494 tamen

605 4541 789 4609 spatiis
831 4539 1060 4609 prepriis
1099 4537 1428 4601 terminatas,
1467 4544 1522 4590 et
1558 4535 1770 4589 sibimet
1810 4535 1862 4588 in
1908 4535 2019 4588 suis
2059 4533 2190 4586 locis

607 4631 850 4698 contigua
877 4629 1270 4699 propinquitate
1294 4626 1642 4691 coluerentes,
1662 4625 1774 4680 sive
1795 4641 1897 4678 una
1923 4640 2103 4680 earum
2123 4625 2192 4677 sit

608 4723 662 4778 in
687 4720 863 4776 medio
888 4721 1192 4784 constituta,
1216 4727 1275 4774 ut
1298 4718 1430 4773 duas
1464 4718 1677 4772 dirimat
1703 4718 1802 4772 sibi
1827 4734 1894 4772 ex
1939 4715 2191 4772 lateribus

608 4813 1080 4884 singulisjnnctas,
1118 4811 1232 4867 sive
1267 4812 1320 4865 in
1354 4811 1567 4864 modum
1599 4811 1786 4880 trigoni
1814 4809 1946 4864 duas
1970 4819 2191 4863 caeteras

609 4919 936 4975 unaquteque
976 4904 1266 4973 contingat,
1310 4911 1368 4956 ut
1397 4901 1537 4955 nulla
1580 4901 1646 4955 ab
1675 4902 1846 4971 aliqua
1876 4908 2189 4969 separetur;

608 5011 896 5062 earumque
924 4995 1080 5049 trium
1111 5001 1372 5069 tantarum
1403 5008 1466 5046 ac
1509 4993 1691 5046 talium
1734 5005 2100 5060 personarum,
2131 4989 2195 5043 li-

609 5097 693 5144 cet
729 5089 780 5142 in
805 5086 992 5158 grandi
1023 5085 1196 5151 valde,
1227 5085 1455 5139 molibus
1498 5093 1672 5138 tamen
1702 5098 1731 5136 ε
1757 5097 1966 5136 summo
1993 5089 2046 5137 et
2087 5081 2196 5136 imo

610 5191 663 5235 et
679 5182 1088 5250 circumquaque
1109 5179 1530 5242 terminatarum,
1545 5191 1702 5230 unam
1723 5191 1842 5232 esse
1866 5175 2196 5230 divinitatem

615 5270 842 5340 aliquam
872 5280 1135 5339 quartam,
1157 5283 1257 5323 nec
1282 5268 1440 5322 talem
1463 5268 1630 5338 qualis
1651 5275 1732 5322 est
1751 5266 1926 5336 aliqua
1941 5269 1960 5297 ¹
1987 5281 2053 5320 ex
2071 5265 2195 5332 illis,

590 5358 591 5361 “
616 5361 710 5415 sed
740 5375 1076 5416 communem
1101 5359 1348 5416 omnibus
1379 5368 1626 5429 tanquam
1665 5374 1860 5413 numen
1892 5359 1913 5390 ³
1937 5357 2196 5424 omnium,

680 5494 696 5525 ί
722 5499 805 5563 ate.
827 5492 928 5566 bt.:
949 5491 1191 5564 credendi
1200 5489 1474 5564 ﬁmtissitm'
1493 5489 1677 5552 robore,
1693 5503 1856 5542 verum
1868 5489 2013 5542 etiam
2029 5488 2200 5541 metu.

680 5554 761 5605 nd:
775 5561 1093 5605 οετιιδδιηιαηι
1110 5560 1374 5605 vei-uatem.

615 5560 761 5620 gmdt
775 5560 1093 5606 certissimam
1110 5560 1374 5605 veritatem.

681 5617 700 5646 ³
732 5617 804 5689 sic
827 5616 928 5689 leg.
951 5630 1062 5689 cum
1082 5623 1164 5667 Ms.
1188 5618 1258 5667 bt.
1285 5623 1342 5688 tf.t
1361 5615 1503 5689 paulo
1528 5613 1646 5664 infra
1667 5649 1681 5673 ,
1699 5613 1893 5689 cjttsqtte
1915 5619 2014 5666 tres
2036 5627 2200 5679 perso-

617 5689 702 5742 nas
739 5677 913 5741 [qualis
943 5687 1015 5730 est
1055 5693 1230 5730 unm...
1261 5677 1373 5740 ejus
1396 5685 1492 5729 tres
1519 5680 1784 5742 persoma..].

684 5741 704 5772 ⁸
736 5745 866 5804 hom,
890 5755 1054 5792 unum.
1087 5749 1140 5792 At
1169 5748 1274 5792 uss.
1295 5742 1478 5792 habent
1510 5741 1602 5803 hic,
1623 5755 1812 5793 turum.

2035 5833 2077 5842 -αη

1811 312 1868 368 s.
1907 304 2275 366 AUGUSTIN!
2313 307 2615 366 EPISCOPI
3707 326 3791 383 455

2267 424 2401 478 etin
2428 424 2674 479 onmibus
2700 425 2828 480 etin
2865 425 3085 497 singulis
3126 434 3313 493 totum,
3355 441 3448 497 per
3478 445 3622 501 quam
3662 452 3792 497 unam

2267 515 2594 571 divinitatem
2624 516 2833 572 dicatur
2853 517 3040 573 eadem
3067 517 3298 573 Trinitas
3322 533 3451 575 unus
3473 521 3636 590 Deus;
3672 529 3792 595 eius.

2266 621 2372 677 que
2407 617 2514 662 tres
2548 623 2804 676 personas
2841 623 3099 678 nusquam
3129 623 3248 664 esse
3275 610 3372 665 nisi
3409 612 3458 666 in
3486 615 3641 683 caelis,
3677 619 3792 676 illam

2271 714 2395 753 vero
2416 698 2743 754 divinitatem
2770 714 3030 770 nusquam
3052 716 3158 756 non
3184 715 3323 765 esse,
3352 702 3441 756 sed
3467 703 3642 775 ubique
3677 724 3792 779 pm.

2268 798 2512 843 sentem:
2545 804 2608 845 ac
2635 805 2730 859 per
2771 791 2874 846 hoc
2909 798 3054 846 recte
3091 791 3303 860 quidem
3343 791 3462 857 dici,
3505 795 3652 850 Deum
3674 810 3720 853 et
3754 802 3796 857 in

2268 880 2405 934 coelo
2427 894 2546 934 esse
2575 889 2630 935 et
2656 881 2710 934 in
2749 889 2914 948 terra,
2947 890 3162 951 propter
3191 882 3332 936 illam
3359 882 3662 940 divinitatem
3700 906 3796 959 qute

2268 971 2463 1042 ubique
2492 973 2560 1027 sit
2581 974 2597 1004 ¹
2621 974 2898 1044 tribusque
2922 975 3246 1040 communis;
3269 990 3374 1029 non
3400 986 3566 1032 autem
3588 990 3714 1036 recte
3735 984 3794 1036 di~

2269 1064 2338 1126 ci,
2369 1063 2581 1118 Patrem
2619 1078 2738 1118 esse
2765 1064 2818 1118 in
2842 1073 2982 1118 terra
3013 1066 3095 1118 vel
3121 1064 3316 1119 Filium
3335 1066 3420 1120 vel
3444 1066 3675 1136 Spiritum
3695 1086 3794 1125 san:

2269 1165 2436 1221 ctum,
2481 1169 2604 1209 cum
2631 1155 2753 1209 huic
2779 1155 3021 1210 'l‘rinitati
3047 1155 3205 1212 sedes
3245 1171 3348 1210 non
3376 1156 3474 1213 nisi
3503 1158 3551 1212 in
3579 1160 3700 1214 cmlo
3727 1163 3797 1215 sit.

2270 1242 2429 1298 Istam
2463 1243 2539 1315 (a)
2563 1244 2897 1313 cogitationis
2923 1246 3154 1300 carnalis
3170 1243 3594 1314 Compositionem
3618 1264 3801 1305 vanum-

2269 1349 2373 1404 que
2415 1333 2725 1404 ﬁgmentum
2781 1335 2869 1390 ubi
2917 1351 3041 1391 vera
3083 1336 3221 1392 ratio
3268 1336 3584 1393 labefactare
3626 1340 3799 1410 incipit,

2269 1424 2522 1479 continuo
2550 1426 2641 1480 illo
2684 1427 2826 1480 intus
2861 1426 3146 1496 adjuvante
3173 1436 3332 1497 atque
3370 1429 3694 1496 illuminante,
3729 1435 3800 1501 qui

2269 1530 2389 1570 cum
2418 1516 2608 1571 talibus
2634 1515 2790 1571 idolis
2815 1517 2868 1571 in
2890 1517 3053 1572 corde
3077 1527 3261 1573 nostro
3282 1521 3302 1550 ’
3335 1518 3567 1574 habitare
3587 1535 3678 1574 non
3691 1525 3800 1587 vult,

2270 1608 2341 1663 ita
2365 1608 2464 1662 ista
2496 1607 2800 1677 conﬁngere
2825 1617 2985 1679 atque
3025 1625 3056 1663 a
3101 1609 3205 1665 ﬁde
3253 1620 3432 1665 nostra
3460 1612 3802 1680 quodammodo

2271 1707 2523 1752 excutere
2565 1698 2899 1766 festinamus,
2936 1708 2992 1753 ut
3019 1715 3087 1754 ne
3123 1701 3401 1768 pulverem
3438 1701 3637 1771 quidem
3669 1703 3803 1756 ullum

2271 1788 2456 1844 talium
2481 1789 2908 1858 pbantasmatum
2938 1790 3045 1846 illic
3069 1807 3347 1846 remanere
3363 1793 3626 1862 patiamur.

2341 1874 2394 1928 8.
2433 1873 2789 1940 Quamobrem
2834 1874 2934 1928 nisi
2986 1875 3248 1930 rationem
3296 1875 3682 1945 disputationis,
3719 1892 3803 1946 qua

2271 1963 2566 2020 forinsecus
2590 1963 2869 2030 admoniti,
2898 1964 3012 2033 ipsa
3039 1965 3358 2020 intrinsecus
3375 1965 3590 2020 veritate
3611 1966 3802 2030 lucente,

2273 2054 2388 2108 haec
2413 2053 2544 2108 falsa
2570 2069 2690 2109 esse
2718 2054 3097 2124 perspicimus,
3129 2055 3262 2110 ﬁdes
3290 2055 3342 2108 in
3371 2054 3525 2110 corde
3547 2065 3710 2109 nostro
3731 2071 3806 2108 an-

2272 2145 2597 2210 tccessisset,
2619 2160 2738 2214 qua:
2759 2159 2856 2198 nos
2879 2144 3121 2199 indueret
3144 2145 3344 2214 pietate
3359 2186 3372 2209 ,
3397 2159 3566 2199 nonne
3584 2145 3804 2199 incassum

2273 2250 2392 2304 qua:
2433 2249 2558 2289 vera
2587 2243 2709 2288 sunt
2748 2235 3094 2290 audiremus?
3120 2238 3200 2290 Ac
3241 2251 3341 2305 per
3385 2235 3481 2290 hoc
3513 2235 3732 2306 quoniam
3762 2238 3806 2291 ιι

2274 2324 2415 2396 quod
2454 2324 2520 2379 ad
2550 2341 2667 2379 eam
2695 2326 2991 2395 pertinebat
3024 2326 3158 2380 ﬁdes
3195 2328 3339 2396 egit,
3377 2325 3492 2380 ideo
3527 2326 3808 2394 subsequens

2276 2417 2412 2470 ratio
2433 2415 2629 2485 aliquid
2649 2430 2833 2470 eorum
2861 2432 2979 2486 qua:
3007 2416 3309 2486 inquirebat
3330 2416 3539 2472 invenit.
3566 2416 3715 2470 Falsa:
3733 2416 3810 2468 ita-

2275 2523 2380 2579 que
2405 2509 2630 2574 rationi,
2665 2524 2772 2562 non
2798 2509 2967 2563 solum
2999 2510 3134 2563 ratio
3163 2524 3292 2564 vera
3312 2551 3327 2577 ,
3355 2523 3456 2579 qua
3485 2507 3534 2562 id
3569 2507 3692 2577 quod
3715 2521 3810 2560 cre-

2277 2599 2453 2656 dimus
2497 2599 2872 2669 intelligimus,
2919 2614 3102 2654 verum
3149 2601 3315 2656 etiam
3351 2599 3480 2654 ﬁdes
3517 2599 3618 2668 ipsa
3663 2609 3809 2650 rerum

2278 2692 2511 2746 nondum
2540 2693 2925 2748 intellectarum
2948 2693 3064 2746 sine
3089 2692 3251 2747 dubio
3279 2689 3593 2762 praeferenda
3614 2698 3700 2744 est.
3725 2687 3810 2742 Ilev

2279 2782 2380 2836 lius
2407 2791 2490 2838 est
2518 2783 2659 2838 cnim
2685 2783 2925 2852 quamvis
2951 2783 3186 2838 nondum
3228 2784 3402 2838 visum
3423 2823 3439 2848 ,
3478 2781 3678 2836 credere
3697 2779 3811 2848 quod

2279 2891 2461 2930 verum
2493 2885 2607 2941 cst,
2649 2891 2806 2944 quam
2847 2885 3032 2944 putare
3071 2883 3125 2931 te
3163 2891 3349 2930 verum
3375 2874 3548 2928 videre
3585 2871 3708 2942 quod
3729 2868 3812 2923 falv

2280 2982 2397 3021 smn
2438 2977 2540 3022 est.
2588 2966 2755 3022 llabct
2801 2982 3027 3036 namque
3071 2967 3202 3023 ﬁdes
3244 2968 3433 3023 oculos
3473 2981 3621 3032 suos,
3657 2963 3813 3033 quibus

2280 3057 2670 3128 quodammodo
2709 3057 2851 3112 videt
2888 3073 3072 3112 verum
3101 3073 3219 3114 esse
3259 3058 3402 3130 quod
3428 3057 3644 3112 nondum
3669 3053 3811 3116 videt,

2281 3156 2335 3202 et
2376 3148 2566 3217 quibus
2609 3147 2904 3203 certissime
2944 3148 3121 3215 videt,
3153 3151 3392 3204 nondum
3421 3163 3478 3203 se
3503 3148 3666 3201 videre
3701 3140 3815 3214 quod

2279 3241 2467 3296 credit.
2500 3241 2664 3295 Porro
2690 3251 2865 3297 autem
2903 3242 2992 3312 qui
3018 3257 3140 3297 vera
3184 3244 3394 3296 ratione
3429 3241 3534 3310 jam
3569 3235 3695 3308 quod
3721 3245 3814 3288 tan-

2283 3333 2560 3388 tummodo
2597 3333 2847 3388 eredcbat
2887 3334 3165 3404 intelligit,
3203 3333 3446 3404 profecto
3483 3324 3817 3401 prteponeudus

2283 3433 2365 3479 cst
2389 3426 2437 3479 ei
2463 3425 2551 3496 qui
2591 3427 2737 3495 cupit
2773 3425 2946 3480 adhuc
2976 3426 3274 3496 intelligere
3301 3424 3439 3496 quod
3465 3421 3654 3485 credit;
3681 3418 3719 3471 si
3740 3431 3816 3469 au-

2285 3527 2390 3573 tem
2419 3535 2516 3572 nec
2545 3520 2710 3587 cupit,
2744 3529 2796 3572 et
2817 3533 2878 3572 ea
2905 3535 3022 3588 quae
3051 3518 3394 3588 intelligenda
3425 3525 3572 3579 sunt,
3599 3506 3819 3567 credenda

2287 3609 2653 3663 tantummodo
2693 3611 2994 3674 existimat,
3035 3611 3117 3663 cui
3146 3610 3222 3663 rei
3273 3610 3405 3664 ﬁdes
3435 3605 3592 3677 prosit
3615 3605 3819 3672 ignorat:

2286 3715 2406 3753 nam
2434 3700 2515 3768 pia
2537 3699 2667 3754 fides
2687 3699 2803 3755 sine
2833 3713 2927 3768 spe
2953 3711 3006 3754 ct
3025 3700 3142 3755 sine
3170 3699 3434 3754 cbaritate
3461 3711 3574 3752 esse
3601 3709 3694 3748 non
3717 3688 3820 3743 vult.

2286 3791 2375 3847 Sic
2403 3793 2559 3863 igitur
2591 3793 2750 3846 homo
2777 3791 2948 3847 ﬁdelis
2991 3793 3153 3848 debet
3193 3794 3420 3848 credere
3452 3788 3587 3862 quod
3629 3781 3823 3840 nonduin

2287 3884 2463 3948 videt,
2493 3892 2552 3937 ut
2580 3883 2836 3937 visionem
2862 3891 2917 3938 et
2939 3892 3117 3952 speret
3145 3891 3199 3938 et
3226 3893 3393 3938 amet.

2359 3973 2412 4028 9.
2457 3973 2522 4027 Et
2551 3973 2833 4028 visibilium
2857 3973 3070 4042 quidem
3101 3988 3284 4028 rerum
3311 3971 3706 4044 praeteritarum,
3731 3975 3827 4032 qua?

2291 4065 2656 4134 temporaliter
2678 4065 3020 4130 transierunt,
3049 4065 3158 4119 sola
3191 4064 3326 4120 fides
3351 4073 3431 4119 est
3453 4105 3468 4129 ,
3497 4060 3722 4132 quoniam
3743 4067 3828 4108 non

2289 4155 2465 4210 adhuc
2487 4154 2713 4209 videnda
2737 4164 3049 4224 sperantur,
3080 4155 3172 4209 sed
3201 4155 3340 4210 facta
3371 4164 3426 4208 et
3465 4155 3709 4206 transacta
3730 4157 3826 4198 cre-

2290 4248 2522 4312 duntur;
2555 4247 2691 4301 sicut
2711 4258 2792 4300 est
2815 4247 2940 4299 illud
2963 4288 2978 4312 ,
3001 4247 3140 4316 quod
3163 4247 3412 4303 Christus
3443 4243 3602 4299 semel
3621 4254 3706 4309 pro
3730 4248 3830 4304 pec-

2291 4340 2422 4394 catis
2437 4339 2631 4392 nostris
2647 4347 2884 4392 mortuns
2900 4348 2980 4392 est
2998 4346 3052 4391 et
3071 4337 3382 4403 resurrexit,
3403 4335 3611 4403 necjam
3624 4327 3826 4384 moritur.

2291 4440 2346 4486 et
2365 4445 2510 4484 mors
2535 4430 2583 4484 ei
2611 4429 2747 4483 ultra
2773 4444 2876 4484 non
2903 4429 3261 4483 dominabitur
3281 4429 3456 4502 (Rom.
3485 4442 3557 4490 vt,
3585 4423 3635 4488 9,
3654 4419 3750 4488 l0).
3774 4415 3833 4468 Ea

2292 4538 2421 4576 vero
2441 4537 2558 4591 qua:
2577 4519 2808 4573 nondum
2840 4529 2980 4584 sunt,
3013 4519 3104 4575 sed
3134 4519 3307 4573 futura
3329 4527 3479 4581 sunt,
3506 4517 3636 4574 sicut
3661 4516 3831 4564 nostro-

2295 4627 2410 4665 rum
2437 4609 2786 4680 Spiritualium
2810 4626 3091 4679 corporum
3116 4609 3470 4674 resurrectio,
3495 4607 3562 4660 ita
3589 4600 3835 4656 creduntur

2295 4712 2354 4757 ut
2380 4704 2538 4758 etiam
2574 4701 2797 4756 videnda
2834 4711 3149 4771 sperentur;
3177 4701 3271 4756 sed
3295 4698 3502 4755 ostendi
3534 4694 3682 4751 modo
3717 4687 3835 4742 nullo

2297 4805 2519 4866 possunt
2555 4795 2733 4849 modo.
2779 4793 2909 4860 Quae
2939 4809 3067 4848 vero
3096 4794 3166 4848 ita
3197 4801 3323 4848 sunt
3359 4800 3417 4846 ut
3444 4803 3612 4860 neque
3648 4790 3836 4854 prtrtcr-

2298 4896 2455 4952 eant,
2501 4903 2672 4956 neque
2719 4886 2890 4939 futura
2932 4886 3069 4951 sint,
3113 4885 3206 4940 sed
3257 4893 3456 4939 mterna
3497 4879 3838 4951 permaneant,

2299 4983 2490 5054 partim
2519 4990 2640 5034 sunt
2668 4980 2978 5044 invisibilia,
3011 4979 3400 5048 sicutjustitia,
3432 4977 3566 5030 sicut
3591 4964 3840 5039 sapientia;

2300 5073 2491 5144 partim
2520 5070 2744 5125 visibilia
2768 5112 2783 5136 ,
2811 5071 2949 5125 sicut
2977 5069 3174 5124 Christi
3202 5067 3500 5122 immortale
3514 5067 3621 5135 jam
3643 5067 3839 5125 corpus:

2302 5165 2396 5220 sed
2429 5164 2708 5219 invisibilia
2757 5163 3023 5217 intellecta
3071 5163 3472 5232 canspiciuntur
3495 5202 3509 5227 ,
3542 5172 3600 5210 ac
3641 5167 3725 5224 per
3761 5145 3842 5200 hac

2303 5267 2357 5312 et
2385 5258 2496 5328 ipsa
2522 5256 2681 5311 modo
2721 5255 2949 5324 quodam
2987 5255 3087 5310 sibi
3115 5269 3352 5324 congruo
3389 5252 3652 5311 videntur;
3677 5253 3725 5298 et
3746 5250 3842 5292 cum

2305 5350 2583 5414 videntur,
2619 5349 2783 5402 multo
2813 5349 3037 5404 certiora
3077 5357 3202 5404 sunt
3226 5363 3385 5418 quam
3413 5361 3474 5402 ea
3504 5357 3618 5414 quae
3644 5332 3844 5406 carperis

2371 5529 2386 5559 ι
2423 5527 2494 5575 Sic
2514 5533 2597 5576 Ms.
2622 5528 2716 5586 bt.,
2747 5534 2799 5575 et
2821 5525 3019 5589 melius.
3034 5526 3162 5589 [est].

2369 5592 2390 5622 ²
2423 5591 2494 5638 sic
2527 5604 2703 5638 novem
2735 5597 2842 5638 Mss.
2865 5586 3108 5649 [cordibus
3128 5586 3342 5649 hornis].

2370 5675 2442 5748 (tt)
2466 5673 2584 5785 Αιὶεῗε
2604 5687 2649 5735 οι
2668 5673 2803 5724 istola
2820 5675 2910 5735 ;
2931 5673 2992 5722 ab
3010 5673 3098 5724 hoc
3115 5673 3266 5725 verbo
3285 5670 3544 5733 incipiebat
3563 5681 3573 5716 :
3602 5655 3850 5724 «Cogilluo‘

2317 5757 2338 5785 ι
2356 5753 2447 5788 nis.
2465 5755 2485 5781 υ
2517 5752 2543 5786 e
2565 5750 2608 5785 c.
