4122 6350
316 418 417 478 657

315 522 517 592 sensus
550 530 790 601 attingit,
840 527 934 585 sed
978 526 1097 583 ideo
1136 525 1380 581 dicuntur
1422 520 1737 586 invisibilia,
1778 518 1900 588 quia

316 628 483 684 oculis
530 626 646 679 istis
694 622 1003 678 mortalibus
1032 617 1199 674 videri
1242 616 1459 671 omnino
1506 629 1611 668 non
1656 616 1898 681 possunt.

320 723 392 777 At
430 719 517 775 illa
547 734 666 788 quae
704 716 930 772 visibilia
973 722 1098 771 sunt
1126 709 1522 782 permanentia,
1554 714 1805 777 possunt,
1858 702 1903 758 si

318 811 702 875 ostendantur,
753 809 910 863 etiam
959 806 1045 865 liis
1072 796 1384 859 mortalibus
1423 799 1592 856 oculis
1633 794 1901 866 conspici;

318 904 456 960 sicut
477 918 538 957 se
565 898 844 970 Discipulis
860 906 979 969 post
992 895 1436 953 resurrectionem
1455 890 1709 946 Dominus
1724 897 1907 942 osten-

319 998 397 1053 dit
425 995 634 1069 (Matth.
657 1009 848 1058 xxvm,
883 991 1049 1047 Marc.
1074 1006 1186 1055 xvr,
1214 989 1347 1059 Luc.
1370 1002 1525 1053 xxrv,
1550 994 1596 1040 et
1615 983 1775 1039 Joan.
1798 998 1866 1037 xx
1888 1021 1904 1051 ,

321 1090 475 1160 xxx),
516 1090 653 1142 sicut
694 1086 857 1141 etiam
902 1092 1019 1155 post
1058 1083 1424 1139 ascensionem
1464 1079 1704 1150 apostolo
1745 1072 1909 1130 Paulo

323 1181 463 1251 (Act.
494 1196 567 1246 ιι,
600 1179 653 1242 3,
680 1176 758 1249 4),
786 1185 840 1231 et
866 1175 1135 1247 Stephano
1160 1174 1383 1229 diacono
1409 1171 1545 1243 (Act.
1571 1185 1665 1234 vn,
1692 1166 1807 1237 55).

398 1274 485 1329 £0.
512 1270 739 1327 Proinde
764 1270 863 1325 ista
887 1269 1111 1324 visibilia
1135 1266 1499 1337 permanentia
1525 1264 1594 1318 ita
1616 1260 1906 1326 credimus,

325 1372 388 1420 ut
432 1363 639 1419 etiamsi
684 1377 787 1417 non
850 1361 1314 1425 demonstrentur,
1368 1370 1644 1428 speremus
1693 1368 1754 1408 ea
1810 1367 1910 1406 nos

324 1455 644 1528 quandoque
664 1454 871 1509 visuros
895 1470 909 1518 ;
935 1468 1032 1508 nec
1054 1468 1115 1508 ea
1145 1466 1399 1507 conemur
1426 1448 1630 1504 ratione
1654 1444 1738 1500 vel
1760 1444 1915 1499 intel-

324 1548 467 1604 lectu
494 1544 949 1615 comprehendere
968 1586 983 1611 ,
1016 1544 1117 1599 nisi
1155 1552 1213 1598 ut
1238 1558 1330 1608 ea,
1357 1542 1477 1611 quia
1503 1538 1723 1595 visibilia
1754 1546 1909 1603 sunt,

326 1639 394 1696 ab
419 1638 774 1694 invisibilibus
792 1637 1094 1693 distinctius
1113 1637 1405 1707 cogitemus
1437 1653 1450 1689 :
1481 1642 1535 1689 et
1561 1648 1680 1687 cum
1710 1631 1913 1701 cogita-

326 1731 472 1787 tione
509 1732 684 1802 qualia
712 1731 819 1786 sint
856 1731 1204 1801 imaginamur
1228 1769 1243 1794 ,
1288 1728 1416 1782 satis
1451 1726 1629 1796 utique
1671 1723 1913 1778 novimus

326 1837 390 1878 ea
435 1822 590 1878 nobis
629 1832 750 1877 nota
779 1838 885 1877 non
934 1835 1075 1876 esse.
1118 1818 1251 1874 Nam
1280 1827 1332 1873 et
1380 1816 1711 1877 Antiochiam
1740 1814 1915 1883 cogito

326 1913 652 1985 incognitam
678 1954 693 1979 ,
734 1913 829 1968 sed
875 1927 980 1966 non
1026 1912 1162 1967 sicut
1204 1908 1577 1981 Carthaginem
1625 1904 1911 1976 cognitam.

325 2003 473 2061 Illam
504 2006 699 2078 quippe
724 2004 981 2060 visionem
1007 2002 1254 2074 cogitatio
1283 2016 1401 2056 mea
1442 2000 1616 2071 lingit,
1651 1999 1789 2052 hanc
1826 2012 1913 2051 re-

329 2096 489 2161 colit;
521 2111 855 2167 nequaquam
901 2104 1077 2149 tamen
1120 2093 1339 2158 dubito,
1392 2095 1503 2147 sive
1553 2089 1693 2161 quod
1732 2089 1800 2143 de
1830 2088 1915 2142 illa

330 2190 555 2245 testibus
598 2188 815 2254 multis,
860 2188 973 2244 sive
1012 2186 1153 2258 quod
1197 2186 1264 2241 de
1293 2186 1392 2241 ista
1440 2183 1574 2239 meis
1618 2182 1917 2253 aspectibus

329 2279 548 2335 credidi.
575 2279 839 2335 Justitiam
860 2295 985 2334 vero
1006 2287 1061 2334 et
1074 2278 1387 2347 sapientiam
1419 2284 1472 2331 et
1498 2273 1750 2345 quidquid
1778 2273 1917 2342 ejus-

330 2372 472 2426 modi
494 2381 597 2438 est,
619 2388 723 2426 non
745 2372 899 2426 aliter
916 2370 1287 2441 imaginamur,
1304 2369 1457 2423 aliter
1471 2374 1803 2429 contuemur;
1823 2362 1918 2419 sed

332 2462 445 2517 haec
465 2463 745 2518 invisibilia
769 2462 994 2532 simplici
1012 2463 1206 2517 mentis
1219 2470 1375 2530 atque
1388 2458 1605 2514 rationis
1628 2457 1919 2512 intentione

332 2555 597 2610 intellecta
614 2554 992 2625 conspicimus,
1010 2554 1125 2608 sine
1144 2553 1263 2607 ullis
1284 2551 1467 2606 formis
1486 2560 1541 2605 et
1555 2548 1782 2605 molibus
1801 2562 1920 2602 cor-

331 2648 635 2719 poralibus,
669 2648 783 2702 sine
810 2647 933 2702 ullis
956 2644 1294 2702 lineamentis
1326 2644 1610 2713 ligurisque
1646 2642 1918 2697 membro-

332 2757 486 2806 rum,
540 2742 657 2796 sine
697 2740 818 2794 ullis
867 2739 1120 2795 localibus
1166 2737 1277 2792 sive
1322 2734 1482 2790 ﬁnitis
1512 2735 1530 2766 ¹
1577 2734 1691 2790 sive
1736 2732 1919 2802 spatiis

336 2831 579 2887 inﬁnitis.
632 2832 911 2902 Ipsumque
954 2830 1163 2893 lumen,
1213 2843 1319 2898 quo
1359 2834 1547 2882 cuncta
1575 2826 1674 2881 ista
1716 2824 1918 2880 discer-

335 2924 541 2990 nimus,
571 2923 622 2977 in
650 2938 756 2994 quo
783 2923 936 2976 nobis
965 2921 1093 2976 satis
1122 2928 1343 2990 apparet
1375 2917 1501 2989 quid
1526 2916 1806 2973 credamus
1834 2915 1916 2977 in-

335 3017 640 3086 cognitum,
668 3014 795 3087 quid
840 3014 1106 3086 cognitum
1151 3023 1459 3077 teneamus,
1508 3027 1667 3083 quam
1694 3010 1919 3066 formam

334 3110 578 3179 corporis
623 3108 998 3174 recordemur,
1054 3122 1211 3177 quam
1258 3105 1577 3176 cogitatione
1623 3104 1919 3174 ﬁngamus,

336 3202 462 3273 quid
482 3203 723 3271 corporis
749 3215 936 3256 sensus
961 3200 1205 3270 attingat,
1228 3198 1353 3269 quid
1378 3197 1692 3268 imaginetur
1710 3196 1921 3251 animus

336 3295 512 3349 simile
540 3294 782 3364 corpori,
834 3292 962 3365 quid
1003 3301 1206 3347 certum
1253 3300 1306 3346 et
1352 3292 1589 3347 omnium
1637 3304 1920 3359 corporum

337 3386 750 3441 dissimillimum
793 3384 1137 3455 intelligentia
1184 3383 1572 3454 contempletur
1609 3400 1622 3435 :
1655 3381 1757 3437 hoc
1794 3396 1923 3452 ergo

337 3477 519 3532 lumen
550 3476 636 3531 ubi
676 3477 791 3532 lucc
817 3487 1004 3531 cuneta
1047 3475 1429 3544 dijudicantur,
1450 3492 1553 3529 non
1586 3476 1789 3544 utique,
1818 3474 1925 3529 sic-

337 3578 396 3622 ut
442 3567 598 3638 hujus
640 3568 767 3623 solis
804 3577 856 3622 et
900 3566 1154 3638 cujusque
1182 3567 1427 3636 corporei
1468 3567 1684 3622 luminis
1712 3566 1919 3637 fulgor,

338 3676 434 3730 per
457 3660 644 3716 localia
673 3660 841 3731 spatia
865 3661 1271 3730 circumquaque
1299 3659 1625 3727 dill‘unditur,
1658 3670 1921 3716 mentem-

338 3767 441 3821 que
473 3759 708 3805 nostram
736 3752 885 3819 quasi
904 3750 1096 3806 visibili
1125 3751 1355 3806 candore
1384 3752 1631 3818 illustrat,
1662 3752 1757 3809 sed
1780 3752 1919 3808 invi-

337 3841 564 3897 sibiliter
582 3850 637 3897 et
662 3840 1026 3908 ineffabiliter,
1055 3851 1108 3896 et
1136 3850 1309 3897 tamen
1342 3843 1737 3914 intelligibiliter
1758 3844 1920 3911 lucet,

339 3940 552 4003 tamque
590 3933 743 3988 nobis
786 3943 991 3987 certum
1037 3941 1151 3998 est,
1203 3949 1363 4004 quam
1411 3934 1562 3990 nobis
1587 3935 1749 3991 efﬁcit
1774 3944 1923 3991 certa

336 4040 456 4094 quae
478 4024 769 4079 secundum
799 4024 968 4094 ipsum
994 4035 1183 4080 cuneta
1206 4026 1579 4095 conspicimus.

415 4119 504 4173 ll.
546 4118 677 4173 Cum
721 4118 877 4189 igitur
904 4118 1000 4173 tria
1025 4118 1129 4173 sint
1158 4134 1335 4173 rerum
1368 4134 1562 4188 genera
1590 4134 1707 4189 quae
1736 4118 1921 4173 viden-

342 4219 459 4275 tur;
500 4226 665 4265 unum
715 4211 1104 4280 corporalium,
1158 4210 1297 4265 sicut
1333 4210 1435 4264 hoc
1475 4209 1669 4264 cmlum
1718 4218 1772 4264 et
1809 4209 1925 4277 lucc

343 4310 514 4369 terra,
561 4312 615 4357 et
650 4302 905 4373 quidquid
936 4303 988 4357 in
1031 4303 1109 4358 eis
1135 4318 1425 4373 corporeus
1458 4319 1645 4358 sensus
1673 4304 1843 4359 cernit
1870 4311 1923 4358 et

342 4394 537 4463 tangit;
568 4393 791 4448 alterum
813 4394 985 4449 simile
1010 4394 1398 4464 corporalibus,
1417 4394 1552 4450 sicut
1578 4403 1699 4449 sunt
1719 4410 1780 4449 ea
1805 4410 1924 4465 qutc

341 4486 535 4553 spiritu
561 4486 786 4556 cogitata
830 4486 1177 4556 imaginamur
1197 4528 1212 4554 ,
1256 4486 1368 4541 sive
1397 4486 1670 4549 recordata
1700 4487 1783 4541 vel
1823 4486 1921 4541 ob—

341 4578 433 4630 lita
460 4579 480 4608 ²
514 4578 666 4647 quasi
708 4593 932 4647 corpora
956 4588 1304 4645 contuentur,
1338 4578 1477 4633 unde
1506 4586 1627 4633 sunt
1653 4578 1810 4633 etiam
1840 4576 1923 4633 vi-

342 4668 519 4721 siones
549 4682 669 4737 quce
702 4668 783 4722 vel
820 4668 872 4722 in
908 4669 1137 4735 somnis,
1173 4670 1253 4723 vel
1298 4670 1349 4723 in
1396 4670 1570 4740 aliquo
1613 4669 1803 4724 mentis
1831 4685 1925 4725 ex-

340 4775 534 4826 cessu,
569 4759 651 4813 his
697 4760 847 4830 quasi
891 4760 1145 4815 localibus
1172 4760 1549 4830 quantitatibus
1578 4762 1921 4832 ingeruntur;

343 4851 559 4906 tertium
587 4849 652 4905 ab
678 4858 901 4921 utroque
928 4852 1234 4919 discretum,
1263 4854 1400 4924 quod
1423 4870 1595 4924 neque
1618 4857 1685 4910 sit
1708 4850 1918 4925 corpus,

344 4958 517 5012 neque
547 4942 711 4996 ullam
734 4942 921 4997 habeat
944 4943 1342 4998 similitudinem
1365 4947 1637 5015 corporis,
1670 4946 1807 5001 sicut
1843 4955 1926 5002 est

342 5034 631 5104 sapientia,
660 5050 778 5105 quae
803 5045 978 5091 mente
1004 5036 1267 5091 intellecta
1292 5038 1646 5108 conspicitur,
1675 5048 1728 5095 et
1750 5040 1803 5093 in
1832 5054 1925 5094 cu—

342 5125 426 5195 jus
469 5126 590 5182 luce
618 5126 686 5181 de
716 5126 800 5181 his
832 5128 1078 5184 omnibus
1107 5129 1368 5185 veraciter
1399 5131 1664 5200 judicatur
1693 5150 1709 5189 :
1739 5133 1790 5187 in
1819 5149 1925 5203 quo

344 5219 564 5272 istorum
594 5233 790 5289 genere
812 5220 1131 5276 credendum
1160 5230 1241 5277 est
1261 5238 1377 5278 esse
1404 5223 1556 5277 istam
1583 5240 1738 5295 quam
1765 5240 1924 5281 nosse

342 5310 589 5364 volumus
608 5352 623 5375 ,
657 5311 1007 5368 Trinitatem?
1035 5314 1281 5370 Profecto
1304 5324 1395 5369 aut
1433 5316 1485 5370 in
1513 5317 1715 5388 aliquo,
1752 5328 1842 5374 aut
1870 5320 1924 5374 in

345 5401 508 5455 nullo.
540 5401 597 5457 Si
635 5402 686 5456 in
715 5404 927 5475 aliquo,
972 5420 1036 5460 eo
1074 5406 1255 5476 utique
1291 5407 1431 5477 quod
1457 5418 1539 5463 est
1574 5410 1691 5464 aliis
1717 5409 1926 5467 duobus

346 5494 718 5561 praestantius,
749 5496 887 5551 sicut
912 5506 993 5552 est
1022 5498 1313 5568 sapientia;
1346 5499 1487 5569 quod
1516 5500 1561 5555 si
1584 5501 1780 5556 donum
1810 5503 1925 5573 ejus

346 5584 399 5642 in
430 5588 584 5643 nobis
614 5597 693 5644 est
714 5630 729 5656 ,
754 5598 807 5645 et
827 5590 847 5621 ³
873 5592 1047 5648 minus
1083 5600 1167 5648 est
1197 5609 1356 5663 quam
1398 5594 1486 5649 illa
1521 5609 1725 5650 summa
1749 5606 1802 5652 et
1840 5598 1925 5653 in-

416 5745 434 5812 f
462 5745 535 5794 sic
554 5746 746 5812 Ms._bt.
768 5745 999 5812 [ﬁnibus].

415 5810 436 5871 ξ
461 5813 592 5869 Lov.,
613 5807 796 5871 oblata?
815 5818 869 5860 At
889 5807 1016 5871 nisi,
1036 5812 1196 5863 oblita.

416 5868 778 5936 U185..aliquot
801 5886 813 5921 :
840 5873 972 5933 Quod
994 5868 1039 5926 ai
1075 5877 1253 5927 donum
1296 5875 1399 5940 ejus
1435 5878 1486 5931 in
1518 5875 1653 5933 nobis
1686 5877 1929 5936 ntinuscst

753 5955 979 6022 Sacr.
1016 5958 1291 6027 Accusr.
1342 5962 1398 6025 II

1534 396 2008 461 EPISTOLARUM
2045 397 2318 461 CLASSIS
2355 402 2418 458 ll.

3487 407 3592 467 £58

2011 517 2408 572 commutabilis
2428 561 2444 587 ,
2476 534 2593 589 qute
2620 518 2714 576 Dei
2751 518 3017 591 Sapientia
3046 520 3266 589 dicitur,
3299 532 3426 594 puto
3450 530 3592 598 quod

2010 623 2115 663 non
2157 608 2409 664 debemus
2447 610 2590 667 dono
2616 628 2712 668 suo
2741 612 2959 669 inferius
2997 616 3228 685 cogitare
3258 617 3541 674 donantem
3576 639 3593 677 :

2011 700 2056 755 si
2083 710 2259 758 autem
2278 702 2467 775 aliquis
2492 706 2743 777 splendor
2770 707 2885 777 ejus
2902 707 2952 762 in
2972 708 3123 765 nobis
3149 720 3251 779 est,
3269 728 3388 782 quae
3410 723 3592 770 nostra

2013 794 2266 863 sapientia
2295 796 2515 864 dicitur,
2544 808 3025 871 quantumcumque
3051 800 3167 872 ejus
3200 818 3295 874 per
3320 807 3593 875 Speculum

2012 892 2067 941 et
2094 886 2145 941 in
2186 887 2467 959 aenigmate
2505 905 2696 961 capere
2726 908 3035 962 possumus,
3069 903 3279 967 oportet
3305 912 3421 952 eam
3448 908 3501 954 et
3526 900 3595 953 ab

2012 978 2257 1033 omnibus
2285 982 2625 1051 corporibus,
2665 991 2719 1038 et
2758 984 2825 1039 ab
2859 986 3103 1042 omnibus
3130 1002 3414 1060 corporum
3444 991 3595 1047 simi-

2012 1065 2321 1125 litudinibus
2346 1087 2709 1128 secernamus.

2086 1162 2172 1217 12.
2206 1162 2263 1219 Si
2292 1173 2466 1219 autem
2508 1166 2561 1219 in
2602 1167 2747 1221 nullo
2778 1168 2997 1224 istorum
3027 1186 3220 1241 genere
3250 1173 3478 1243 putanda
3515 1182 3597 1231 est

2015 1254 2113 1310 ista
2140 1256 2371 1312 Trinitas
2393 1300 2406 1323 ,
2435 1266 2489 1313 et
2525 1258 2603 1314 sic
2629 1269 2711 1315 est
2750 1262 3027 1319 invisibilis
3047 1307 3063 1333 ,
3094 1274 3150 1320 ut
3177 1283 3276 1323 nec
3314 1276 3491 1325 mente
3518 1270 3599 1325 vi-

2016 1344 2235 1411 deatur;
2264 1348 2429 1402 multo
2450 1349 2626 1404 minus
2656 1350 2722 1405 de
2744 1351 2831 1406 illa
2858 1352 3156 1422 hujusmodi
3177 1358 3482 1427 opinionem
3506 1360 3600 1415 ha-

2016 1436 2143 1493 bere
2165 1438 2418 1495 debemus
2438 1483 2452 1506 ,
2500 1450 2558 1496 ut
2586 1458 2703 1498 eam
2733 1444 2893 1500 rebus
2918 1449 3282 1517 corporalibus
3302 1452 3387 1507 vel
3411 1469 3597 1524 σοι’ρο-

2016 1532 2205 1586 ralium
2228 1549 2405 1589 rerum
2433 1535 2748 1606 imaginibus
2772 1539 3000 1594 similem
3022 1556 3140 1596 esse
3158 1544 3450 1602 credamus.
3482 1547 3600 1603 Non

2018 1623 2159 1677 enim
2198 1625 2862 1695 corporaipulchritudine
2906 1631 3059 1687 molis
3111 1643 3202 1689 aut
3244 1637 3601 1705 magnitudine

2018 1723 2268 1783 superat,
2300 1716 2392 1770 sed
2436 1717 2865 1776 dissimilitudine
2892 1737 2955 1777 ac
2979 1723 3326 1793 diSparilitate
3355 1737 3559 1784 natura:
3583 1747 3597 1783 :

2020 1812 2074 1860 et
2102 1806 2147 1860 si
2170 1806 2393 1863 discreta
2421 1819 2504 1864 est
2530 1826 2560 1864 a
2586 1815 2983 1883 comparatione
3010 1815 3268 1876 bonorum
3295 1820 3455 1875 animi
3499 1836 3601 1876 no-

2020 1897 2114 1952 stri
2133 1940 2149 1965 ,
2182 1900 2354 1969 qualia
2376 1912 2501 1956 sunt
2525 1903 2804 1972 sapientia,
2824 1904 3023 1976 justitia
3046 1950 3060 1974 ,
3090 1908 3340 1978 charitas,
3363 1912 3601 1981 castitas,

2020 2000 2075 2047 et
2097 2002 2285 2047 caztera
2312 1994 2429 2047 talia
2447 2037 2460 2059 ,
2491 2010 2609 2065 quae
2634 1996 2869 2066 profecto
2902 2000 3041 2055 mole
3066 2002 3303 2071 corporis
3331 2018 3436 2058 non
3468 2021 3601 2075 pen-

2020 2083 2224 2150 dimus,
2252 2102 2350 2141 nec
2376 2102 2558 2142 eorum
2583 2089 2732 2159 quasi
2762 2105 3044 2160 corporeas
3064 2094 3260 2150 formas
3283 2096 3603 2166 cogitatione

2021 2174 2334 2247 ﬁguramus,
2381 2179 2475 2234 sed
2521 2195 2584 2234 ea
2631 2181 2842 2250 quando
2872 2192 3013 2238 recte
3058 2185 3431 2256 intelligimus,
3488 2189 3604 2244 sine

2020 2268 2196 2339 aliqua
2217 2272 2541 2341 corpulentia
2573 2275 2655 2329 vel
2677 2276 3021 2332 similitudine
3039 2280 3384 2348 corpulentite
3412 2281 3465 2336 in
3485 2282 3605 2338 luce

2022 2361 2214 2416 mentis
2239 2364 2553 2431 aspicimus;
2578 2376 2776 2435 quanto
2809 2375 2892 2421 est
2927 2368 2993 2421 ab
3030 2370 3263 2424 omnium
3293 2372 3604 2440 qualitatum

2022 2459 2076 2506 et
2098 2453 2447 2521 quantitatum
2487 2457 2842 2523 corporalium
2869 2461 3263 2528 comparatione
3287 2461 3605 2518 discretior?

2022 2540 2138 2596 Non
2165 2558 2281 2597 eam
2305 2552 2481 2599 tamen
2506 2561 2535 2598 a
2566 2556 2749 2603 nostro
2774 2547 3046 2604 intellectu
3069 2552 3287 2607 omnino
3313 2552 3604 2611 abhorrere

2023 2633 2307 2701 Apostolus
2338 2636 2488 2691 testis
2513 2646 2614 2705 est,
2649 2638 2734 2693 ubi
2761 2640 2836 2694 ait
2866 2658 2878 2694 :
2912 2639 3194 2696 Invisibilia
3218 2644 3349 2699 enim
3376 2663 3409 2699 a
3427 2647 3605 2701 consti-

2023 2730 2211 2781 tutione
2224 2728 2418 2796 mundi,
2441 2746 2530 2801 per
2542 2747 2604 2785 ea
2621 2748 2731 2802 qua:
2744 2736 2879 2805 facta
2892 2743 3009 2788 sunt
3024 2734 3274 2791 intellecta
3287 2742 3607 2812 conspiciun-

2028 2826 2139 2883 tur;
2167 2820 2468 2889 sempiterna
2484 2836 2678 2894 quoque
2704 2825 2812 2894 ejus
2842 2825 3000 2880 virtus
3019 2843 3077 2880 ac
3101 2828 3334 2884 divinitas
3355 2831 3530 2901 (Rom.
3555 2848 3604 2899 ι,

2025 2908 2137 2980 20).
2158 2912 2235 2967 Ac
2264 2927 2357 2982 per
2384 2913 2484 2968 hoc
2510 2928 2629 2968 cum
2658 2915 2842 2971 eadem
2872 2916 3104 2973 Trinitas
3132 2919 3318 2976 fecerit
3341 2931 3392 2976 et
3410 2937 3606 2993 corpus

2026 3006 2325 3061 etanimam
2348 3049 2362 3074 ,
2395 3008 2509 3064 sine
2536 3008 2867 3067 dubitatione
2891 3020 2975 3068 est
3000 3021 3221 3085 utroque
3248 3019 3605 3085 prtestantior.

2026 3098 2218 3153 Anima
2244 3099 2422 3169 itaque
2447 3101 2778 3157 considerata
2799 3144 2813 3169 ,
2854 3105 3085 3161 maxime
3105 3105 3332 3163 humana
3359 3118 3411 3164 et
3440 3111 3606 3165 ratio-

2027 3191 2162 3247 nalis
2190 3200 2349 3263 atque
2375 3195 2771 3263 intellectualis,
2800 3213 2918 3268 quae
2945 3199 3011 3254 ad
3036 3200 3152 3269 ejus
3174 3200 3454 3273 imaginem
3470 3203 3607 3262 facta

2026 3290 2105 3338 est
2129 3324 2146 3351 ,
2178 3282 2222 3338 si
2252 3284 2597 3354 cogitationes
2635 3296 2844 3342 nostras
2883 3296 2938 3343 et
2967 3289 3337 3361 intelligentias
3362 3308 3468 3350 non
3492 3295 3608 3350 evi-

2026 3374 2196 3441 cerit,
2227 3375 2323 3430 sed
2353 3376 2468 3445 ejus
2490 3378 2631 3448 quod
2663 3376 2821 3434 habet
2856 3380 3178 3451 prtecipuum
3202 3423 3217 3447 ,
3252 3383 3303 3438 id
3329 3394 3410 3440 est
3439 3384 3607 3456 ipsam

2027 3475 2258 3523 mentem
2284 3478 2442 3539 atque
2467 3470 2865 3541 intelligentiam
2888 3483 3063 3528 mente
3084 3485 3241 3546 atque
3263 3476 3606 3549 intelligentia

2031 3560 2363 3629 potuerimus
2390 3562 2825 3632 apprehendere,
2876 3580 2983 3620 non
3025 3567 3127 3621 erit
3155 3568 3391 3624 fortassis
3418 3572 3607 3626 absur-

2027 3650 2156 3707 dum
2179 3695 2195 3720 ,
2231 3664 2288 3708 ut
2312 3670 2427 3709 eam
2451 3655 2516 3709 ad
2545 3672 2699 3711 suum
2732 3673 2943 3729 quoque
2970 3659 3276 3717 Creatorem
3307 3662 3609 3735 intelligen-

2028 3744 2182 3812 dum,
2217 3746 2332 3817 ipso
2360 3748 2642 3817 adjuvante
2683 3750 3001 3807 meditemur
3033 3754 3296 3810 attollere.
3328 3754 3385 3810 Si
3431 3766 3609 3813 autem

2029 3834 2086 3891 in
2117 3837 2290 3908 seipsa
2316 3836 2510 3905 deﬁcit,
2542 3840 2747 3911 sibique
2771 3843 3089 3909 succumbit,
3124 3846 3209 3914 pia
3233 3844 3335 3901 ﬁde
3362 3859 3609 3905 contenta

2026 3928 2096 3982 sit
2114 3929 2361 3999 quamdiu
2388 3933 2753 4003 peregrinatur
2776 3949 2806 3988 a
2834 3935 3058 3989 Domino
3076 3976 3092 4002 ,
3122 3936 3290 3993 donec
3318 3940 3410 3994 ﬁat
3434 3941 3486 3995 in
3517 3941 3611 3998 ho-

2027 4020 2173 4076 mine
2196 4023 2335 4092 quod
2363 4025 2683 4093 promissum
2702 4036 2811 4094 est,
2845 4028 3068 4083 faciente
3095 4029 3183 4085 illo
3210 4032 3296 4101 qui
3318 4044 3492 4103 potens
3511 4044 3605 4101 est,

2027 4112 2163 4167 sicut
2189 4114 2261 4168 ait
2290 4115 2603 4185 Apostolus,
2633 4124 2797 4190 facere
2830 4137 2985 4192 supra
3009 4139 3160 4192 quam
3183 4126 3395 4194 petimus
3420 4138 3505 4183 aut
3530 4130 3611 4184 in-

2028 4204 2297 4276 telligimus
2327 4207 2483 4278 (Eph.
2513 4226 2589 4274 ιιι,
2613 4210 2704 4283 20)
2734 4211 2831 4283 (α).

2102 4295 2325 4351 CAPUT
2365 4297 2451 4351 lll.
2476 4328 2545 4338 —
2571 4301 2654 4355 l3.
2684 4301 2813 4369 Quae
2839 4317 2958 4357 cum
2992 4303 3061 4359 ita
3088 4304 3225 4373 sint,
3255 4306 3464 4365 interim
3487 4312 3609 4367 volo

2028 4396 2086 4441 ut
2106 4388 2249 4457 legas
2275 4404 2335 4443 ea
2365 4405 2483 4459 quae
2503 4390 2569 4445 ad
2590 4391 2744 4447 istam
2781 4395 3126 4462 qumstionem
3151 4400 3468 4469 pertinentia
3497 4403 3611 4473 jam

2030 4479 2195 4534 multa
2222 4483 2672 4552 conscripsimus;
2716 4486 2803 4539 illa
2831 4487 2988 4542 etiam
3020 4504 3137 4559 qua:
3168 4491 3220 4545 in
3250 4494 3491 4550 manibus
3514 4496 3611 4551 ha-

2029 4569 2252 4640 bemus,
2297 4580 2353 4627 et
2389 4584 2607 4644 propter
2645 4577 3059 4647 magnitudinem
3084 4589 3187 4634 tam
3215 4581 3444 4639 difﬁcilis
3467 4603 3612 4657 qua:-

2032 4664 2216 4719 stionis
2238 4706 2252 4731 ,
2284 4666 2516 4721 nondum
2544 4682 2824 4735 possumus
2851 4671 3134 4739 explicare.
3162 4672 3311 4729 Nunc
3340 4692 3464 4732 vero
3490 4687 3612 4735 tene

2031 4755 2342 4812 inconcussa
2389 4758 2523 4827 ﬁde,
2560 4759 2773 4815 Patrem
2815 4771 2867 4816 et
2891 4762 3079 4819 Filium
3111 4776 3163 4820 et
3192 4766 3441 4837 Spiritum
3484 4785 3611 4827 san-

2034 4856 2175 4903 ctum
2209 4864 2328 4905 esse
2353 4850 2663 4905 Trinitatem
2688 4891 2703 4917 ,
2760 4862 2816 4908 et
2862 4863 3037 4909 tamen
3066 4873 3229 4935 unum
3277 4860 3470 4930 Deum;
3502 4880 3612 4921 non

2033 4941 2173 5010 quod
2204 4943 2271 4996 sit
2298 4958 2483 4997 eorum
2512 4946 2807 5000 communis
2831 4948 2979 5017 quasi
3004 4961 3187 5020 quarta
3211 4952 3486 5021 divinitas,
3514 4957 3613 5013 sed

2030 5035 2168 5105 quod
2197 5036 2263 5089 sit
2289 5036 2401 5107 ipsa
2432 5036 2803 5093 inell‘abiliter1
2834 5040 3203 5112 inseparabilis
3232 5046 3483 5115 Trinitas,
3508 5049 3611 5104 Pa-

2034 5138 2273 5199 tremque
2303 5127 2473 5184 solum
2502 5130 2748 5200 genuisse
2786 5131 2972 5187 Filium
2992 5176 3008 5202 ,
3056 5134 3351 5208 Filiumque
3378 5141 3548 5195 solum
3578 5158 3611 5196 a

2032 5221 2190 5276 Patre
2215 5222 2483 5291 genitum,
2527 5221 2779 5292 Spiritum
2819 5239 2948 5279 vero
2992 5210 3228 5281 sanctum
3258 5237 3313 5283 et
3353 5230 3523 5287 Patris
3557 5241 3613 5288 et

2031 5315 2149 5370 Filii
2174 5330 2293 5371 esse
2329 5314 2603 5385 Spiritum.
2636 5316 2706 5371 Et
2727 5318 2981 5389 quidquid
3014 5321 3138 5387 tibi,
3167 5337 3284 5378 cum
3313 5325 3411 5381 ista
3462 5330 3610 5398 cogi-

2032 5416 2113 5463 tas
2135 5450 2151 5476 ,
2200 5423 2471 5479 corporeae
2514 5409 2873 5466 similitudinis
2901 5416 3223 5481 occurrerit,
3267 5417 3480 5488 abige‘,
3512 5420 3611 5475 ab-

2032 5560 2209 5612 quam,
2245 5555 2340 5599 etc.
2388 5554 2444 5598 At
2487 5561 2614 5599 unus
2660 5562 2692 5600 e
2729 5550 2895 5612 \~’atic.,
2938 5548 2991 5601 in
3049 5550 3181 5604 nobis
3223 5566 3317 5605 non
3355 5555 3513 5610 minus
3542 5564 3613 5612 est

2031 5622 2194 5673 quam,
2211 5617 2306 5660 etc.

2095 5672 2115 5745 ξ
2150 5673 2320 5745 _Sic_t_tts.
2338 5672 2432 5745 by,
2456 5670 2608 5745 longe
2628 5672 2821 5725 melius.
2848 5671 3157 5738 [ineﬂ'abt'lis].

2095 5733 2117 5763 ³
2151 5739 2200 5780 tu
2223 5740 2328 5783 Mss.
2353 5734 2496 5786 deest
2528 5733 2683 5799 abige.

2096 5818 2171 5881 (α)
2189 5824 2301 5901 οιιεε
2321 5829 2590 5901 aﬂuent"?
2606 5834 2763 5901 "$4."?
2781 5823 2839 5901 ad
2857 5822 2961 5901 ιξίιέίξ
2974 5824 3140 5901 urbe,
3160 5844 3188 5901 ss
3202 5832 3362 5901 “eam
3385 5832 3566 5901 itaque.
3582 5850 3607 5886 ι

2036 5880 2155 5945 etc.,
2170 5894 2221 5931 n.
2244 5881 2321 5947 l7,
2339 5880 2543 5935 deerant
2560 5884 2609 5937 in
2633 5880 2835 5953 epistola
2851 5898 2959 5947 qua:
2973 5886 3088 5935 olim
3107 5880 3194 5941 fuit
3222 5892 3301 5945 85.

2850 5968 3188 6057 (Quich
