4122 6350
545 347 646 412 659

541 484 645 524 nne
667 509 680 529 .
711 484 872 539 nega,
901 484 1118 540 respue,
1151 463 1321 550 abjice
1343 511 1355 534 ,
1382 467 1524 538 fuge.
1558 467 1672 526 Non
1695 469 1835 524 enim
1860 485 2016 539 parva
2047 477 2130 526 est

541 561 808 616 inchoatio
829 552 1142 629 cognitionis
1168 561 1276 624 Dei,
1308 561 1349 613 si
1369 569 1647 630 antequam
1680 560 1941 632 po-simus
1967 576 2126 618 nosse

540 653 663 724 quid
701 653 802 724 sit,
832 637 1141 728 incipiamus
1161 652 1271 721 jam
1311 668 1468 706 nosse
1492 651 1615 722 quid
1649 669 1750 705 non
1779 655 1864 705 sit.
1911 653 2124 711 intelle-

539 753 682 798 ctum
707 759 835 798 vero
856 742 1007 816 valde
1032 759 1146 816 ama
1174 761 1187 806 ;
1221 743 1340 814 quia
1369 753 1421 798 et
1448 745 1573 816 ipsa!
1593 739 1878 818 Scripturre
1905 754 2120 812 sanctae,

541 852 656 904 ante
701 829 1008 906 magnarum
1058 851 1232 888 rerum
1277 844 1398 889 ante
1448 835 1848 905 intelligentiam
1898 836 2124 896 suadent

538 925 725 992 tidem,
771 909 872 979 nisi
903 941 992 979 cas
1022 934 1164 981 recte
1207 925 1472 996 intelligas
1493 967 1508 993 ,
1539 927 1692 981 utiles
1721 927 1812 981 tibi
1853 942 1971 981 esse
2015 942 2120 984 non

537 1027 776 1090 possunt.
810 1015 1006 1072 Omnes
1031 1017 1168 1070 enim
1197 1015 1464 1083 haeretici,
1495 1017 1582 1087 qui
1612 1034 1700 1069 eas
1726 1016 1780 1071 in
1808 1018 2122 1072 auctoritate

537 1111 831 1180 recipiunt,
864 1111 1004 1182 ipsas
1033 1111 1128 1163 sibi
1173 1110 1420 1164 videntur
1460 1111 1680 1181 sectari,
1711 1127 1831 1164 cum
1871 1127 1997 1166 suos
2023 1125 2119 1180 po-

539 1204 640 1255 tius
671 1210 939 1272 sectentur
966 1216 1206 1265 errores;
1235 1216 1296 1254 ac
1322 1200 1538 1271 perhoc
1569 1216 1672 1253 non
1702 1200 1839 1268 quod
1868 1216 1956 1253 eas
1985 1216 2118 1254 con-.

537 1303 792 1359 temnant,
835 1293 927 1347 sed
955 1291 1093 1364 quod
1123 1309 1214 1348 eas
1238 1309 1340 1345 non
1373 1293 1682 1361 intelligant,
1716 1291 1948 1346 haeretici
1971 1302 2114 1348 sunt.

609 1386 690 1441 M.
725 1385 806 1440 Tu
835 1393 1044 1450 autem,
1071 1384 1409 1449 charissime,
1456 1398 1546 1435 ora
1580 1382 1784 1435 fortiter
1812 1392 1864 1435 et
1891 1382 2118 1437 fideliter

532 1487 589 1530 ut
603 1477 692 1532 det
721 1476 812 1531 tibi
832 1476 1086 1530 Dominus
1108 1475 1453 1536 intellectum,
1479 1488 1539 1527 ac
1569 1475 1645 1527 sic
1667 1489 1728 1527 ea
1755 1490 1871 1544 qua).
1891 1473 2117 1528 forinse-

532 1587 623 1625 cus
641 1569 854 1626 adhibet
870 1555 1138 1640 diligentia
1155 1568 1496 1638 prreceptoris
1512 1567 1620 1620 sive
1634 1566 1885 1630 doctoris,
1909 1567 2112 1635 possint

531 1678 650 1717 esse
667 1661 928 1715 fructuosa
952 1677 966 1725 ;
992 1661 1238 1730 quoniam
1263 1676 1418 1728 mque
1437 1658 1521 1728 qui
1549 1659 1742 1728 plantat
1773 1666 1845 1710 est
1879 1655 2074 1725 aliquid
2093 1699 2106 1723 ,

530 1772 685 1826 neque
704 1755 789 1824 qui
813 1754 963 1825 rigat,
983 1753 1072 1806 sed
1092 1754 1176 1822 qui
1194 1753 1548 1806 incrementum
1571 1751 1654 1804 dat
1679 1749 1809 1803 Deus
1829 1750 1869 1818 (Ι
1896 1749 2011 1803 Cor.
2030 1767 2106 1818 ut,

529 1846 606 1919 7):
625 1847 705 1902 cui
735 1846 985 1908 dicimus,
1021 1843 1176 1897 Pater
1205 1853 1370 1896 noster
1389 1843 1474 1914 qui
1496 1859 1546 1896 es
1561 1843 1609 1894 in
1632 1842 1768 1894 aclis
1792 1840 1997 1912 (Matth.
2019 1856 2070 1893 Vl
2091 1881 2105 1905 ,

527 1937 605 2009 9);
628 1953 729 2002 non
755 1938 873 2010 quia
894 1936 959 2008 ibi
985 1944 1087 2002 est,
1108 1944 1158 1988 ct
1176 1934 1260 1988 hic
1281 1951 1384 1986 non
1401 1943 1502 2000 est,
1528 1933 1614 2003 qui
1634 1931 1916 2004 praesentia
1936 1931 2111 1986 incer-

527 2047 687 2104 porea
708 2031 898 2102 ubique
912 2037 993 2084 est
1016 2037 1175 2094 totus,
1200 2024 1292 2081 sed
1311 2029 1429 2094 quia
1454 2027 1504 2080 in
1524 2027 1601 2080 eis
1624 2027 1863 2080 habitare
1892 2025 2101 2092 dicitur,

523 2137 747 2194 quorum
776 2122 954 2192 pietati
983 2120 1153 2185 adest,
1183 2129 1233 2174 et
1260 2118 1311 2172 hi
1340 2117 1572 2173 maxime
1599 2118 1649 2171 in
1672 2117 1821 2172 coelis
1842 2126 1983 2182 sunt,
2017 2116 2106 2170 ubi

524 2213 682 2267 etiam
702 2222 879 2266 nostra
901 2213 1236 2266 conversatio
1258 2220 1358 2274 est,
1381 2209 1423 2264 si
1453 2224 1550 2264 nos
1572 2224 1632 2262 os
1655 2217 1894 2263 nostrum
1913 2207 2106 2262 veraci-

524 2311 605 2357 ter
629 2317 836 2357 sursum
859 2318 951 2357 cor
968 2301 1164 2356 habere
1185 2299 1524 2370 reSpondeat.
1548 2299 1678 2354 Nam
1701 2301 1798 2353 etsi
1825 2300 2106 2352 carnaliter

523 2395 886 2466 acceperimus
907 2394 1044 2464 quod
1077 2395 1176 2447 seri
1185 2403 1333 2464 ptum
1359 2401 1455 2457 est,
1489 2391 1676 2446 Caelum
1696 2392 1818 2444 mihi
1840 2391 1978 2444 sedes
1999 2401 2070 2443 est
2085 2433 2100 2460 ,

522 2494 654 2538 terra
667 2494 832 2539 autem
843 2501 925 2538 sca
933 2485 1111 2538 bellum
1125 2485 1309 2556 pedum
1327 2500 1544 2538 meorum
1561 2481 1710 2555 (lsai,
1728 2484 1895 2548 va1,1
1910 2481 1952 2554 );
1969 2491 2020 2536 et
2034 2481 2103 2538 ibi

521 2585 576 2630 et
597 2577 681 2629 hic
707 2592 828 2630 eum
852 2591 968 2631 esse
985 2573 1206 2630 credere
1235 2574 1490 2629 debemus
1512 2592 1526 2630 :
1546 2575 1786 2644 quamvis
1803 2590 1904 2627 non
1933 2583 2099 2628 totum

517 2666 620 2730 ibi,
648 2667 768 2737 quia
795 2663 883 2720 hic
913 2677 1091 2722 essent
1118 2665 1316 2736 pedes;
1361 2681 1458 2720 nec
1487 2673 1652 2719 totum
1696 2664 1780 2719 hic
1800 2707 1814 2730 ,
1861 2665 1981 2737 quia
2027 2664 2100 2720 ibi

517 2765 696 2812 essent
723 2757 1026 2827 superiores
1048 2758 1287 2825 corporis
1307 2764 1505 2827 partes.
1530 2755 1697 2822 Quam
1729 2756 2099 2826 cogitationem

517 2850 781 2904 earnalem
805 2892 819 2914 ,
849 2865 1054 2903 rursum
1085 2849 1211 2903 illud
1244 2847 1399 2904 nobis
1428 2857 1676 2903 excutere
1695 2890 1709 2916 ,
1736 2847 1876 2918 quod
1911 2847 1976 2902 de
2006 2847 2098 2905 illo

515 2943 768 3012 scriptum
787 2950 887 3007 cst,
922 2948 1094 3010 potest
1125 2959 1136 2993 :
1175 2939 1274 3006 Qui
1299 2937 1479 2994 caelum
1505 2956 1703 2994 mensus
1732 2949 1804 2993 est
1834 2939 2030 3012 palmo,
2055 2947 2101 2993 et

515 3043 698 3086 terram
723 3031 912 3104 pugillo
939 3029 1070 3104 (Μ,
1098 3047 1182 3094 XL,
1208 3028 1316 3103 12).
1349 3030 1476 3096 Quis
1493 3030 1635 3084 enim
1663 3030 1913 3084 sedeatin
1931 3029 2099 3100 spatio

515 3124 674 3192 palmi
725 3125 834 3188 sui,
867 3131 957 3177 aut
984 3123 1033 3175 in
1065 3132 1211 3176 tanto
1241 3123 1358 3176 loco
1388 3122 1550 3191 pedes
1595 3129 1790 3191 portat,
1843 3133 2098 3190 quantum

512 3215 627 3286 ejus
656 3211 867 3286 pugnus
906 3213 1287 3285 apprehendit?
1312 3215 1423 3269 Nisi
1469 3211 1602 3269 forte
1634 3214 1686 3268 in
1727 3222 1928 3269 tantum
1972 3230 2098 3270 caro

512 3322 644 3362 vana
675 3307 1040 3378 progreditur,
1083 3317 1137 3362 ut
1164 3309 1210 3362 ci
1243 3324 1425 3378 parum
1459 3307 1527 3362 sit
1571 3297 1803 3361 humana
1859 3307 2096 3364 membra

510 3401 814 3453 substantia:
855 3402 943 3454 Dei
974 3397 1205 3455 tribuere
1228 3441 1242 3466 ,
1271 3399 1316 3453 si
1350 3416 1408 3454 ea
1439 3415 1543 3454 nou
1575 3399 1733 3454 etiam
1762 3411 2094 3454 monstruosa

509 3493 808 3559 conlingat,
857 3492 943 3545 ubi
981 3494 1184 3561 palmus
1212 3493 1442 3558 lumbis,
1490 3501 1542 3547 et
1575 3491 1797 3564 pugillus
1839 3493 2094 3546 ambabus

511 3585 702 3653 palmis
739 3585 1036 3655 conjunctis
1074 3586 1143 3638 sit
1184 3586 1356 3639 latior.
1405 3583 1509 3639 Sed
1555 3584 1670 3638 haec
1716 3585 1990 3651 dicuntur,
2039 3595 2094 3650 nt

509 3693 629 3731 cum
661 3677 757 3731 sibi
790 3693 891 3732 non
923 3679 1242 3731 conveniunt
1270 3693 1386 3747 qua:
1415 3678 1700 3731 carnaliter
1723 3676 1984 3743 audimus,
2015 3678 2092 3734 eis

507 3771 634 3840 ipsis
665 3773 918 3826 admoniti
945 3813 959 3837 ,
990 3755 1324 3824 ineliabiliter
1352 3770 1640 3840 spiritualia
1670 3772 1980 3841 cogitemus.

531 3863 534 3866 ’
578 3863 664 3918 15.
710 3862 856 3917 Unde
890 3861 1096 3917 etiamsi
1137 3876 1331 3932 corpus
1360 3859 1601 3927 Domini,
1645 3862 1785 3932 quod
1816 3863 1882 3916 de
1909 3862 2088 3931 sepul-

505 3971 596 4010 cro
649 3956 933 4010 excitatum
972 3953 1164 4007 levavit
1205 3955 1256 4006 in
1285 3954 1475 4008 cmlum
1497 3995 1510 4018 ,
1541 3955 1750 4007 nonnisi
1779 3955 1956 4024 specie
1985 3953 2086 4010 hu-

507 4062 659 4102 mana
691 4047 1044 4115 membrisque
1073 4044 1397 4114 cogitamus,
1448 4059 1552 4098 non
1585 4055 1756 4098 tamen
1802 4045 1870 4099 ita
1900 4054 2090 4116 putan-

505 4140 629 4194 dum
675 4151 756 4195 cst
802 4125 1082 4193 sedet-eiad
1113 4137 1382 4192 dexteram
1415 4138 1613 4206 Patris,
1660 4146 1718 4193 ut
1757 4138 1805 4194 ei
1835 4138 1991 4194 Pater
2018 4139 2084 4195 ad

505 4233 770 4287 sinistram
799 4232 983 4286 sedere
1009 4230 1269 4285 videatur.
1304 4231 1358 4284 in
1385 4231 1468 4284 illa
1499 4231 1694 4300 quippe
1723 4230 2047 4289 beatitudine
2066 4272 2081 4299 ,

501 4343 617 4396 quae
638 4342 848 4380 omnem
877 4333 1088 4395 superat
1117 4324 1403 4378 humanum
1425 4315 1780 4391 intellectum,
1820 4324 1932 4378 sola
1957 4324 2085 4380 dex-

500 4425 609 4470 tera
654 4426 769 4484 est,
819 4426 872 4472 et
921 4416 1107 4472 eadem
1155 4415 1403 4481 dextera,
1457 4416 1693 4485 ejusdem
1741 4416 2082 4472 beatitudinis

503 4522 692 4561 nomen
713 4516 809 4561 est.
830 4507 1058 4562 Proinde
1080 4523 1178 4562 nec
1197 4506 1320 4564 illud
1345 4506 1482 4577 quod
1507 4515 1620 4576 post
1638 4510 2079 4563 resurrectionem

499 4613 645 4652 suam
663 4599 792 4652 dixit
809 4598 1008 4666 Marim,
1031 4597 1155 4652 Noli
1174 4615 1250 4652 me
1263 4607 1485 4668 tangere,
1502 4597 1723 4652 nondum
1738 4599 1866 4652 enim
1879 4599 2081 4655 escendi

499 4690 565 4742 ad
612 4687 818 4745 Patrem
867 4707 1027 4754 metu"
1056 4689 1246 4761 (Joun.
1279 4706 1372 4755 xx,
1404 4689 1514 4762 i7),
1548 4699 1650 4744 tam
1680 4689 1907 4745 absurde
1936 4693 2078 4746 acci-

500 4784 747 4855 piendum
777 4795 886 4851 est,
921 4795 976 4840 ut
1003 4785 1364 4840 existimemus
1390 4800 1544 4848 eum,
1578 4799 1696 4838 cum
1719 4784 2074 4852 ascendisset,

499 4878 728 4932 voluisse
755 4893 782 4931 a
815 4878 1022 4932 feminis
1063 4877 1230 4948 tangi,
1263 4877 1348 4946 qui
1378 4891 1433 4929 se
1467 4876 1784 4947 tangeudum
1826 4876 1950 4930 viris
1979 4893 2075 4930 au-

503 4978 710 5039 tequam
753 4970 1064 5023 ascenderet
1105 4969 1349 5038 praebuit.
1385 4967 1485 5022 Sed
1516 4967 1692 5021 Maria)
1720 4967 1988 5036 profecto,
2023 4971 2075 5022 in

499 5078 600 5132 qua
627 5064 839 5134 ﬁgurata
870 5061 1105 5119 Ecclesia
1135 5073 1233 5125 est,
1264 5063 1477 5132 quando
1506 5063 1628 5116 illud
1654 5063 1779 5115 dixit
1805 5105 1818 5127 ,
1853 5062 2073 5134 intelligi

496 5154 661 5208 voluit
691 5163 816 5210 tunc
841 5155 1145 5210 ascendisse
1190 5154 1253 5207 ad
1298 5154 1538 5219 Patrem,
1572 5171 1689 5208 etnn
1739 5154 1882 5207 ἱΙΙιιιιι
1931 5154 2072 5209 Patri

495 5247 738 5316 cognovit
761 5249 1047 5317 zerpialem;
1075 5258 1127 5304 et
1157 5247 1247 5302 tali
1279 5248 1379 5303 fide
1400 5249 1541 5302 illum
1573 5249 1855 5303 salubriter
1883 5250 2070 5320 tetigit,

496 5357 563 5396 nc
589 5340 635 5396 si
662 5341 762 5397 hec
787 5343 956 5398 solum
985 5359 1106 5399 eum
1138 5359 1256 5399 esse
1281 5341 1524 5398 crederet
1549 5343 1686 5413 quod
1716 5344 1764 5396 in
1794 5359 1952 5398 carne
1980 5360 2072 5414 ap-

494 5444 768 5506 paruerat,
795 5451 899 5490 non
925 5437 1058 5492 bene
1083 5444 1340 5506 tangeret.
1371 5435 1460 5489 Sic
1486 5451 1604 5488 eum
1633 5435 1886 5489 Photinus
1904 5433 2075 5490 hatre-

497 5529 631 5584 ticus
656 5531 852 5600 tetigit,
881 5531 970 5600 qui
1002 5532 1268 5586 hominem
1299 5530 1662 5584 tantummodo
1683 5529 1925 5584 credidit.

567 5622 653 5676 16.
700 5624 761 5677 Et
801 5625 842 5678 si
877 5623 1010 5678 forte
1038 5624 1176 5684 aliud
1222 5625 1274 5678 in
1326 5624 1406 5678 his
1436 5624 1610 5678 verbis
1648 5623 1851 5680 Domini
1897 5623 2067 5693 aptius

491 5711 785 5783 mehusqne
815 5715 1030 5785 intelligi
1063 5722 1272 5783 potest,
1305 5715 1483 5782 opinio
1514 5722 1688 5768 tamen
1730 5730 1830 5783 qua
1857 5723 2070 5782 putatur

487 5802 780 5862 substantia
811 5804 982 5860 Patris
1008 5821 1125 5860 esse
1152 5805 1204 5859 in
1233 5806 1402 5873 coelo,
1433 5807 1720 5861 semiudum
1750 5805 1887 5878 quod
1909 5805 2069 5861 Pater

1775 353 1834 409 S.
1875 350 2240 426 AUGUSTINI
2280 348 2601 424 EPiSCOPl.

3722 361 3826 442 too

2237 485 2336 521 una
2368 470 2415 523 in
2459 471 2716 542 Trinitate
2747 488 2971 541 persona
3007 483 3120 542 est,
3175 476 3420 534 divinitas
3450 493 3579 556 vcrp
3618 494 3723 535 non
3769 483 3822 538 in

2234 560 2373 614 coelo
2407 569 2645 626 tantum,
2682 563 2772 624 sed
2807 564 3000 633 ubique
3031 578 3106 619 est
3139 585 3151 620 :
3185 569 3331 636 quasi
3361 569 3504 623 aliud
3533 571 3601 623 sit
3628 569 3819 641 Pater,

2231 651 2368 730 aliud
2397 653 2645 716 divinitas
2673 653 2788 722 ejus
2815 671 2932 724 qua:
2966 655 3036 709 illi
3075 659 3377 732 communis
3417 669 3497 714 est
3524 676 3642 736 cum
3685 661 3823 722 Filio

2229 747 2282 798 et
2312 759 2431 795 cum
2457 743 2657 818 Spiritu
2676 755 2889 804 sancto;
2919 755 2978 812 ut
3000 745 3108 816 ipsa
3131 747 3362 802 Trinitas
3383 792 3394 811 ,
3420 737 3664 822 tanquam
3692 743 3822 826 locis

2228 835 2593 914 corporalibus
2610 844 2664 910 et
2678 847 2924 910 tanquam
2938 825 3191 908 corporeb
3209 839 3295 904 sit,
3316 821 3560 895 divinitas
3579 858 3703 896 vero
3716 821 3821 900 una

2229 926 2386 978 trium
2407 942 2752 997 personarum
2776 925 2969 999 ubique
2986 930 3052 983 sit
3073 946 3329 1000 prmsens,
3355 943 3407 986 et
3433 932 3545 1005 ipsa
3567 933 3678 988 sola
3697 944 3821 990 tan-

2226 1031 2384 1086 quam
2408 1016 2716 1098 incorporea
2733 1021 2925 1091 ubique
2952 1023 3016 1076 sit
3046 1030 3154 1077 tota
3190 1042 3200 1076 :
3236 1024 3350 1079 sine
3383 1023 3709 1082 dubitatione
3739 1045 3821 1098 re-

2226 1109 2483 1176 spuenda.
2503 1111 2553 1165 Si
2580 1112 2718 1168 enim
2737 1113 2962 1184 qualitas
2977 1130 3159 1168 eorum
3180 1123 3322 1170 esset
3340 1116 3500 1187 (quod
3517 1118 3672 1179 absit,
3693 1129 3748 1172 ut
3767 1120 3819 1175 in

2228 1199 2382 1256 Patre
2400 1244 2414 1266 ,
2453 1213 2541 1257 aut
2562 1205 2695 1258 Filio
2717 1248 2730 1272 ,
2755 1214 2844 1258 aut
2868 1201 3062 1276 Spiritu
3090 1217 3274 1286 sancto
3299 1209 3440 1263 aliud
3467 1210 3536 1264 sit
3560 1201 3816 1284 qualitas,

2224 1291 2367 1345 aliud
2389 1294 2734 1368 substantia),
2761 1304 2936 1350 tarnen
2956 1297 2998 1350 si
3025 1314 3207 1351 eorum
3231 1299 3458 1368 qualitas
3479 1317 3595 1354 esse
3616 1311 3814 1371 posset,

2223 1383 2403 1452 utique
2416 1385 2643 1454 amplius
2659 1386 2849 1440 alicubi
2868 1404 3021 1456 quam
3043 1389 3091 1441 in
3112 1404 3202 1442 sua
3221 1391 3514 1444 substantia
3531 1408 3649 1448 esse
3673 1395 3686 1425 ¹
3709 1411 3816 1446 non

2222 1485 2398 1541 posset
2423 1493 2436 1527 :
2471 1477 2513 1530 si
2537 1487 2709 1531 autem
2733 1480 3028 1534 substantia
3058 1490 3138 1535 est
3165 1523 3177 1545 ,
3204 1491 3256 1536 et
3277 1482 3374 1536 alia
3401 1493 3481 1537 est
3507 1502 3661 1552 quam
3694 1491 3817 1544 sunt

2219 1565 2353 1633 ipsi,
2387 1565 2485 1619 alia
2514 1568 2806 1625 substantia
2835 1581 2949 1637 est;
2980 1571 3120 1642 quod
3145 1571 3493 1629 nihilominus
3521 1573 3805 1648 falsissime

2219 1657 2467 1712 creditur.

2291 1749 2377 1803 i7.
2420 1749 2522 1804 Sed
2565 1751 2608 1804 si
2641 1750 2775 1807 forte
2805 1754 2979 1809 minus
3008 1755 3255 1826 intelligis
3287 1755 3426 1812 inter
3454 1757 3800 1815 substantiam

2216 1848 2268 1893 et
2288 1842 2592 1910 qualitatem
2613 1843 2736 1914 quid
2761 1845 2996 1912 intersit;
3025 1846 3125 1900 hoc
3155 1856 3299 1901 certe
3327 1845 3532 1903 facilius
3553 1849 3807 1917 advertis,

2214 1934 2354 2002 quod
2403 1944 2454 1988 et
2494 1935 2741 1992 divinitas
2783 1939 3054 1994 Trinitatis
3103 1939 3242 2010 (qua:
3287 1951 3500 2012 putatur
3540 1943 3639 1997 alia
3685 1959 3808 2016 esse

2214 2041 2370 2096 quam
2403 2037 2484 2083 est
2512 2029 2622 2099 ipsa
2652 2031 2915 2097 Trinitas,
2949 2041 3002 2087 et
3027 2043 3248 2103 propter
3280 2033 3414 2089 hanc
3441 2033 3541 2088 dici
3570 2052 3672 2089 non
3702 2043 3811 2090 tres

2215 2116 2373 2184 deos,
2401 2119 2491 2173 sed
2520 2137 2680 2175 unum
2711 2123 2875 2176 Deum
2898 2164 2913 2187 ,
2958 2124 3206 2192 quoniam
3238 2125 3349 2194 ipsa
3390 2136 3471 2180 εει
3512 2116 3677 2180 tribus
3705 2142 3809 2200 una

2222 2210 2541 2279 emnmunis)
2566 2221 2654 2265 aut
2683 2212 2972 2267 substantia
2997 2223 3098 2282 est,
3129 2224 3220 2268 aut
3249 2230 3353 2269 non
3385 2226 3466 2270 est
3491 2217 3806 2272 substantia.

2212 2297 2266 2352 Si
2296 2300 2586 2354 substantia
2613 2311 2722 2366 est,
2756 2312 2809 2356 et
2841 2304 2940 2357 alia
2965 2313 3045 2357 est
3066 2320 3222 2374 quam
3254 2304 3410 2358 Pater
3431 2348 3443 2371 ,
3474 2316 3564 2359 aut
3603 2305 3804 2374 Filius,

2209 2397 2300 2442 aut
2323 2389 2548 2458 Spiritus
2572 2401 2787 2446 sanctus
2808 2435 2822 2459 ,
2857 2403 2945 2447 aut
2973 2395 3159 2448 eadem
3186 2397 3342 2451 simul
3370 2395 3641 2462 Trinitas;
3676 2415 3804 2466 pro-

2209 2477 2293 2531 cul
2333 2479 2492 2533 dubio
2520 2482 2620 2533 alia
2661 2483 2955 2538 substantia
2987 2495 3068 2538 est
3103 2504 3115 2539 :
3146 2485 3246 2540 hoc
3275 2497 3449 2540 autem
3486 2490 3682 2544 veritas
3714 2473 3805 2545 re-

2210 2565 2338 2623 fellit
2361 2579 2414 2624 et
2443 2571 2662 2639 respuit.
2690 2573 2744 2629 Si
2774 2585 2953 2630 autem
2978 2592 3078 2630 non
3110 2586 3191 2631 est
3220 2579 3514 2633 substantia
3539 2581 3636 2634 ista
3665 2581 3807 2636 divi-

2208 2660 2365 2728 nitas,
2391 2673 2442 2715 et
2465 2663 2576 2732 ipsa
2605 2675 2686 2718 est
2717 2665 2880 2732 Deus,
2905 2668 3026 2736 quia
3055 2670 3167 2737 ipsa
3189 2679 3270 2723 est
3302 2671 3494 2739 ubith
3523 2680 3625 2726 tota
3644 2715 3657 2738 ,
3697 2690 3801 2729 non

2209 2747 2291 2804 illa
2315 2751 2584 2818 Trinitas;
2616 2769 2742 2824 ergo
2771 2757 2908 2809 Deus
2941 2772 3042 2810 non
3075 2767 3157 2813 est
3185 2761 3475 2814 substantia
3507 2780 3518 2814 :
3553 2765 3669 2832 quis
3700 2763 3804 2819 hoc

2205 2842 2492 2899 catholicus
2521 2845 2746 2900 dixerit?
2768 2843 2894 2902 Item
2923 2850 2966 2902 si
3001 2866 3104 2903 non
3130 2861 3210 2905 est
3236 2853 3524 2908 substantia
3549 2857 3642 2908 ista
3666 2857 3804 2912 divi-

2207 2935 2374 2999 nitas,
2422 2941 2476 2990 et
2522 2939 2813 2992 secundum
2855 2939 2990 2995 hanc
3021 2951 3103 2996 est
3153 2941 3386 2998 Trinitas
3437 2962 3572 3000 unus
3617 2948 3795 3015 Deus,

2205 3027 2342 3095 quod
2375 3027 2486 3083 lucc
2514 3045 2613 3083 una
2642 3040 2724 3086 est
2749 3032 2799 3085 in
2846 3032 3043 3098 tribus;
3079 3049 3180 3088 non
3209 3035 3393 3089 debuit
3419 3037 3521 3091 dici
3553 3038 3709 3093 Pater
3742 3049 3797 3096 et

2205 3117 2371 3173 Filius
2401 3129 2452 3173 et
2478 3120 2704 3189 Spiritus
2735 3133 2950 3178 sanctus
2977 3125 3131 3178 unius
3157 3126 3490 3193 substantiae,
3518 3131 3608 3182 sed
3642 3133 3795 3187 unius

2204 3207 2488 3263 divinitatis
2515 3227 2633 3280 qua:
2661 3227 2764 3266 non
2789 3222 2866 3266 est
2891 3215 3204 3269 substantia.
3240 3216 3498 3286 Agnoscis
3524 3230 3699 3274 autem
3732 3223 3782 3276 in

2205 3295 2304 3352 ﬁde
2349 3300 2606 3355 catholica
2633 3304 2883 3372 quoniam
2917 3305 3016 3359 hoc
3039 3315 3119 3360 est
3158 3323 3371 3372 verum,
3419 3307 3519 3364 hoc
3545 3323 3626 3365 est
3657 3327 3791 3366 cen-

2202 3383 2462 3444 tirinatum
2508 3392 2647 3461 quod
2681 3393 2838 3447 Pater
2871 3403 2925 3448 et
2975 3393 3140 3449 Filius
3165 3405 3218 3451 et
3257 3396 3487 3467 Spiritus
3534 3413 3748 3457 sanctus
3770 3446 3786 3472 ,

2201 3483 2321 3538 ideo
2345 3501 2465 3538 cum
2493 3487 2562 3539 sit
2588 3486 2818 3542 Trinitas
2844 3531 2857 3554 ,
2891 3504 3026 3542 unus
3057 3500 3138 3543 est
3169 3490 3339 3555 Dlius;
3370 3493 3489 3561 quia
3517 3494 3788 3564 insepara-

2200 3575 2374 3630 biliter
2419 3587 2542 3632 sunt
2585 3578 2742 3633 unius
2786 3579 3132 3650 ejusdemque
3177 3583 3518 3648 substantiae,
3573 3586 3654 3640 vel
3693 3587 3786 3655 (si

2200 3667 2299 3724 hoc
2326 3670 2514 3725 melius
2539 3671 2783 3741 dicitur),
2814 3675 3080 3729 essentiae.
3109 3673 3237 3727 Nam
3273 3677 3510 3730 nonnulli
3546 3682 3710 3732 nostri
3734 3687 3788 3734 et

2197 3759 2428 3816 maxime
2452 3759 2620 3816 Graeci
2644 3803 2657 3827 ,
2691 3761 3004 3818 Trinitatem
3031 3781 3149 3833 qua:
3184 3766 3323 3820 Deus
3361 3777 3476 3835 est,
3508 3771 3673 3840 magis
3699 3763 3788 3826 esi-

2194 3853 2419 3907 Sentiam
2453 3852 2545 3926 (a),
2574 3870 2731 3924 quam
2777 3871 2933 3910 unam
2964 3856 3314 3912 substantiam
3345 3874 3462 3915 esse
3501 3860 3781 3931 dixerunt;

2193 3945 2388 4015 aliquid
2431 3947 2566 4001 inter
2590 3944 2706 4002 haec
2736 3949 2838 4003 duo
2865 3950 3078 4004 nomina
3127 3952 3384 4008 interesse
3428 3955 3779 4026 arbitrantes,

2193 4038 2275 4090 vel
2303 4038 2658 4110 intelligentes
2689 4059 2702 4094 :
2736 4040 2874 4096 unde
2913 4056 3053 4096 nunc
3079 4041 3348 4112 disputare
3377 4061 3479 4100 non
3507 4057 3588 4102 est
3609 4065 3777 4119 opus;

2191 4125 2331 4197 quod
2364 4129 2462 4183 etsi
2496 4130 2826 4186 divinitatem
2872 4131 3025 4187 istam
3051 4174 3064 4196 ,
3115 4150 3234 4203 qua:
3278 4135 3420 4191 aliud
3448 4139 3779 4196 existimatur

2192 4233 2488 4289 essequam
2522 4222 2632 4290 ipsa
2663 4221 2931 4290 Trinitas,
2963 4239 3065 4279 non
3089 4226 3437 4282 substantiam
3465 4229 3556 4284 sed
3587 4245 3778 4286 essen-

2192 4309 2314 4363 tiam
2339 4311 2628 4366 dixerimus
2650 4355 2665 4380 ,
2695 4312 2882 4368 eadem
2910 4314 3108 4370 falsitas
3133 4331 3505 4388 consequetur.
3549 4320 3602 4375 Si
3633 4323 3775 4378 enim
3859 4308 3862 4312 ’

2187 4401 2289 4454 alia
2318 4411 2398 4455 est
2421 4418 2576 4470 quam
2603 4402 2714 4472 ipsa
2743 4404 2992 4472 Trinitas,
3020 4406 3183 4462 altera
3211 4409 3311 4463 erit
3332 4413 3558 4466 essentia
3589 4429 3602 4465 :
3631 4414 3776 4484 quod

2189 4490 2326 4544 absit
2349 4501 2401 4544 ut
2429 4491 2721 4547 catholicus
2748 4495 2959 4548 sentiat.
2995 4495 3179 4551 Restat
3205 4497 3380 4569 itaque
3407 4512 3464 4555 ut
3485 4503 3553 4556 ita
3581 4505 3770 4560 creda-

2187 4596 2304 4634 nms
2336 4583 2489 4636 unius
2514 4597 2632 4638 esse
2658 4584 2963 4640 substantizu
2986 4585 3323 4658 Trinitatem,
3357 4602 3414 4646 ut
3443 4595 3553 4662 ipsa
3588 4611 3773 4650 essen-

2187 4673 2253 4725 tia
2291 4689 2396 4726 non
2440 4673 2578 4727 aliud
2621 4674 2689 4728 sit
2716 4692 2873 4745 quam
2919 4678 3031 4746 ipsa
3073 4677 3324 4736 Trinitas.
3373 4683 3449 4737 Ad
3489 4700 3645 4755 quam
3689 4689 3771 4741 vi-

2185 4765 2410 4820 dendam
2457 4767 2841 4836 quantumlibet
2890 4771 2938 4823 in
2971 4771 3070 4826 bac
3113 4774 3219 4826 vita
3265 4776 3630 4843 proﬁciamus,
3677 4795 3771 4848 per

2184 4859 2454 4926 Speculum
2482 4859 2583 4915 erit
2609 4870 2660 4914 et
2683 4861 2738 4914 in
2784 4864 3064 4933 (enigmata
3094 4867 3230 4934 quod
3275 4869 3586 4924 vidi-bimus.
3633 4872 3767 4924 Cum

2183 4967 2344 5017 vero,
2384 4951 2521 5022 quod
2570 4953 2621 5006 in
2659 4955 3050 5010 resurrectione
3092 4959 3445 5026 promittitur,
3494 4962 3768 5030 spirituale

2181 5058 2376 5110 corpus
2417 5043 2615 5098 habere
2653 5045 3002 5114 cmperimus,
3046 5047 3158 5102 sive
3205 5050 3345 5103 illam
3398 5041 3606 5118 mente,
3654 5053 3767 5107 sive

2183 5134 2405 5185 mirabili
2439 5135 2458 5164 ²
2487 5134 2684 5198 modo,
2736 5137 2985 5204 quoniam
3035 5138 3312 5194 ineﬂabilis
3355 5153 3435 5196 est
3477 5144 3786 5212 spiritualis

2179 5225 2416 5291 c‘orporis
2457 5225 2659 5294 gratia,
2712 5228 2869 5281 etiam
2921 5243 3145 5308 corpore
3191 5233 3500 5301 videamus;
3550 5252 3654 5290 non
3688 5246 3761 5290 ta-

2179 5331 2298 5368 men
2331 5331 2424 5384 per
2457 5316 2695 5371 locorum
2728 5320 3000 5374 intervalla
3023 5363 3036 5386 ,
3071 5338 3168 5378 nec
3196 5323 3246 5376 in
3290 5335 3437 5394 parte
3464 5327 3724 5394 minorem
3745 5371 3760 5395 ,

2178 5407 2228 5460 in
2272 5416 2418 5476 parte
2447 5409 2702 5479 majorem
2725 5452 2738 5475 ,
2771 5415 3019 5481 quoniam
3053 5430 3156 5468 non
3186 5425 3266 5471 cst
3293 5433 3484 5488 corpus
3505 5462 3517 5485 ,
3549 5429 3600 5473 et
3643 5421 3757 5473 nbi—

2241 5545 2256 5620 ξ
2277 5550 2406 5620 Lov.,
2431 5557 2575 5620 quem
2590 5557 2673 5620 sua
2695 5558 2795 5596 esse
2812 5559 2903 5597 non
2921 5556 3088 5620 posset.
3112 5557 3165 5599 At
3186 5552 3526 5620 Msszhabent,
3549 5566 3696 5620 guunt
3711 5555 3764 5620 iit

2175 5615 2396 5680 suuesse
2431 5605 2692 5680 subsumtiq
2723 5620 2814 5680 non
2839 5605 3024 5672 posset;
3054 5620 3231 5674 praeter
3262 5613 3441 5677 aliqum
3459 5605 3764 5680 ,Viita'quibu's

2174 5670 2408 5718 omittitur
2425 5682 2538 5726 vox,
2556 5670 2832 5719 substantia.

2237 5732 2256 5762 ³
2291 5737 2340 5778 tn
2371 5737 2477 5780 Mss.
2502 5729 2734 5792 pluribus,
2757 5730 3075 5786 irrationabili
3089 5736 3248 5787 modo.

2235 5812 2307 5876 (α)
2327 5811 2519 5862 (ηεδὶαη.
