4122 6350
403 367 499 458 isi

401 507 507 561 que
533 499 641 546 tota
668 499 788 557 est,
823 503 919 561 pro
950 498 1126 544 nostra
1155 488 1449 558 capacitate
1480 486 1793 542 videbimus.

476 583 561 637 CA
573 580 709 638 PUT
734 581 991 636 lV.-l8.
1010 581 1160 650 Quod
1177 596 1303 635 vero
1320 579 1538 650 posuisti
1556 579 1606 633 in
1630 579 1849 649 epistola
1873 587 1978 645 tua,

404 673 569 730 videri
603 671 718 739 tibi,
745 675 831 728 vel
862 671 1031 743 potius
1053 673 1190 743 quod
1219 672 1478 726 videbatur
1512 671 1633 738 tibi,
1667 670 1796 724 nihil
1821 671 1984 723 vivum

402 763 676 820 secundum
719 764 1047 838 substantiam
1075 765 1236 817 inesse
1267 756 1512 834 justitim,
1545 763 1754 832 ideoque
1795 772 1842 815 te
1882 778 1982 815 non

403 871 548 928 posse
574 856 740 910 adhuc
769 839 986 920 Deum,"
998 856 1053 909 id
1091 865 1161 909 est
1190 857 1427 909 viventem
1471 864 1703 908 naturam
1723 896 1737 921 ,
1777 852 1983 919 iustitia

401 949 616 1004 similem
644 949 864 1019 cogitare
892 964 910 1002 :
949 948 1065 1018 quia
1081 947 1284 1018 justitia
1304 991 1316 1012 ,
1346 946 1483 1000 sicut
1509 945 1641 1000 dicis
1665 987 1678 1009 ,
1704 961 1803 998 non
1827 945 1879 998 in
1905 961 1973 1010 se,

399 1042 489 1097 sed
522 1043 576 1096 in
603 1041 744 1094 nobis
772 1041 888 1094 vivit
912 1055 930 1104 ;
957 1041 1057 1094 imo
1083 1056 1174 1092 nos
1205 1039 1370 1108 potius
1399 1037 1669 1091 secundum
1689 1035 1832 1089 illam
1858 1037 1980 1089 vivi-

397 1149 514 1188 mus
538 1175 551 1198 ,
581 1132 696 1202 ipsa
717 1147 832 1186 vero
857 1147 946 1203 per
966 1146 1020 1184 se
1038 1130 1238 1202 justitia
1267 1119 1578 1198 nequaquam
1601 1127 1716 1180 vivit
1746 1141 1764 1180 :
1791 1126 1856 1180 ad
1880 1126 1979 1180 hoc

402 1234 458 1277 ut
487 1224 582 1279 tibi
625 1211 740 1292 ipse
781 1222 1138 1292 respondeas,
1169 1219 1300 1274 illud
1340 1220 1580 1286 intuere,
1630 1226 1804 1273 utrum
1835 1227 1980 1274 recte

400 1311 505 1369 dici
545 1314 712 1384 possit
737 1313 898 1368 vitam
939 1314 1105 1383 ipsam
1151 1327 1255 1366 non
1298 1295 1478 1365 vivere
1504 1353 1516 1375 ,
1549 1325 1651 1380 qua
1678 1307 1734 1363 lit
1761 1317 1816 1363 ut
1839 1309 1981 1362 vivat

400 1407 651 1476 quidquid
685 1421 789 1460 non
819 1405 950 1461 falso
974 1404 1197 1460 dicimus
1223 1403 1419 1458 vivere.
1449 1403 1582 1457 Puto
1607 1403 1746 1457 enim
1788 1402 1977 1455 absur-

401 1497 526 1552 dum
557 1497 651 1552 tibi
692 1496 881 1561 videri,
912 1505 968 1551 ut
997 1511 1089 1566 per
1113 1495 1274 1550 vitam
1301 1497 1524 1558 vivatur,
1553 1503 1608 1548 et
1629 1494 1735 1548 vita
1763 1509 1868 1547 non
1897 1494 1979 1547 vi-

398 1600 506 1643 vat.
543 1591 708 1644 Porro
732 1585 776 1643 si
801 1590 907 1644 vita
931 1591 1042 1660 ipsa
1069 1589 1333 1659 praecipue
1359 1589 1514 1655 vivit,
1545 1603 1646 1656 qua
1671 1588 1798 1641 vivit
1822 1601 1979 1642 omne

399 1682 536 1751 quod
565 1682 709 1744 vivit,
728 1681 924 1746 recole,
948 1681 1189 1746 obsecro,
1210 1694 1341 1750 quas
1358 1680 1496 1734 dicat
1515 1679 1782 1748 Scriptura
1801 1679 1977 1732 divina

398 1775 603 1826 animas
648 1780 915 1836 mortuas;
947 1771 1183 1841 profecto
1210 1772 1446 1825 invenies
1471 1770 1720 1839 injustas,
1753 1769 1974 1838 impias,

400 1863 661 1919 inﬁdeles.
696 1849 825 1916 Nam
850 1864 972 1917 licet
990 1879 1083 1932 per
1104 1864 1221 1918 illas
1239 1863 1414 1917 vivant
1429 1877 1650 1931 corpora
1672 1863 1974 1931 impiorum,

397 1954 464 2009 de
494 1954 684 2026 quibus
713 1954 910 2009 dictum
959 1964 1038 2008 est
1068 1954 1207 2024 quod
1256 1954 1443 2007 mortui
1485 1953 1728 2023 sepeliant
1757 1962 1979 2006 mortuos

396 2062 514 2099 suos
536 2041 745 2118 (Matth.
775 2061 889 2111 vui,
914 2043 1028 2116 22),
1055 2051 1105 2099 ct.
1130 2045 1200 2098 ibi
1223 2042 1580 2113 intelligantur
1605 2043 1763 2097 etiam
1786 2042 1979 2112 initium

397 2139 586 2192 animae
608 2151 714 2192 non
741 2153 861 2193 esse
887 2139 1001 2192 sine
1026 2137 1198 2207 aliqua
1225 2137 1358 2200 vita;
1383 2149 1554 2206 neque
1580 2137 1720 2189 enim
1743 2137 1894 2189 aliter
1911 2143 1977 2190 ex

396 2229 476 2284 eis
505 2235 722 2298 pessent
763 2244 984 2299 corpora
1017 2229 1196 2282 vivere
1220 2269 1233 2292 ,
1276 2227 1377 2282 nisi
1423 2227 1791 2296 qualicumque
1833 2226 1937 2279 vita
1960 2267 1975 2292 ,

397 2336 500 2390 qua
526 2317 744 2374 omnino
765 2321 955 2374 animai
981 2333 1168 2374 carere
1199 2333 1301 2373 non
1329 2327 1567 2388 possunt,
1597 2317 1736 2371 unde
1765 2317 1980 2370 immor-

402 2413 533 2466 tales
576 2411 769 2466 merito
800 2418 1056 2466 vocantur
1093 2427 1105 2463 :
1141 2425 1244 2466 nou
1289 2417 1467 2464 tamen
1513 2408 1581 2462 ob
1609 2405 1748 2461 aliud
1785 2409 1980 2462 amissa

396 2503 596 2575 iustitia
622 2503 870 2558 dicuntur
896 2513 1137 2567 mortuae,
1167 2502 1266 2557 nisi
1295 2501 1415 2572 quia
1438 2509 1492 2556 et
1517 2499 1832 2565 animarum,
1861 2499 1982 2553 licet

399 2595 772 2650 immortaliter
800 2595 1170 2664 qualicumque
1214 2593 1318 2646 vita
1365 2592 1649 2646 viventium
1671 2632 1686 2657 ,
1728 2591 1903 2644 verior
1928 2597 1982 2644 et

398 2687 571 2756 major
609 2687 714 2740 vita
741 2686 941 2756 justitia
979 2695 1089 2749 est,
1141 2695 1387 2754 tanquam
1423 2684 1528 2737 vita
1569 2684 1796 2738 vitarum
1819 2722 1832 2745 ,
1859 2697 1980 2751 quae

398 2793 521 2832 cum
549 2779 655 2832 sint
689 2779 740 2831 in
768 2778 1102 2847 corporibus,
1133 2776 1288 2830 etiam
1313 2776 1421 2844 ipsa
1439 2789 1660 2844 corpora
1691 2774 1805 2828 viva
1833 2782 1977 2836 sunt,

399 2885 520 2939 quae
546 2885 642 2940 per
670 2871 842 2939 seipsa
864 2871 1042 2923 vivere
1063 2879 1349 2936 nequeunt.
1374 2869 1703 2936 Quapropter
1721 2867 1764 2920 si
1790 2866 1980 2919 anima-'3

400 2975 506 3014 non
541 2952 760 3030 poSsunt
781 3001 794 3024 ,
827 2961 926 3013 nisi
953 2949 1110 3014 etiam
1155 2960 1205 3012 in
1236 2958 1428 3028 seipsis
1453 2965 1734 3026 utcumque
1763 2957 1938 3012 vivere
1961 2997 1977 3021 ,

400 3055 522 3121 quia
549 3069 612 3106 ex
645 3052 724 3108 eis
752 3054 936 3106 vivunt
977 3063 1031 3107 et
1054 3067 1305 3122 corpora,
1336 3066 1366 3105 a
1398 3053 1586 3122 quibus
1612 3051 1819 3106 deserta
1863 3065 1981 3106 mo-

400 3143 644 3204 riuntur;
693 3153 888 3214 quanto
928 3143 1094 3211 magis
1122 3158 1243 3197 vera
1274 3142 1476 3212 jusutia
1497 3143 1654 3196 etiam
1704 3142 1756 3196 in
1808 3143 1979 3212 seipse

401 3235 582 3289 vivere
613 3236 950 3304 intelligenda
976 3244 1089 3299 est,
1123 3250 1186 3290 ex
1232 3250 1336 3304 qua
1365 3235 1441 3290 sic
1464 3235 1643 3288 vivunt
1667 3235 1858 3288 anima)
1879 3276 1892 3299 ,
1927 3243 1984 3290 ut

402 3325 502 3381 hac
528 3329 723 3381 amissa
755 3315 976 3382 morture
1005 3335 1405 3397 nuncupentur,
1436 3327 1677 3398 quamvis
1702 3327 1981 3398 quantula-

406 3434 633 3488 cumque
657 3417 760 3472 vita
786 3434 889 3473 non
913 3419 1156 3473 desinant
1183 3419 1393 3473 vivere!

479 3509 566 3564 l9.
610 3511 682 3564 Ea
713 3525 870 3579 porro
910 3510 1110 3579 justitia
1154 3525 1271 3580 qua:
1295 3509 1424 3563 vivit
1467 3510 1519 3563 in
1565 3509 1771 3579 seipsa,
1801 3511 1984 3579 procul

405 3602 569 3656 dubio
595 3604 732 3658 Deus
761 3612 842 3658 est
866 3645 880 3669 ,
923 3613 1080 3673 atque
1107 3602 1608 3657 incommutabiliter
1646 3601 1792 3656 vivit.
1837 3600 1984 3657 Sicut

404 3705 584 3750 autem
619 3696 731 3751 haec
775 3712 893 3750 cum
925 3696 992 3750 sit
1037 3697 1089 3750 in
1123 3696 1305 3764 'seipsa
1332 3693 1468 3758 vita,
1521 3695 1678 3749 etiam
1729 3695 1879 3750 nobis
1926 3694 1986 3748 fit

407 3787 551 3852 vita,
599 3801 719 3842 cum
763 3787 875 3855 ejus
920 3786 1178 3842 efﬁcimur
1215 3795 1502 3856 utcumque
1547 3786 1872 3856 participes:
1903 3787 1977 3840 ita

408 3894 532 3932 cum
579 3879 630 3931 in
661 3879 831 3948 seipsa
880 3879 948 3932 sit
989 3878 1222 3948 justitia,
1253 3877 1410 3932 etiam
1457 3877 1608 3932 nobis
1654 3879 1711 3931 lit
1746 3877 1982 3946 justitia,

407 3983 530 4023 cum
553 3969 600 4024 ei
628 3969 942 4024 colla-rendo
963 3969 1100 4038 juste
1122 3969 1138 4000 ¹
1171 3969 1425 4029 vivimus;
1459 3978 1512 4021 et
1538 3976 1683 4020 tanto
1705 3967 1872 4036 magis
1897 3967 1987 4021 mi-

409 4075 578 4115 nusve
597 4061 726 4129 justi
748 4076 949 4126 sumus,
975 4070 1170 4130 quanto
1197 4060 1361 4129 magis
1391 4058 1466 4112 illi
1491 4059 1730 4113 minusve
1752 4058 1988 4112 coluere-

409 4167 551 4207 mus.
578 4153 727 4209 Unde
753 4155 1004 4222 scriptum
1023 4161 1102 4206 est
1120 4152 1187 4207 de
1207 4151 1475 4221 unigenito
1493 4147 1627 4204 Filio
1645 4150 1758 4212 Dei,
1781 4165 1899 4203 cum
1919 4149 1986 4203 sit

411 4248 592 4316 utique
616 4246 782 4299 Patris
802 4245 1066 4316 Sapientia
1089 4251 1243 4314 atque
1258 4243 1490 4306 iustitia,
1516 4247 1570 4296 et
1590 4256 1800 4310 semper
1828 4240 1879 4294 in
1902 4253 1988 4294 se-

411 4339 525 4408 ipsa
554 4339 642 4400 sit,
665 4337 804 4408 quod
824 4337 992 4392 factus
1016 4337 1083 4391 sit
1104 4336 1244 4389 nobis
1263 4352 1292 4387 a
1307 4332 1416 4387 Deo
1437 4332 1679 4404 sapientia
1701 4341 1748 4384 et
1762 4332 1983 4402 justitia,

414 4435 466 4483 et
485 4429 814 4496 sanctiﬁcatio
835 4435 878 4481 et
905 4429 1199 4498 redemptio;
1225 4435 1279 4480 ut
1307 4424 1988 4496 quemadmodumscriptum

411 4529 485 4572 est
508 4535 525 4572 :
543 4519 644 4583 Qui
658 4519 921 4590 gloriatur,
941 4519 991 4571 in
1011 4517 1221 4572 Domino
1237 4517 1478 4588 glorietur
1493 4515 1541 4587 (Ι
1561 4514 1678 4570 Cor.
1699 4531 1735 4580 ι,
1760 4515 1850 4581 50,
1871 4516 1930 4570 ﬁl
1944 4514 1984 4587 ).

411 4609 564 4674 Quod
591 4609 800 4677 quidem
833 4617 884 4662 et
910 4611 1021 4678 ipse
1045 4609 1248 4671 vidisti,
1280 4607 1520 4661 addendo
1542 4599 1695 4676 atque
1721 4607 1946 4661 dicendo
1970 4625 1984 4662 :

414 4699 467 4753 Ν
475 4701 534 4754 isi
557 4705 683 4771 forte
709 4717 807 4753 non
837 4701 942 4754 liozc
966 4702 1200 4754 humana!
1217 4699 1482 4770 aii/uitatis,
1504 4698 1591 4753 sed
1609 4697 1698 4752 illa
1719 4713 1832 4768 quia
1857 4697 1988 4752 Deus

407 4797 484 4847 est
505 4835 517 4856 ,
549 4793 658 4846 sola
685 4808 791 4847 ease
814 4803 1065 4847 asseratur
1079 4793 1302 4863 justitia.
1335 4792 1428 4845 Est
1455 4792 1609 4861 plane
1637 4791 1726 4846 ille
1751 4803 1988 4846 summus

416 4884 555 4937 Deus
573 4900 693 4938 vera
721 4884 940 4953 justitia,
968 4885 1049 4938 vel
1081 4885 1166 4938 ille
1188 4899 1343 4938 verus
1369 4885 1504 4937 Deus
1525 4899 1727 4938 summa
1749 4884 1984 4953 justitia;

411 4987 571 5042 quam
600 4973 835 5042 profecto
866 4975 1072 5029 esurire
1101 4985 1149 5028 et
1184 4974 1331 5027 sitire
1351 5015 1364 5038 ,
1397 4989 1457 5028 ea
1486 4983 1663 5028 nostra
1690 4984 1771 5029 est
1799 4975 1850 5028 iu
1893 4976 1990 5030 hac

416 5067 838 5136 percgrinalimtc
879 5068 1114 5136 justitia,
1166 5075 1220 5122 et
1265 5081 1366 5136 qua
1414 5076 1590 5136 postea
1619 5067 1880 5133 saturari,
1925 5082 1990 5122 ea

411 5167 592 5211 nostra
615 5169 697 5212 est
723 5159 772 5211 in
799 5159 1092 5213 mternitate
1118 5157 1266 5227 plena
1290 5158 1512 5227 justitia.
1540 5157 1653 5211 Non
1676 5172 1802 5228 ergo
1822 5158 1989 5212 Deum

412 5260 610 5305 nostra:
650 5252 868 5320 justitia:
913 5253 1138 5307 similem
1188 5253 1511 5320 cogitemus,
1558 5251 1651 5306 sed
1698 5252 1992 5321 cogitemus

413 5355 511 5396 nos
545 5345 718 5412 potius
751 5353 895 5399 tanto
923 5345 1205 5399 similiores
1247 5344 1384 5408 Deo,
1417 5351 1614 5412 quanto
1639 5357 1758 5399 esse
1791 5341 1992 5412 poteri-

413 5447 532 5490 mus
561 5435 676 5504 ejus
704 5437 1102 5506 participatione
1127 5436 1396 5506 justlores.
1433 5448 1435 5452 ‘

481 5525 570 5582 20.
600 5529 658 5580 Si
689 5537 814 5598 ergo
837 5528 1134 5583 cavendum
1159 5537 1241 5582 est
1269 5539 1334 5580 ue
1370 5525 1584 5594 justitia:
1613 5533 1808 5578 nostrae
1847 5526 1993 5580 simi-

417 5618 518 5674 lem
552 5631 795 5691 putemus
825 5623 986 5676 Deum
1011 5667 1021 5687 ,
1049 5622 1296 5690 quimiam
1327 5621 1500 5672 lumen
1531 5617 1668 5688 quod
1698 5616 1990 5684 illuminat,

415 5709 898 5780 incomparabiliter
917 5714 1260 5767 excellentius
1279 5720 1357 5766 est
1380 5711 1468 5762 illo
1490 5710 1624 5777 quod
1649 5708 1991 5772 illutuinatur;

486 5823 505 5856 ¹
531 5825 677 5902 Abest
688 5824 819 5906 justo
836 5838 862 5875 a
880 5825 986 5875 trod.
1015 5826 1082 5900 i.t.
1113 5831 1164 5874 et
1189 5822 1370 5898 aliquot
1392 5819 1514 5874 alis.

1584 361 2061 449 EPISTOLARUM
2087 361 2365 426 CLASSiS
2403 360 2467 425 ιι.

3553 373 3659 438 462

2093 497 2291 556 quanto
2321 487 2488 557 magis
2531 486 2707 541 caveri
2737 495 2973 557 oportet,
3025 503 3093 543 ne
3131 491 3329 562 aliquid
3359 490 3576 549 inferius
3607 504 3657 550 et

2085 573 2478 649 quodammodo
2503 578 2854 635 decoloratius
2884 597 3003 636 eum
3033 597 3154 638 esse
3177 583 3473 651 credamus,
3503 602 3658 657 quam

2087 678 2169 725 est
2190 679 2363 725 nostra
2386 670 2585 740 iustitia
2609 673 2621 726 !
2645 672 2780 738 Quid
2807 682 2891 728 est
2910 682 3084 728 autem
3111 675 3251 730 aliud
3271 677 3474 744 justitia
3496 718 3511 742 ,
3541 693 3660 734 cum

2086 761 2140 816 in
2170 761 2322 816 nobis
2345 772 2460 830 est,
2489 763 2573 818 vel
2600 765 2850 833 quaelibet
2877 765 3044 820 virtus
3068 781 3170 836 qua
3194 775 3337 822 recte
3365 769 3658 837 sapienter.-

2087 869 2189 924 que
2229 856 2456 922 vivitur,
2500 872 2656 927 quam
2697 858 2960 921 interioris
3008 858 3234 914 hominis
3284 860 3662 929 pulchritudo?

2086 941 2155 999 Et
2181 955 2326 1000 certe
2353 945 2640 1001 secundum
2671 948 2806 1002 hanc
2833 949 3472 1021 pulcliritudiuem'magis
3501 968 3658 1022 quam

2085 1038 2376 1092 secundum
2398 1051 2611 1108 corpus,
2637 1038 2758 1093 facti
2779 1056 2960 1095 sumus
2980 1041 3044 1095 ad
3073 1041 3349 1111 imaginem
3375 1044 3463 1098 Dei
3484 1062 3497 1099 :
3517 1043 3658 1100 unde

2084 1128 2237 1181 nobis
2262 1127 2471 1193 dicitur,
2503 1127 2678 1184 Nolite
2693 1132 3004 1201 conformari
3026 1132 3142 1186 huic
3165 1135 3366 1197 steculo,
3395 1135 3482 1190 sed
3499 1139 3656 1206 refor-

2083 1220 2294 1272 mamini
2325 1220 2377 1272 in
2418 1221 2633 1273 novitate
2658 1221 2833 1276 mentis
2869 1233 3069 1288 vestraz,
3109 1224 3178 1278 ad
3214 1225 3525 1295 probandum
3573 1241 3656 1280 vos

2077 1325 2196 1379 qua:
2215 1311 2278 1364 sit
2303 1311 2532 1363 voluntas
2553 1309 2670 1377 Dei,
2691 1313 2824 1382 quod
2845 1312 3026 1374 bonum
3044 1324 3090 1367 et
3104 1315 3464 1385 beneplacitu'nt
3479 1328 3525 1370 et
3546 1334 3657 1388 per-

2087 1404 2271 1471 fectum
2313 1402 2489 1473 (Rom.
2519 1419 2615 1468 xu,
2651 1402 2728 1473 2).
2763 1404 2818 1458 Si
2845 1419 2974 1474 ergo
3004 1421 3106 1459 non
3134 1407 3186 1460 in
3229 1409 3369 1463 mole
3410 1425 3578 1478 neque
3603 1409 3656 1464 iu

2081 1492 2401 1548 distantibus
2426 1509 2521 1564 per
2544 1495 2659 1549 loca
2696 1511 2788 1550 sua
2828 1497 3061 1564 partibus
3080 1538 3095 1564 ,
3126 1498 3262 1553 sicut
3295 1515 3516 1567 corpora
3547 1499 3658 1564 sive

2083 1595 2378 1639 cernuntur
2402 1588 2512 1641 sive
2535 1587 2833 1656 cogitantur
2855 1629 2868 1652 ,
2895 1588 2988 1642 sed
3017 1590 3069 1646 in
3099 1590 3291 1645 virtute
3315 1591 3654 1662 intelligibili,

2083 1677 2254 1747 qualis
2278 1686 2360 1732 est
2384 1678 2620 1746 justitia,
2666 1689 2898 1737 mentem
2937 1680 3191 1748 dicimus,
3245 1697 3338 1736 seu
3377 1684 3656 1748 novimus,

2084 1781 2179 1822 seu
2207 1767 2451 1822 volumus
2482 1769 2751 1838 pulchram
2775 1812 2790 1837 ,
2819 1780 2872 1826 et
2893 1771 3185 1830 secundum
3212 1771 3350 1827 hanc
3373 1773 3660 1841 pulchritu-

2083 1861 2262 1916 dinem
2294 1862 2646 1917 reformanmr
2672 1864 2738 1918 ad
2766 1865 3048 1935 imaginem
3077 1866 3167 1920 Dei
3193 1885 3205 1919 :
3236 1865 3473 1934 profecto
3497 1867 3660 1935 ipsius

2086 1955 2178 2010 Dei
2199 1957 2286 2026 qui
2327 1972 2428 2012 nos
2456 1958 2698 2012 formavit
2717 1968 2772 2012 et
2795 1959 3048 2014 reformat.
3074 1959 3139 2013 ad
3171 1959 3451 2029 imaginem
3472 1975 3619 2014 suam
3637 2001 3656 2028 ,

2084 2059 2188 2102 non
2219 2047 2269 2102 in
2310 2049 2484 2120 aliqua
2515 2050 2654 2105 mole
2678 2065 2932 2119 corporea
2975 2050 3288 2119 suspicanda
3317 2059 3398 2104 est
3429 2051 3660 2120 pulchri-

2087 2140 2240 2206 tudo;
2273 2156 2442 2210 eoque
2465 2142 2728 2210 justorum
2752 2141 3016 2218 mentibus
3038 2141 3333 2196 credendus
3353 2152 3434 2196 est
3460 2143 3660 2196 incom-

2083 2233 2390 2301 parabiliter
2427 2232 2722 2304 pulchrior,
2769 2247 2874 2302 quo
2914 2241 2997 2287 est
3043 2231 3524 2301 incomparabiliter
3569 2233 3659 2301 ju-

2083 2323 2218 2378 Stior
2242 2323 2338 2393 (a).
2362 2325 2484 2379 Hzec
2514 2325 2853 2379 Dilectionem
2871 2334 3033 2388 tuam,
3051 2331 3305 2393 quantum
3327 2322 3391 2377 ad
3411 2323 3660 2376 usitatum

2085 2417 2424 2486 epistolarum
2468 2417 2682 2472 modum
2720 2417 2938 2479 attinet,
2969 2415 3227 2486 prolixius
3255 2413 3474 2468 forsitan
3503 2429 3661 2484 quam

2085 2509 2458 2578 exspectabas;
2485 2518 2741 2580 quantum
2766 2516 2940 2570 autem
2962 2506 3027 2561 ad
3055 2516 3158 2562 tam
3188 2520 3390 2576 magna:
3413 2505 3490 2558 rei
3519 2517 3663 2573 qure-

2083 2601 2335 2668 stione‘m,
2366 2601 2596 2657 breviter
2620 2601 2962 2662 admonuisse
2988 2599 3251 2655 suliecerit
3279 2617 3294 2654 :
3323 2613 3430 2655 non
3453 2607 3509 2654 ut
3532 2598 3662 2654 satis

2085 2696 2155 2748 sit
2184 2695 2467 2750 eruditioni
2507 2704 2640 2762 tuae,
2685 2695 2778 2749 sed
2809 2703 2866 2749 ut
2888 2695 3006 2750 aliis
3034 2708 3243 2764 quoque
3284 2692 3435 2747 lectis
3461 2691 3543 2747 vel
3568 2703 3663 2746 au-

2088 2787 2212 2842 ditis
2242 2787 2521 2858 diligenter
2542 2786 2850 2853 lnstructus,
2876 2786 2990 2855 ipse
3014 2785 3224 2840 uberius
3246 2793 3334 2838 tua
3354 2797 3507 2837 secus
3523 2781 3664 2836 dicta

2073 2879 2373 2948 'redarguas
2397 2895 2410 2942 ;
2445 2877 2584 2947 quod
2611 2885 2693 2932 est
2721 2877 2898 2946 utique
2924 2884 3071 2932 tanto
3099 2875 3286 2930 melius
3309 2915 3323 2941 ,
3369 2880 3567 2944 quanto
3604 2870 3664 2926 lit

2087 2967 2338 3024 humilius
2362 2979 2416 3025 et
2438 2969 2661 3024 lldelius.
2734 3007 2747 3017 .

2544 3079 2869 3136 EPISTOLA
2911 3077 3076 3134 CXXI
3108 3082 3125 3103 ·
3149 3078 3244 3150 (θ).

2092 3195 2340 3266 Paulinus
2371 3194 2606 3250 Nolensis
2635 3195 2892 3266 episcopus
2937 3193 3212 3264 Augustino
3250 3192 3480 3263 proponit
3521 3205 3662 3263 qua:-

2160 3290 2340 3349 stioncs
2367 3289 2576 3360 aliquot,
2608 3289 2823 3359 primum
2844 3286 2906 3340 de
2933 3285 3170 3349 Psalmis,
3192 3294 3295 3338 tum
3323 3283 3384 3338 de
3397 3283 3661 3356 Apostolo,

2162 3387 2208 3436 et
2237 3380 2302 3432 ad
2322 3388 2590 3432 extremum
2611 3368 2677 3430 Ide
2706 3375 2996 3446 Evangelia.

2162 3491 2314 3548 CAP.
2355 3489 2610 3554 PRIMUM
2619 3520 2707 3544 .—
2725 3491 2747 3554 1
2762 3527 2775 3541 .
2797 3488 2870 3542 De
2889 3488 3062 3558 paucis
3077 3503 3190 3555 quae
3204 3503 3334 3542 nunc
3343 3487 3458 3559 jam
3476 3487 3544 3541 ad
3567 3503 3664 3541 na-

2090 3599 2199 3648 vem
2218 3591 2442 3646 currente
2471 3582 2746 3636 litterarum
2774 3579 3036 3650 perlatore,
3065 3589 3110 3633 ct
3135 3579 3255 3634 mihi
3277 3579 3327 3631 in
3347 3578 3503 3652 ipsius
3523 3578 3664 3648 festi-

2090 3675 2290 3740 natione
2304 3674 2590 3744 properanti
2602 3673 2653 3726 in
2678 3681 2886 3728 mentem
2913 3681 3168 3736 venerunt,
3182 3687 3244 3724 ne
3266 3671 3373 3742 sine
3401 3670 3666 3726 corollario

2091 3765 2215 3822 mihi
2232 3765 2492 3830 rescribas,
2508 3763 2678 3833 aliqua
2695 3779 2971 3833 praponam
2994 3763 3188 3834 :quwsi
3205 3766 3332 3828 forte
3343 3762 3510 3832 lucida
3523 3769 3660 3828 sunt,

2091 3858 2261 3918 etmilti
2295 3857 2522 3911 videntur
2541 3857 2750 3909 obscura
2772 3896 2788 3922 ,
2821 3871 2966 3928 nemo
3001 3854 3299 3924 prudentum
3321 3852 3666 3928 βᾶθι-ωηιᾳυὶ

2092 3950 2220 4020 forte
2247 3949 2308 4003 de
2335 3947 2518 4002 nostris
2543 3947 2596 4000 in
2626 3946 2750 4000 liora
2776 3923 3088 4000 lectitinculw
3111 3923 3262 4016 hujus
3290 3923 3423 4000 circa
3449 3955 3495 4004 te
3522 3923 3668 3999 sicte-

2091 4042 2210 4106 rint,
2242 4040 2306 4093 de
2343 4039 2630 4109 insipientia
2663 4055 2770 4092 mea
2810 4038 2992 4103 rideat,
3015 4037 3102 4092 sed
3142 4039 3303 4106 potius
3331 4036 3669 4091 benevolentia

2095 4136 2333 4203 fraterna:
2359 4130 2616 4184 cltaritatis
2644 4132 2807 4199 faveat
2843 4129 3154 4193 instruendo,
3193 4138 3247 4182 ut
3284 4127 3466 4200 eﬂiciar
3493 4127 3668 4182 viden-

2093 4224 2216 4278 tium
2243 4222 2489 4292 particeps
2524 4229 2570 4275 et
2603 4236 2665 4274 ex
2705 4219 2933 4272 doctrina
2961 4228 3046 4272 tua
3094 4219 3388 4284 illuminatis
3426 4220 3670 4276 mentibus

2092 4315 2514 4370 considerantium
2541 4313 2788 4380 mirabilia
2817 4313 2880 4379 de
2903 4313 3008 4384 lege
3035 4311 3260 4368 Domini.

2167 4409 2222 4464 2.
2261 4409 2356 4464 Dic
2397 4424 2513 4478 ergo
2559 4406 2700 4472 milii,
2735 4405 2986 4472 benedicta
3027 4407 3202 4462 doctor
3247 4405 3430 4474 Israel,
3461 4407 3580 4478 quid
3606 4408 3672 4461 sit

2094 4499 2227 4572 quod
2268 4500 2450 4566 dicitur
2488 4499 2540 4564 iu
2563 4499 2758 4572 psalmo
2785 4499 3190 4568 decimoquinto:
3229 4516 3246 4550 ι
3284 4498 3483 4556 Sanctis
3510 4499 3595 4566 qui
3621 4500 3671 4552 in

2097 4602 2230 4648 terra
2260 4599 2374 4654 sunt
2409 4591 2540 4660 ejus,
2572 4590 2853 4659 miriﬁcavit
2885 4606 3054 4660 omnes
3090 4589 3366 4662 voluntates
3403 4607 3519 4644 suas
3543 4591 3673 4643 inter

2097 4682 2232 4737 illos.
2266 4681 2618 4753 Multiplicata:
2636 4691 2749 4752 sunt
2777 4685 2908 4736 enim
2931 4681 3246 4752 inﬁrmitates
3275 4697 3477 4756 contui;
3500 4691 3673 4752 postea

2095 4774 2506 4827 acceleraverunt.
2543 4792 2561 4824 ι
2599 4771 2734 4836 Quos
2756 4773 2825 4824 ait
2855 4781 3073 4838 sanctos,
3097 4773 3180 4840 qui
3202 4773 3250 4825 in
3273 4783 3402 4825 terra
3423 4782 3536 4842 sunt
3555 4789 3672 4824 san-

2095 4867 2197 4919 cti?
2227 4863 2364 4918 Num
2392 4864 2506 4932 illos
2532 4857 2762 4928 Iudaeos,
2793 4861 2874 4930 qui
2901 4861 2996 4932 ﬁlii
3034 4862 3199 4932 carnis
3227 4861 3461 4926 Abraluv,
3493 4870 3536 4914 et
3571 4877 3669 4912 non

2097 4958 2191 5028 filii
2214 4955 2611 5026 repromissionis
2639 4953 2976 5010 excluduntur
3011 4971 3041 5007 a
3069 4955 3254 5008 semine
3277 4955 3411 5026 quod
3440 4955 3492 5008 in
3522 4953 3673 5006 Isaac

2093 5057 2324 5110 vocatum
2344 5057 2416 5102 est
2445 5047 2619 5119 (Rom.
2649 5061 2729 5112 Ix,
2751 5046 2805 5112 8,
2837 5032 2908 5115 η,
2942 5044 3053 5100 ideo
3077 5055 3275 5108 sanctos
3303 5045 3355 5099 in
3380 5054 3531 5109 terra,
3558 5043 3675 5112 quia

2095 5140 2256 5200 sancti
2282 5155 2458 5210 genere
2481 5135 2694 5204 carnali,
2716 5137 2817 5190 vita
2844 5145 3009 5190 autem
3049 5151 3292 5207 sensuque
3328 5135 3510 5209 terreni
3536 5143 3672 5198 sunt,

2095 5235 2180 5304 qui
2211 5242 2407 5290 terrena
2435 5231 2655 5302 sapiunt,
2687 5239 2733 5284 et
2766 5229 2960 5284 carnali
2987 5228 3299 5284 observantia
3339 5228 3392 5282 in
3433 5235 3677 5280 vetustate

2099 5326 2278 5382 littera:
2301 5331 2694 5388 consenescunt;
2724 5339 2822 5376 non
2851 5329 3160 5374 renascentes
3187 5319 3241 5373 in
3268 5335 3447 5374 novam
3474 5325 3673 5371 creatu-

2098 5435 2228 5481 ram,
2253 5417 2371 5489 quia
2391 5433 2491 5472 non
2515 5423 2802 5486 receperunt
2823 5431 2955 5482 eum,
2987 5429 3076 5485 per
3099 5429 3245 5484 quem
3272 5420 3434 5466 vetera
3458 5408 3674 5488 transic-

2161 5550 2179 5570 '
2195 5549 2428 5612 castigata
2452 5548 2512 5598 ad
2533 5562 2579 5598 a.
2599 5537 2685 5612 ligf
2706 5547 2776 5612 bl.
2795 5549 2876 5597 bn.
2903 5560 3042 5612 c._cc.
3060 5545 3110 5595 Π.
3136 5561 3186 5610 g.
3207 5559 3288 5609 gv.
3314 5559 3364 5594 ιι.
3383 5559 3426 5594 ι·.
3444 5557 3487 5596 s.
3505 5543 3580 5595 sb.
3600 5556 3675 5594 vc.

2096 5611 2220 5662 duos
2232 5619 2268 5662 t.
2302 5610 2506 5675 quatuor
2527 5625 2575 5662 v.
2595 5610 2722 5660 et‘ad
2741 5620 2841 5660 Am.
2873 5610 2981 5659 uad.
3000 5615 3074 5658 Er.
3092 5615 3201 5659 Lov.

2182 5695 2234 5756 α)
2257 5695 2338 5756 Hic
2355 5693 2610 5756 desinebat
2634 5691 2986 5756 epistola,_qu:c
3004 5691 3117 5740 olim
3138 5697 3242 5756 erat

2160 5695 2212 5816 Ea
2257 5695 2338 5764 Hic
2355 5695 2610 5765 desinebat
2634 5695 2852 5756 epistola,
2877 5705 2986 5802 qum
3004 5695 3117 5740 olim
3138 5695 3339 5766 cratim
3434 5753 3444 5761 _

2160 5838 2162 5864 Ι
2187 5695 2380 5864 Ιιέὣιιςιδ
2395 5755 2488 5804 ὺὸε
2513 5768 2621 5817 qua:
2640 5762 2802 5805 autem
2830 5753 2884 5803 12
2933 5760 3056 5815 erat,
3079 5767 3205 5803 nunc
3226 5749 3328 5803 ιοο.
3351 5757 3530 5817 Scripta
3563 5750 3650 5802 οἰδ

2103 5831 2182 5869 ιη.
2210 5817 2308 5866 HO.
