4122 6350
493 434 598 496 465

491 566 631 622 runt,
672 565 718 610 et
767 557 900 628 facta
937 560 1055 608 sunt
1103 550 1268 606 nova?
1296 547 1385 604 Sic
1423 546 1553 602 enim
1594 550 1724 618 forte
1763 560 1846 599 eos
1887 544 1941 598 in
1978 543 2073 597 hoc

497 649 693 722 psalmo
725 656 925 702 sanctos
963 644 1206 716 appellat,
1234 640 1482 713 quomodo
1512 649 1558 694 et
1587 640 1641 693 in
1667 638 1942 709 Evangelia
1976 638 2071 708 ju-

494 752 618 808 stas,
650 739 734 795 ubi
753 739 893 802 dicit,
917 756 938 789 ι
964 735 1084 791 Νοη
1100 735 1211 790 veni
1226 750 1399 788 vocare
1419 733 1606 804 justas,
1624 733 1711 786 sed
1732 740 2014 803 peccatores
2047 748 2066 782 ι

496 832 709 909 (Matth.
733 846 808 896 Ix,
831 828 944 902 i3);
971 827 1025 881 id
1045 837 1116 881 est
1135 825 1250 880 illos
1261 826 1446 896 justas,
1469 824 1556 894 qui
1575 824 1626 876 in
1647 823 1906 876 sanctitate
1921 823 2068 892 gene-

493 927 565 980 ris
584 935 628 979 et
646 923 809 978 littera
828 920 974 990 Legis
989 919 1271 991 gloriantur
1284 932 1303 970 :
1316 916 1490 987 quibus
1509 915 1711 982 dicitur,
1733 933 1752 965 ι
1773 912 1944 967 Nolite
1963 912 2069 983 glo-

493 1017 617 1072 riari
639 1018 692 1071 in
710 1023 850 1086 patre
874 1013 1152 1076 Abraham;
1175 1011 1294 1081 quia
1311 1019 1483 1080 potens
1499 1017 1568 1063 est
1589 1007 1721 1062 Deus
1736 1007 1799 1062 de
1820 1005 2072 1076 lapidibus

489 1109 602 1161 istis
621 1107 834 1161 excitare
851 1103 985 1174 ﬁlios
1003 1103 1220 1157 Abraha:
1241 1100 1380 1172 s(Id.
1397 1117 1475 1168 In,
1493 1099 1568 1172 9).
1587 1098 1813 1164 Quorum
1833 1101 1998 1168 forma
2018 1097 2070 1151 in

493 1196 582 1252 illo
602 1195 862 1250 Pharisaao
892 1194 1207 1264 proponitur,
1225 1192 1309 1264 qui
1330 1192 1558 1261 justitias
1580 1207 1698 1244 suas
1720 1199 1958 1258 tanquam
1980 1205 2070 1242 ne-

495 1289 666 1343 scienti
703 1286 922 1342 Domino
975 1286 1215 1351 recolens,
1268 1284 1569 1354 prtedicabat
1610 1283 1664 1336 in
1704 1282 1926 1352 templo;
1966 1298 2070 1365 non

493 1397 644 1435 orans
675 1389 729 1434 ut
766 1379 1104 1445 exaudiretur,
1128 1376 1216 1432 sed
1252 1376 1453 1448 exigens
1493 1376 1636 1446 quasi
1667 1373 1886 1429 debitum
1907 1374 2070 1428 meriti

492 1491 584 1546 pro
610 1475 840 1546 operibus
871 1473 1011 1526 bonis
1036 1471 1252 1542 quidem,
1279 1469 1367 1523 sed
1391 1468 1602 1540 ingratis
1631 1467 1759 1534 Deo,
1790 1467 1907 1537 quia
1933 1465 2069 1537 quod

488 1565 683 1636 justitia
728 1565 1080 1633 rediﬁcaverat,
1108 1560 1338 1630 superbia
1376 1559 1700 1614 destruebat:
1725 1574 1813 1612 nec
1849 1559 2069 1630 idipsum

491 1653 708 1720 silentio,
733 1654 821 1708 sed
845 1671 961 1710 vace
981 1652 1251 1716 clamabat,
1283 1659 1338 1704 ut
1380 1659 1642 1721 appareret
1667 1666 1782 1704 eum
1805 1666 1905 1703 non
1935 1649 2066 1703 divi-

491 1747 570 1800 nis
593 1746 800 1800 auribus
829 1745 981 1814 loqui,
1011 1744 1098 1815 qui
1125 1752 1173 1797 et
1200 1741 1261 1796 ab
1291 1741 1571 1795 hominibus
1595 1741 1738 1795 vellet
1765 1740 1967 1804 audiri;
1991 1747 2068 1792 at-

490 1854 586 1907 que
609 1837 719 1891 ideo
741 1853 840 1891 non
866 1837 1053 1906 placuit
1074 1834 1199 1901 Deo,
1225 1834 1343 1904 quia
1366 1831 1592 1904 placebat
1615 1831 1710 1887 sibi
1733 1847 1789 1885 :s
1817 1831 2067 1896 Quoniam

491 1929 752 1999 dissipavit
776 1927 1024 1981 Dominus
1043 1942 1156 1980 ossa
1179 1925 1438 1980 hominum
1457 1924 1550 1978 sibi
1576 1924 1898 1994 placentium.
1929 1923 2066 1978 Con-

491 2021 589 2090 fusi
605 2029 738 2083 sunt,
773 2038 790 2071 ›
818 2019 997 2089 inquit,
1025 2037 1044 2070 ‹
1071 2018 1188 2088 quia
1202 2017 1382 2088 sprevit
1397 2017 1513 2072 illos
1539 2033 1558 2068 ι
1585 2014 1754 2085 (Psal.
1772 2032 1862 2084 LII,
1882 2015 1961 2086 6),
1980 2015 2068 2086 qui

488 2129 573 2165 cor
594 2111 781 2165 humile
799 2121 845 2164 et
866 2109 1250 2163 contribulatum
1269 2125 1370 2162 non
1397 2108 1604 2177 spernit.

557 2204 609 2257 5.
638 2201 866 2270 Denique
895 2210 940 2254 et
963 2201 1016 2254 in
1041 2200 1152 2270 ipsa
1172 2197 1436 2270 Evangelii
1463 2199 1724 2270 parabola,
1751 2215 1851 2268 qua
1876 2196 2066 2253 Phari-

488 2294 576 2348 scei
612 2303 658 2347 et
705 2292 973 2347 Publicani
1017 2308 1230 2362 persona
1258 2294 1534 2363 confertur,
1566 2291 1814 2345 evidenter
1850 2291 2065 2345 ostendit

487 2387 593 2456 ipse
622 2387 868 2441 Dominus
895 2385 1015 2456 quid
1060 2385 1111 2438 in
1155 2384 1354 2438 homine
1393 2385 1665 2454 suscipiat,
1697 2383 1818 2454 quid
1855 2384 2065 2455 repellat

491 2479 639 2552 (Luc.
661 2495 811 2544 xvnr,
838 2476 1048 2548 10-14),
1077 2477 1202 2531 sicut
1243 2477 1486 2548 scriptum
1527 2484 1601 2530 est
1627 2478 1747 2546 quia
1771 2493 1789 2526 ι
1814 2474 1953 2529 Deus
1977 2492 2066 2530 su-

488 2573 648 2644 perbis
661 2573 862 2636 resistit,
880 2570 1144 2626 humilibus
1157 2580 1320 2624 autem
1333 2571 1419 2623 dat
1431 2569 1645 2641 gratiam
1661 2567 1808 2640 (Jac.
1839 2584 1913 2632 IV,
1933 2567 2012 2642 6).
2034 2586 2060 2623 s

488 2664 614 2718 Ideo
645 2673 943 2734 protestatur
968 2663 1127 2734 magis
1142 2663 1475 2732 justiﬁcatum
1495 2661 1673 2714 abiisse
1693 2677 1719 2714 e
1741 2660 1926 2732 templo
1954 2658 2065 2715 Pst-

489 2750 740 2803 blicanum
764 2748 826 2801 de
839 2748 1146 2818 confessione
1161 2756 1718 2816 peccatorumosuorum,
1735 2762 1886 2815 quam
1913 2743 2060 2799 Pha-

484 2841 688 2895 riseeum
716 2840 778 2893 de
803 2839 1130 2910 imputatione
1161 2839 1473 2907 justitiarum
1499 2853 1726 2891 suarum.
1754 2835 1934 2891 Merito
1963 2854 2060 2891 au-

486 2939 582 2985 tem
609 2931 697 2984 ille
723 2930 958 2983 laudator
993 2929 1093 2995 sui,
1121 2928 1413 2998 repudiatus
1443 2927 1674 2982 abscessit
1713 2943 1746 2980 a
1773 2929 1902 2999 facie
1939 2927 2056 2996 Dei,

483 3026 566 3093 qui
593 3039 706 3076 cum
747 3022 856 3093 ipso
901 3023 1100 3075 nomine
1141 3020 1369 3090 peritiam
1399 3018 1544 3089 Legis
1573 3021 1850 3091 prteferret,
1879 3019 2059 3074 oblitus

483 3118 653 3186 fuerat
681 3113 732 3167 in
759 3114 1002 3184 propheta
1039 3111 1283 3164 dicentem
1325 3108 1634 3164 Dominum:
1659 3128 1676 3161 s
1717 3110 1884 3179 Super
1914 3127 2059 3180 quem

483 3206 736 3273 habitabo,
763 3205 860 3260 nisi
898 3220 1047 3273 super
1075 3203 1331 3269 humilem,
1364 3213 1410 3258 et
1435 3203 1673 3273 quietum,
1701 3213 1748 3257 et
1771 3213 2058 3258 trementem

482 3315 732 3354 sermones
757 3313 922 3352 meoss
949 3294 1099 3370 (Isai.
1124 3312 1270 3362 LXVI,
1287 3295 1409 3368 2)?!
1419 3294 1485 3350 lle
1503 3305 1669 3350 autem
1686 3298 1738 3350 in
1761 3297 1910 3351 corde
1934 3314 2056 3352 con-

482 3391 596 3444 trito
622 3390 699 3444 sui
720 3398 980 3443 accusator
1002 3388 1266 3456 accipitur,
1290 3395 1335 3440 et
1354 3388 1536 3442 obtinet
1565 3389 1757 3442 veniam
1777 3389 1840 3442 de
1863 3389 2056 3458 confes-

481 3482 547 3535 sis
577 3480 792 3550 peccatis
816 3487 1022 3550 propter
1044 3479 1258 3549 gratiam
1277 3477 1592 3547 humilitatis,
1609 3489 1779 3534 sancto
1799 3481 1887 3534 illo
1911 3478 2054 3534 Pha-

480 3577 629 3627 risazo
660 3571 850 3643 (quales
875 3570 1050 3624 Judwi
1092 3571 1250 3625 sancti
1277 3581 1389 3624 sunt
1409 3571 1449 3643 ),
1479 3582 1764 3642 reportante
1803 3576 2055 3628 sarcinam

484 3672 801 3734 peccatorum
823 3662 886 3716 de
900 3662 1150 3732 jactantia
1170 3663 1465 3717 sanctitatis.
1491 3662 1664 3732 Ipsius
1685 3665 1919 3718 nimirum
1939 3676 2055 3720 sunt

480 3758 645 3824 forma
683 3751 856 3807 Judtei
903 3750 1009 3816 illi,
1037 3751 1101 3805 de
1143 3752 1318 3823 quibus
1356 3753 1625 3822 Apostolus
1652 3755 1724 3807 ait
1751 3756 1883 3824 quod
1908 3772 2054 3810 suum

479 3846 728 3917 justitiam
771 3853 990 3900 statuere
1020 3845 1293 3916 cupientes,
1321 3861 1432 3914 qua:
1478 3862 1539 3899 ex
1564 3844 1695 3916 Lege
1722 3855 1815 3912 est,
1841 3848 2054 3916 justitite

478 3936 574 3993 Dei
604 3955 703 3993 non
730 3948 846 3994 sunt
867 3939 1078 4009 subjecti
1098 3936 1271 4012 (Rom.
1301 3953 1360 3999 ι.
1383 3939 1458 4008 ὅ),
1487 3955 1598 4008 quae
1621 3949 1692 3993 est
1715 3957 1776 3994 ex
1800 3941 1918 4010 ﬁde,
1941 3955 2053 4013 quae

477 4039 705 4100 reputata
730 4040 802 4084 est
828 4030 960 4101 patri
985 4037 1153 4085 nostra
1181 4029 1436 4083 Abraham
1469 4029 1537 4082 ad
1560 4031 1834 4101 justitiam,
1864 4050 1963 4087 non
1990 4051 2053 4089 ea:

478 4120 709 4191 operibus
741 4119 848 4194 (Id.
878 4136 952 4188 Iv,
973 4120 1028 4187 2,
1059 4121 1138 4192 5),
1177 4121 1293 4191 quia
1335 4120 1606 4174 secundum
1641 4124 2052 4192 onmipotentiam

477 4211 570 4267 Dei
598 4212 807 4266 credidit
829 4211 936 4266 Deo
964 4227 982 4266 :
1010 4214 1148 4283 apud
1171 4229 1317 4284 quem
1344 4213 1429 4266 ille
1457 4229 1569 4266 vere
1588 4215 1759 4283 justus
1785 4224 1855 4269 est
1881 4217 1966 4285 qui
1989 4234 2051 4272 ea:

477 4305 576 4374 ﬁde
600 4305 747 4368 vivit;
776 4321 866 4359 nec
881 4313 1082 4357 sanctus
1100 4303 1154 4356 in
1176 4313 1308 4358 terra
1323 4313 1413 4370 est,
1444 4303 1531 4357 sed
1555 4304 1607 4358 in
1635 4307 1776 4371 ceelo,
1805 4306 1922 4376 quia
1950 4324 2050 4363 non

476 4413 642 4461 carne,
672 4396 759 4450 sed
801 4396 983 4465 spiritu
1028 4395 1282 4460 ambulat;
1311 4398 1457 4466 cujus
1481 4399 1788 4453 conversatio
1826 4400 1878 4454 in
1915 4402 2050 4456 caelis

476 4496 580 4550 est;
608 4503 706 4540 non
735 4487 998 4558 gloriantis
1031 4488 1084 4540 in
1125 4487 1498 4543 circumcisione
1536 4491 1723 4558 carnis,
1749 4492 1838 4546 sed
1865 4493 1918 4546 in
1946 4495 2047 4547 cir-

477 4578 774 4633 cumcisione
811 4578 995 4644 cordis,
1022 4593 1136 4650 qua:
1173 4595 1273 4633 non
1309 4578 1493 4646 littera,
1529 4581 1618 4636 sed
1652 4583 2049 4655 spiritu‘agitur

475 4669 822 4735 invisibiliter;
844 4670 978 4725 unde
1003 4670 1113 4726 laus
1141 4672 1249 4742 ejus
1286 4688 1387 4726 non
1420 4689 1482 4727 ea:
1520 4672 1803 4729 hominibus
1840 4684 1930 4744 est,
1960 4677 2048 4731 sed

475 4776 536 4815 ex
561 4759 687 4815 Deo.

544 4855 597 4909 4.
629 4853 822 4907 Deinde
846 4853 980 4926 quod
995 4853 1168 4925 jungit
1191 4854 1245 4908 in
1269 4853 1441 4910 eodem
1459 4856 1720 4926 versiculo,
1750 4875 1768 4910 ί
1795 4856 1954 4913 Miras
1973 4862 2049 4931 fe-

476 4946 542 4999 cit
579 4943 853 5000 voluntates
894 4961 1012 4999 suas
1044 4945 1175 4999 inter
1200 4945 1333 5020 iﬂos,
1360 4964 1379 4998 ι
1401 4947 1550 5001 credo
1576 4965 1638 5003 ex
1661 4965 1717 5002 eo
1743 4949 1882 5016 dicit,
1912 4949 2046 5020 quod

475 5036 600 5105 ipsis
640 5035 855 5106 primum
891 5035 1144 5088 lucernam
1177 5035 1323 5107 L‘b’gis
1349 5037 1593 5103 accendit,
1626 5047 1670 5091 et
1699 5048 1947 5110 prlecepta
1972 5039 2046 5095 vi-

477 5128 618 5182 vendi
646 5126 802 5181 dedit.
839 5144 859 5179 s
899 5125 1082 5192 Notas,
1124 5145 1142 5180 ι
1181 5128 1334 5194 enim,
1355 5128 1534 5199 inquit,
1577 5147 1596 5181 s
1642 5131 1758 5200 fecit
1793 5132 1896 5185 vias
1929 5148 2046 5188 suas

481 5217 667 5289 Moysi,
707 5225 753 5271 et
797 5217 917 5287 ﬁliis
961 5215 1126 5272 Israel
1169 5218 1445 5274 voluntates
1477 5236 1622 5273 suasi
1657 5218 1825 5292 (Psal.
1848 5238 1938 5290 cn,
1963 5223 2041 5297 7).

475 5309 670 5364 Deinde
693 5309 857 5382 ipsum
877 5309 1076 5379 pietatis
1100 5325 1206 5363 sua:
1223 5320 1587 5366 sacramentum
1603 5313 1653 5366 in
1672 5315 1795 5386 ipsis
1815 5325 2045 5384 operatus

473 5413 565 5470 est,
597 5411 743 5456 natus
769 5403 822 5456 in
850 5417 998 5455 carne
1021 5417 1083 5455 ea?
1103 5401 1289 5472 virgine
1319 5401 1453 5456 Deus
1489 5404 1541 5457 in
1566 5413 1708 5474 gente
1734 5405 1973 5476 ipsorum,
1998 5417 2045 5462 et

474 5493 537 5546 de
555 5507 706 5545 carne
733 5493 956 5562 ipsorum
976 5493 1138 5563 factus
1169 5506 1227 5544 ea:
1251 5492 1438 5548 semine
1463 5493 1630 5548 David
1655 5496 1802 5550 homo
1825 5512 1843 5550 .'
1864 5497 2046 5553 deinde

476 5584 679 5637 virtutes
697 5583 988 5649 sanitatum,
1012 5599 1135 5652 quas
1164 5582 1216 5636 in
1250 5582 1374 5654 ipsis
1406 5594 1450 5638 et
1475 5602 1642 5640 coram
1667 5587 1790 5657 ipsis
1816 5591 2040 5659 perfecit.

479 5673 576 5738 Qui
606 5691 693 5742 per
722 5674 828 5729 hwc
858 5691 956 5728 non
979 5673 1128 5728 modo
1148 5675 1367 5730 creditus
1387 5693 1487 5732 non
1513 5687 1606 5747 est,
1623 5678 1710 5734 sed
1733 5687 1780 5734 et
1809 5681 2044 5753 blasphe-

535 5871 554 5906 ι
584 5877 717 5936 ιονἿ
737 5869 911 5940 sphin;
933 5871 1038 5929 Dei.
1059 5881 1114 5929 At.
1135 5875 1199 5927 ab
1221 5874 1328 5929 aliis
1363 5877 1473 5930 cdd.
1501 5884 1640 5936 abest
1665 5895 1765 5940 Dei.

1729 428 1785 483 S.
1828 421 2190 483 AUGUSTINI
2229 423 2530 482 EPISCOPI

3658 429 3767 488 ιθι

2177 549 2338 595 matus
2364 550 2437 596 est
2463 541 2525 595 ab
2547 541 2636 606 eis,
2664 557 2779 594 cum
2812 541 3056 606 dicerent,
3085 561 3104 595 ε
3135 541 3235 598 llic
3262 543 3466 599 homosi
3485 560 3518 598 a
3541 543 3652 600 Deo
3679 563 3763 600 es-

2175 641 2245 688 set
2264 675 2278 698 ,
2302 649 2403 687 non
2435 641 2634 686 curaret
2663 632 2909 687 sabbatis»
2935 633 3112 703 (Joan.
3148 651 3223 703 ιι,
3248 636 3378 708 16);
3395 645 3460 702 et,
3485 655 3504 688 ε
3525 635 3648 692 Non
3669 637 3764 708 eji-

2175 723 2242 776 cit
2285 723 2534 777 dwmonia
2579 723 2678 776 nisi
2701 724 2754 777 in
2794 723 3070 778 Beelzebub
3091 726 3318 797 principe
3345 727 3709 782 daemoniorum
3736 751 3758 783 s

2179 815 2392 886 (Matth.
2443 831 2538 882 xu,
2578 814 2697 888 24).
2733 815 2951 888 Propter
2979 818 3110 872 hanc
3135 830 3348 873 mentem
3384 821 3630 874 obdurata
3661 821 3763 874 im-

2175 905 2358 974 pietate
2382 917 2639 972 cazcatam,
2669 908 3018 975 multiplicata:
3044 918 3162 964 sunt
3199 909 3516 979 inﬁrmitates
3549 919 3595 964 et
3621 919 3761 966 tene-

2174 997 2276 1055 brte
2295 1015 2487 1053 eorum.

2244 1091 2298 1145 5.
2325 1090 2430 1146 Sed
2453 1091 2576 1162 quid
2601 1101 2672 1148 est
2693 1093 2827 1160 quod
2847 1095 2937 1161 ait,
2977 1112 2996 1146 ε
3043 1093 3234 1149 Postea
3269 1095 3709 1152 acceleraverunt?
3733 1115 3756 1151 ι

2178 1179 2359 1235 Utrum
2409 1183 2461 1236 in
2501 1183 2862 1254 paenitentiam,
2884 1185 3014 1238 sicut
3047 1185 3125 1239 illi
3163 1185 3219 1238 in
3256 1184 3461 1240 Actibus
3488 1187 3761 1259 Apostolo-

2173 1289 2306 1338 rum,
2325 1274 2412 1342 qui
2436 1273 2567 1328 beati
2605 1273 2745 1329 Petri
2792 1276 3151 1347 prcedicatione
3186 1281 3489 1348 compuncti,
3528 1279 3761 1335 credide-

2174 1374 2296 1419 runt
2323 1366 2377 1420 in
2406 1383 2520 1421 eum
2544 1384 2689 1437 quem
2717 1369 3092 1438 cruciﬁxerant,
3115 1377 3161 1424 et
3191 1371 3482 1441 festinantes
3507 1379 3648 1425 tanto
3674 1388 3763 1425 ex-

2174 1456 2307 1527 piari
2350 1468 2551 1528 peccato
2576 1501 2591 1526 ,
2621 1459 2690 1512 ad
2724 1459 2910 1514 donum
2939 1461 3116 1530 gratiee
3149 1471 3480 1516 cucurrerunt
3513 1463 3655 1535 (Act.
3688 1479 3756 1530 ιι,

2173 1550 2393 1621 37-41)ἳ
2422 1568 2490 1605 an
2514 1568 2628 1606 vero
2652 1553 2770 1622 quia
2796 1553 2996 1607 virtutes
3015 1554 3198 1607 anima:
3225 1570 3286 1608 ex
3309 1555 3410 1622 ﬁde
3437 1565 3484 1608 et
3511 1556 3759 1610 charitate

2171 1640 2270 1697 Dei
2297 1642 2617 1712 roborantur,
2644 1642 2749 1698 illis
2781 1644 2949 1714 impiis
2978 1655 3187 1714 utroque
3216 1647 3384 1698 vacuis
3410 1645 3760 1714 multiplicata:

2171 1743 2284 1788 sunt
2307 1735 2624 1804 inﬁrmitates
2652 1737 2837 1792 anima:
2863 1753 2925 1790 ea:
2949 1737 3203 1808 impietate
3220 1739 3463 1792 scelerum
3486 1739 3759 1810 mortiferis

2171 1825 2496 1896 languoribus
2533 1827 2825 1897 occupatae?
2853 1827 3082 1882 Christus
3129 1829 3308 1882 etenim
3353 1827 3520 1882 lumen
3568 1837 3614 1883 et
3655 1829 3758 1883 vita

2169 1918 2478 1972 credentium
2504 1928 2598 1986 est,
2617 1930 2662 1973 et
2677 1920 2864 1974 sanitas
2889 1920 2980 1974 sub
3008 1920 3186 1991 pennis
3208 1921 3319 1991 ejus
3337 1935 3357 1974 :
3376 1921 3510 1974 unde
3534 1937 3634 1975 non
3653 1921 3754 1974 mi-

2169 2026 2286 2065 rum
2323 2011 2370 2066 si
2415 2019 2464 2065 et
2501 2011 2714 2066 tenebrte
2751 2021 2796 2066 et
2835 2011 3152 2081 infirmitates
3194 2027 3368 2066 eorum
3413 2012 3760 2083 multiplicata:

2166 2102 2355 2157 suntin
2372 2103 2647 2171 interitum,
2672 2104 2923 2173 quivitam
2949 2113 2999 2159 et
3023 2103 3184 2158 lucem
3211 2121 3310 2158 non
3325 2113 3636 2175 receperunt,
3663 2122 3756 2161 ne—

2167 2212 2263 2267 que
2301 2195 2392 2252 sub
2436 2198 2613 2268 pennis
2655 2198 2763 2269 ejus
2805 2215 3007 2253 manere
3047 2199 3347 2265 voluerunt;
3377 2216 3523 2270 quos,
3563 2211 3618 2254 ut
3649 2201 3757 2270 ipse

2166 2287 2294 2358 flens
2340 2289 2394 2342 in
2436 2287 2710 2360 Evangelia
2746 2305 2838 2344 suo
2869 2300 3192 2360 protestatur,
3213 2307 3346 2361 stepe
3364 2290 3520 2346 voluit
3541 2309 3756 2364 congre-

2167 2395 2290 2449 gare
2314 2379 2404 2434 sub
2423 2380 2533 2433 alas
2560 2397 2699 2448 suas,
2721 2382 2852 2436 sicut
2885 2381 3078 2453 gallina
3115 2393 3383 2455 congregat
3419 2383 3586 2455 pullos
3611 2403 3751 2452 suos,

2167 2478 2212 2524 et
2235 2470 2501 2526 noluerunt
2525 2469 2736 2544 (Matth.
2766 2489 2917 2540 xxul,
2944 2473 3058 2545 57).
3087 2473 3439 2546 Multiplicatis
3459 2494 3574 2548 ergo
3601 2479 3754 2548 inﬁr-

2165 2561 2421 2616 mitatibus
2450 2579 2547 2632 quo
2572 2563 3012 2620 acceleraverunt?
3039 2563 3197 2620 Forte
3231 2567 3284 2620 in
3317 2583 3514 2622 crucem
3549 2568 3754 2625 Domini

2165 2655 2604 2724 conclamandam,
2632 2667 2678 2711 et
2705 2657 2861 2711 invito
2890 2656 3061 2712 Pilato
3103 2660 3310 2730 nefariis
3347 2660 3546 2716 vocibus
3578 2673 3751 2717 extor-

2165 2745 2435 2814 quendam,
2459 2756 2512 2799 ut
2538 2747 2870 2818 adimplerent
2895 2764 3179 2802 mensuram
3207 2760 3406 2820 patrum
3433 2769 3661 2819 suorum,
3696 2761 3751 2807 ut

2165 2834 2249 2887 isti
2287 2834 2562 2890 Dominum
2601 2835 2974 2909 Prophetarum
3003 2839 3302 2906 occiderent,
3331 2858 3545 2910 quorum
3581 2854 3750 2914 patres

2163 2924 2298 2994 ipsos
2317 2924 2602 2996 Prophetas
2620 2927 2994 3000 interfecerunt,
3017 2935 3048 2983 ἐι
3064 2931 3240 3000 quibus
3257 2932 3338 2985 hic
3359 2935 3534 2987 mundi
3561 2934 3748 2989 Salva-

2163 3023 2244 3070 tor
2269 3033 2372 3070 esse
2409 3026 2645 3072 venturus
2674 3019 3017 3073 nuntiabatur.
3049 3039 3067 3071 ι
3098 3019 3283 3074 Postea
3308 3024 3745 3081 acceleraverunt:

2161 3107 2350 3161 veloces
2387 3108 2518 3161 enim
2563 3110 2713 3180 pedes
2742 3126 2913 3164 eorum
2941 3113 3009 3165 ad
3035 3111 3394 3180 effundendum
3430 3119 3742 3188 sanguinem.

2162 3198 2405 3254 Contritio
2434 3209 2479 3255 et
2507 3201 2775 3274 infelicitas
2799 3202 2852 3256 in
2880 3204 2971 3258 viis
3004 3222 3196 3271 eorum,
3233 3216 3280 3260 et
3316 3209 3448 3262 viam
3474 3213 3613 3280 pacis
3643 3228 3746 3265 non

2161 3301 2496 3360 cognoverunt
2525 3310 2544 3343 ›
2576 3291 2746 3362 (Psal.
2779 3310 2895 3360 xm,
2927 3294 3008 3363 5),
3032 3296 3085 3350 id
3119 3306 3190 3351 est
3216 3296 3466 3353 Christum
3489 3301 3574 3370 qui
3601 3302 3742 3369 dicit,

2167 3399 2186 3430 ‹
2209 3379 2320 3452 Ego
2341 3399 2452 3435 sum
2483 3383 2560 3436 via
2589 3403 2607 3434 ι
2635 3383 2813 3455 (Joan.
2843 3401 2956 3453 XIV,
2989 3386 3068 3456 6).

2232 3472 2285 3527 6.
2317 3471 2383 3526 In
2409 3475 2725 3544 consequenti
2757 3478 2952 3547 psalmo
2976 3476 3108 3532 illud
3132 3480 3258 3534 mihi
3279 3482 3464 3551 exponi
3491 3482 3741 3552 desidero,

2158 3564 2279 3634 quid
2305 3563 2458 3629 dicat,
2487 3583 2505 3614 ι
2551 3564 2624 3618 De
2661 3567 2962 3622 absconditis
3009 3569 3108 3624 tuis
3151 3571 3450 3642 adimpletus
3481 3583 3549 3628 est
3576 3585 3745 3629 venter

2159 3673 2350 3710 eorum.
2381 3655 2612 3711 Saturati
2635 3668 2748 3712 sunt
2788 3660 3016 3730 porcina,
3043 3681 3062 3715 ι
3085 3663 3160 3716 vel
3196 3665 3324 3718 sicut
3361 3664 3416 3718 in
3443 3666 3742 3736 quibusdam

2158 3750 2407 3819 psulteriis
2431 3750 2672 3820 scriptum
2695 3751 2869 3818 audio,
2900 3771 2917 3802 ε
2947 3755 3158 3807 saturati
3176 3765 3292 3808 sunt
3321 3756 3443 3826 ﬁliis
3468 3756 3564 3830 (a),
3586 3768 3633 3812 et
3655 3775 3740 3813 re-

2160 3839 2409 3910 liquerunt
2430 3856 2540 3909 qua:
2568 3843 2922 3912 superfuerunt
2950 3845 3170 3913 parvulis
3185 3847 3306 3900 suis.
3337 3865 3357 3897 ι

2229 3933 2282 3987 7.
2308 3933 2504 3986 Rursus
2541 3934 2592 3986 in
2629 3935 2731 3988 alio
2765 3934 2960 4000 psalmo
2989 3938 3233 3993 admirari
3266 3938 3421 4006 soleo,
3453 3942 3646 3996 Filium
3669 3943 3742 3998 ad

2157 4023 2366 4079 Patrem
2423 4025 2562 4098 loqui
2611 4026 2921 4098 intelligens,
2977 4030 3029 4083 in
3084 4032 3277 4100 psalmo
3330 4034 3738 4106 quinquagesima

2156 4125 2358 4184 octavo,
2422 4115 2505 4170 ubi
2561 4118 2623 4170 de
2676 4116 2874 4174 Judwis
2928 4120 3162 4187 inimicis,
3226 4122 3288 4177 de
3337 4125 3520 4196 quibus
3581 4143 3739 4196 supra

2155 4208 2372 4276 dixerat,
2407 4227 2425 4260 s
2451 4208 2586 4264 Ecce
2611 4211 2708 4281 ipsi
2737 4212 3000 4276 loquentur
3033 4214 3086 4266 in
3123 4231 3208 4268 ore
3239 4231 3352 4280 suo,
3383 4227 3428 4269 et
3453 4218 3653 4288 gladius
3681 4219 3738 4273 in

2155 4298 2298 4352 labiis
2318 4315 2519 4365 eorum,
2551 4319 2568 4352 ι
2597 4301 2749 4371 paulo
2769 4301 2906 4372 infra
2929 4303 3068 4371 dicit,
3098 4322 3116 4355 ι
3154 4303 3237 4359 Ne
3253 4307 3492 4360 occideris
3513 4325 3616 4375 eos,
3640 4325 3752 4362 rte--

2154 4389 2355 4460 quando
2382 4391 2736 4445 obliviscantur
2756 4390 2904 4462 Legis
2925 4403 3040 4447 tutu.
3068 4392 3316 4465 Disperge
3338 4397 3451 4451 illos
3475 4398 3526 4451 in
3557 4400 3736 4453 virtute

2154 4489 2261 4548 tua,
2291 4490 2336 4535 et
2357 4483 2557 4535 destrue
2579 4499 2682 4549 eos,
2713 4481 2946 4562 Domine.
2975 4505 2992 4536 ι
3031 4486 3180 4552 Quod
3206 4490 3258 4540 in
3287 4489 3366 4542 his
3387 4507 3538 4559 usque
3556 4491 3607 4544 in
3636 4491 3734 4544 ho-

2153 4572 2382 4626 diernum
2427 4574 2559 4628 diem
2601 4574 2822 4628 videmus
2859 4577 3059 4646 impleri
3087 4595 3105 4632 .'
3131 4579 3368 4634 destrucli
3393 4592 3508 4636 sunt
3537 4584 3667 4637 enim
3700 4602 3735 4639 a

2152 4663 2302 4718 veteri
2316 4680 2410 4718 sua
2419 4665 2602 4735 gloria,
2621 4667 2729 4720 sine
2745 4669 2927 4739 templo
2941 4679 2986 4723 et
3001 4671 3106 4724 sine
3121 4673 3400 4742 sacriﬁciis,
3417 4675 3735 4732 acsinePro-

2154 4755 2316 4826 phetis
2342 4757 2394 4810 in
2415 4759 2634 4812 omnium
2657 4761 2879 4830 gentium
2903 4762 3206 4834 dispersione
3233 4767 3463 4822 viventes.
3487 4769 3593 4824 Sed
3611 4772 3734 4840 quid

2152 4847 2396 4900 miramur
2419 4848 2552 4917 quod
2569 4849 2681 4918 jam
2711 4867 2799 4920 per
2820 4851 3128 4923 Prophetam
3165 4873 3258 4928 pro
3289 4859 3361 4912 eis
3380 4875 3480 4914 non
3499 4862 3732 4916 occiden-

2149 4937 2228 4992 dis
2256 4940 2483 5010 rogabat,
2503 4956 2595 5010 pro
2615 4941 2792 5009 quibus
2812 4953 2857 4996 et
2880 4944 2969 4998 sub
2993 4945 3102 5016 ipso
3119 4957 3338 5020 tempore
3357 4952 3606 5021 passionis
3614 4955 3732 5024 jam

2149 5027 2218 5082 ad
2244 5045 2441 5083 crucem
2467 5046 2579 5084 eum
2601 5030 2894 5089 ducentibus
2919 5037 3231 5108 precabatur,
3257 5041 3425 5096 dicens
3445 5059 3464 5098 :
3502 5062 3520 5094 ι
3550 5043 3728 5112 Pater,

2150 5119 2345 5173 dimitte
2369 5121 2473 5187 eis;
2503 5137 2601 5175 non
2633 5123 2766 5176 enim
2797 5125 2960 5180 sciunt
2983 5129 3105 5198 quid
3122 5132 3318 5200 faciunt
3338 5151 3357 5184 ι
3391 5131 3540 5204 (Luc.
3568 5151 3726 5204 xxut,

2148 5210 2280 5279 54)?
2315 5210 2495 5265 Verum
2513 5214 2660 5284 quod
2695 5216 2910 5284 adjecit,
2935 5236 2954 5270 s
2986 5219 3069 5274 Ne
3117 5238 3338 5292 unquam
3375 5225 3726 5285 obliviscantur

2149 5302 2302 5376 Legis
2332 5314 2450 5372 tute,
2480 5325 2501 5359 ι
2527 5316 2766 5379 tanquam
2791 5321 2999 5381 propter
3014 5312 3108 5368 hoc
3133 5319 3410 5371 necessaria
3425 5328 3550 5374 esset
3577 5322 3726 5378 etiam

2149 5398 2256 5452 sine
2292 5399 2395 5468 ﬁde
2433 5399 2697 5473 Evangelii
2723 5403 2822 5458 vita
2848 5421 3039 5472 eorum,
3077 5407 3345 5464 obscurum
3381 5413 3506 5466 mihi
3543 5419 3725 5486 fateor.

2152 5488 2288 5556 Quid
2307 5491 2440 5545 enim
2470 5492 2547 5546 his
2575 5493 2642 5547 ad
2664 5496 2897 5563 salutem,
2917 5513 3029 5568 qua:
3053 5500 3164 5554 sala
3190 5501 3292 5570 ﬁde
3313 5506 3572 5574 qum-itur,
3605 5523 3726 5576 pro-

2119 5641 2126 5647 _
2150 5580 2259 5636 dest
2285 5583 2340 5636 in
2356 5581 2519 5656 Legis
2545 5587 2784 5641 memoria
2809 5597 2853 5642 et
2882 5591 3201 5647 meditatione
3221 5597 3448 5661 versari;
3476 5599 3574 5652 nisi
3599 5599 3724 5668 forte

2149 5682 2353 5744 propter
2386 5674 2628 5730 honorem
2664 5675 2811 5749 Legis
2845 5679 3023 5750 ipsius,
3050 5682 3127 5736 vel
3146 5686 3344 5754 generis
3364 5687 3645 5758 Abraham,
3673 5699 3727 5745 ut

2153 5901 2182 5942 ν
2186 5825 2475 5956 ἑρῆοἷριιῃὲε
2458 5828 2588 5894 ﬁliis,
2604 5829 2714 5896 uan,
2731 5833 2914 5887 mbos.
2933 5837 3249 5905 Hieronymus
3265 5849 3430 5896 tamen
3447 5856 3512 5898 ex
3522 5845 3731 5905 Hebraeo
