4122 6350
353 360 449 419 £65

347 478 498 533 etiam
519 473 575 529 in
596 482 741 545 parte
762 480 957 527 terrena
980 468 1202 525 carnalis
1226 468 1430 525 seminis
1451 470 1581 539 ejus,
1611 482 1723 538 qua?
1746 464 1939 520 videtur

345 569 625 628 secundum
644 583 849 623 arenam
879 568 1033 621 maris
1060 564 1361 637 computari,
1381 562 1530 634 Legis
1556 562 1776 631 antiqua:
1802 561 1937 614 litte-

348 678 414 718 ra
440 669 739 732 perseveret,
766 674 831 712 ne
858 660 987 729 forte
1020 656 1177 728 aliqui
1204 654 1411 727 legendo
1440 653 1623 724 Legem
1651 652 1940 706 illuminen-

348 760 433 807 tur
466 751 533 805 ad
568 750 722 820 ﬁdem
743 748 958 814 Christi,
980 748 1063 817 qui
1089 754 1136 800 et
1164 745 1310 816 Legis
1337 754 1387 799 et
1421 743 1790 815 Prophetarum
1824 741 1939 810 ﬁnis

348 854 442 910 est,
475 852 522 897 et
546 844 601 897 in
638 842 868 896 omnibus
901 855 1075 894 eorum
1095 839 1234 893 libris
1264 820 1619 909 prae/ﬁguratus
1639 852 1699 889 ac
1719 836 1939 906 prophe-

351 947 483 994 tatus
510 936 707 991 elucet?
741 943 828 988 aut
866 934 985 1003 quia
1014 950 1077 988 ex
1116 933 1241 1003 ipsis
1271 932 1441 1000 impiis
1483 947 1653 985 eorum
1690 928 1940 1000 generatio

349 1041 561 1087 ventura
586 1038 658 1084 est
691 1027 983 1091 electorum,
1005 1026 1089 1096 qui
1114 1025 1175 1079 de
1197 1026 1407 1096 singulis
1446 1024 1669 1078 tribubus
1701 1024 1861 1087 electi,
1887 1024 1940 1078 in

350 1124 599 1180 duodenis
635 1120 855 1176 millibus
896 1119 1224 1191 designantur
1250 1116 1432 1191 (Apoc.
1458 1135 1549 1182 νη,
1581 1118 1733 1189 5-8);
1762 1117 1939 1187 quibus

348 1218 463 1289 ipsa
487 1215 727 1270 revelatio
747 1213 877 1268 beati
901 1213 1118 1267 Joannis
1139 1229 1198 1267 ex
1221 1228 1338 1266 voce
1357 1212 1535 1283 Angeli
1557 1210 1939 1280 prrenuntiantis

353 1308 449 1362 hoc
477 1305 815 1361 testimonium
852 1302 1104 1374 perhibet,
1133 1304 1251 1374 quia
1286 1304 1544 1357 comitatui
1578 1303 1711 1374 regis
1759 1302 1939 1356 aeterni

353 1396 663 1469 familiarius
690 1395 1015 1451 adhaerebunt
1042 1396 1240 1466 penitus
1272 1395 1600 1456 immaculati,
1624 1403 1670 1448 et
1708 1395 1941 1448 humanis

352 1491 722 1564 conjunctionis
752 1490 1015 1559 expertes?
1034 1480 1096 1542 de
1119 1489 1298 1559 quibus
1326 1488 1608 1557 specialiter
1636 1489 1706 1541 ait
1736 1504 1754 1542 :
1788 1506 1806 1539 ι
1846 1487 1942 1543 Se-

353 1592 578 1653 quuntur
596 1585 798 1652 Agnum
819 1596 1127 1651 quocumque
1150 1578 1281 1643 ierit,
1305 1579 1422 1648 quia
1446 1595 1559 1632 cum
1578 1577 1865 1632 mulieribus
1889 1595 1942 1633 se

351 1690 456 1728 non
481 1673 962 1742 coinquinaverunt;
987 1671 1202 1742 virgines
1231 1670 1363 1724 enim
1387 1678 1503 1724 sunt
1529 1690 1546 1722 ι
1570 1669 1690 1742 (Id.
1716 1686 1826 1735 xw,
1845 1669 1938 1743 4

426 1765 478 1820 8.
509 1764 576 1818 In
611 1764 918 1835 sexagesimo
957 1764 1167 1832 septimo
1201 1771 1379 1833 praeter
1414 1762 1519 1816 alia
1549 1761 1681 1816 illud
1707 1762 1831 1815 mihi
1854 1761 1944 1816 ob-

352 1856 699 1910 scurissimum
732 1864 805 1910 est
828 1853 963 1924 quod
989 1855 1078 1920 ait,
1104 1872 1123 1905 (
1152 1852 1501 1907 Verumtamen
1534 1852 1671 1908 Deus
1693 1869 1941 1924 conquas-

355 1948 480 2002 savit
509 1947 678 2015 capita
702 1946 1019 2000 inimicorum
1039 1961 1265 2010 suorum,
1288 1945 1518 1999 verticem
1543 1944 1716 2015 capilli
1738 1962 1939 2015 peram-

355 2039 639 2093 bulantium
692 2039 745 2092 in
806 2037 1002 2092 delictis
1042 2038 1180 2102 suis;
1216 2056 1235 2089 ι
1259 2037 1383 2107 quid
1423 2038 1487 2092 sit
1512 2039 1741 2092 verticem
1768 2037 1942 2109 capilli

355 2128 708 2199 perambulare
745 2128 799 2182 in
843 2127 1059 2181 delictis.
1092 2127 1213 2181 Non
1241 2128 1371 2181 enim
1401 2127 1549 2194 dixit,
1586 2126 1825 2182 Verticem
1852 2145 1939 2182 ca-

355 2222 493 2293 pitis,
518 2221 626 2288 sed,
652 2240 670 2272 ‹
701 2221 931 2274 verticem
957 2219 1153 2292 capilli,
1188 2240 1207 2274 ι
1227 2222 1314 2292 qui
1334 2224 1441 2274 sine
1457 2238 1607 2274 sensu
1637 2230 1728 2276 est.
1756 2221 1836 2275 An
1862 2238 1944 2276 re-

357 2314 549 2384 pletum
580 2314 794 2383 peccatis
820 2313 1072 2367 hominem
1099 2314 1202 2367 vult
1227 2313 1521 2367 ostendere?
1541 2312 1800 2384 Scriptum
1821 2322 1893 2368 est
1924 2329 1944 2370 :

363 2421 383 2454 ι
411 2403 572 2457 Omne
599 2419 685 2456 cor
710 2406 763 2456 in
784 2403 979 2468 dolore,
1006 2421 1038 2456 a
1058 2403 1266 2473 pedibus
1282 2420 1442 2473 usque
1470 2404 1538 2457 ad
1564 2413 1715 2474 caput
1746 2424 1764 2456 ι
1791 2403 1940 2476 (Isai.

354 2510 395 2559 ι,
427 2495 504 2564 6).
554 2493 625 2547 Et
676 2497 829 2564 paulo
872 2496 1014 2566 infra
1053 2496 1190 2565 quod
1227 2497 1363 2581 ait,”
1392 2496 1593 2568 Lingua
1619 2515 1803 2552 canum
1828 2507 1942 2553 tuo-

355 2604 469 2641 rum
526 2602 587 2641 ex
640 2587 855 2640 inimicis
893 2587 953 2640 ab
986 2587 1114 2658 ipso.
1143 2606 1162 2639 ›
1196 2587 1241 2640 Α
1291 2605 1388 2658 quo
1423 2589 1577 2659 ipso?
1609 2599 1657 2643 et
1702 2591 1945 2661 numquid

357 2694 508 2732 canes
534 2677 630 2731 Dei
655 2678 754 2732 dici
784 2688 990 2750 possunt
1012 2676 1252 2746 Gentiles,
1283 2696 1408 2749 quos
1439 2680 1547 2751 ipse
1582 2681 1635 2735 in
1670 2680 1945 2753 Evangelio

356 2787 506 2825 canes
527 2771 751 2824 nominat
776 2769 985 2842 (Matth.
1015 2787 1104 2838 xv,
1126 2770 1259 2843 26)?
1281 2781 1369 2825 aut
1392 2788 1455 2826 ne
1483 2777 1612 2843 forte
1636 2773 1773 2844 ipsos
1798 2791 1947 2829 canes

359 2862 456 2917 Dei
494 2863 647 2927 dicat,
691 2864 862 2933 quales
904 2864 1146 2918 aestimari
1183 2872 1411 2934 possunt,
1455 2865 1499 2919 si
1532 2865 1619 2935 qui
1654 2865 1709 2918 in
1746 2866 1948 2921 nomine

359 2955 633 3009 christiano
671 2953 923 3024 gentiliter
962 2954 1165 3020 vivant;
1193 2971 1405 3025 quorum
1436 2972 1555 3025 pars
1583 2972 1697 3009 cum
1722 2956 1947 3026 inﬁdeli-

360 3046 451 3101 bus
489 3048 712 3117 ponitur,
741 3048 860 3117 quia
891 3047 1053 3101 Deum
1088 3063 1236 3119 quem
1264 3049 1425 3103 verbis
1462 3050 1651 3117 colunt,
1680 3050 1827 3120 factis
1854 3066 1947 3105 ne-

360 3140 525 3210 gant?

432 3230 583 3285 CAP.
613 3231 679 3287 Il.
710 3263 781 3274 -~-
801 3232 854 3288 9.
916 3232 1041 3288 Haec
1070 3235 1267 3289 interim
1289 3236 1351 3290 de
1379 3235 1621 3302 Psalmis,
1652 3254 1786 3292 nunc
1814 3247 1859 3292 et
1887 3239 1952 3294 de

360 3324 607 3394 Apostolo
648 3328 994 3398 quodcumque
1038 3345 1338 3400 proponam.
1394 3330 1525 3384 Dicit
1568 3332 1635 3384 ad
1678 3331 1945 3402 Ephesios,

360 3417 496 3487 quod
527 3417 583 3471 in
617 3418 720 3471 alia
742 3417 972 3489 Epistola
997 3420 1049 3490 (l
1075 3417 1193 3474 Cor.
1222 3436 1321 3488 XII,
1350 3422 1443 3493 28)
1465 3422 1663 3477 dixerat
1686 3423 1749 3476 de
1772 3424 1949 3495 gradi-

362 3508 453 3563 bus
489 3509 567 3563 vel
598 3510 855 3565 ordinibus
901 3512 1282 3582 dispositionum
1310 3513 1438 3579 Dei,
1479 3524 1718 3583 operante
1753 3514 1953 3585 Spiritu

363 3609 542 3654 sancto
568 3601 836 3657 divisiones
860 3604 1180 3673 gratiarum:
1205 3622 1225 3655 ‹
1260 3604 1325 3658 Et
1348 3605 1592 3675 quosdam
1623 3606 1826 3675 quidem
1866 3606 1952 3660 de-

362 3691 438 3743 dit
462 3691 738 3760 apostolos,
760 3694 1003 3764 quosdam
1024 3703 1188 3749 autem
1204 3696 1492 3767 prophetas,
1513 3697 1641 3751 alios
1658 3713 1772 3752 vero
1794 3698 1956 3753 Evan-

360 3781 594 3853 gelistas,
623 3783 749 3838 alios
772 3792 939 3839 autem
968 3794 1189 3855 pastores
1214 3795 1260 3840 et
1288 3787 1514 3842 doctores
1539 3788 1607 3841 ad
1634 3805 1952 3845 consumma-

364 3875 553 3928 tionem
572 3884 859 3929 sanctorum
887 3895 907 3930 ι
934 3875 1147 3948 (Ep/tes.
1175 3894 1250 3943 Iv,
1276 3879 1362 3943 11,
1388 3878 1499 3951 12),
1531 3888 1576 3933 et
1602 3882 1812 3950 reliqua.
1839 3880 1953 3936 Hoc

366 3974 485 4035 opto
506 3965 787 4036 distinguas
810 3968 933 4021 mihi
959 3968 1013 4022 in
1035 3969 1129 4023 hac
1148 3970 1436 4025 diversitate
1458 3972 1736 4040 nominum,
1760 3990 1873 4043 qua:
1890 3975 1956 4028 sit

367 4061 547 4131 cuique
575 4060 766 4115 nomini
788 4062 1061 4133 oﬁiciorum
1092 4063 1166 4117 vel
1191 4064 1468 4134 gratiarum
1497 4066 1810 4137 proprietas?
1834 4068 1956 4139 quid

368 4153 633 4225 proprium
679 4156 744 4208 sit
786 4156 1171 4225 Apostolorum,
1222 4140 1342 4224 quid
1390 4155 1789 4226 PrOphetarum,
1834 4160 1956 4231 quid

373 4245 825 4317 Evangelistarum,
860 4247 982 4319 quid
1030 4246 1317 4315 Pastorum,
1357 4249 1536 4319 quidve
1563 4249 1856 4305 Doctorum.
1888 4252 1955 4307 In

348 4324 603 4393 "omnibus
638 4339 771 4393 enim
809 4338 886 4393 his
933 4340 1140 4394 diversis
1188 4339 1469 4394 nominibus
1511 4341 1675 4395 simile
1716 4352 1760 4397 et
1801 4360 1959 4413 prope

371 4443 528 4481 unum
564 4428 806 4483 doctrina:
830 4428 1045 4500 oﬂicium
1069 4429 1210 4484 video
1245 4430 1401 4501 fuisse
1427 4440 1711 4485 tractatum.
1736 4432 1847 4488 Ilos
1866 4450 1957 4488 au-

374 4528 468 4572 tem
491 4517 777 4590 Prophetas
797 4538 919 4592 quos
940 4531 1049 4591 post
1071 4522 1337 4593 Apostolos
1359 4524 1544 4591 posuit,
1568 4540 1670 4578 non
1698 4535 1817 4595 puto
1841 4525 1959 4582 illos

372 4627 477 4665 esse
508 4612 595 4681 qui
633 4613 809 4666 ordine
849 4621 1129 4683 temporum
1166 4624 1284 4669 ante
1320 4614 1587 4686 Apostolus
1624 4621 1845 4688 fuerunt,
1868 4619 1958 4673 sed

374 4702 487 4755 illos
526 4703 706 4769 quibus
740 4705 854 4773 jam
897 4702 987 4758 sub
1017 4705 1268 4775 Apostolis
1299 4722 1390 4776 per
1412 4708 1627 4777 gratiam
1654 4709 1951 4777 donabatur,

375 4803 460 4846 aut
479 4794 823 4863 interpretatio
846 4795 1226 4866 Scripturarum
1246 4806 1292 4850 et
1314 4798 1555 4869 inspectio
1581 4802 1843 4867 mentium,
1871 4811 1959 4857 aut

376 4888 635 4957 prmdictio
672 4890 909 4960 temporis
948 4890 1201 4954 secuturi;
1222 4898 1276 4943 ut
1301 4890 1503 4962 Agabus
1531 4894 1779 4960 cernebat,
1807 4895 1959 4965 quiet

376 4983 561 5050 famem
604 4980 872 5035 instantem
916 4982 1151 5051 praedixit
1194 4982 1328 5054 (Act.
1359 5000 1432 5049 xI,
1459 4984 1551 5056 28)
1577 4994 1621 5039 et
1649 5002 1761 5056 quae
1790 4988 1960 5043 beatus

380 5073 575 5129 Paulus
600 5076 654 5130 in
681 5075 1013 5147 Jerosolymis
1034 5093 1276 5146 passurus
1296 5088 1441 5147 esset,
1462 5088 1511 5133 et
1529 5080 1675 5134 verbo
1695 5082 1961 5135 denuntia-

376 5170 464 5235 vit,
495 5178 540 5223 et
573 5170 718 5240 signo
750 5186 894 5224 zona
920 5171 1032 5240 ejus
1048 5171 1260 5225 ostendit
1286 5169 1397 5242 (Id.
1422 5188 1531 5238 XXl,
1562 5173 1649 5239 10,
1680 5174 1791 5245 11).
1819 5172 1961 5229 Inter

380 5260 618 5318 Pastores
645 5265 927 5336 specialiter
963 5274 1011 5320 et
1035 5264 1273 5321 Doctores
1306 5268 1428 5337 quid
1460 5269 1653 5324 intersit
1672 5272 1962 5342 dignoscere

378 5356 509 5422 volo,
539 5357 658 5426 quia
690 5357 971 5429 praepositis
996 5356 1237 5413 Ecclesiae
1258 5367 1523 5430 utrumque
1541 5377 1719 5416 nomen
1745 5362 1961 5418 adscribi

376 5446 518 5501 solet.
1577 5449 1584 5456 '

448 5539 536 5595 10.
567 5539 702 5595 Item
738 5542 876 5613 quod
917 5545 988 5597 ait
1026 5543 1096 5598 ad
1135 5543 1474 5612 Timotheum,
1501 5562 1521 5595 ς
1555 5543 1772 5602 Obsecro
1808 5549 1963 5621 igitur

380 5634 597 5701 primum
622 5637 850 5691 omnium
886 5640 997 5709 ﬁeri
1026 5640 1412 5709 obsecrationes,
1435 5642 1705 5707 orationes,
1737 5647 1962 5713 postula-

379 5727 536 5783 tiones
556 5770 571 5793 ,
631 5732 913 5799 gratiarqu
980 5735 1201 5790 actiones
1248 5750 1339 5807 pro
1372 5738 1598 5794 omnibus
1628 5739 1910 5797 hominibus
1934 5762 1954 5796 ι

376 5816 419 5890 (1
451 5818 579 5873 Tim.
609 5836 666 5889 II,
692 5823 770 5893 1),
798 5841 967 5897 quceso
1011 5843 1235 5899 exponas
1275 5830 1417 5897 mihi,
1453 5831 1588 5900 quod
1611 5832 1877 5892 discrimen
1897 5838 1961 5891 sit

1546 340 2027 409 EPISTOLARUM
2062 342 2333 403 CLASSIS
2368 342 2432 403 Π.

3524 351 3632 418 166

2045 459 2098 514 in
2117 460 2211 514 hac
2228 462 2509 518 diversitate
2521 463 2802 535 verborum,
2820 483 2934 522 cum
2947 468 3116 525 omnia
3138 470 3265 527 mihi
3280 487 3393 543 (μω
3409 476 3631 547 gerenda

2048 556 2195 623 dixit,
2217 557 2459 611 orationis
2485 560 2645 629 oﬁ'icio
2667 560 2929 616 convenire
2946 562 3224 619 videantur.

2119 650 2207 703 11.
2229 648 2360 703 Item
2386 652 2522 723 quod
2546 652 2614 705 ad
2639 652 2897 710 Romanos
2921 656 3011 721 ait,
3039 656 3292 729 interrogo
3330 667 3378 713 et
3408 676 3530 732 rogo
3571 672 3632 717 ut

2046 739 2291 795 edisseras
2316 742 2473 808 mihi;
2502 745 2715 797 multum
2741 746 2871 799 enim
2902 749 3133 802 ctecutire
3159 765 3239 804 me
3264 752 3425 821 fateor
3456 751 3509 805 in
3534 752 3631 807 hac
3650 812 3664 823 ,

2046 834 2278 904 Apostoli
2296 836 2540 891 sententia
2558 838 2621 891 de
2632 837 2829 893 Judteis
2844 840 2980 912 quod
2994 841 3080 907 ait,
3104 860 3123 892 ι
3154 841 3445 897 Secundum
3464 844 3632 899 Evan-

2045 928 2230 999 gelium
2250 929 2449 993 quidem
2466 931 2658 986 inimici
2680 943 2885 1004 propter
2901 949 3020 999 vos;
3045 935 3321 990 secundum
3341 937 3629 993 electionem

2045 1030 2215 1076 autem
2228 1024 2508 1078 charissimi
2522 1035 2727 1096 propter
2750 1026 3127 1102 patresI(Rom.
3146 1046 3222 1096 XI,
3235 1030 3325 1102 28)
3347 1047 3360 1083 :
3379 1033 3628 1102 quomodo

2045 1113 2199 1168 iidem
2219 1124 2265 1168 et
2281 1116 2471 1169 inimici
2491 1127 2695 1188 propter
2714 1136 2822 1183 nos,
2849 1120 2935 1190 qui
2955 1120 3256 1176 credidimus
3280 1139 3341 1176 ex
3367 1122 3627 1188 Gentibus,

2046 1214 2284 1279 tanquam
2309 1226 2408 1263 non
2447 1211 2699 1279 potuerint
2730 1210 2908 1265 Gentes
2936 1212 3158 1279 credere,
3192 1214 3288 1267 nisi
3322 1213 3493 1268 Judaei
3530 1232 3631 1269 non

2044 1299 2413 1367 credidissent;
2450 1310 2539 1354 aut
2576 1302 2684 1372 ipse
2719 1318 2848 1355 unus
2888 1304 3109 1357 omnium
3143 1313 3338 1357 creator
3366 1303 3522 1368 Deus,
3546 1309 3632 1374 qui

2045 1386 2215 1445 onmes
2243 1392 2468 1446 homines
2494 1393 2657 1448 salvos
2681 1394 2791 1461 ﬁeri
2818 1395 2941 1460 vult,
2962 1404 3006 1447 et
3035 1394 3103 1447 ad
3127 1396 3433 1465 agnitionem
3454 1398 3631 1450 verita-

2047 1486 2111 1541 tis
2135 1487 2299 1541 venire
2322 1486 2364 1557 (Ι
2394 1484 2529 1540 Tim.
2561 1503 2616 1551 II,
2648 1485 2725 1557 4),
2763 1504 2928 1558 capax
2952 1505 3051 1541 non
3096 1490 3245 1559 fuerit
3288 1489 3629 1558 acquisitionis

2044 1580 2322 1647 utriusque,
2365 1580 2463 1633 nisi
2498 1579 2712 1634 alterum
2751 1597 2843 1651 pro
2886 1582 3043 1634 altero
3088 1582 3359 1652 possideret
3397 1596 3415 1635 :
3452 1582 3632 1635 deinde

2052 1685 2073 1718 ‹
2105 1665 2390 1720 charissimi
2411 1675 2614 1737 propter
2635 1676 2801 1738 patres
2818 1667 2871 1721 ?I
2896 1666 2958 1722 Si
2975 1686 2992 1716 ‹
3018 1666 3319 1733 charissimi,
3346 1686 3364 1718 ι
3381 1668 3631 1737 quomodo

2045 1769 2132 1813 aut
2159 1759 2289 1813 unde
2330 1775 2429 1813 non
2474 1759 2701 1827 credant,
2729 1767 2774 1813 et
2801 1760 2994 1812 inimici
3029 1758 3137 1813 Deo
3180 1774 3284 1812 esse
3327 1759 3633 1828 persistant?

2051 1870 2071 1905 ε
2104 1850 2307 1919 Nonne,
2335 1871 2355 1906 ι
2377 1853 2559 1923 inquit,
2590 1870 2608 1903 ι
2640 1853 2725 1922 qui
2751 1852 2959 1906 oderant
2989 1861 3054 1919 te,
3083 1851 3239 1917 Deus,
3265 1851 3467 1905 oderam
3494 1851 3629 1917 illos,

2046 1958 2092 2002 et
2110 1965 2259 2019 super
2282 1948 2511 2001 inimicos
2534 1956 2643 2000 tuos
2664 1945 3008 2011 tabescebam;
3040 1949 3258 2015 perfecto
3282 1944 3399 1997 odio
3428 1943 3632 1997 oderam

2044 2040 2197 2095 illos?
2221 2060 2238 2091 ι
2261 2040 2404 2094 Certe
2422 2039 2515 2092 hoc
2532 2047 2649 2109 puto
2667 2048 2873 2107 paterna
2892 2053 2989 2091 vox
3012 2037 3230 2107 loquitur
3243 2036 3310 2088 ad
3331 2033 3380 2087 F
3378 2035 3523 2089 ilium
3545 2051 3634 2105 per

2050 2135 2345 2205 prophetam
2373 2133 2425 2185 in
2455 2131 2625 2186 eodem
2655 2130 2868 2201 psalmo,
2894 2129 2978 2182 ubi
3005 2146 3157 2196 supra
3183 2128 3245 2181 de
3269 2138 3410 2195 parte
3429 2127 3635 2181 creden-

2048 2227 2170 2279 tium
2212 2226 2407 2279 dixerat
2452 2241 2471 2279 :
2519 2242 2538 2274 «
2588 2222 2722 2276 Mihi
2761 2231 2927 2275 autem
2975 2222 3123 2275 nimis
3160 2220 3479 2287 honori/icati
3520 2227 3635 2272 sunt

2047 2315 2195 2369 amici
2221 2316 2318 2382 tui,
2351 2315 2520 2380 Deus;
2542 2314 2691 2367 nimis
2721 2317 3034 2385 confortatus
3078 2323 3148 2366 est
3198 2312 3508 2380 principatus
3542 2326 3630 2363 eo-

2047 2424 2160 2462 rum
2198 2427 2217 2460 I
2256 2405 2426 2478 (Psal.
2472 2422 2726 2472 CXXXVIII,
2755 2406 2846 2470 21,
2880 2404 2969 2467 22,
3006 2404 3114 2473 17).
3151 2402 3287 2467 Quid
3325 2412 3491 2456 autem
3531 2401 3635 2455 illis

2050 2500 2251 2570 prodest
2286 2499 2354 2552 ad
2381 2498 2617 2566 salutem,
2644 2513 2754 2567 qua:
2782 2496 2985 2549 nonnisi
3029 2511 3117 2565 per
3154 2494 3308 2561 [idem
3342 2502 3387 2545 et
3422 2494 3636 2564 gratiam

2048 2587 2238 2644 Christi
2268 2588 2484 2659 capitur,
2512 2587 2555 2642 si
2580 2596 2784 2657 propter
2809 2586 2961 2656 ﬁdem
2991 2594 3191 2655 patrum
3218 2582 3502 2637 charissimi
3530 2581 3636 2635 Deo

2048 2681 2149 2734 sint
2172 2681 2196 2734 ?
2221 2680 2302 2733 cui
2327 2679 2456 2733 bono
2490 2679 2768 2749 diliguntur
2802 2694 2926 2747 quos
2961 2692 3156 2730 necesse
3199 2682 3270 2728 est
3304 2685 3507 2745 propter
3544 2673 3637 2727 hoc

2050 2774 2304 2839 damnari,
2328 2774 2465 2839 quod
2500 2781 2704 2845 propter
2741 2788 2885 2826 suam
2922 2766 3271 2839 inﬁdelitatem
3294 2785 3325 2820 a
3353 2766 3639 2837 Propheta-

2049 2884 2164 2923 rum
2184 2878 2230 2923 et
2248 2867 2648 2938 patriarcharum
2667 2875 2931 2936 parentum
2948 2865 3050 2933 ﬁde
3065 2863 3427 2931 discrepantes,
3445 2860 3638 2913 inimici

2050 2969 2164 3014 sunt
2202 2959 2478 3030 Evangelia
2516 2958 2741 3013 Christi?
2766 2957 2826 3011 Si
2859 2972 2976 3026 ergo
3017 2953 3299 3008 charissimi
3336 2951 3466 3017 Deo,
3511 2966 3638 3021 quo-

2052 3052 2202 3107 modo
2234 3053 2509 3120 peribunt?
2535 3059 2581 3104 et
2609 3052 2652 3103 si
2684 3066 2784 3103 non
2824 3048 3072 3111 credunt,
3098 3049 3345 3117 quomodo
3382 3061 3483 3098 non
3523 3058 3639 3115 per-

2052 3145 2235 3199 ibunt?
2256 3144 2317 3200 Si
2331 3153 2534 3215 propter
2558 3152 2725 3214 patres
2746 3141 2853 3195 sine
2872 3156 2964 3194 suo
2985 3140 3161 3193 merito
3180 3138 3480 3209 diliguntur,
3508 3152 3638 3206 quo-

2054 3236 2205 3291 modo
2235 3244 2281 3289 et
2311 3243 2514 3306 pr0pter
2537 3244 2704 3305 patres
2725 3250 2824 3287 non
2845 3232 3204 3297 salvabuntur;
3224 3230 3313 3283 sed
3332 3229 3420 3284 etsi
3448 3229 3639 3299 fuerint

2055 3326 2191 3393 Noe,
2228 3326 2429 3393 Daniel,
2458 3336 2505 3380 et
2529 3326 2628 3380 Job
2654 3327 2707 3379 in
2733 3324 2899 3378 medio
2926 3307 3136 3389 eorum,
3155 3322 3289 3392 ﬁlios
3321 3322 3504 3391 impios
3542 3334 3642 3373 non

2055 3418 2337 3481 salvabunt,
2361 3418 2456 3473 soli
2484 3418 2609 3472 salvi
2631 3426 2777 3471 erunt
2802 3415 3011 3486 (Ezech.
3041 3429 3146 3476 xIv,
3173 3414 3260 3478 14,
3285 3411 3415 3483 16)?
3624 3484 3625 3487 η

2127 3511 2216 3565 12.
2241 3510 2421 3564 Adhuc
2446 3508 2589 3564 aliud
2618 3508 2879 3562 obscurius
2901 3506 3023 3560 mihi
3054 3522 3172 3559 erue
3203 3505 3265 3558 de
3292 3502 3567 3575 profundo,
3596 3511 3644 3556 et

2056 3605 2111 3659 in
2136 3604 2319 3658 vadum
2346 3605 2536 3674 profer.
2566 3599 2633 3655 In
2662 3599 2897 3671 Epistola
2927 3597 3299 3653 Colossensium
3333 3595 3537 3649 omnino
3562 3595 3646 3649 in-

2059 3697 2281 3769 telligere
2304 3713 2405 3750 non
2431 3712 2633 3766 possum
2665 3692 2799 3765 quod
2834 3693 2926 3760 ait,
2958 3709 2977 3742 ι
3013 3689 3177 3745 Nemo
3198 3707 3283 3745 vos
3306 3690 3532 3753 seducat,
3561 3705 3649 3743 vo-

2059 3792 2167 3847 lens
2196 3792 2247 3844 in
2278 3778 2562 3843 humilitate
2582 3797 2627 3841 et
2646 3786 2891 3858 religione
2914 3784 3229 3856 angelorum,
3258 3798 3374 3853 qua:
3402 3798 3499 3836 non
3524 3781 3648 3835 vidit

2059 3883 2343 3949 ambulans,
2364 3885 2554 3953 frustra
2586 3882 2793 3952 inflatus
2835 3895 2985 3934 sensu
3019 3878 3185 3931 carnis
3217 3892 3341 3942 suae,
3372 3885 3418 3930 et
3443 3892 3542 3930 non
3572 3884 3649 3929 te-

2061 3993 2185 4031 nens
2207 3984 2384 4047 caput)
2413 3975 2629 4049 (Coloss.
2647 3990 2703 4039 II,
2724 3974 2807 4039 18,
2843 3972 2954 4044 19);
2975 3963 3037 4025 d'e
3051 3970 3234 4042 quibus
3257 3968 3450 4041 angelis
3480 3970 3598 4023 dicit
3622 3986 3641 4023 :

2061 4070 2107 4123 si
2131 4069 2194 4123 de
2216 4068 2432 4123 inimicis
2450 4076 2498 4122 et
2525 4068 2691 4133 malis,
2719 4080 2831 4137 quae
2849 4065 3051 4118 illorum
3075 4063 3273 4134 religio.
3301 4069 3386 4114 aut
3410 4075 3523 4131 quer
3549 4061 3649 4113 hu-

2062 4161 2272 4224 militas,
2304 4170 2349 4214 et
2378 4161 2487 4230 quis
2529 4159 2592 4212 sit
2641 4158 2877 4229 magister
2909 4153 3210 4209 seductionis
3246 4152 3418 4222 hujus,
3446 4153 3533 4221 qui
3563 4168 3652 4222 per

2064 4257 2320 4310 obtentum
2351 4254 2515 4307 nescio
2546 4252 2692 4322 cujus
2728 4250 2969 4321 angelica:
2995 4246 3271 4318 religionis,
3294 4244 3440 4316 quasi
3465 4246 3572 4299 visa
3604 4252 3652 4297 et

2064 4358 2319 4420 comperta
2341 4348 2518 4400 doceat
2537 4360 2649 4417 qua:
2673 4360 2773 4397 non
2800 4341 2958 4396 vidit?
2981 4340 3105 4395 Sine
3127 4337 3279 4392 dubio
3299 4336 3535 4400 haeretici,
3566 4336 3651 4405 qui

2067 4443 2322 4498 doctrinas
2351 4440 2715 4494 daemoniorum
2742 4446 2787 4490 et
2818 4443 3091 4506 sequuntur
3115 4442 3161 4487 et
3184 4440 3438 4505 promunt,
3470 4424 3659 4484 conce-V

2065 4535 2165 4607 ptis
2188 4532 2249 4587 ab
2277 4548 2448 4587 eorum
2473 4530 2652 4603 spiritu
2679 4526 3133 4591 adinventionibus,
3161 4539 3274 4596 qua
3300 4538 3399 4577 non
3421 4522 3653 4576 viderunt

2067 4635 2443 4706 phantasmata,
2469 4632 2613 4703 quasi
2645 4632 2752 4685 visa
2784 4630 3058 4702 ﬁngentes,
3077 4636 3123 4681 et
3147 4628 3394 4700 pestiferis
3424 4627 3652 4698 disputa-

2067 4726 2284 4781 tionibus
2327 4726 2379 4778 in
2426 4724 2579 4778 corda
2612 4722 2742 4776 male
2780 4719 2986 4775 credula
3014 4720 3313 4775 seminantes
3338 4718 3383 4788 (Ι
3408 4717 3542 4771 Tim.
3576 4732 3650 4786 Iv,

2067 4821 2117 4886 i,
2151 4820 2232 4890 2),
2263 4819 2314 4872 hi
2341 4826 2457 4872 sunt
2475 4817 2561 4886 qui
2582 4832 2683 4869 non
2711 4824 2875 4869 tenent
2896 4824 3066 4884 caput,
3089 4812 3146 4867 id
3162 4822 3235 4868 est
3261 4811 3514 4867 Christum
3539 4811 3656 4880 [σηε-

2066 4923 2163 4968 tem
2175 4914 2413 4978 veritatis,
2427 4908 2825 4982 cujusidoctrina’
2834 4909 3076 4980 quidquid
3091 4907 3402 4971 adversatur,
3415 4906 3654 4959 insanum

2067 5015 2158 5060 est.
2180 5004 2243 5059 Et
2258 5004 2310 5057 hi
2324 5003 2443 5058 caeci
2455 5002 2604 5055 duces
2624 5018 2877 5079 excorng
2905 4999 3116 5071 (Matth.
3135 5016 3221 5064 xv,
3243 4999 3369 5072 14),
3396 4998 3458 5052 de
3476 4996 3653 5068 quibus

2073 5117 2090 5149 ‹
2103 5098 2202 5151 dici
2216 5105 2336 5166 puto
2349 5094 2457 5150 :Me
2469 5093 2835 5164 dereliquerunt
2852 5094 3039 5163 fontem
3056 5108 3202 5162 aqua:
3212 5091 3407 5158 vivw,et
3416 5090 3655 5163 foderunt

2066 5189 2159 5244 sibi
2175 5187 2313 5242 lacus
2340 5187 2596 5249 contritos,
2625 5186 2709 5254 qui
2731 5202 2831 5238 non
2859 5194 3023 5238 tenent
3050 5200 3263 5255 aquam)
3290 5176 3423 5255 (Ier.
3453 5198 3510 5248 II,
3539 5182 3697 5253 15),.

2140 5281 2226 5336 15.
2254 5278 2450 5333 Deinde
2473 5278 2527 5332 in
2546 5277 2864 5348 subsequenti
2885 5276 3049 5349 capite
3068 5276 3292 5348 adjecit:
3321 5293 3341 5327 s
3372 5273 3456 5329 Ne
3475 5273 3652 5345 tetige-

2068 5374 2197 5440 ritis,
2222 5388 2377 5444 neque
2404 5370 2741 5442 gustaveritis,
2761 5386 2916 5440 neque
2935 5369 3383 5435 contrectaveritis,
3407 5383 3521 5439 qua:
3534 5358 3675 5422 sunt-

2068 5466 2239 5521 omnia
2277 5466 2330 5519 in
2366 5465 2624 5543 interitum
2650 5464 2762 5533 ipso
2790 5480 2885 5517 usu
2907 5464 3178 5518 secundum
3206 5472 3456 5533 praecepta
3479 5471 3527 5517 et
3554 5462 3653 5515 do-

2069 5559 2255 5613 ctrinas
2291 5558 2569 5624 hominum,
2598 5557 2843 5611 rationem
2877 5556 3077 5627 quidem
3117 5556 3350 5611 habentia
3390 5555 3657 5626 sapientiae

2068 5652 2120 5707 in
2166 5652 2518 5721 superstitione
2554 5659 2603 5704 et
2646 5649 2956 5717 humilitate,
2987 5650 3055 5703 ad
3079 5666 3179 5704 non
3208 5649 3515 5721 parcendum
3538 5664 3653 5703 cor-

2072 5744 2203 5816 pori,
2227 5760 2329 5798 non
2348 5744 2401 5797 in
2418 5744 2606 5798 honore
2624 5743 2792 5813 aliquo
2808 5741 2875 5795 ad
2891 5743 3203 5797 saturitatem
3213 5743 3408 5797 carniss
3433 5738 3652 5815 (Coloss.
3674 5726 3679 5789 Ῐ

2070 5856 2129 5907 II,
2152 5838 2368 5909 21-25).
2408 5838 2537 5905 Quce
2582 5847 2699 5892 sunt
2732 5837 2850 5906 ista,
2867 5836 3044 5905 quibus
3062 5846 3110 5893 et
3127 5836 3371 5892 rationem
3396 5834 3677 5911 sapientia
