4014 6338
534 428 635 486 M37

532 549 694 602 inesse
723 557 932 602 testatur
957 547 1192 615 magister
1211 544 1452 608 veritatis,
1483 553 1530 598 et
1555 551 1719 597 tamen
1745 543 1911 611 ipsum
1934 526 2119 596 verita;

533 653 635 696 tem
659 640 916 710 religionis
938 641 1100 694 inesse
1127 639 1378 710 abnegat?
1408 638 1553 691 Anne
1573 639 1700 708 forte
1735 636 1802 704 de
1834 634 2018 688 talibus
2043 634 2119 688 lo-

529 735 720 806 quitur,
747 733 808 788 de
837 732 1012 796 quibus
1043 732 1109 786 ad
1141 730 1454 785 Timotheum
1484 729 1604 783 dicit
1634 743 1652 782 :
1687 746 1705 782 ι
1740 726 1992 781 Habentes
2023 741 2118 778 au-

536 836 634 880 tem
663 825 878 895 speciem
900 823 1115 893 pietatis,
1132 823 1361 876 uirtutem
1381 821 1492 891 ejus
1517 820 1816 890 abuegantes
1840 837 1859 894 ι
1889 816 1958 890 (ll
1977 816 2113 872 Tim.

532 934 616 984 ιιι,
639 917 733 990 5)?
772 915 916 987 Rogo
957 931 1073 985 ergo
1108 914 1390 983 specialiter
1424 913 1530 970 haec
1552 911 1779 981 capitulo
1799 911 1902 964 duo
1929 910 1992 963 de
2019 907 2116 962 Co-

531 1012 833 1068 lossensium
875 1006 1105 1078 Epistola
1149 1024 1236 1076 per
1277 1005 1478 1077 singula
1515 1005 1640 1059 mihi
1674 1003 1819 1059 verba
1846 1001 2112 1068 dissolvas,

533 1105 650 1174 quia
673 1100 1008 1156 laudabilibus
1036 1098 1341 1154 exsecranda
1368 1097 1668 1166 permiscuit.
1705 1095 1840 1161 Quid
1878 1103 1948 1148 est
1983 1094 2115 1147 enim

531 1210 633 1249 tam
653 1193 924 1257 laudabile,
950 1209 1096 1263 quam
1118 1192 1246 1245 ratio
1266 1191 1542 1260 sapientiae.
1566 1199 1613 1244 et
1631 1188 1754 1258 quid
1773 1198 1874 1242 tam
1897 1203 2116 1242 exsecra-

533 1287 646 1346 bile.
675 1299 826 1354 quam
857 1283 1143 1352 superstitio
1170 1282 1391 1338 erroris?
1417 1279 1696 1336 Humilitas
1721 1295 1914 1348 quoque
1935 1287 1980 1331 et
2005 1277 2113 1331 Deo

533 1378 739 1446 placita,
771 1387 818 1430 et
845 1377 1065 1431 maxime
1091 1377 1140 1430 in
1166 1391 1281 1429 vera
1309 1375 1548 1444 religione
1571 1371 1861 1437 laudabilis,
1887 1386 2002 1423 cum
2023 1386 2112 1423 ra-

531 1480 664 1524 tione
685 1469 945 1537 sapientia:
970 1468 1091 1536 ipsis
1120 1467 1288 1532 datur,
1321 1465 1383 1518 de
1407 1479 1618 1534 quorum
1644 1462 1883 1519 doctrinis
1910 1470 1958 1516 et
1981 1460 2112 1513 acti.

531 1559 625 1614 bus
650 1561 834 1613 dicitur
851 1559 1012 1622 nobis,
1037 1577 1054 1609 ι
1085 1557 1165 1610 Ne
1182 1557 1460 1628 tetigeritis,
1481 1571 1634 1625 neque
1649 1553 1978 1623 gustaveritis,
2002 1566 2114 1622 qua:

533 1661 650 1708 sunt
662 1652 714 1704 in
732 1652 982 1705 interitum
995 1667 1015 1702 ι
1038 1649 1233 1719 (Colat,
1246 1648 1462 1718 21,22),
1481 1648 1596 1717 quia
1609 1663 1708 1700 non
1722 1654 1834 1699 sunt
1849 1661 1912 1699 ea:
1926 1645 2112 1698 Dea:et

533 1759 678 1796 omne
704 1741 838 1812 quod
861 1759 958 1798 non
979 1752 1050 1794 est
1069 1757 1131 1795 ex
1151 1741 1272 1808 ﬁde,
1295 1750 1550 1809 peccatum
1574 1747 1646 1792 est
1673 1737 1845 1806 (Rom.
1862 1746 1968 1802 xiv,
1995 1735 2108 1805 25).

535 1833 674 1888 Deus
697 1844 858 1888 autem
875 1833 1135 1900 dissipavit
1153 1832 1359 1886 consilia
1370 1830 1668 1902 sapientium
1684 1827 1796 1900 (Ps.
1813 1843 1978 1892 xxx",
1999 1825 2109 1898 10),

531 1926 618 1995 qui
643 1924 749 1978 Deo
778 1924 915 1977 stulti
943 1933 1058 1977 sunt
1086 1941 1173 1990 per
1201 1923 1515 1992 prudentiam
1548 1923 1735 1987 carnis,
1761 1935 1876 1991 qua:
1898 1936 1997 1973 non
2023 1936 2114 1990 po-

531 2026 622 2072 test
648 2018 746 2088 legi
777 2017 874 2071 Dei
895 2035 999 2072 esse
1023 2017 1244 2088 subjecta
1267 2017 1441 2084 (Rom.
1470 2031 1579 2080 \‘lll,
1611 2016 1678 2084 7)
1705 2033 1720 2070 :
1746 2017 1836 2069 scit
1865 2015 1996 2068 enim
2021 2029 2112 2068 co-

531 2113 796 2182 gitationes
818 2112 1096 2176 hominum,
1111 2111 1345 2180 quoniam
1364 2125 1506 2164 vante
1518 2119 1630 2162 sunt
1647 2107 1816 2178 (Psal.
1834 2123 1976 2171 xcm,
1997 2110 2017 2160 i
2032 2106 2109 2178 1).

535 2201 747 2267 Qualem
774 2201 1125 2262 humilitatem,
1158 2201 1451 2269 qualemque
1477 2200 1718 2252 rationem
1739 2199 2002 2268 sapientia:
2018 2215 2110 2252 su-

533 2293 813 2361 perstitioni
851 2309 912 2347 ea:
953 2293 1211 2348 hominum
1239 2291 1479 2344 doctrinis
1506 2291 1718 2345 venienti
1756 2291 1918 2344 inesse
1953 2291 2109 2354 dicat,

531 2387 747 2455 requiro.
764 2385 829 2440 Et
849 2385 982 2457 quod
997 2387 1089 2452 ait,
1118 2403 1136 2437 ι
1167 2384 1244 2440 Ad
1261 2402 1361 2438 non
1381 2383 1688 2452 parcendum
1701 2383 1922 2454 corpori,
1941 2399 2042 2436 non
2058 2383 2112 2436 in

531 2479 720 2531 honore
738 2477 906 2546 aliqua
926 2478 992 2531 ad
1006 2477 1318 2531 saturitatem
1331 2475 1496 2530 carnis
1509 2473 1588 2550 i(I
1592 2475 1626 2530 tl
1633 2473 1764 2544 .25);
1785 2491 1990 2546 prorsus
2003 2474 2111 2527 haec

532 2580 712 2640 parum
732 2569 975 2640 intelligo,
1004 2570 1122 2640 quia
1146 2569 1196 2622 in
1219 2567 1390 2622 eadem
1415 2566 1657 2620 sententia
1682 2582 1866 2635 magna
1892 2564 2015 2617 mihi
2040 2565 2113 2618 vi-

530 2663 678 2716 detur
705 2677 810 2716 esse
846 2661 1075 2715 discretio
1101 2659 1356 2713 :arbitror
1391 2657 1521 2711 enim
1559 2667 1674 2711 eum
1711 2658 1775 2712 de
1813 2655 2114 2711 abstinentia

530 2752 746 2824 qualibet
777 2754 893 2822 ﬁcta
919 2753 996 2807 vel
1035 2750 1223 2815 inutili,
1245 2751 1409 2820 qualis
1447 2748 1571 2804 solet
1603 2748 1666 2801 ab
1705 2748 1951 2802 haereticis
1979 2746 2108 2814 u/fe-

529 2845 674 2908 ctari,
701 2845 794 2898 hoc
823 2844 1007 2907 dicere,
1041 2862 1058 2894 ι
1088 2844 1156 2896 ad
1195 2858 1292 2895 non
1331 2839 1634 2912 parcendum
1660 2841 1897 2908 corpori;
1926 2859 1944 2891 ι
1975 2839 2110 2910 quod

529 2947 695 2990 autem
719 2937 923 3008 adjecit,
957 2955 976 2989 ‹
1007 2953 1106 2989 non
1132 2935 1183 2988 in
1212 2935 1400 2987 honore
1419 2933 1607 2997 aliqua,
1636 2948 1654 2984 ι
1677 2932 1794 3002 quia
1813 2932 1972 2986 sancti
1993 2948 2112 3001 ope-

527 3029 597 3084 ris
623 3030 855 3097 speciem,
889 3045 986 3082 non
1016 3028 1069 3082 in
1095 3027 1194 3095 ﬁde
1221 3026 1441 3079 veritatis
1463 3033 1764 3087 exercentes,
1789 3023 1977 3077 nullius
2001 3024 2114 3094 glo-

527 3121 620 3174 τίω
643 3121 832 3174 honore
857 3120 931 3174 vel
953 3121 1120 3188 fructu
1141 3129 1315 3190 agunt,
1345 3117 1480 3187 quod
1501 3119 1553 3172 in
1580 3135 1764 3187 magna
1787 3119 1966 3172 erroris
1989 3135 2109 3185 per-

528 3211 657 3266 uersi
681 3211 1066 3279 reprehensione
1091 3211 1384 3279 conficiunt,
1415 3209 1830 3280 transﬁgurantes
1857 3226 1910 3263 se
1939 3211 1988 3263 in
2015 3210 2111 3263 mi-

527 3302 710 3356 nistros
751 3301 984 3373 justitiae.
1043 3302 1148 3364 Sed
1187 3301 1319 3370 quod
1363 3301 1564 3370 adjecit,
1617 3317 1635 3351 ι
1690 3300 1758 3352 ad
1798 3301 2112 3359 saturitatem

526 3392 712 3454 carnis,
742 3411 760 3443 ι
792 3393 1098 3452 contrarium
1134 3393 1257 3445 mihi
1301 3393 1495 3444 videtur
1539 3391 1616 3446 illi
1657 3393 1790 3458 quod
1830 3391 1969 3456 dicit,
1995 3411 2012 3443 ι
2043 3393 2110 3446 ad

529 3500 630 3537 non
654 3484 959 3553 parcendum
985 3485 1219 3551 corpori:
1241 3504 1258 3535 ›
1285 3484 1480 3538 videtur
1499 3486 1630 3538 enim
1647 3484 2110 3553 mihiillenonpar-

527 3590 638 3628 cere
657 3575 877 3642 corpori,
908 3575 994 3644 qui
1015 3591 1214 3628 carnem
1234 3576 1446 3646 jejuniis
1475 3575 1666 3641 domat,
1688 3576 1815 3628 sicut
1839 3574 2110 3645 Apostolus

525 3663 669 3732 dicit,
701 3682 719 3715 ι
749 3661 980 3718 Lividum
1011 3665 1143 3732 facio
1163 3681 1344 3735 corpus
1371 3682 1554 3728 meum,
1578 3674 1624 3718 et
1647 3666 1698 3718 in
1721 3666 2000 3718 servitutem
2026 3682 2110 3720 re-

527 3757 645 3827 digo
671 3777 688 3809 »
715 3758 754 3828 (Ι
779 3756 894 3811 Cor.
919 3773 991 3822 ιχ,
1023 3758 1147 3826 27);
1181 3775 1211 3809 a
1236 3775 1334 3828 qua
1354 3775 1500 3826 opere
1519 3758 1930 3812 saturitascarnis
1944 3758 2110 3816 aliena

525 3859 639 3904 est:
667 3850 765 3902 nisi
803 3853 930 3919 forte
974 3858 1019 3902 et
1053 3849 1215 3918 ipsam
1262 3848 1551 3902 saturanth
1580 3849 1746 3902 carnis
1774 3865 1966 3911 curam,
1993 3865 2108 3919 quae

523 3941 739 3995 maxime
764 3940 1130 3994 observantiam
1151 3940 1405 4010 religionis
1425 3940 1844 4010 praetendentibus
1866 3941 2110 4011 probrosa
2153 3965 2168 3970 κ

423 4095 432 4104 υ
524 4041 613 4097 est,
649 4049 747 4086 non
770 4050 974 4103 parcere
992 4032 1191 4101 corpori
1213 4032 1362 4097 dixit,
1385 4035 1661 4086 secundum
1685 4033 1814 4086 illud
1835 4033 2106 4088 honestatis

521 4133 847 4194 prteceptum,
879 4124 1012 4195 quod
1054 4123 1174 4177 alibi
1214 4124 1354 4190 dicit,
1385 4133 1438 4177 ut
1465 4125 1800 4196 unusquisque
1836 4143 1985 4182 suum
2019 4144 2106 4182 vas

520 4216 791 4285 honori/ica
819 4216 1072 4286 possidere
1092 4217 1279 4270 noverit
1306 4215 1348 4290 (ι
1379 4215 1555 4284 Thess.
1590 4232 1658 4283 IV,
1689 4217 1764 4286 4),
1804 4225 1856 4269 ut
1890 4219 2104 4272 hostium

518 4307 697 4371 vivam,
755 4308 1035 4378 placentem
1085 4306 1190 4361 Deo
1237 4324 1384 4361 suum
1427 4324 1610 4377 corpus
1657 4309 1886 4363 exhibeat
1928 4307 2101 4382 (liam.

519 4415 615 4464 xu,
655 4399 725 4468 1),
755 4416 855 4452 non
882 4400 936 4471 in
969 4401 1281 4453 saturitatem
1311 4401 1498 4468 carnis,
1529 4402 1646 4472 quia
1667 4402 1904 4456 distensio
1925 4419 2105 4474 corpo-

518 4489 590 4542 ris
628 4490 810 4542 anima:
831 4490 1144 4566 sobrietatem
1171 4501 1338 4556 necat,
1361 4500 1405 4543 et
1433 4492 1635 4545 inimica
1657 4503 1730 4546 est
1758 4495 1993 4548 castitati.

587 4578 738 4660 CAP.
780 4579 865 4633 lli.
895 4611 966 4621 —
994 4581 1078 4635 14.
1115 4581 1287 4635 Restat
1331 4590 1385 4635 ut
1413 4582 1605 4653 aliquid
1640 4596 1683 4638 et
1719 4585 1780 4638 de
1809 4588 2103 4658 euangelicis

518 4670 640 4725 locis
673 4689 936 4742 suggerant
965 4671 1271 4726 Beatitudini
1311 4681 1442 4727 tuae:
1463 4691 1560 4728 non
1592 4675 1789 4745 quidem
1814 4686 2000 4746 quanta
2027 4679 2101 4732 le-

515 4763 652 4839 genti
681 4781 768 4833 per
795 4764 949 4818 otium
977 4780 1234 4817 occurrere
1262 4765 1420 4818 solent
1451 4765 1566 4829 (nec
1589 4767 1720 4820 enim
1753 4784 1884 4820 nunc
1909 4769 2101 4823 vacabit

515 4855 743 4924 dispersa
770 4873 859 4926 per
880 4854 1032 4908 libros
1055 4871 1298 4926 quaerere,
1330 4867 1416 4908 aut
1439 4857 1489 4909 in
1510 4859 1884 4912 reminiscendis
1909 4877 2097 4916 memo-

511 4941 641 5002 riam
684 4939 962 5022 ventilare),
999 4947 1086 5002 sed
1114 4945 1192 5002 vel
1220 4965 1401 5018 pauca,
1430 4965 1544 5022 qua:
1569 4951 1636 5002 ad
1666 4951 1840 5005 horam
1868 4951 2102 5008 dictatio-

512 5037 592 5091 nis
634 5038 796 5110 hujus
826 5037 879 5092 in
923 5049 1137 5093 mentem
1174 5027 1398 5106 veniunt,
1433 5042 1743 5095 sciscitabar.
1770 5041 1845 5097 De
1873 5061 2101 5098 resurre-

510 5131 688 5212 ctionis
711 5135 879 5212 farina
906 5151 1004 5187 non
1017 5132 1282 5204 grandem,
1306 5135 1394 5190 sed
1413 5135 1612 5202 plenam
1634 5137 1756 5210 fidei
1775 5138 2100 5194 instructione

492 5200 800 5292 aristolam,
825 5209 925 5296 qua
963 5226 1198 5280 secunch
1232 5227 1588 5282 consultationi
1633 5207 1776 5295 mete,
1809 5230 1930 5285 dum
1971 5229 2096 5286 Car-

514 5315 710 5386 thagini
740 5315 984 5372 hiemares
1003 5317 1382 5390 ‘rescripseras,
1399 5319 1444 5373 si
1464 5319 1615 5374 habes
1640 5322 1852 5376 relatam
1871 5323 1924 5376 in
1953 5324 2096 5379 sche-

551 5451 589 5516 f
624 5454 731 5500 Mss.
759 5447 1292 5518 quindecim__hubeqt,
1316 5449 1662 5518 emanarent.
1709 5451 1797 5502 Alii
1827 5467 1938 5518 cum
1961 5455 2094 5518 Edd.,

507 5505 792 5580 memorem;
819 5510 913 5580 _Sed
935 5511 1189 5580 (credimus
1230 5505 1513 5580 legendum,
1553 5511 1808 5580 hiemares.
1835 5517 2017 5580 Quippe
2037 5505 2096 5569 ad

653 5569 833 5642 Paulini
864 5573 1152 5642 petitionem
1186 5568 1511 5642 resfondens
1531 5578 1826 5642 Augustinus
1851 5568 2092 5642 iri-epist.

508 5631 628 5707 149)
645 5647 705 5707 ιι.
731 5632 778 5691 9,
801 5631 974 5707 εαξηιῆ
991 5649 1003 5686 :
1032 5652 1057 5682 ι
1078 5635 1224 5686 simul
1241 5631 1396 5707 etiam
1422 5631 1648 5688 nﬁserain
1662 5673 1676 5699 ,
1698 5631 2092 5707 sicutjusse'ras,

514 5710 539 5739 ι
560 5701 617 5768 Et
644 5694 772 5768 illius
803 5696 1021 5768 epistolae
1061 5696 1360 5762 exemplum,
1402 5713 1545 5763 quam
1580 5694 1688 5768 iure
1710 5694 1931 5754 Chariiati
1967 5694 2095 5768 apud

515 5756 892 5829 «(usuragiuem
928 5756 1288 5829 decor-porum
1326 5756 1688 5812 resurrectione
1728 5756 2090 5829 rescripseram,

515 5833 540 5890 φ
563 5818 645 5890 uiri
667 5817 847 5890 deus]:
1235 5831 1420 5890 expue
1451 5827 1813 5890 emtiquiaastio.
1847 5817 2096 5886 {Quibus

505 5879 675 5931 Verbis
715 5879 975 5945 designare
1005 5882 1200 5935 videtur
1238 5884 1492 5950 epistolam
1535 5879 1624 5950 93;
1652 5889 1703 5938 in
1740 5902 1854 5954 qua,
1879 5879 2004 5954 n37,
2029 5879 2094 5945 de

1768 425 1826 482 S.
1868 424 2108 482 AUGUS'

2216 425 2234 478 1
2273 425 2567 479 Ei’ibCUi’i

2227 536 2324 601 dis,
2359 555 2481 608 roga
2507 550 2560 592 ut
2600 541 2789 607 mittas,
2821 551 2907 596 aut
2932 553 3062 598 certe
3096 555 3290 601 retms
3327 560 3432 603 eam
3476 553 3623 619 mihi;
3644 566 3756 619 suos

2223 629 2313 683 tibi
2345 630 2496 700 facile
2532 642 2626 688 est.
2655 631 2792 686 Nam
2832 636 2926 688 etsi
2967 636 3156 706 scripta
3185 641 3285 692 non
3318 649 3488 710 exstat,
3518 615 3624 714 quia
3646 615 3756 721 forti

2221 721 2378 778 brevis
2411 725 2646 794 epistola,
2673 735 2730 779 ut
2759 728 3087 782 tumultuaria
3122 730 3210 783 tibi
3239 730 3366 786 inter
3389 733 3532 790 libros
3551 741 3650 792 tu‘os
3674 742 3754 794 ho-

2222 815 2324 869 beri
2351 825 2519 886 spreta
2538 817 2622 882 sit,
2651 821 2832 872 renovo
2856 835 2967 872 eam
2991 820 3116 873 mihi
3140 821 3309 875 eodem
3335 834 3478 878 sensu
3506 833 3756 900 promptam

2221 907 2284 961 de
2303 910 2536 963 thesauro
2551 910 2719 965 cordis
2745 911 2838 978 tui,
2863 922 2911 965 et
2931 913 3070 966 mitte
3088 914 3156 967 ad
3179 929 3260 967 me
3280 916 3405 969 inter
3426 917 3524 971 alia
3546 915 3756 993 responso

2219 1009 2332 1068 qua:
2364 1000 2542 1056 reddes
2578 1002 2720 1065 mihi,
2744 1011 2799 1056 ut
2833 1020 3000 1075 spero,
3028 1014 3298 1075 praestante
3325 1005 3445 1061 mihi
3469 1026 3527 1062 ac
3543 1011 3622 1066 tibi
3643 1019 3756 1068 com-

2221 1103 2438 1146 meatum
2460 1093 2654 1146 dierum
2674 1093 2892 1160 Christo,
2921 1104 2974 1149 ut
2999 1112 3079 1161 ea,
3103 1112 3201 1165 quo
3223 1096 3363 1150 labar
3384 1109 3493 1154 tuus
3514 1101 3564 1154 in
3581 1103 3653 1156 me
3668 1109 3758 1176 fru-

2220 1183 2421 1252 ctiﬁcet,
2443 1185 2708 1255 accipiam,
2734 1186 3010 1240 secundum
3029 1187 3137 1240 hac
3155 1181 3376 1256 capitula
3393 1189 3755 1263 Scripturarum,

2220 1275 2284 1330 de
2309 1276 2484 1346 quibus
2514 1287 2579 1341 te,
2602 1278 2688 1348 qui
2715 1278 2851 1332 vides
2873 1277 3018 1346 quasi
3042 1280 3164 1351 per'
3190 1278 3373 1345 Deum,
3399 1283 3694 1356 interrogavi,
3714 1297 3758 1341 ut

2219 1369 2424 1422 audiam
2444 1369 2573 1439 quid
2595 1371 2647 1422 in
2675 1379 2721 1424 te
2738 1371 2814 1424 vel
2837 1386 2900 1424 ex
2925 1380 2972 1425 te
2996 1371 3118 1425 mihi
3143 1372 3379 1442 loquatur
3402 1372 3550 1427 Deus.

2293 1463 2378 1518 15.
2427 1462 2540 1516 ΙΙοσ
2578 1473 2744 1517 autem
2789 1480 2912 1533 rogo
2959 1463 3122 1518 lucere
3147 1464 3274 1518 mihi
3301 1466 3486 1533 facias,
3515 1449 3605 1534 quo
3629 1469 3761 1522 modo

2218 1557 2294 1611 vel
2329 1574 2429 1626 qua
2466 1558 2660 1610 ratione
2688 1556 2934 1610 Dominus
2959 1566 3069 1628 post
3091 1559 3498 1612 resurrectionem
3521 1557 3763 1614 belmutie-

2217 1649 2388 1714 ribus,
2417 1665 2528 1718 qute
2546 1650 2724 1720 prinue
2740 1648 2808 1701 ad
2827 1648 3114 1719 sepulcrum
3134 1657 3394 1714 venerunt,
3415 1647 3490 1703 vel
3510 1659 3662 1720 postea
3679 1651 3763 1705 illis

2218 1741 2410 1794 duobus
2423 1742 2476 1794 in
2495 1741 2594 1806 via,
2613 1739 2793 1794 deinde
2807 1739 3084 1809 Discipulis
3099 1741 3222 1804 suis,
3239 1750 3290 1794 et
3317 1755 3414 1794 non
3429 1741 3616 1811 agnitus
3629 1743 3710 1808 sit;
3726 1750 3764 1795 et

2218 1831 2572 1902 agnitus(Lue.
2588 1847 2734 1897 xxtv,
2751 1831 2840 1902 16)
2849 1871 2862 1884 .
2886 1829 2948 1884 1η
2964 1831 3135 1885 eodem
3147 1831 3278 1886 enim
3290 1845 3493 1902 corpore
3504 1834 3760 1899 resurrexit;

2217 1925 2271 1978 in
2289 1941 2385 1994 quo
2401 1934 2447 1978 et
2468 1939 2644 1993 passus
2671 1931 2764 1978 est.
2795 1921 2862 1976 Et
2887 1923 3136 1992 quomodo
3160 1937 3260 1976 non
3273 1922 3444 1977 eadem
3467 1932 3564 1975 erat
3574 1923 3765 1992 ejusdem

2218 2017 2441 2088 corporis
2484 2019 2648 2087 forma
2691 2031 2807 2084 quis
2845 2015 3056 2086 fuerat?
3100 2024 3188 2068 out
3231 2014 3278 2068 si
3321 2014 3487 2067 eadem
3515 2022 3636 2080 erat,
3663 2029 3766 2081 quo-

2217 2107 2366 2162 modo
2404 2123 2504 2160 non
2533 2104 2893 2177 agnoscebatur
2921 2103 2983 2158 ab
3009 2103 3086 2158 his
3112 2105 3197 2170 qui
3223 2121 3337 2157 eam
3364 2103 3626 2157 noverant?
3648 2101 3768 2155 Illud

2216 2213 2330 2253 uero
2349 2198 2648 2252 sacramenti
2672 2213 2778 2251 esse
2796 2196 2944 2250 credo
2964 2235 2980 2261 ,
3005 2196 3139 2266 quod
3158 2196 3246 2264 qui
3271 2196 3324 2248 in
3345 2195 3423 2248 via
3437 2192 3768 2246 ambulantibus

2216 2306 2318 2345 non
2347 2292 2508 2360 fuerat
2537 2289 2764 2359 agnitus,
2793 2288 2848 2341 in
2875 2287 3120 2356 fraetione
3142 2287 3294 2357 panis
3315 2286 3553 2340 revelatus
3587 2294 3668 2338 est.
3689 2283 3767 2337 Ida

2215 2380 2380 2451 ipsum
2405 2391 2570 2434 tamen
2595 2388 2680 2432 tuo
2701 2394 2849 2432 sensu
2869 2378 2980 2431 volo
3001 2385 3165 2432 tenere
3178 2419 3195 2445 ,
3216 2393 3322 2431 non
3342 2393 3467 2431 meo.

2289 2475 2375 2528 16.
2404 2472 2472 2526 Et
2499 2471 2636 2544 quod
2659 2472 2728 2525 ad
2755 2471 2974 2525 Mariam
3001 2471 3088 2536 ait,
3129 2489 3147 2522 t
3186 2467 3318 2524 Noli
3339 2486 3416 2524 me
3435 2479 3642 2540 tangere,
3665 2484 3772 2520 non-

2217 2567 2338 2620 dum
2388 2565 2523 2620 enim
2571 2563 2775 2618 ascendi
2819 2564 2885 2618 ad
2935 2561 3142 2616 Patrem
3175 2581 3194 2614 ι
3257 2561 3454 2635 (Joan.
3506 2559 3768 2632 xx,i7):

2215 2659 2262 2714 si
2303 2658 2528 2712 cominus
2570 2665 2786 2711 stantem
2823 2671 2925 2709 non
2959 2654 3212 2708 sinebatur
3253 2656 3525 2725 attingere,
3554 2652 3771 2720 quomodo

2217 2765 2328 2802 eum
2386 2757 2608 2817 tangeret
2653 2761 2769 2799 cum
2821 2744 3125 2799 ascendisset
3166 2744 3234 2797 ad
3267 2744 3508 2808 Patrem,
3537 2743 3625 2796 nisi
3665 2743 3773 2809 forte

2217 2841 2337 2911 ﬁdei
2383 2840 2610 2911 profectu
2654 2848 2702 2892 et
2739 2839 2919 2893 mentis
2957 2854 3193 2900 ascensu,
3233 2853 3338 2907 qua
3376 2836 3509 2889 Deus
3537 2833 3707 2887 homini
3727 2829 3772 2901 ﬁt

2217 2935 2518 3005 longinquus
2548 2941 2634 2985 aut
2661 2933 2939 3003 proximus,
2959 2939 3008 2984 et
3023 2930 3112 2984 illa
3133 2929 3476 2983 dubitaverit’
3501 2928 3561 2981 de
3580 2925 3771 2989 Christo,

2216 3041 2365 3094 quem
2405 3021 2731 3077 hortulanum
2747 3021 3039 3091 putaverat.’
3064 3018 3192 3074 Ideo
3225 3021 3457 3090 fortassis
3486 3007 3653 3071 audire
3679 3031 3768 3069 me.

2215 3117 2339 3181 ruit,
2379 3134 2399 3166 ι
2424 3113 2549 3168 Noli
2590 3131 2668 3167 me
2694 3123 2915 3184 tangere.
2952 3130 2970 3164 ι
2997 3111 3221 3182 Indigna
3249 3113 3386 3166 enim
3405 3109 3713 3181 judicabatur
3733 3115 3776 3160 at
3823 3127 3825 3136 ι

2217 3214 2442 3276 tangeret
2477 3219 2629 3257 manu
2678 3202 2954 3268 Christum,
2986 3210 3130 3271 quem
3151 3203 3370 3256 necdum
3392 3201 3492 3270 fide
3515 3197 3773 3270 apprehen-

2218 3299 2380 3364 derat,
2404 3313 2493 3351 nec
2521 3294 2830 3351 intellexerat
2855 3295 3037 3358 Deum,
3063 3311 3177 3349 cum
3199 3293 3526 3348 hortulanum
3552 3295 3777 3362 putasset,

2218 3391 2280 3445 de
2310 3407 2405 3460 quo
2449 3389 2600 3460 paulo
2637 3396 2751 3442 ante
2791 3388 2853 3440 ab
2883 3387 3089 3457 Angelis
3108 3386 3345 3441 audierat
3389 3402 3408 3441 :
3451 3405 3469 3436 ι
3503 3384 3633 3450 Quid
3656 3397 3775 3450 qua-

2215 3482 2325 3535 ritis
2344 3481 2579 3534 viventem
2599 3496 2712 3533 cum
2733 3480 2938 3536 mortuis
2969 3497 2989 3532 ι
3022 3478 3188 3550 (Luc.
3217 3485 3347 3534 'xxlv
3366 3521 3381 3546 ,
3413 3477 3511 3552 6)?
3542 3477 3690 3531 Non.
3713 3490 3779 3527 er~

2215 3591 2279 3645 go
2300 3593 2318 3626 ι
2343 3591 2419 3629 me
2434 3584 2654 3644 tangere,
2667 3573 2784 3643 quia
2801 3591 2822 3625 ›
2840 3573 2926 3626 tibi
2949 3573 3201 3626 «nondum
3221 3573 3432 3628 ascendi
3451 3573 3519 3626 ad
3539 3571 3772 3634 Patrem,i

2215 3668 2300 3737 qui
2336 3667 2504 3720 adhuc
2529 3674 2722 3719 tantum
2749 3666 2898 3719 homo
2923 3665 3126 3729 videor;
3153 3676 3332 3734 postea
3363 3682 3442 3719 me
3468 3665 3657 3734 tanges,
3683 3673 3780 3713 eunt

2215 3762 2282 3816 ad
2307 3762 2678 3832 agnoscendum
2705 3779 2784 3816 me
2809 3763 3057 3816 credendo
3080 3763 3453 3818 conscenderis.

2287 3855 2373 3909 17.
2423 3853 2500 3908 De
2545 3853 2648 3908 illis
2693 3855 2843 3907 etiam
2886 3854 3154 3909 beatissimi
3205 3853 3462 3910 Simeonis
3493 3853 3642 3908 verbis
3678 3847 3780 3922 quid

2213 3946 2426 4014 sentias,
2471 3946 2687 4001 edissere
2723 3947 2881 4011 mihi,
2930 3956 2987 4000 ut
3010 3963 3192 4018 sequar
3209 3959 3414 4002 sensum
3434 3953 3570 4001 tuum
3593 3942 3779 4011 ignibus

2216 4051 2330 4103 cum
2353 4037 2420 4090 ad
2449 4032 2718 4091 videndum
2747 4054 2810 4091 ea:
2834 4039 3040 4092 oraculo
3079 4037 3172 4092 Dei
3199 4037 3463 4094 Christum
3487 4043 3654 4108 agente
3677 4032 3781 4102 Spi-

2213 4130 2316 4184 ritu
2354 4131 2564 4184 venisset
2587 4130 2642 4184 in
2670 4132 2938 4202 templum,
2971 4141 3018 4185 et
3045 4142 3310 4201 acceptum
3341 4133 3456 4187 sinu
3482 4120 3781 4184 benedixisset

2213 4221 2458 4292 infantem
2481 4222 2782 4291 Dominum,
2812 4225 2880 4276 ait
2909 4225 2976 4276 ad
3004 4223 3222 4277 Mariam
3253 4240 3275 4278 :
3311 4243 3331 4276 ι
3355 4224 3488 4278 Ecce
3513 4224 3590 4277 hic
3613 4222 3782 4293 positus

2213 4321 2285 4366 est
2322 4313 2374 4366 in
2411 4314 2612 4367 ruinam
2637 4322 2681 4367 et
2708 4315 3117 4368 resurrectionem
3144 4315 3421 4369 multorum
3445 4317 3497 4368 in
3527 4311 3712 4375 Israel,
3740 4315 3780 4361 et

2211 4405 2266 4459 in
2307 4405 2508 4476 signum
2552 4407 2633 4459 cui
2671 4406 3077 4473 contradicetur;
3118 4417 3163 4461 et
3205 4419 3346 4461 tuam
3388 4410 3545 4477 ipsius
3581 4405 3779 4459 animum

2212 4496 2527 4568 pertransibit
2551 4496 2778 4568 gladius,
2802 4507 2856 4553 ut
2879 4500 3154 4552 repetentur
3174 4502 3451 4553 multorum
3473 4500 3686 4553 cordium
3709 4511 3778 4547 co-

2211 4591 2475 4660 gitationes
2507 4609 2526 4642 »
2587 4589 2716 4659 (Id.
2762 4607 2834 4656 ιι,
2863 4593 2964 4658 54,
2995 4590 3117 4665 55).
3171 4593 3441 4663 Numquid
3465 4593 3528 4647 tle
3573 4592 3780 4663 passione

2212 4680 2396 4736 Maria:
2420 4723 2436 4748 ,
2481 4697 2595 4752 qua:
2639 4699 2888 4751 nusquam
2939 4685 3127 4754 scripta
3173 4695 3284 4750 est,
3337 4687 3434 4739 hoc
3482 4684 3779 4755 praphetasse

2211 4774 2490 4829 credendus
2523 4775 2635 4828 est?
2671 4789 2738 4828 an
2780 4790 2894 4829 vero
2929 4776 2992 4828 de
3024 4785 3248 4831 materno
3293 4776 3405 4848 ejus
3443 4776 3656 4843 ηπρςιιι,
3695 4788 3778 4837 quo

2211 4879 2382 4939 postea
2410 4870 2462 4925 in
2491 4877 2712 4940 tempore
2735 4870 2984 4940 passionis
3013 4871 3248 4925 assistens
3273 4874 3434 4935 cruci,
3463 4886 3562 4943 qua
3585 4869 3672 4922 hoc
3688 4873 3779 4920 erat

2209 4959 2370 5031 ﬁssum
2393 4961 2527 5032 quod
2555 4961 2666 5028 ipsa
2690 4971 2968 5030 pepererat,
3002 4971 3339 5016 maternorum
3368 4963 3607 5016 viscerum
3626 4957 3780 5012 dolore

2208 5053 2410 5121 con/iu
2443 5060 2546 5117 est;
2583 5061 2630 5105 et
2667 5052 2887 5106 animam
2915 5052 3054 5106 illius
3072 5093 3087 5118 ,
3117 5053 3209 5107 illa
3238 5069 3354 5122 quia
3379 5055 3490 5124 ejus
3527 5049 3779 5106 secundum

2206 5161 2408 5200 carnem
2451 5146 2614 5214 ﬁlium
2652 5146 2765 5213 ipsa
2793 5152 3048 5216 spectante
3073 5147 3374 5216 'confoder‘at
3393 5188 3408 5214 ,
3439 5147 3599 5201 crucis
3627 5145 3777 5199 rhom-

2207 5236 2354 5308 phaza
2389 5235 2725 5307 penetrabat?
2760 5236 2915 5292 Video
2939 5238 3075 5292 enim
3103 5239 3152 5292 et
3181 5240 3235 5292 in
3261 5238 3490 5294 Psalmis
3517 5240 3580 5296 de
3605 5235 3776 5304 Ioseph

2204 5327 2278 5380 ita
2324 5327 2513 5380 dictum
2539 5343 2677 5394 esse,
2714 5346 2732 5378 ι
2771 5325 3178 5383 Ηιιιιιειίαιιεηιιιι
3203 5331 3260 5384 in
3290 5331 3615 5400 compedibus
3647 5325 3793 5398 pedes-

2204 5421 2336 5490 ejus;
2364 5424 2552 5492 ferrum
2585 5421 2871 5491 pertransiit
2899 5422 3120 5476 animam
3147 5424 3254 5488 ejus
3276 5442 3295 5474 ι
3327 5423 3346 5494 (
3377 5422 3524 5478 Psal.
3543 5438 3646 5486 (ειν,
3670 5419 3776 5488 18),

2203 5514 2330 5566 sicut
2352 5515 2402 5565 in
2423 5511 2692 5583 Evangelia
2711 5512 2838 5568 dixit
2859 5512 3087 5580 Simeo'n,
3111 5532 3132 5567 ι
3161 5513 3224 5568 Et
3242 5524 3388 5568 tuam
3402 5516 3559 5582 ipsius
3575 5513 3780 5567 animam

2203 5624 2532 5698 membrorum
2550 5623 2731 5698 ‘oﬂiciis.
2749 5628 3300 5698 postnremrreetionem
3320 5625 3537 5698 disserit,
3561 5621 3779 5698 quaepi-

2202 5685 2330 5752 stolzg
2364 5687 2421 5734 ad
2456 5683 2700 5752 Paulinum
2719 5683 2770 5736 iii
2794 5685 2925 5736 Italia
2953 5696 3332 5739 oommorantem
3352 5683 3532 5752 mpm
3549 5683 3624 5738 eet
3646 5683 3774 5738 circi-

2203 5747 2281 5798 ter
2303 5747 2450 5797 ﬁnem
2466 5761 2545 5796 an.
2570 5746 2678 5797 408.

2267 5834 2285 5903 ξ
2319 5839 2402 5903 its.
2429 5845 2475 5903 ᾳ.
2504 5837 2556 5881 et
2578 5821 2706 5903 unus
2723 5841 2755 5880 e
2785 5832 2957 5903 Vspen
2967 5832 3134 5903 quasi
3143 5842 3300 5903 peum
3325 5832 3632 5902 interrogavi.

2267 5897 2287 5928 ⁸
2322 5897 2394 5945 sic
2427 5902 2530 5944 Mss.
2557 5895 2792 5958 quinque.
2819 5894 3175 5960 [dubitaverat].
