4122 6350
463 420 467 426 .
526 370 628 426 471

527 485 596 541 de
615 483 703 539 illa
727 483 831 539 vita
843 485 1073 555 cogitare
1097 484 1354 552 debeatis,
1374 483 1462 540 ubi
1487 484 1601 539 sine
1627 481 1805 554 aliquo
1832 481 2014 537 labore
2033 478 2114 534 vi-

527 576 688 644 vatis,
707 575 990 632 evadentes
1009 593 1115 632 non
1130 578 1378 632 molestas
1390 576 1658 646 angustias
1680 574 1930 644 temporis
1941 571 2110 644 parvi,

529 667 621 723 sed
643 666 935 723 horrendas
964 682 1147 738 poenas
1175 669 1310 738 ignis
1337 664 1540 722 aeterni.
1569 665 1702 721 Nam
1722 663 1765 720 si
1786 665 1944 718 modo
1968 670 2111 718 tanta

529 774 686 824 cura,
730 767 870 813 tanta
897 759 1214 822 intentione,
1245 767 1391 814 tanto
1417 759 1597 814 labore
1621 758 1807 828 agitis,
1839 771 1906 810 ne
1931 756 1982 809 in
2008 753 2111 808 ali-

528 865 662 920 quos
707 850 975 905 cruciatus
1021 851 1351 905 transitorios
1399 849 1674 914 incidatis;
1720 856 1973 919 quantum
2015 859 2110 900 vos

529 951 739 1012 oportet
781 957 898 997 esse
945 942 1232 1008 sollicitos,
1285 952 1341 997 ut
1377 943 1730 1012 sempiternas
1755 940 2000 994 miserias
2028 938 2110 992 fu-

526 1033 713 1104 giatis!
753 1033 817 1086 Et
852 1032 896 1086 si
927 1047 1072 1087 mors
1099 1033 1177 1087 sic
1203 1033 1448 1101 timetur,
1477 1048 1594 1104 quae
1621 1032 1735 1086 linit
1764 1030 2109 1102 temporalem

527 1127 761 1181 laborem
787 1141 801 1188 ;
823 1125 1088 1195 quomodo
1107 1125 1336 1180 timenda
1361 1135 1443 1180 est
1461 1141 1579 1196 quae
1600 1125 1761 1180 mittit
1777 1125 1832 1178 in
1852 1132 2110 1179 aeternum

527 1216 800 1271 dolorem!
849 1216 916 1271 Et
957 1217 1000 1271 si
1041 1216 1245 1273 deliciae
1284 1215 1449 1274 seculi
1479 1217 1666 1286 hujus,
1695 1217 1886 1271 breves
1913 1223 1966 1270 et
1990 1229 2110 1270 sor-

533 1306 671 1361 didze
693 1347 706 1370 ,
736 1307 814 1361 sic
840 1317 1120 1375 amantur;
1150 1318 1347 1379 quanto
1373 1309 1739 1365 vehementius
1762 1307 1918 1362 futuri
1944 1307 2110 1363 seculi

529 1398 720 1470 gaudia
747 1415 876 1470 pura
907 1410 961 1456 et
982 1400 1184 1455 inﬁnita
1210 1401 1491 1471 quaerenda
1515 1401 1671 1457 sunt!
1696 1402 1800 1456 Ista
1819 1401 2110 1472 cogitantes

536 1491 701 1545 nolite
729 1505 847 1546 esse
872 1491 1008 1562 pigri
1039 1493 1089 1546 in
1117 1493 1363 1562 Operibus
1383 1492 1537 1547 bonis
1555 1534 1570 1560 ,
1595 1501 1654 1547 ut
1673 1491 1740 1547 ad
1759 1491 1920 1547 vestri
1945 1490 2108 1546 semi-

528 1582 610 1636 nis
640 1597 867 1637 messem
898 1598 994 1637 suo
1023 1592 1259 1653 tempore
1284 1584 1526 1639 veniatis.

594 1675 647 1729 2.
687 1675 994 1730 Nuntiatum
1025 1677 1166 1732 enim
1195 1686 1277 1732 est
1305 1677 1434 1731 mihi
1463 1677 1604 1746 quod
1634 1691 1840 1733 morem
1870 1684 2108 1732 vestrum

529 1768 595 1823 de
623 1768 914 1824 vestiendis
944 1770 1262 1838 pauperibus
1288 1769 1494 1824 fueritis
1520 1770 1702 1836 obliti;
1734 1771 1800 1825 ad
1830 1786 1985 1841 quam
2011 1769 2111 1825 mi-

528 1860 869 1915 sericordiam
900 1875 1018 1914 cum
1051 1876 1287 1930 praesens
1315 1877 1486 1916 essem
1515 1877 1610 1917 vos
1637 1861 1943 1917 exhortatus
1967 1878 2105 1929 sum,

527 1961 585 2006 et
608 1967 748 2006 nunc
776 1951 1030 2007 exhortor
1048 1993 1064 2019 ,
1092 1969 1158 2007 ne
1187 1968 1282 2008 vos
1310 1954 1486 2008 vincat
1510 1963 1565 2009 et
1593 1955 1770 2024 pigros
1793 1954 1951 2010 faciat
1978 1971 2108 2011 con-

529 2043 675 2097 tritio
705 2042 861 2112 hujus
898 2043 1114 2111 nmndi,
1145 2045 1228 2098 cui
1270 2045 1391 2100 talia
1431 2045 1623 2100 videtis
1652 2046 1894 2102 accidere
1935 2048 2109 2119 qualia

528 2135 784 2189 Dominus
828 2144 882 2190 et
924 2136 1248 2206 Redemptor
1276 2147 1485 2205 noster,
1518 2139 1606 2209 qui
1637 2139 1846 2194 mentiri
1877 2156 1981 2194 non
2012 2155 2110 2210 po-

528 2232 666 2291 test,
713 2234 932 2280 ventura
971 2226 1231 2294 praedixit.
1263 2227 1378 2282 Non
1406 2229 1574 2282 solum
1605 2244 1732 2299 ergo
1771 2245 1874 2285 non
1903 2230 2110 2286 debetis

528 2318 703 2371 minus
747 2316 920 2373 facere
963 2333 1123 2388 opera
1152 2320 1531 2376 misericordiae
1551 2363 1566 2389 ,
1596 2322 1690 2377 sed
1717 2322 1875 2378 etiam
1905 2323 2109 2380 debetis

527 2411 756 2481 amplius
783 2427 939 2482 quam
970 2413 1168 2468 soletis.
1201 2413 1349 2469 Sicut
1385 2415 1526 2469 enim
1571 2415 1637 2469 ad
1682 2416 1794 2471 loca
1824 2417 2108 2473 munitiora

527 2501 862 2557 festinantius
888 2505 1145 2574 migrant,
1174 2507 1261 2576 qui
1289 2508 1495 2561 ruinam
1523 2508 1714 2563 domus
1757 2509 1938 2565 vident
1977 2526 2107 2566 con-

527 2595 666 2648 tritis
691 2595 977 2664 parietibus
994 2597 1302 2662 imminere;
1330 2599 1406 2653 sic
1426 2599 1585 2654 corda
1607 2601 1891 2657 christiana
1912 2612 2108 2674 quanto

528 2686 698 2754 magis
735 2686 967 2740 sentiunt
1005 2687 1186 2741 mundi
1225 2687 1382 2758 hujus
1417 2690 1622 2744 ruinam
1653 2692 2107 2750 crebrescentibus

528 2776 952 2832 tribulationibus
980 2780 1350 2849 propinquare,
1383 2789 1529 2835 tanto
1556 2784 1721 2854 magis
1748 2785 1944 2840 debent
1968 2786 2107 2842 bona

453 2921 457 2924 _
525 2885 644 2940 qum
689 2871 740 2924 in
783 2877 922 2925 terra
957 2873 1246 2927 recondere
1276 2874 1660 2944 disponebant,
1705 2877 1758 2931 in
1803 2877 2106 2934 thesaurum

525 2961 796 3016 caelestem
828 2962 1047 3032 impigra
1090 2965 1360 3020 celeritate
1406 2966 1727 3034 transferre,
1759 2977 1815 3023 ut
1844 2970 1886 3024 si
1917 2971 2106 3042 aliquis

524 3051 788 3107 humanus
812 3068 970 3108 casus
993 3056 1263 3120 acciderit,
1293 3058 1518 3127 gaudeat
1546 3060 1634 3129 qui
1658 3061 1725 3116 de
1747 3062 1864 3117 loco
1889 3064 2106 3120 ruinoso

524 3146 800 3214 emigravit
843 3164 855 3200 :
901 3147 946 3201 si
994 3157 1170 3203 autem
1217 3149 1347 3204 nihil
1396 3151 1499 3206 tale
1544 3154 1700 3208 fuerit
1742 3157 2102 3226 subsecutum,

524 3250 630 3290 non
657 3237 1002 3291 contristetur
1025 3239 1115 3308 qui
1141 3241 1454 3312 quandoque
1483 3245 1791 3313 moriturus,
1822 3247 2102 3306 immortali

522 3327 779 3394 Domino,
820 3329 887 3384 ad
931 3346 1086 3398 quem
1126 3343 1380 3390 venturus
1418 3345 1528 3400 est,
1559 3339 1694 3393 bona
1722 3342 1934 3411 propria
1959 3358 2106 3398 com-

523 3419 812 3473 mendavit.
843 3419 1043 3490 Itaque,
1067 3422 1259 3479 fratres
1279 3427 1381 3480 mei
1407 3427 1755 3498 dilectissimi,
1787 3449 1850 3487 ex
1873 3449 1939 3488 eo
1963 3436 2102 3505 quod

523 3511 748 3580 quisque
779 3511 972 3580 habet,
1001 3515 1290 3570 secundum
1331 3533 1452 3573 suas
1481 3520 1620 3576 vires
1645 3538 1777 3592 quas
1802 3524 1914 3594 ipse
1936 3527 2098 3594 novit,

521 3601 681 3658 tacite
709 3603 850 3672 quod
877 3603 1061 3659 soletis
1080 3647 1095 3672 ,
1127 3607 1385 3665 alacriore
1412 3611 1591 3667 animo
1616 3629 1773 3684 quam
1801 3617 1982 3672 soletis
2001 3659 2015 3685 ,
2048 3628 2102 3674 et

1761 357 1819 415 S.
1860 352 2224 412 AUGUSTIM
2266 350 2563 408 EI’ISCOI‘I

3692 354 3800 410 472

2219 476 2357 532 inter
2383 489 2572 532 omnes
2605 474 2770 532 seculi
2808 472 2965 545 hujus
3001 472 3275 528 molestias
3312 469 3656 543 apostolicam
3696 485 3799 526 ex-

2216 568 2569 625 hortationem
2619 569 2780 624 oorde
2821 567 3082 634 retinete,
3131 565 3223 621 ubi
3268 564 3342 619 ait
3382 582 3396 619 :
3443 561 3695 618 Dominus
3739 564 3796 618 in

2217 662 2448 734 proximo
2480 668 2586 727 est;
2619 661 2748 715 nihil
2772 659 2975 715 solliciti
3001 657 3196 728 [uetitis
3226 655 3482 729 (Philipp.
3522 669 3599 722 tv,
3626 654 3680 721 5,
3713 653 3794 727 6).

2201 753 2362 832 ‘Talia
2389 753 2519 808 mihi
2545 753 2611 808 de
2637 753 2787 808 vobis
2815 751 3140 816 nuntientur,
3169 749 3360 820 quibus
3389 747 3655 814 noverim,
3688 761 3795 802 nou

2215 855 2432 916 propter
2473 859 2643 900 meam
2687 843 3022 914 praesentiam
3043 882 3058 906 ,
3098 840 3192 896 sed
3228 847 3446 912 prOpter
3471 838 3562 892 Dei
3596 853 3799 908 praece-

2215 947 2399 1008 ptum,
2429 938 2520 1008 qui
2560 953 2828 1008 nunquam
2871 945 2954 992 est
2987 935 3217 1001 absens,
3263 947 3360 988 vos
3403 932 3578 987 solere
3624 933 3798 986 facere

2215 1030 2356 1100 quod
2401 1031 2580 1085 multis
2616 1031 2770 1086 annis
2807 1045 2894 1085 me
2922 1035 3213 1099 praesente,
3241 1033 3298 1081 et
3323 1023 3607 1096 aliquando
3636 1024 3796 1078 etiam

2213 1137 2302 1177 me
2329 1122 2551 1177 absente
2580 1121 2797 1177 fecistis.
2840 1121 3096 1176 Dominus
3120 1132 3216 1173 vos
3244 1118 3296 1171 in
3325 1131 3456 1187 pace
3480 1123 3795 1181 conservet;

2212 1220 2288 1280 et,
2315 1211 2641 1268 dilectissimi
2670 1211 2881 1277 fratres,
2908 1219 3060 1266 orate
3088 1222 3184 1279 pro
3210 1207 3382 1262 nobis.

2627 1323 2951 1381 EPISTOLA
2989 1320 3202 1378 CXXIII
3228 1323 3247 1345 ⁶
3277 1318 3376 1394 (a).

2219 1439 2556 1510 Hieronymus
2577 1438 2854 1510 Augustino
2878 1435 3107 1508 quwdam
3134 1451 3221 1506 per
3243 1432 3458 1505 wnigma
3481 1431 3796 1486 renuntians.

2286 1573 2441 1629 Multi
2469 1582 2676 1645 utroque
2701 1571 2987 1627 claudicant
3014 1569 3140 1640 pede
3164 1570 3204 1636 ί,
3235 1577 3283 1624 et
3308 1585 3372 1623 ne
3397 1567 3572 1638 fractis
3597 1567 3798 1636 quidem

2213 1669 2482 1724 cervicibus
2509 1669 2849 1734 inclinantur,
2892 1667 3126 1721 habentes
3157 1662 3395 1731 aﬂ'ectum
3419 1663 3602 1716 erroris
3627 1663 3800 1732 pristi-

2215 1763 2296 1828 ni,
2327 1778 2441 1816 cum
2481 1760 2791 1832 prwdicandi
2829 1759 3054 1813 eamdem
3095 1773 3198 1812 non
3241 1755 3454 1810 habeant
3500 1755 3794 1809 libertatem.

2217 1852 2396 1908 Sancti
2424 1855 2604 1924 fratres
2628 1851 2714 1922 qui
2741 1868 2855 1905 cum
2893 1858 3066 1904 nostra
3099 1857 3216 1904 sunt
3245 1847 3521 1918 parvitate,
3549 1845 3801 1916 praecipue

2214 1954 2400 2000 sancta:
2424 1962 2484 1998 ac
2512 1943 2815 1998 uenerabiles
2844 1942 2965 2012 ﬁlia:
3001 1951 3100 1996 tua:
3137 1939 3432 2011 suppliciter
3473 1947 3520 1993 te
3554 1939 3795 1993 salutant.

2215 2038 2426 2092 Fratres
2469 2047 2613 2102 tuos,
2655 2036 2916 2090 deminuat
2959 2050 3122 2088 meum
3161 2032 3432 2101 Alypium,
3467 2040 3514 2085 et
3537 2031 3799 2085 dominum

2214 2147 2380 2186 meum
2409 2127 2672 2191 Evodium,
2696 2137 2750 2181 ut
2774 2143 2882 2181 meo
2905 2125 3106 2180 nomine
3129 2124 3340 2188 salutes,
3367 2138 3542 2193 precor
3559 2139 3798 2176 coronam

2214 2231 2373 2277 tuam.
2409 2220 2570 2290 Capta
2600 2217 2884 2272 Jerusalem
2913 2225 3105 2270 tenetur
3138 2231 3170 2268 a
3206 2213 3676 2267 Nabuchodonosor
3700 2212 3796 2283 (b),

2215 2329 2304 2367 nec
2324 2311 2561 2366 Jeremite
2585 2310 2688 2364 vult
2708 2309 2887 2362 audire
2904 2307 3153 2370 consilia;
3175 2305 3295 2377 quin
3320 2304 3485 2374 potius
3510 2303 3800 2375 {Egyptum

2214 2405 2484 2470 desiderat,
2515 2412 2568 2456 ut
2589 2402 2832 2456 moriatur
2854 2400 2907 2453 in
2928 2397 3189 2470 Taphnes,
3215 2406 3264 2451 et
3288 2395 3357 2450 ibi
3377 2396 3610 2451 servitute
3629 2404 3800 2467 pereat

2213 2501 2534 2571 sempiterna.

2277 2656 2295 2686 ι
2328 2661 2378 2703 In
2402 2661 2482 2703 Ms.
2521 2665 2613 2702 mr.
2654 2649 2872 2700 cobzeret
2896 2647 3069 2696 isthtec
3111 2641 3318 2708 epistola
3349 2656 3460 2693 cum
3485 2643 3630 2708 epist.
3652 2658 3798 2708 excv,

2214 2717 2362 2778 eique
2383 2727 2482 2779 uno
2521 2720 2695 2779 tenore
2731 2711 3060 2779 subjungitur.
3107 2704 3159 2779 lli
3201 2704 3609 2779 Cdd._autemivd.
3649 2705 3801 2779 inter-

2205 2765 2352 2840 iectis
2374 2777 2528 2827 tribus
2550 2775 2726 2840 verbis
2745 2765 2936 2840 sic'illi'
2949 2769 3257 2840 annectitur:
3300 2776 3412 2840 Jrnn
3447 2770 3552 2832 post
3587 2765 3800 2818 subscri-

2211 2829 2439 2904 ptionem.
2461 2835 2596 2886 multi
2618 2841 2816 2898 utroque
2833 2830 3108 2884 claudicant
3131 2829 3272 2895 pede,
3295 2837 3390 2880 etc.

2275 2924 2295 2942 θ
2331 2921 2580 2971 necensita
2603 2919 2663 2968 ad
2692 2916 2759 2966 bl.
2806 2930 2851 2968 c.
2897 2915 2955 2966 fs.
2981 2928 3072 2965 mr.
3097 2920 3156 2964 tt.
3196 2913 3319 2964 duos
3355 2912 3436 2963 vd.
3474 2925 3563 2962 sex
3588 2926 3636 2962 ν.
3665 2919 3716 2962 et
3739 2912 3800 2962 ad

2215 2991 2313 3034 Am.
2338 2983 2448 3033 Bad.
2472 2989 2545 3031 Er.
2571 2988 2680 3031 ων.

2273 3064 2489 3176 anglis
2503 3063 2567 3114 28
2583 3075 2731 3176 ἱιόιω
2752 3067 2918 3112 autem
2935 3059 3026 3110 125
3043 3065 3168 3120 erat,
3188 3070 3318 3108 nunc
3335 3055 3445 3107 237.
3470 3056 3654 3120 Scripta
3674 3054 3799 3107 forte

2389 3141 2469 3176 em
2485 3141 2563 3176 an.
2679 3160 2692 3174 .

2211 3131 2305 3179 sub
2323 3131 2469 3178 linem
2485 3141 2563 3176 an.
2583 3131 2692 3176 410.

2274 3191 2346 3254 (b)
2365 3188 2790 3254 Nabuchodonosor
2807 3185 3024 3254 nomine,
3040 3179 3487 3254 ierosolymitanum
3521 3180 3800 3254 episcopum

2209 3240 2457 3303 damnatas
2486 3252 2705 3300 haereses
2721 3247 2843 3298 clam
2863 3253 2914 3297 et
2930 3240 3128 3307 oblique
3149 3240 3497 3293 defendentem
3527 3240 3800 3307 subintelli~

2208 3322 2333 3388 sunt
2351 3315 2566 3388 θάίιςςπβε
2581 3323 2794 3388 eretum.
2805 3305 3730 3388 .“isrrtlxdliz.§:‘§9“§.°mﬁ£‘f£“§°.
3746 3309 3800 3388 ἐκ

2209 3371 2259 3426 ἷη
2278 3375 2529 3440 Augustini
2544 3371 2759 3440 editione
2782 3371 2912 3421 idem
2933 3371 3039 3440 ipse
3058 3375 3292 3440 Erasmus,
3319 3378 3377 3440 a_c
3397 3371 3678 3440 post
3714 3371 3801 3440 [£-

2208 3425 2466 3488 vanie‘uses
2483 3434 2715 3498 'I‘heologi
2734 3445 2882 3495 super
2902 3425 3074 3482 eadem
3100 3427 3306 3493 epistola
3321 3425 3498 3476 docent
3513 3425 3605 3498 hic_
3616 3425 3801 3498 signiﬂ-z

2206 3487 2323 3556 cari.
2342 3506 2528 3560 «aptam
2545 3487 2755 3562 αβοιῐιίξ
2770 3487 3069 3562 ιξδωεςωρριι
3083 3487 3560 3562 θέηοξεθτεωιιξφ
3576 3487 3687 3562 Dei;
3711 3487 3801 3562 sed

2213 3549 2462 3612 accersitis
2479 3560 2630 3620 cOpiis
2647 3557 2802 3606 moliri
2837 3549 3178 3620 rebellionem.
3199 3551 3428 3601 Baronius
3461 3551 3608 3602 etiam
3642 3549 3692 3598 id
3723 3550 3800 3600 di-

2206 3633 2341 3675 ctum
2363 3627 2500 3684 putat
2514 3614 2579 3670 de
2602 3620 2728 3670 Urbe
2745 3625 2884 3682 capta
2900 3629 2979 3666 an.
2999 3614 3109 3665 410.

530 3729 3116 3762 _____________________________________

1486 3825 2086 3938 CLASSIS
2180 3827 2485 3936 TER
2509 3820 2819 3932 ΤΙΑ.

520 4017 742 4084 Epistolte
763 4031 886 4086 quas
905 4019 968 4074 ab
989 4033 1115 4073 anno
1134 4021 1314 4074 habitae
1329 4021 1602 4096 collationis
1620 4039 1731 4096 eum
1751 4031 2007 4082 Donatistis
2027 4029 2396 4096 Belagianaeque
2415 4027 2665 4096 haereseos
2686 4025 2742 4096 in
2761 4021 3277 4096 _Africa_errehens'.e,
3299 4022 3490 4088 scripsit
3511 4023 3802 4087 Augustinus

1313 4085 1548 4150 deinceps
1564 4085 1754 4153 reliquo
1775 4097 1996 4157 tempore
2017 4094 2130 4145 vitae
2139 4084 2274 4154 suae,
2298 4084 2348 4142 id
2368 4094 2448 4144 est
2461 4091 2524 4140 ab
2545 4099 2671 4138 anno
2691 4086 2778 4137 411
2803 4084 2863 4136 ad
2882 4084 2991 4135 450.

1980 4223 2350 4282 W

959 4334 1288 4394 EPISTOLA
1327 4333 1538 4393 CXXIV
1563 4335 1666 4410 (a).

517 4436 838 4518 Augustinus
865 4445 934 4500 ad
959 4445 1192 4500 Albinam
1210 4488 1227 4514 ,
1263 4445 1539 4502 Pinianum
1567 4458 1611 4504 et
1637 4448 1915 4506 Melanium
1949 4451 2106 4524 ipsius

598 4538 844 4591 desiderio
883 4538 1129 4591 venientes
1165 4538 1219 4590 in
1253 4537 1482 4608 Africam
1504 4549 1551 4592 et
1584 4539 1850 4611 Thagastae
1887 4559 2106 4598 commo-

567 4627 570 4648 ‘
597 4636 766 4682 rantes
791 4637 994 4682 excusat
1020 4645 1091 4693 se,
1119 4629 1252 4697 quod
1275 4627 1399 4681 illuc
1428 4629 1496 4682 ad
1521 4645 1602 4684 eos
1627 4632 1856 4686 visendos
1884 4651 2101 4705 pergere,

596 4736 698 4774 non
725 4729 825 4773 tam
855 4736 942 4789 per
971 4719 1147 4772 hiemis
1176 4721 1390 4792 rigorem
1412 4760 1426 4785 ,
1454 4736 1604 4790 quam
1643 4738 1730 4791 per
1756 4733 1941 4776 statum
1969 4723 2105 4795 Hip.

599 4810 834 4881 ponensis
865 4810 1102 4865 Ecclesiae
1135 4810 1424 4864 titubantem
1456 4811 1594 4864 haud
1619 4812 1716 4866 sibi
1740 4814 1975 4868 licuisset.

527 4921 768 4978 Dominis
795 4922 845 4974 in
874 4921 1096 4976 Domino
1123 4921 1415 4991 insignibus
1435 4964 1449 4986 ,
1480 4932 1533 4977 et
1556 4925 1832 4993 sanctitate
1858 4926 2108 4983 charissi-

601 5014 701 5067 mis
727 5028 789 5066 ac
818 5012 1280 5067 desideratissimis
1303 5011 1575 5080 fratribus,
1605 5017 1841 5082 ALBINA-I,
1869 5018 2105 5088 PINIANO,

603 5113 657 5160 et
683 5103 943 5158 Mauram
972 5103 1011 5168 ⁸,
1039 5103 1396 5167 Aucosruvus,
1427 5105 1479 5157 in
1507 5105 1731 5160 Domino
1755 5109 1998 5163 salutem.

607 5197 659 5252 l.
700 5195 828 5250 Cum
869 5195 1046 5251 habitu
1073 5195 1383 5250 valetudinis
1415 5196 1498 5251 vel
1538 5207 1720 5252 natura
1765 5200 1931 5272 frigus
1970 5202 2111 5258 ferre

595 5311 612 5343 ι
638 5310 769 5381 Apud
793 5317 924 5381 Lov.,
950 5307 1126 5381 Albino,
1157 5315 1438 5381 ﬁrmano,et
1461 5309 1678 5381 aleliano.
1704 5315 2008 5381 Restituimus
2030 5313 2112 5381 Al-

530 5371 658 5436 bimc
677 5371 735 5422 iet
754 5371 968 5436 .uelanim
990 5371 1274 5436 auctoritate
1313 5373 1626 5436 vetustissimi
1666 5373 1960 5436 exemplaris
1973 5376 2108 5423 Corb.

528 5434 661 5504 quod
682 5434 1006 5504 unumuhujus
1033 5433 1250 5504 epistolae
1274 5441 1353 5504 Ms.
1381 5441 1566 5504 nostras
1586 5435 1634 5504 in
1668 5433 1836 5504 manus
1859 5438 2008 5504 venit.
2041 5437 2114 5485 sic

532 5494 680 5544 etiam
705 5496 977 5544 inscribitur
1000 5501 1050 5543 in
1066 5494 1272 5544 indiculo
1295 5494 1503 5552 Possidii,
1527 5507 1571 5542 c.
1596 5497 1644 5543 7.
1665 5503 1808 5545 Porro
1829 5495 1992 5545 Albina
2017 5505 2113 5546 ate-

532 5555 675 5604 laniae
712 5557 802 5604 fuit
823 5556 1029 5604 senioris
1050 5568 1225 5615 nurus,
1250 5562 1404 5604 mater
1421 5555 1626 5616 junioris
1660 5557 1850 5606 Piniano
1883 5558 1932 5605 in
1953 5560 2114 5607 matri-

597 5637 615 5654 '
642 5644 739 5685 non
761 5638 1034 5700 reperimus
1052 5639 1174 5688 hanc
1195 5639 1245 5686 in
1267 5644 1373 5686 Mss.
1400 5637 1494 5687 nisi
1515 5638 1593 5686 ch.
1615 5645 1668 5688 et
1689 5638 1876 5690 duobus
1896 5654 1945 5690 ν.

589 5717 664 5780 (a)
683 5708 808 5787 alias
821 5717 953 5787 22⁸7)Δ
965 5733 1076 5787 quae
1094 5728 1259 5773 autem
1277 5719 1367 5770 124
1385 5718 1520 5783 erat,
1541 5733 1669 5770 nunc
1685 5720 1762 5772 96.
1789 5725 1967 5787 Scripta
1988 5723 2114 5774 circa

529 5779 776 5831 ineuntem
791 5788 872 5829 an.
903 5779 1006 5832 41f.

2215 4355 2323 4397 non
2347 4339 2581 4411 possim,
2622 4350 2891 4409 nunquam
2932 4341 3110 4392 tamen
3148 4333 3381 4406 majores
3419 4343 3608 4405 aastus,
3640 4351 3797 4407 quam

2213 4435 2316 4490 ista
2340 4433 2518 4488 hieme
2544 4439 2652 4486 tam
2673 4429 2960 4496 horrenda,
2989 4429 3196 4500 perpeti
3221 4429 3388 4499 potui,
3415 4426 3556 4500 quod
3586 4430 3652 4485 ad
3676 4447 3793 4499 vos,

2215 4523 2282 4578 ad
2306 4538 2440 4594 quos
2465 4522 2641 4577 volatu
2671 4522 2836 4576 maria
2863 4521 3178 4576 transeunda
3204 4519 3428 4587 fuerant,
3458 4529 3562 4576 tam
3591 4522 3643 4576 in
3677 4539 3798 4593 pro-

2215 4613 2360 4668 ximo
2380 4613 2714 4672 constitutos.
2749 4621 2853 4666 tam
2878 4611 2947 4665 de
2971 4611 3257 4682 longinquo
3284 4613 3484 4667 visendi
3511 4629 3606 4667 nos
3627 4614 3796 4683 gratia

2214 4707 2490 4761 venientes
2508 4746 2522 4768 ,
2553 4719 2658 4758 non
2683 4703 2853 4758 dicam
2881 4719 3100 4775 pergere
3119 4745 3135 4770 ,
3165 4704 3259 4759 sed
3285 4705 3464 4760 volare
3493 4721 3599 4760 non
3628 4708 3794 4777 potui.

2214 4795 2285 4850 Et
2311 4794 2451 4851 forte
2479 4793 2742 4850 Sanctitas
2769 4801 2944 4848 vestra
2981 4793 3224 4850 eamdem
3263 4794 3544 4850 hiemalem
3589 4798 3795 4866 asperi-

2215 4929 2427 4992 monium
2447 4927 2590 4977 datae.
2628 4933 2719 4977 Eos
2738 4925 2936 4992 Melania
2957 4929 3122 4978 senior
3145 4927 3386 4992 aliquanto
3407 4936 3523 4992 ante
3543 4931 3798 4992 Gothorum
3863 4922 3872 4932 ’

2215 4991 2533 5054 ἱιιιζῃρζίοηθω
2547 5027 2559 5049 ,
2587 4997 2726 5054 horna
2750 4989 3132 5054 eduxeratLuna
3149 4989 3377 5054 cumtilio
3398 4990 3653 5051 Publicola,
3661 4993 3799 5054 juxta

2216 5050 2470 5123 palladium
2485 5053 2534 5099 in
2544 5051 2761 5123 hausiaca
2775 5051 2907 5123 hist?
2923 5052 3146 5123 quihunc
3160 5050 3465 5123 Publicolam,
3474 5066 3571 5123 seu
3596 5050 3676 5114 po;
3690 5053 3801 5104 lict)-

2215 5110 2310 5176 _la_m
2319 5110 2538 5176 neoteron
2547 5112 2787 5176 juniorem
2800 5111 2932 5176 dicit,
2943 5110 3198 5176 indigitans
3213 5115 3335 5162 forte
3347 5127 3407 5163 an
3421 5110 3569 5168 ﬁlium
3587 5110 3698 5165 esse
3718 5123 3801 5164 Pu-

2215 5171 2404 5239 blicolze
2412 5171 2589 5223 Albinie
2600 5174 2773 5239 mariti,
2784 5172 2848 5221 de
2851 5175 2992 5239 cujus
3001 5171 3300 5239 oﬁiw_agitur
3309 5189 3452 5238 supra
3468 5178 3518 5225 in
3533 5190 3612 5239 ep.
3625 5177 3705 5239 9i,
3716 5177 3796 5226 95.

2215 5235 2812 5298 Comitabaturprofugum
2851 5235 3036 5284 huncce
3065 5235 3348 5298 religiosum
3365 5235 3544 5287 cretum
3563 5235 3797 5297 itulIinus,

2217 5299 2431 5371 ειξηξςιιθ
2446 5295 2760 5371 euasere
2781 5299 3057 5371 versabatur
3080 5295 3287 5371 ετξ-λὲον
3302 5311 3401 5371 aut?
3416 5305 3637 5371 ιφιηυοτεέ
3659 5295 3796 5371 Gothi

2217 5357 2418 5422 Regium
2454 5357 2864 5422 Julium_llat_nmis
2898 5357 3172 5422 vastabant,
3194 5357 3338 5408 sicuti
3373 5357 3578 5410 testatur
3610 5361 3715 5422 ipse
3749 5363 3798 5410 in

2186 5461 2188 5464 ,
2218 5417 2420 5490 prologo
2441 5431 2533 5490 seu
2572 5417 2775 5490 epistola
2796 5419 2856 5467 ad
2889 5417 3165 5490 Ursacium,
3193 5422 3390 5490 praedita
3413 5417 3798 5490 interpretationi

2217 5478 2346 5541 Orig.
2363 5478 2417 5544 in
2441 5478 2619 5544 librum
2638 5479 2976 5544 Numerorum,
3004 5488 3054 5530 et
3077 5478 3270 5544 vulgata
3301 5485 3364 5531 ab
3386 5478 3590 5535 Henrico
3613 5483 3802 5535 \‘alesio

2218 5539 2381 5588 annot.
2399 5541 2448 5590 in
2468 5542 2642 5607 Euseb.
2663 5539 2748 5589 lib.
2767 5541 2889 5607 6,
2906 5539 2986 5589 38.
3011 5543 3140 5607 {laud
3163 5539 3314 5592 multo
3337 5553 3471 5607 post,
3499 5546 3676 5596 nullino
3709 5547 3799 5596 de-

2218 5609 2435 5663 mortuo,
2459 5603 2803 5670 adnavigarunt
2825 5601 2892 5670 illi
2915 5604 3275 5670 cartilaginem,
3311 5601 3362 5655 e't
3383 5601 3579 5670 demum
3613 5609 3800 5670 't‘haga—

2219 5670 2340 5733 stam
2364 5663 2646 5733 secessere;
2665 5665 2802 5733 cujus
2819 5665 2890 5712 rei
2909 5663 3052 5733 fidem
3067 5663 3178 5733 facit
3191 5663 3442 5733 nonmodo
3453 5671 3621 5733 istlnec
3637 5663 3800 5733 Augu-

2220 5725 2331 5795 stini
2359 5723 2560 5795 epistola
2574 5723 2699 5795 ,_se_d
2724 5723 2875 5795 etiam
2912 5727 3256 5789 Hetaphrastes
3283 5730 3332 5779 in
3356 5730 3570 5781 Melaniae
3596 5723 3803 5795 junioris

2221 5785 2336 5848 vita,
2356 5786 2415 5834 ad
2435 5787 2566 5836 diem
2587 5787 2641 5835 51
2660 5787 2878 5850 januarii.
