4122 6350
340 399 445 459 ιτδ

341 525 503 574 tatem
543 523 717 583 poenae
759 520 893 562 mere
934 510 1137 558 tantum
1181 512 1394 556 causam
1431 494 1723 568 putaverit;
1753 492 1912 558 absit,

340 604 662 666 ebarissimi.
689 600 823 669 Quid
850 598 991 655 enim
1020 610 1181 666 grave
1206 609 1269 648 ac
1296 592 1574 647 molestum
1596 629 1609 653 ,
1641 586 1726 642 vel
1755 585 1914 640 etiam

342 698 699 773 periculosum
730 691 927 747 habent
955 687 1150 742 imbres
1178 684 1265 739 isti
1285 725 1300 745 ,
1330 681 1471 753 quod
1502 695 1605 773 non
1636 675 1765 732 mihi
1794 674 1919 729 sub-

342 791 579 851 eundum
620 802 682 842 ac
712 783 985 840 ferendum
1016 779 1138 842 fuit,
1172 786 1225 831 ut
1257 776 1322 831 ad
1352 790 1444 830 vos
1476 772 1706 827 venirem
1726 811 1741 836 ,
1773 776 1915 824 tanta

342 886 396 941 in
441 882 604 938 tantis
646 877 801 933 malis
842 873 1038 929 nostris
1081 868 1298 934 solatia,
1344 867 1398 920 in
1442 865 1540 920 hac
1578 860 1917 934 generatione

343 987 580 1034 tortuosa
602 987 664 1028 ac
685 982 954 1041 perversa,
976 973 1079 1019 tam
1105 962 1349 1016 ardenter
1372 970 1591 1012 accensa
1617 954 1683 1009 de
1709 966 1917 1008 summo

342 1070 543 1127 lumine
568 1065 765 1120 lumina
785 1103 799 1126 ,
827 1067 1071 1126 suscepta
1100 1054 1390 1109 humilitate
1418 1048 1683 1114 sublimia,
1713 1056 1765 1100 et
1794 1061 1919 1099 con-

344 1170 542 1231 tempta
569 1158 806 1214 claritate
830 1148 1092 1207 clariora?
1118 1145 1288 1203 Simul
1311 1144 1469 1199 etiam
1496 1140 1701 1195 fruerer
1727 1151 1915 1193 carna—

342 1259 408 1315 lis
433 1256 618 1328 patria:
642 1267 774 1307 meae
798 1258 901 1304 tam
929 1243 1183 1316 spirituali
1209 1241 1473 1302 felicitate,
1497 1250 1615 1306 qua:
1640 1248 1737 1328 vos
1760 1231 1919 1285 etiam

345 1326 635 1421 praesentes
658 1344 855 1398 habere
878 1337 1071 1393 meruit
1099 1352 1112 1389 :
1142 1333 1207 1388 de
1231 1332 1421 1401 quibus
1448 1326 1775 1421 absentibus,
1797 1336 1917 1421 cum

344 1414 399 1498 id
428 1439 571 1511 quod
602 1436 708 1492 nati
737 1434 899 1496 estis,
930 1439 983 1487 et
1010 1426 1149 1499 quod
1177 1424 1341 1496 gratia
1368 1419 1564 1477 Christi
1610 1416 1729 1471 facti
1768 1414 1917 1479 estis,

346 1532 586 1597 audiret,
618 1525 857 1597 quamvis
880 1520 1137 1577 eharitate
1164 1514 1433 1578 crederet,
1466 1518 1677 1573 tamen,
1708 1520 1775 1560 ne
1812 1517 1917 1558 non

342 1624 674 1686 crederetur,
705 1630 922 1673 narrare
952 1611 1167 1667 forsitan
1198 1605 1494 1662 verebatur.

414 1716 472 1769 2.
503 1685 684 1766 Dicam
712 1707 869 1777 igitur
887 1718 1052 1773 quare
1073 1715 1180 1755 non
1204 1695 1460 1757 venerim,
1486 1698 1540 1746 et
1558 1688 1748 1759 quibus
1768 1685 1920 1741 malis

349 1824 377 1863 a
404 1814 551 1862 tanto
588 1804 728 1858 bono
767 1796 1054 1868 impeditus
1091 1794 1226 1857 sim;
1257 1799 1314 1845 ut
1356 1803 1460 1842 non
1500 1785 1668 1840 solum
1713 1797 1741 1835 a
1770 1780 1921 1835 vobis

348 1899 556 1955 veniam
580 1937 594 1959 ,
636 1892 730 1949 sed
756 1892 916 1945 etiam
941 1887 1131 1943 vestris
1156 1879 1483 1939 orationibus
1501 1920 1516 1944 ,
1545 1877 1612 1932 ab
1636 1877 1726 1930 illo
1750 1875 1839 1944 qui
1867 1874 1920 1927 in

347 1991 497 2045 vobis
522 1985 661 2058 quod
690 1984 737 2039 ei
762 1981 936 2035 vivitis
962 1984 1228 2047 operatur,
1254 1987 1462 2026 merear
1482 1965 1919 2023 misericordiam.

347 2056 578 2151 Populus
600 2072 984 2147 Hipponensis,
1010 2068 1094 2123 cui
1123 2081 1208 2121 me
1232 2064 1489 2118 Dominus
1516 2075 1728 2151 servum
1755 2056 1918 2151 dedit,

349 2150 467 2230 eum
511 2188 577 2227 ex
610 2182 797 2238 magna
841 2172 897 2219 et
936 2176 1070 2232 pene
1114 2174 1180 2213 ex
1221 2155 1365 2211 omni
1405 2162 1555 2224 parte
1583 2152 1653 2207 ita
1682 2150 1923 2204 infirmus

350 2266 450 2327 sit,
500 2272 561 2316 ut
606 2271 850 2329 pressura
892 2252 1052 2310 etiam
1101 2250 1315 2306 levioris
1365 2244 1715 2302 tribulationis
1758 2240 1926 2312 possit

348 2356 583 2427 graviter
606 2359 862 2423 aegrotare
880 2388 895 2415 ,
928 2360 1068 2400 nunc
1092 2350 1197 2397 tam
1226 2355 1414 2411 magna
1444 2336 1782 2393 tribulatione
1817 2347 1923 2388 cie—

350 2449 513 2510 ditur,
546 2454 603 2499 ut
627 2440 833 2498 etiamsi
858 2455 963 2494 non
993 2437 1070 2492 sic
1095 2445 1236 2490 esset
1260 2432 1522 2497 infirmus,
1548 2430 1635 2484 vix
1661 2443 1777 2482 eam
1804 2440 1924 2481 cum

349 2542 521 2610 aliqua
551 2537 719 2592 salute
744 2531 903 2587 animi
932 2529 1236 2585 sustineret.
1265 2524 1398 2578 Eum
1422 2530 1595 2576 autem
1622 2518 1779 2573 modo
1804 2532 1925 2572 cum

350 2643 624 2701 regressus
652 2640 800 2689 sum,
839 2618 1287 2693 periculosissime
1330 2612 1738 2669 scandalizatum
1776 2624 1927 2664 com-

351 2724 466 2795 peri
509 2720 578 2775 de
621 2717 856 2773 absentia
904 2728 1064 2768 mea:
1102 2708 1294 2765 vestris
1339 2715 1550 2771 autem,
1596 2702 1663 2758 de
1704 2716 1925 2772 quorum

353 2813 613 2885 spirituali
658 2811 847 2865 robore
884 2805 1174 2876 gaudemus
1211 2802 1263 2855 in
1292 2798 1518 2853 Domino
1539 2839 1553 2861 ,
1580 2796 1722 2849 sanis
1750 2795 1928 2862 utique

352 2905 592 2960 faucibus
620 2902 756 2971 sapit
784 2896 1049 2970 quomodo
1087 2895 1282 2949 dictum
1325 2890 1423 2953 sit,
1468 2888 1592 2953 Quis
1618 2886 1924 2955 inﬁrmatur,

353 3005 400 3049 et
433 3011 522 3065 ego
565 3010 664 3046 non
701 2988 970 3060 inﬁrmor?
1011 2985 1121 3055 quis
1163 2981 1569 3045 scandalizatur,
1614 2986 1660 3031 et
1700 2992 1789 3046 ego
1828 2991 1928 3029 non

352 3103 474 3141 uror
523 3084 599 3159 (ll
621 3084 738 3138 Cor.
761 3098 815 3137 ιι
834 3122 849 3148 ,
873 3079 1005 3149 29)?
1034 3075 1334 3132 Prmsertim
1362 3071 1610 3143 quoniam
1636 3069 1783 3125 multi
1808 3075 1930 3159 sunt

353 3178 468 3244 hic,
499 3158 586 3247 qui
609 3172 937 3231 detrahendo
966 3168 1119 3225 nobis
1138 3210 1153 3235 ,
1180 3174 1495 3222 caeterorum
1522 3162 1729 3216 animos
1753 3176 1785 3215 a
1811 3158 1928 3229 qui-

352 3272 452 3326 bus
472 3270 618 3339 diligi
637 3268 898 3331 videmur,
924 3262 1176 3317 adversus
1201 3274 1297 3314 nos
1318 3256 1628 3328 perturbare
1649 3260 1926 3320 conantur,

353 3371 413 3416 ut
442 3361 616 3415 locum
646 3359 699 3413 in
724 3358 803 3411 eis
831 3354 1040 3410 diabolo
1065 3352 1277 3407 faciant.
1309 3349 1443 3405 Cum
1480 3356 1655 3403 autem
1697 3347 1931 3400 irascun-

356 3460 446 3507 tur
469 3450 620 3505 nobis
646 3449 712 3504 de
741 3461 961 3518 quorum
989 3445 1158 3499 salute
1185 3441 1504 3512 satagimus,
1539 3454 1786 3509 magnum
1826 3436 1932 3491 illis

354 3541 635 3598 consilium
676 3536 1011 3603 vindicandi,
1057 3543 1139 3589 est
1180 3532 1343 3588 libido
1388 3530 1681 3595 moriendi,
1731 3544 1838 3584 non
1877 3528 1929 3583 in

356 3649 612 3707 corpore,
644 3631 737 3687 sed
768 3632 821 3686 in
848 3628 1042 3693 corde,
1075 3626 1165 3682 ubi
1206 3625 1364 3680 funus
1403 3624 1608 3680 occulte
1649 3622 1794 3692 prius
1835 3636 1932 3676 suo

356 3736 548 3799 putore
572 3724 798 3781 sentitur
815 3765 830 3790 ,
859 3738 1017 3792 quam
1044 3728 1223 3776 nostra
1251 3717 1569 3789 cogitatione
1594 3715 1931 3786 prospicitur.

358 3819 495 3875 Huic
521 3831 655 3872 mea:
679 3812 1016 3870 sollicitudini
1054 3810 1238 3881 procul
1272 3808 1431 3863 dubio
1461 3808 1686 3862 libenter
1709 3807 1934 3876 ignosci-

357 3910 459 3975 tis;
490 3905 783 3979 prmsertim
813 3902 1060 3974 quoniam
1104 3901 1149 3955 si
1192 3898 1575 3955 succenseretis
1594 3939 1608 3964 ,
1640 3904 1695 3952 et
1729 3897 1934 3952 velletis

360 3998 560 4063 ulcisci,
581 3995 713 4051 nihil
737 3995 960 4049 fortasse
980 3992 1189 4063 gravius
1213 3989 1522 4046 inveniretis
1542 4003 1697 4059 quam
1721 3987 1772 4043 id
1794 3986 1934 4058 quod

358 4090 558 4160 patior,
601 4100 726 4142 eum
764 4099 860 4140 vos
886 4082 1165 4153 Thagasta:
1206 4095 1314 4136 non
1354 4078 1529 4134 video.
1560 4078 1731 4148 Spero
1758 4086 1936 4132 autem

358 4179 551 4236 vestris
579 4177 792 4247 adjutus
825 4173 1184 4240 orationibus,
1224 4171 1365 4242 quod
1406 4170 1534 4225 mihi
1573 4169 1640 4225 ad
1677 4185 1772 4224 vos
1813 4169 1936 4224 ubi-

360 4284 586 4340 cumque
610 4268 664 4324 in
690 4266 868 4322 Africa
902 4265 1106 4321 fueritis
1126 4305 1140 4331 ,
1186 4263 1372 4318 venire
1397 4261 1711 4332 quantocius
1738 4276 1935 4316 conce-

359 4359 535 4425 detur,
566 4372 691 4413 cum
720 4356 822 4412 hoc
845 4370 950 4426 quo
977 4368 1118 4410 nunc
1143 4352 1387 4408 detentus
1412 4368 1527 4407 sum
1545 4392 1560 4419 ,
1591 4352 1935 4422 praeterierit;

361 4452 406 4506 si
430 4449 545 4506 haec
569 4450 756 4505 civitas
782 4449 836 4503 in
861 4463 963 4519 qua
989 4447 1322 4511 laboramus,
1364 4445 1521 4515 digna
1545 4460 1649 4500 non
1673 4454 1756 4501 est
1774 4487 1789 4512 ,
1818 4446 1937 4515 quia

362 4559 460 4598 nec
506 4557 606 4613 ego
652 4540 825 4596 audeo
875 4540 1085 4610 dignam
1130 4546 1351 4609 putare,
1399 4554 1518 4609 quae
1560 4538 1833 4601 nobiscum
1872 4538 1939 4594 de

361 4646 537 4693 vestra
564 4635 845 4707 praesentia
871 4634 1180 4689 collaetetur.

796 4744 1128 4801 EPISTOLA
1163 4742 1350 4800 cxxv
1388 4748 1408 4770 ·
1450 4744 1546 4818 (a).

366 4859 492 4915 Cum
520 4858 814 4930 Hipponem
832 4858 901 4912 ad
924 4858 1235 4912 innitendum
1259 4858 1591 4929 Augustinum
1615 4858 1823 4913 venisset
1844 4856 1941 4911 Pi-

435 4951 643 5017 nianus,
675 4950 843 5021 ibique
865 4950 937 5003 rei
965 4966 1123 5004 sacra:
1148 4951 1436 5019 interesset,
1464 4950 1626 5005 subito
1650 4951 1823 5022 populi
1859 4959 1941 5004 tu-

435 5044 599 5098 multu
635 5041 705 5095 ad
744 5040 1101 5113 presbyterium
1140 5042 1420 5112 postulatus
1463 5042 1593 5111 fuit;
1620 5058 1708 5095 nec
1741 5042 1945 5096 evadere

438 5135 707 5204 permissus
723 5134 881 5186 donec
889 5134 1112 5203 jurasset
1132 5151 1231 5187 non
1259 5150 1311 5188 se
1334 5133 1570 5204 Hippone
1592 5134 1939 5202 discessurum,

436 5235 584 5295 atque
600 5226 645 5279 si
658 5223 859 5295 quando
875 5224 951 5278 illi
965 5224 1035 5277 ad
1048 5225 1415 5295 suscipiendum
1431 5227 1720 5280 clericatum
1734 5244 1944 5283 consen-

438 5317 531 5370 tire
558 5316 857 5386 placuisset,
892 5317 1092 5370 nonnisi
1132 5318 1183 5370 in
1220 5317 1331 5386 ipsa
1369 5316 1685 5388 Hipponensi
1724 5318 1946 5373 Ecclesia

437 5420 782 5481 suscepturum
801 5410 894 5464 hoc
918 5427 1117 5465 munus.
1135 5409 1401 5480 Conquesti
1424 5420 1539 5464 sunt
1554 5410 1734 5465 Albina
1759 5412 1948 5483 ﬁliique

438 5503 599 5574 ipsius
623 5505 770 5574 (puta
800 5501 1051 5557 Pinianus
1069 5511 1115 5557 et
1141 5500 1389 5574 Melania)
1420 5501 1767 5574 Hipponenses
1793 5520 1945 5575 pecu-

369 5713 401 5751 '
430 5638 632 5751 ‘elfpgztvt.
651 5630 801 5687 CXXV
818 5643 871 5689 et
889 5645 1054 5689 CXXVI
1078 5639 1449 5702 recognovimus
1486 5637 1545 5688 ad
1568 5638 1729 5689 cb.sb.
1741 5652 1814 5690 vc.
1829 5640 1949 5693 duos

366 5781 508 5907 μειῗέ
526 5780 1112 5908 ἱὲξὲὼειιιθω
1157 5783 1248 5835 125
1280 5790 1418 5846 erat,
1465 5796 1593 5836 nunc
1623 5783 1733 5835 259.
1771 5785 1951 5850 Scripta

1495 359 1975 434 EPISTOLARUM
2010 358 2284 427 CLASSIS
2319 373 2407 430 lll.

2092 491 2196 547 nia
2232 490 2508 563 cupiditate
2540 490 2702 546 virum
2731 490 3040 560 prwdiuitem
3078 492 3333 549 vindicare
3362 495 3456 552 sibi
3491 486 3609 552 sat?

2093 583 2281 652 egisse,
2306 583 2591 654 nulliusque
2621 585 2804 654 vigoris
2828 601 2932 639 esse
2951 584 3176 640 volebant
3191 587 3536 658 juramentum
3551 590 3601 642 oi

2093 684 2324 743 metuque
2367 686 2632 730 extortum.
2666 677 2831 743 Quam
2870 678 2929 731 ob
2969 694 3171 731 causam
3198 678 3503 749 Augustinus
3537 680 3605 733 ad

2092 766 2331 836 Alypium
2351 767 2519 821 scribit
2538 769 2788 838 quomodo
2804 768 3170 839 suspicionibus
3193 779 3238 824 et
3259 772 3469 837 querelis
3496 772 3605 827 istis

2092 857 2156 910 sit
2189 860 2550 912 occurrendum
2569 900 2582 923 ,
2624 876 2782 929 quave
2814 860 3053 931 religione
3080 860 3430 915 exsolvendum
3450 862 3603 933 jura-

2092 958 2309 1001 mentum
2336 948 2507 1002 datum
2533 966 2564 1002 a
2584 947 2823 1003 Piniano.

2023 1040 2249 1095 Domino
2288 1042 2594 1097 beatissimo
2619 1050 2673 1097 et
2712 1043 3087 1098 venerabiliter
3111 1042 3424 1098 charissima
3454 1042 3604 1098 fratri

2096 1139 2150 1185 et
2178 1131 2545 1187 consacerdoti
2574 1133 2775 1188 ALYPIO
2796 1176 2810 1199 ,
2842 1143 2895 1188 et
2923 1135 3012 1205 qui
3048 1142 3221 1189 tecum
3267 1144 3390 1189 sunt
3429 1136 3606 1189 fratri-

2095 1222 2227 1289 bus,
2257 1225 2624 1291 AUGUSTINUS,
2664 1233 2719 1278 et
2758 1225 2847 1294 qui
2893 1240 3100 1279 mecum
3131 1235 3250 1281 sunt
3283 1224 3506 1291 fratres,
3552 1225 3604 1280 in

2097 1312 2318 1366 Domino
2344 1314 2587 1369 salutem.

2095 1407 2147 1460 1.
2195 1405 2445 1460 Dolemus
2487 1406 2696 1476 quidem
2742 1406 2994 1476 graviter,
3044 1421 3143 1461 nec
3186 1406 3300 1460 fieri
3343 1414 3517 1477 potest
3551 1414 3610 1460 ut

2024 1497 2468 1568 parvipendamus
2490 1498 2628 1567 quod
2660 1499 2710 1552 in
2745 1498 2965 1567 injurias
2990 1498 3295 1553 Sanctitatis
3322 1509 3423 1553 tua:
3448 1516 3610 1568 popu-
3668 1564 3679 1577 ⁸

2024 1588 2108 1644 lus
2152 1588 2503 1658 Hipponensis
2548 1596 2689 1643 tanta
2738 1590 3015 1654 clamavit;
3064 1589 3157 1644 sed
3208 1591 3374 1643 multo
3402 1589 3612 1659 gravius

2024 1676 2309 1736 dolendum
2334 1689 2448 1747 est,
2476 1679 2640 1735 frater
2669 1681 2806 1736 bone
2826 1723 2839 1745 ,
2870 1682 2995 1735 talia
3025 1680 3091 1735 de
3120 1680 3271 1735 nobis
3299 1680 3608 1747 existimari,

2025 1789 2182 1845 quam
2222 1773 2309 1827 illa
2339 1773 2573 1828 clamari.
2620 1772 2842 1841 Quando
2872 1774 3015 1828 enim
3046 1789 3143 1828 nos
3168 1771 3437 1827 credimur
3461 1772 3611 1840 cupi-

2025 1865 2187 1920 ditate
2234 1865 2505 1935 pecuniae,
2552 1879 2659 1919 non
2703 1864 2986 1919 dilectione
3026 1864 3243 1934 justitiae
3285 1878 3467 1918 servos
3518 1862 3611 1917 Dei

2025 1958 2163 2014 velle
2202 1959 2461 2025 retinere,
2494 1974 2670 2014 nonne
2696 1959 2984 2029 optandum
3029 1967 3193 2014 estut
3222 1959 3311 2028 qui
3352 1957 3453 2012 hoc
3493 1970 3613 2010 cre-

2027 2049 2178 2118 dunt,
2200 2051 2465 2104 occultum
2480 2050 2655 2105 cordis
2676 2051 2759 2104 sui
2781 2066 2909 2105 voce
2936 2060 3213 2111 testentur,
3230 2065 3291 2105 ac
3316 2050 3392 2105 sic
3416 2050 3612 2119 aliqua,

2027 2142 2074 2196 si
2126 2140 2237 2196 fieri
2284 2150 2493 2210 potest,
2540 2149 2687 2196 tanto
2725 2142 2926 2209 majora
2981 2140 3217 2196 remedia
3255 2140 3616 2210 requirantur,

2029 2250 2189 2305 quam
2216 2243 2273 2289 ut
2299 2234 2439 2288 taciti
2485 2241 2703 2303 pereant
2749 2233 3060 2303 perniciosis
3113 2231 3501 2301 suspicionibus
3528 2244 3621 2284 ve»

2032 2326 2251 2380 uenali?
2301 2325 2635 2395 Quapropter
2695 2325 2863 2395 magis
2913 2323 3255 2394 satagendum
3305 2330 3422 2390 est,
3476 2320 3618 2376 unde

2030 2419 2186 2474 etiam
2229 2418 2534 2488 priusquam
2567 2416 2669 2471 hoc
2714 2417 2863 2471 fieret
2899 2416 3060 2471 locuti
3098 2431 3314 2482 sumus,
3353 2413 3619 2485 quomodo

2028 2510 2411 2581 persuadeatur
2455 2509 2792 2574 hominibus,
2833 2509 3022 2579 quibus
3063 2524 3160 2563 nos
3208 2507 3273 2562 ad
3319 2506 3618 2577 exemplum

2029 2601 2291 2656 bonorum
2321 2616 2544 2668 operum
2591 2600 2828 2672 praebere
2875 2600 3233 2670 praecipimur,
3279 2598 3471 2653 falsum
3498 2611 3619 2651 esse

2030 2691 2171 2763 quod
2200 2692 2553 2761 suspicantur,
2585 2707 2742 2761 quam
2767 2690 3033 2761 quomodo
3062 2689 3318 2761 arguendi
3355 2688 3494 2755 sint,
3527 2686 3620 2758 qui

2030 2783 2360 2850 suSpieiones
2384 2797 2509 2837 suas
2530 2782 2746 2837 vocibus
2772 2782 3055 2851 verbisque
3075 2780 3366 2835 declarant.

2100 2872 2155 2927 2.
2190 2873 2417 2929 Proinde
2441 2889 2540 2945 ego
2568 2882 2765 2928 sancta:
2792 2873 2995 2928 Albinae
3022 2887 3126 2927 non
3155 2884 3442 2927 succenseo
3460 2911 3476 2936 ,
3522 2883 3622 2925 nec

2031 2964 2353 3035 arguendam
2386 2964 2602 3034 judico,
2647 2965 2741 3019 sed
2770 2981 2797 3017 a
2830 2964 2920 3018 tali
2963 2963 3264 3032 suSpicione
3307 2958 3619 3016 sanandam.

2032 3057 2161 3123 Quae
2183 3098 2197 3121 ,
2230 3058 2350 3128 quia
2382 3072 2486 3112 non
2530 3057 2583 3110 in
2612 3072 2783 3111 meam
2812 3071 3095 3126 personam
3127 3055 3309 3110 eadem
3349 3054 3509 3109 verba
3538 3052 3623 3108 di-

2031 3149 2176 3204 rexit
2206 3149 2245 3213 ¹,
2286 3146 2381 3203 sed
2421 3156 2668 3219 tanquam
2709 3147 2776 3202 de
2818 3147 3243 3217 Hipponensibus
3288 3155 3475 3216 questa
3503 3152 3620 3212 est,

2034 3239 2175 3311 quod
2201 3240 2503 3309 aperuerint
2535 3238 2880 3310 cupiditatem
2901 3254 3071 3304 suam,
3104 3253 3162 3292 se
3190 3252 3295 3291 non
3321 3236 3622 3303 clericatus,

2033 3331 2126 3386 sed
2170 3331 2407 3401 pecuniae
2446 3346 2606 3386 causa
2653 3330 2921 3385 hominem
2964 3330 3216 3393 divitem,
3248 3336 3404 3398 atque
3443 3327 3627 3395 hujus-

2035 3422 2179 3477 modi
2208 3422 2448 3493 pecunia:
2487 3430 2907 3491 contemptorem
2947 3429 3001 3476 et
3039 3420 3348 3491 largitorem
3387 3418 3529 3489 apud
3567 3432 3627 3473 se

2034 3522 2217 3569 tenere
2249 3513 2513 3579 voluisse;
2542 3521 2720 3567 tamen
2751 3511 2891 3582 quod
2924 3511 2994 3568 de
3024 3510 3177 3565 nobis
3207 3509 3466 3575 senserit,
3489 3523 3628 3579 pene

2034 3605 2281 3660 clamavit
2311 3623 2324 3658 :
2357 3619 2459 3659 nec
2497 3605 2609 3675 ipsa
2637 3612 2872 3667 tantum,
2899 3618 3083 3658 verum
3131 3603 3292 3658 etiam
3330 3600 3498 3656 sancti
3536 3598 3629 3654 lilii

2036 3696 2182 3766 ejus,
2210 3695 2301 3766 qui
2331 3695 2434 3749 hoc
2462 3695 2622 3750 etiam
2664 3695 2776 3764 ipsa
2803 3693 2890 3748 die
2917 3694 2969 3748 in
3002 3692 3184 3748 abside
3223 3692 3488 3747 dixerunt.
3521 3689 3629 3744 Hos

2036 3803 2195 3858 ergo,
2222 3796 2283 3842 ut
2311 3786 2458 3852 dixi,
2487 3787 2656 3857 magis
2699 3784 2963 3841 sanandos
3004 3785 3071 3839 ab
3109 3782 3413 3854 hujusmodi
3457 3781 3630 3852 suspi-

2036 3879 2276 3933 cionibus
2295 3921 2309 3945 ,
2344 3892 2504 3949 quam
2534 3886 2748 3948 propter
2776 3877 2872 3931 has
2901 3875 3201 3947 arguendos
3230 3874 3495 3930 existimo.
3525 3871 3629 3929 Ubi

2039 3973 2181 4027 enim
2213 3970 2366 4026 nobis
2395 3985 2424 4024 a
2454 3970 2622 4042 spinis
2653 3970 2845 4025 talibus
2865 3968 3121 4024 securitas
3163 3976 3216 4022 et
3259 3967 3470 4036 requies
3494 3978 3632 4035 prae-

2038 4061 2211 4133 parari
2234 4061 2319 4116 vel
2349 4060 2571 4131 praeberi
2590 4069 2786 4132 potest,
2802 4060 2847 4114 si
2878 4059 3131 4113 adversus
3160 4071 3259 4112 nos
3289 4058 3340 4111 in
3364 4064 3474 4111 tam
3503 4070 3625 4110 san-

2039 4154 2138 4208 ctis
2179 4151 2439 4222 nobisque
2485 4151 2811 4206 charissimis
2841 4150 3089 4205 cordibus
3130 4148 3325 4203 nostris
3372 4147 3632 4216 pullulare

2041 4243 2304 4315 potuere?
2336 4243 2412 4297 De
2440 4250 2493 4296 te
2522 4243 2716 4312 quippe
2758 4242 3059 4312 imperitum
3085 4240 3271 4310 vulgus
3302 4239 3404 4293 hoc
3428 4238 3629 4304 sensit;

1985 4350 1993 4361 '
2039 4335 2107 4390 de
2139 4335 2320 4401 nobis,
2354 4333 2551 4388 lumina
2584 4333 2835 4388 Ecclesia:
2868 4352 2881 4389 :
2915 4332 3054 4387 unde
3078 4331 3203 4404 quid
3242 4332 3409 4403 magis
3444 4331 3632 4387 dolen-

2040 4424 2165 4480 dum
2210 4424 2307 4492 sit,
2353 4424 2520 4480 vides.
2571 4424 2861 4496 Utrumque
2898 4433 3075 4480 autem
3124 4439 3229 4479 non
3276 4423 3632 4481 accusandum

2041 4532 2267 4582 censeo,
2315 4518 2409 4572 sed
2453 4517 2748 4573 sanandum
2785 4535 2800 4571 :
2839 4518 3083 4574 homines
3128 4519 3270 4574 enim
3301 4527 3457 4584 sunt,
3489 4518 3633 4574 etde

2042 4608 2346 4665 hominibus
2374 4610 2529 4677 talia,
2576 4610 2700 4665 licet
2730 4609 2894 4677 falsa,
2940 4626 3045 4666 non
3087 4619 3261 4666 tamen
3306 4611 3634 4666 incredibilia

2043 4702 2398 4772 suspicantur.
2426 4700 2559 4755 Nam
2606 4702 2787 4771 utique
2838 4716 2945 4756 non
2984 4718 3151 4773 usque
3199 4701 3333 4757 adeo
3370 4702 3636 4773 desipiunt

2044 4794 2177 4849 tales
2214 4793 2459 4848 homines
2482 4834 2499 4861 ,
2544 4801 2604 4847 ut
2632 4793 2853 4849 credant
2876 4794 3125 4864 populum
3152 4809 3303 4848 suam
3332 4794 3636 4849 desiderare

2045 4886 2359 4957 pecuniam;
2405 4886 2701 4955 praesertim
2742 4886 2852 4957 jam
2883 4887 3085 4956 experti
3123 4885 3262 4956 quod
3307 4885 3436 4941 nihil
3478 4901 3541 4940 ex
3573 4902 3634 4940 ea

2044 4978 2272 5050 populus
2297 4978 2674 5049 Thagastensis
2698 4980 2906 5051 accepit
2933 4998 2946 5033 :
2977 4980 3054 5034 sic
3083 4994 3210 5050 ergo
3235 4988 3290 5034 et
3328 4979 3637 5051 Hipponen-

2047 5071 2139 5125 sis.
2174 5069 2369 5125 Verum
2411 5071 2585 5125 omnis
2614 5071 2730 5126 hzec
2773 5072 2967 5127 invidia
3012 5088 3119 5128 non
3164 5075 3266 5129 nisi
3312 5074 3365 5128 in
3411 5073 3637 5128 clericos

2048 5170 2268 5229 aestuat,
2318 5161 2653 5233 maximeque
2702 5164 2755 5218 in
2799 5165 3109 5235 episcopos,
3163 5180 3386 5236 quorum
3431 5165 3637 5220 videtur

2049 5255 2364 5327 praeminere
2391 5255 2725 5322 dominatus,
2756 5257 2846 5328 qui
2888 5258 2963 5312 uti
3008 5258 3215 5328 fruique
3260 5257 3420 5314 rebus
3449 5257 3635 5313 Eccleo

2050 5348 2143 5403 siae
2169 5355 2415 5418 tanquam
2443 5362 2779 5417 possessores
2805 5357 2859 5405 et
2886 5349 3088 5405 domini
3116 5348 3517 5406 existimantur.
3553 5351 3633 5405 Ad

2051 5441 2205 5495 istam
2234 5439 2577 5510 cupiditatem
2616 5449 2723 5495 tam
2761 5441 2975 5497 noxiam
3015 5450 3174 5513 atque
3198 5441 3521 5499 mortiferam
3542 5484 3558 5510 ,
3589 5443 3635 5497 si

2051 5534 2163 5590 ﬁeri
2194 5538 2399 5606 potest,
2425 5535 2497 5589 mi
2533 5534 2728 5615 Alypi,
2774 5551 2877 5591 non
2921 5536 3249 5592 :edilieentur
3284 5552 3378 5608 per
3415 5550 3512 5593 nos
3557 5536 3636 5591 iu-

2051 5627 2208 5682 ﬁrmi.
2238 5626 2538 5682 Recordare
2560 5627 2685 5697 quid
2715 5628 2876 5683 locuti
2906 5628 3159 5685 fuerimus
3178 5671 3194 5698 ,
3222 5640 3503 5701 antequam
3535 5629 3633 5683 ista
3698 5672 3705 5677 .

2039 5718 2301 5785 .tentatio,
2336 5735 2453 5791 quae
2480 5719 2599 5791 plus
2624 5720 2690 5775 ad
2717 5720 2818 5776 hoc
2856 5723 3029 5793 cogit,
3071 5722 3359 5781 accideret.
3408 5720 3488 5779 Ex
3532 5720 3634 5780 hoc

2118 5852 2137 5885 ι
2159 5858 2290 5917 μοι,
2308 5850 2517 5904 dixerit.
2534 5859 2593 5905 At
2611 5861 2736 5916 uss,
2755 5852 2955 5908 direxit.
