4122 6350
465 383 568 444 [5

465 495 640 574 potius
665 475 989 556 conferendo
1007 539 1021 565 ,
1053 475 1335 567 ailjttvante
1363 481 1589 550 Demino
1608 535 1622 560 ,
1650 475 1929 562 providere
1957 489 2049 547 eo"-

465 573 687 657 nemur;
717 605 816 646 nec
845 587 995 646 nobis
1038 573 1262 643 sufﬁciai
1308 575 1488 642 nostra
1534 586 1894 652 conscientia,
1925 576 2048 656 quia

468 703 573 742 non
608 685 724 739 talis
749 698 909 739 causa
935 689 1017 736 est
1040 677 1128 736 tibi
1165 669 1356 736 debeat
1383 679 1493 734 sola
1523 669 1785 734 sufficere.
1819 678 1874 733 Si
1906 678 2047 733 enim

463 765 603 835 servi
631 757 724 832 Dei
763 792 866 831 non
897 757 1106 850 reprobi
1135 769 1338 837 sumus,
1367 771 1409 826 si
1437 758 1632 841 aliquid
1657 769 1796 852 viget
1818 771 1871 825 in
1898 770 2048 826 nobis

465 872 607 927 illius
636 859 847 940 igniculi
873 883 978 939 quo
1001 866 1232 922 eharitas
1258 853 1363 919 non
1408 855 1597 940 quaerit
1624 859 1739 935 qua:
1766 864 1858 919 sua
1889 865 2046 932 sunt;

466 962 745 1034 providere
786 961 965 1033 utique
1000 958 1258 1014 debemus
1300 945 1436 1036 bona
1457 999 1471 1023 ,
1504 933 1622 1036 non,
1654 953 1824 1026 solum
1871 969 2050 1010 coram

465 1037 616 1122 Deo,
666 1035 758 1110 sed
799 1043 957 1127 etiam
1001 1066 1179 1105 coram
1221 1037 1560 1110 hominibus,
1610 1046 1675 1103 ne
1715 1043 2049 1116 tranquillam

467 1162 657 1218 aquam
688 1131 930 1201 bibentes
955 1142 1006 1198 in
1037 1133 1216 1196 nostra
1244 1128 1566 1196 conscientia
1589 1181 1602 1207 ,
1634 1130 1851 1208 pedibus
1882 1140 2054 1195 incau-

468 1241 536 1293 tis
566 1253 722 1309 agere
752 1219 1148 1300 convincamur,
1192 1243 1250 1288 ut
1293 1229 1421 1288 ores
1462 1227 1739 1287 dominicae
1787 1219 2049 1286 turbidam

466 1336 666 1394 bibant.

536 1429 590 1484 5.
621 1427 749 1482 Nam
781 1424 920 1496 quod
965 1422 1258 1498 scripsisti,
1304 1420 1370 1476 de
1415 1435 1610 1492 genere
1634 1418 1913 1490 jurationis
1935 1418 2051 1471 vio-

430 1516 434 1522 ’
466 1520 639 1576 lenter
668 1527 887 1574 extorta:
907 1557 922 1582 ,
957 1523 1015 1569 ttt
1043 1514 1180 1570 inter
1211 1528 1309 1567 nos
1346 1499 1675 1586 requiramus
1695 1553 1707 1574 ,
1751 1510 1972 1563 obsecro
2002 1516 2052 1564 te

469 1626 538 1666 ne
564 1626 650 1665 res
676 1589 1025 1664 lucidissimas
1059 1599 1346 1674 disputatio
1366 1595 1553 1682 uestra
1586 1598 1744 1657 faciat
1777 1599 2048 1654 obscuras.

467 1703 521 1758 Si
554 1703 692 1757 enim
723 1709 864 1758 certa
897 1714 1040 1753 mors
1083 1699 1450 1759 intentaretur,
1492 1685 1546 1748 ut
1588 1691 1782 1764 aliquid
1814 1685 2052 1746 illicitum

465 1811 527 1849 ac
552 1793 806 1848 nefarium
832 1807 1013 1868 servus
1041 1769 1132 1844 ί)θί
1161 1803 1218 1843 se
1233 1787 1440 1858 juraret
1460 1781 1577 1860 esse
1605 1783 1892 1851 facturum,
1919 1783 2056 1864 mori

468 1887 628 1942 malle
657 1901 810 1956 quam
848 1865 1030 1956 jurare
1058 1873 1344 1945 debuerat,
1387 1871 1452 1934 ne
1489 1865 1806 1948 jurationem
1849 1871 2054 1960 scelere

468 1981 730 2051 impleret.
762 1963 910 2033 Nunc
933 1993 1060 2030 vero
1089 1991 1208 2030 cum
1248 1967 1612 2028 tantummodo
1640 1971 1819 2056 populi
1866 1958 2052 2039 perse-

467 2072 871 2142 verantissimus
906 2056 1128 2133 clamor,
1156 2056 1220 2122 ad
1258 2066 1457 2120 nullum
1489 2059 1635 2118 nefas
1668 2057 1934 2119 hominem
1964 2063 2053 2115 eo-

443 2175 644 2232 .geret,
677 2161 769 2218 sed
797 2141 861 2216 ad
895 2161 944 2214 id
983 2143 1122 2230 quod
1153 2157 1197 2211 si
1231 2158 1411 2225 ﬁeret,
1443 2145 1586 2209 licite
1611 2149 1796 2220 ﬁeret;
1829 2143 2053 2222 eumque

471 2261 796 2324 metueretur
821 2237 1034 2324 quidem
1077 2267 1144 2304 ne
1170 2248 1329 2322 aliqui
1357 2239 1583 2324 perditi,
1612 2247 1700 2318 qui
1732 2237 2052 2300 multitudini

470 2345 630 2413 etiam
668 2322 933 2399 bonorum
966 2331 1279 2412 plerumque
1309 2322 1618 2416 miscentur,
1650 2337 1926 2392 occasione
1965 2353 2052 2391 se-

469 2436 773 2508 ditioniset
814 2433 960 2508 quasi
988 2425 1143 2501 justas
1176 2417 1550 2499 indignationis
1590 2428 1800 2483 inventa
1821 2468 1837 2495 ,
1869 2417 1918 2481 in'
1951 2417 2051 2480 ali.

472 2544 628 2600 quam
655 2509 761 2584 vim
791 2507 1098 2608 sceleratam
1116 2509 1415 2612 rapinarum
1434 2511 1719 2592 cupiditate
1738 2535 2051 2602 prorumpe-

470 2628 623 2692 rent,
657 2617 748 2674 sed
778 2628 950 2672 tamen
999 2601 1124 2694 illud
1163 2601 1300 2686 quod
1345 2603 1679 2698 metuebatur
1716 2603 1859 2667 esset
1885 2601 2054 2666 inccr-

471 2703 613 2772 tum;
662 2708 779 2777 quis
821 2715 1035 2762 censeat
1080 2714 1290 2782 propter
1319 2697 1554 2782 incerta,
1590 2705 1692 2757 non
1719 2701 1838 2758 dico
1863 2699 2052 2759 damna

468 2810 522 2854 et
548 2798 811 2870 quaslibet
850 2798 1068 2880 injurias
1107 2777 1441 2871 corporales,
1489 2781 1581 2849 sed
1627 2784 1840 2880 propter
1884 2791 2050 2866 ipsam

469 2901 690 2965 mortem
721 2868 1040 2954 cavendam,
1088 2881 1300 2977 certum.
1338 2881 1624 2974 perjnrium
1670 2868 1863 2941 debere
1901 2891 2050 2941 com-

468 2983 636 3060 mitti‘i
665 2982 852 3060 Nescio
881 2982 998 3054 quis
1029 2983 1115 3036 ille
1141 2975 1370 3052 Regulus
1397 2979 1523 3032 nihil
1551 2979 1601 3033 in
1625 2975 1910 3050 Scripturis
1930 2993 2052 3060 san-

471 3075 571 3131 ctis
605 3057 672 3130 de
713 3057 981 3146 impietate
1027 3061 1169 3127 fals:c
1205 3071 1486 3142 jurationis
1510 3061 1782 3137 audierat,
1826 3059 1956 3124 nihil
1987 3057 2052 3126 de

470 3167 742 3226 Zacharize
775 3167 905 3240 falce
933 3169 948 3198 ¹
979 3149 1267 3230 didicerat,
1301 3173 1355 3219 et
1381 3159 1628 3218 nimirum
1665 3152 2051 3234 Carthaginec-

467 3260 615 3316 sibus
643 3275 751 3330 non
789 3239 885 3334 per
903 3269 1240 3336 sacramenta
1263 3245 1456 3310 Christi
1476 3296 1489 3320 ,
1513 3249 1604 3308 sed
1630 3269 1722 3323 per
1750 3253 2051 3308 daemonum

469 3351 864 3423 inquinamenta
889 3350 1186 3426 iuraverat;
1217 3357 1267 3401 et
1295 3355 1469 3400 tamen
1491 3345 1814 3400 certissimos
1843 3343 2050 3400 crucia-

465 3421 560 3500 tus
581 3451 635 3516 et
671 3423 919 3512 horrendi
957 3421 1182 3510 exempli
1227 3429 1479 3500 mortem,
1511 3431 1612 3490 non
1642 3429 1699 3492 ut
1723 3437 1926 3506 juraret
1953 3453 2048 3492 ne-

464 3521 716 3598 cesSitate
745 3529 1038 3600 pertimuit,
1071 3529 1163 3601 sed
1195 3528 1356 3583 libera
1385 3521 1653 3581 voluntate
1679 3528 1799 3601 quia
1834 3525 2049 3598 jurave-

464 3632 580 3688 rat,
609 3638 677 3680 ne
698 3601 957 3694 pejeraret
984 3599 1209 3690 excepit.
1236 3607 1299 3674 Et
1320 3615 1554 3672 Romana
1577 3599 1698 3671 tunc
1720 3617 1805 3672 illa
1827 3621 2050 3694 censura

466 3716 637 3774 noluit
664 3693 860 3770 habere
880 3755 896 3780 ,
927 3730 1030 3768 non
1057 3713 1108 3766 in
1140 3693 1361 3786 numero
1387 3709 1689 3764 sanctorum
1711 3751 1725 3776 ,
1754 3697 1848 3786 sed
1879 3707 1928 3763 in
1961 3709 2050 3763 nu-

463 3822 614 3870 mero
641 3811 976 3870 senatorum,
1007 3816 1106 3856 nec
1152 3787 1204 3854 in
1250 3780 1454 3855 ctelesti
1486 3798 1687 3868 gloria,
1718 3781 1812 3854 Sed
1854 3799 1904 3878 in
1937 3807 2048 3854 ter-

466 3897 624 3958 restri
664 3897 837 3961 curia,
880 3911 987 3952 non
1025 3893 1192 3950 solum
1222 3908 1314 3948 eos
1343 3893 1430 3962 qui
1464 3903 1606 3945 metu
1651 3887 1836 3948 mertis
1861 3885 2049 3946 crude-

463 3969 702 4062 liumque
747 3972 1020 4061 pmnarnm
1071 3984 1405 4058 apertissime
1451 3981 1723 4056 pejerare,
1778 3979 1935 4066 quam
1980 3983 2048 4066 ad

443 4061 720 4152 immanes
749 4081 928 4138 hostes
955 4093 1194 4136 remeare
1237 4076 1564 4152 maluerant;
1597 4073 1687 4130 sed
1716 4065 1880 4148 etiam,
1902 4061 2046 4131 illum

463 4178 550 4246 qui
578 4151 728 4232 reaiu
761 4174 975 4246 perjnrii
1013 4188 1070 4228 se
1113 4179 1384 4242 potaverat
1411 4151 1710 4225 absolutum
1731 4213 1745 4236 ,
1776 4161 1895 4241 quia
1928 4159 2047 4240 post

460 4269 778 4339 iurationem
819 4267 937 4322 ficta
979 4265 1155 4322 nescio
1193 4269 1296 4335 qua
1321 4251 1632 4319 necessitate
1677 4262 1925 4340 redierat.
1970 4261 2045 4340 ita

468 4337 515 4416 tu
540 4377 572 4428 ιι
597 4359 967 4428 attenderem,
1012 4343 1283 4434 quicum.
1311 4341 1494 4434 senatu
1540 4337 1886 4434 pepulerunt,
1920 4337 2045 4426 quid

463 4449 575 4519 ipse
597 4447 821 4518 jurando
848 4429 1132 4521 cogitasset
1151 4487 1165 4513 ,
1195 4427 1287 4500 58d
1329 4431 1450 4514 quid
1477 4446 1542 4500 ah
1569 4445 1658 4499 illo
1685 4430 1873 4518 quibus
1894 4444 2044 4517 jura-

461 4547 613 4596 verat
641 4546 1030 4608 exSpectarent.
1064 4536 1170 4590 Nec
1196 4534 1431 4604 legerant
1460 4527 1598 4604 quod
1626 4551 1720 4590 nos
1750 4553 2047 4608 usquequa-

461 4648 565 4702 que
589 4611 864 4688 cantamus
891 4648 902 4682 :
941 4629 1040 4695 Qui
1072 4630 1216 4698 jurat
1240 4615 1466 4706 proxittto
1491 4615 1616 4692 suo,
1646 4636 1694 4682 et
1722 4645 1821 4682 non
1859 4627 2044 4706 decipit

464 4722 633 4795 (Psal.
663 4739 754 4778 xw
782 4722 860 4797 4),
894 4705 1139 4799 Solemus
1183 4721 1321 4788 haec,
1365 4707 1604 4799 quamvis
1649 4709 1702 4773 in
1742 4705 2042 4775 hominibus

461 4793 490 4871 a
520 4814 714 4886 Christi
741 4793 909 4883 gratia
937 4797 990 4868 et
1014 4811 1226 4880 nomine
1254 4793 1439 4886 alienis
1459 4851 1473 4874 ,
1505 4807 1623 4864 cum
1656 4805 1849 4880 ingenti
1875 4807 2043 4864 admi-

461 4908 665 4962 ratione
693 4883 944 4974 laudare;
972 4912 1021 4959 et
1051 4901 1222 4984 adhuc
1261 4891 1310 4956 in
1352 4871 1523 4956 Libris
1549 4899 1740 4958 divinis
1771 4899 2042 4984 inquiren-

461 4998 584 5053 dum
614 4979 856 5074 putamus
876 5038 890 5064 ,
919 5004 1090 5050 utrum
1121 4977 1401 5064 aliquando
1429 4979 1570 5048 licite
1597 4993 1922 5062 pejeremUs,
1955 4977 2043 5048 tibi

465 5091 648 5158 nobis,
675 5104 742 5146 ne
767 5077 977 5160 jurandi
1007 5079 1251 5147 facilitate
1276 5085 1331 5140 in
1359 5085 1646 5158 perjurium
1681 5079 2040 5160 prolabamur,
2117 5159 2122 5163 Δ

526 5281 1307 5362 ’.ωνιιάεμρίιςιῖίωξρέτηηίηε
1321 5287 1423 5362 ade
1440 5300 1536 5362 quo
1550 5285 1734 5362 scilicet
1757 5287 1804 5362 in
1818 5285 2039 5362 tegete,

460 5348 839 5422 Zachar.eap.5.
860 5348 1173 5422 Atptttss.C_dd.,
1194 5348 1590 5422 quos:_tnSpicere
1623 5361 1713 5422 per
1745 5360 1838 5422 nos
1881 5348 2040 5422 licuit,

459 5411 743 5466 sorlwnicus
766 5421 818 5465 et
853 5411 1227 5464 vetustissimus
1251 5411 1544 5473 optimeque
1577 5417 1705 5473 notus
1739 5411 2046 5462 oorbeieusis

423 5520 426 5522 ν
461 5476 668 5544 habent,
682 5477 747 5544 με
775 5475 1024 5544 Zacharia:
1045 5474 1196 5538 falce;
1209 5470 1350 5537 quam
1361 5470 1638 5536 genhanam
1656 5470 1912 5544 lectionem
1931 5484 2043 5521 esse

462 5553 557 5588 non
579 5539 882 5602 dubitamus;
901 5539 1084 5602 quippe
1103 5549 1211 5601 eum
1235 5547 1329 5602 axx
1345 5546 1586 5602 ,_quorum
1622 5539 1894 5602 versionem
1928 5546 2042 5594 per-

463 5609 611 5663 petuo
632 5601 853 5664 sequitur
870 5595 1206 5662 'A'ug’u‘stinus,’
1229 5598 1300 5648 sic
1335 5595 1608 5664 Zachariam
1623 5595 2007 5664 interpretentur
2025 5609 2038 5645 ε

463 5653 559 5727 'Ego
593 5663 677 5726 orti
699 5653 944 5727 drepani)»
960 5653 1280 5727 :petomcn'on,
1294 5667 1398 5727 _Ego
1420 5653 1556 5727 video
1579 5653 1767 5727 falcem
1784 5654 2041 5727 rotantem,

463 5715 584 5782 εἷο..
607 5715 761 5774 omnis
783 5715 854 5782 fui
879 5736 942 5773 ex
959 5715 1045 5772 Iio‘c
1070 5734 1215 5782 usque
1238 5715 1304 5770 ad
1339 5715 1540 5770 inm-icui
1564 5715 1801 5782 punietur,
1825 5725 1870 5770 et
1892 5715 2043 5770 mimis

527 5738 584 5782 ε..
607 5734 761 5774 omnis
783 5734 854 5786 [ut
879 5736 942 5773 ex
959 5734 1045 5772 nos
1070 5735 1099 5771 tt
1159 5734 1215 5770 ne
1238 5734 1302 5770 aa
1340 5734 1540 5770 mortem
1564 5734 1801 5782 pumemr,
1825 5734 1870 5770 et
1892 5734 2041 5770 onum

527 5785 690 5852 rjurus
732 5799 805 5852 eo;
837 5785 924 5834 hoc
964 5734 1276 5852 crocinum,
1331 5783 1689 5852 Qitrysostomus
1708 5795 1927 5852 ~Aqu‘oqt'te
1975 5781 2041 5831 ibi

461 5799 690 5899 periurus
741 5799 805 5836 ea;
837 5799 924 5834 nec
964 5799 1276 5850 crumimturs
1331 5799 1689 5896 ιέμιὲδρδιοιηυε
1708 5843 1713 5848 ἡ
1731 5799 1898 5852 quam

483 5849 662 5914 εεθὺιι
677 5885 691 5912 ν
717 5846 907 5912 falcem
929 5853 986 5900 ut
1004 5851 1140 5910 patet
1160 5855 1226 5896 ex
1247 5839 1378 5897 han.
1435 5879 1450 5907 ,
1473 5844 1532 5894 ad
1555 5847 1668 5907 pop.
1705 5831 1898 5894 Antioch

1697 380 1755 435 s.
1796 357 2159 434 Aunus'rtut
2197 362 2502 440 EPISCOPI

2155 487 2320 567 eum
2343 483 2662 564 prieeeptum
2687 501 2772 551 est
2788 507 2858 551 ne
2878 494 3150 568 jurenmst

2226 581 2278 640 ι.
2313 571 2445 640 llhid
2468 591 2601 643 sane
2625 588 2919 644 rectissime
2955 588 3059 644 dici
3099 596 3204 644 non
3229 587 3470 665 ambigo,
3510 603 3619 645 non
3646 604 3744 646 se-

2154 669 2385 732 cundum
2415 679 2570 733 verba
2597 679 2846 750 jurantis,
2871 680 2964 736 sed
2989 681 3278 737 secundum
3290 684 3740 751 exspectationem

2153 766 2292 822 illius
2321 770 2404 824 cui
2428 769 2658 839 juratur,
2686 777 2843 841 quain
2871 772 3020 828 novit
3047 773 3134 828 ille
3162 773 3250 843 qui
3269 771 3444 843 jurat,
3472 773 3630 828 [idem
3654 775 3738 844 jn-

2153 863 2375 917 rationis
2420 864 2647 934 impleri.
2693 865 2824 920 Nam
2851 866 3010 921 verba
3039 865 3350 921 difﬁcillime
3391 868 3739 936 comprehen-

2155 953 2318 1021 dunt,
2349 955 2578 1010 maxime
2605 957 2856 1023 breviter,
2884 957 3200 1016 sententiam
3227 959 3377 1027 cujus
3405 973 3434 1012 a
3454 959 3666 1027 jnrante
3689 960 3739 1012 ti-

2154 1047 2247 1101 des
2274 1047 2517 1117 exigitur.
2551 1041 2702 1104 Unde
2741 1047 2936 1119 perjuri
2965 1058 3122 1114 sunt,
3155 1049 3243 1119 qui
3277 1049 3502 1106 servatis
3526 1049 3734 1114 verbis,

2155 1140 2604 1209 cnspectat‘ionetn
2647 1157 2832 1196 eorum
2875 1143 3070 1212 quibus
3114 1142 3350 1211 ju'ratum
3393 1151 3477 1197 est
3515 1141 3740 1212 decepe~

2155 1241 2313 1299 rnnt;
2352 1237 2404 1288 et
2444 1234 2637 1304 perjuri
2665 1245 2769 1289 non
2800 1245 2951 1302 sunt,
2983 1236 3071 1306 qui
3102 1237 3260 1292 etiam
3287 1235 3464 1291 verbis
3493 1252 3597 1291 non
3627 1252 3740 1293 ser-

2155 1325 2322 1392 vatis,
2377 1323 2505 1382 illitd
2566 1328 2707 1396 quod
2767 1329 2834 1383 ab
2881 1328 2960 1384 eis
3009 1333 3130 1384 cum
3184 1330 3424 1400 jurarent
3467 1341 3741 1399 exspecta-

2155 1424 2266 1472 tum
2319 1427 2433 1486 est,
2488 1409 2867 1491 impleverunt.
2925 1421 3158 1476 Proinde
3203 1422 3324 1491 quia
3375 1421 3742 1492 Hipponeuses

2156 1507 2395 1565 sanetum
2451 1511 2728 1567 Pinianum
2781 1525 2886 1567 non
2933 1514 3069 1568 sicut
3113 1514 3449 1578 damnatum,
3498 1514 3592 1570 sed
3634 1515 3739 1583 sic-

2156 1612 2212 1658 ut
2264 1604 2634 1660 charissimum
2706 1595 3118 1664 inhabitatorem
3201 1624 3312 1663 sua:
3365 1609 3592 1664 civitatis
3655 1608 3776 1681 han

2157 1694 2282 1749 bere
2322 1687 2629 1764 voluerunt,
2675 1698 2774 1752 etsi
2823 1698 2999 1754 verbis
3038 1700 3154 1769 ejus
3194 1714 3301 1754 non
3340 1699 3470 1754 satis
3497 1714 3742 1769 compre-

2158 1775 2316 1841 hendi
2356 1787 2550 1856 potuit,
2583 1797 2750 1858 usque
2776 1788 2910 1844 adeo
2941 1799 3118 1844 tamen
3154 1789 3208 1844 in
3241 1799 3490 1860 promptu
3515 1790 3742 1860 estquid

2155 1877 2222 1933 ab
2247 1877 2339 1934 illo
2359 1882 2817 1951 exspectaverlnt,
2851 1892 2909 1938 ut
2936 1883 3076 1954 quod
3109 1899 3248 1938 nunc
3280 1891 3398 1954 post
3419 1883 3744 1953 jurationem

2157 1970 2349 2026 absens
2391 1970 2500 2038 est,
2543 1975 2810 2028 neminem
2854 1983 3066 2029 moveat
3092 1988 3277 2030 eorum
3313 1975 3402 2045 qui
3436 1974 3622 2030 audire
3649 1991 3744 2044 po-

2159 2057 2372 2117 tuerunt
2392 2105 2405 2128 ,
2439 2063 2582 2118 certa‘
2606 2069 2727 2119 eum
2761 2077 2921 2120 causa
2947 2067 3308 2136 promotorum
3327 2080 3445 2120 esse
3464 2107 3478 2131 ,
3507 2082 3628 2121 eum
3657 2081 3761 2120 νοτ

2156 2149 2359 2212 luntaie
2385 2156 2662 2212 redeundi.
2695 2160 2769 2213 Ac
2811 2174 2906 2228 per
2953 2159 3053 2214 hoc
3083 2158 3327 2229 perjurus
3354 2175 3455 2214 nec
3479 2159 3611 2225 erit,
3645 2174 3745 2213 nec

2157 2233 2222 2303 ab
2251 2248 2328 2303 eis
2357 2247 2644 2318 potabitur,
2685 2249 2786 2304 nisi
2815 2256 3002 2305 eorum
3034 2250 3483 2320 exspectationem
3519 2250 3745 2320 decepe-

2157 2340 2227 2398 rit
2257 2345 2273 2398 :'
2303 2357 2407 2396 non
2437 2344 2614 2396 autem
2643 2341 2906 2414 decipiet,
2943 2341 3046 2398 nisi
3083 2352 3174 2398 aut
3198 2343 3522 2400 voluntatem
3571 2353 3744 2414 mnta:

2157 2425 2294 2487 verit
2330 2431 2467 2502 apud
2503 2448 2596 2488 eos
2639 2421 2937 2501 habitandi,
2987 2433 3078 2490 aut
3111 2433 3394 2505 aliquando
3428 2435 3743 2491 discesserit

2157 2523 2271 2578 sine
2299 2523 2646 2592 dispositione
2673 2525 2961 2591 redeundi;
2992 2524 3132 2596 quod
3176 2525 3314 2580 absit
3350 2525 3417 2585 ab
3445 2525 3558 2594 ejus
3579 2525 3746 2580 mori-

2156 2615 2255 2670 bus
2278 2624 2331 2670 et
2358 2615 2479 2682 fide,
2513 2631 2668 2686 quam
2692 2617 2902 2673 Christo
2927 2625 2981 2673 et
3009 2617 3263 2674 Ecclesia:
3289 2617 3518 2673 debitam
3545 2626 3742 2674 servat.

2155 2703 2287 2762 Nam
2308 2748 2321 2772 ,
2353 2715 2412 2761 ut
2447 2709 2685 2762 omittam
2717 2709 2856 2779 quod
2887 2723 3097 2763 mecum
3126 2708 3304 2775 nosti,
3331 2724 3490 2779 quam
3524 2709 3592 2766 sit
3632 2718 3744 2766 trc-

2157 2799 2405 2854 mendum
2449 2795 2515 2854 de
2564 2800 2793 2869 perju'rio
2837 2797 3072 2855 divinum
3099 2800 3385 2868 judicium;
3426 2799 3557 2854 illud
3595 2785 3744 2856 certe

2157 2892 2289 2959 seio,
2319 2890 2445 2945 nulli
2485 2892 2585 2946 n'os
2615 2891 2867 2961 deinceps
2896 2907 3212 2948 succensere
3236 2892 3432 2948 debere
3467 2891 3556 2961 qui
3589 2890 3744 2946 nobis

2151 2973 2452 3055 jttrantibns
2492 2986 2594 3038 non
2622 2984 2938 3051 crediderit,
2969 2983 3013 3039 si
3045 2984 3164 3039 talis
3187 2983 3286 3037 viri
3315 2983 3604 3052 perjurium
3636 2998 3743 3038 non

2157 3057 2316 3132 inedo
2339 3093 2489 3148 tuque
2515 3077 2691 3132 animo
2717 3076 3013 3143 ferendum,
3042 3079 3228 3130 verum
3260 3077 3421 3130 etiam
3450 3065 3743 3136 defenden-

2155 3167 2278 3222 dum
2304 3167 2620 3237 putabimus.
2659 3167 2808 3233 Quod
2838 3175 2892 3222 et
2922 3182 2950 3220 a
2981 3164 3134 3220 nobis
3159 3175 3212 3220 et
3239 3166 3308 3220 ab
3336 3166 3426 3221 illo
3453 3174 3660 3220 avertat
3682 3167 3746 3220 ii-

2157 3257 2261 3312 lius
2291 3255 2675 3323 misericordia,
2709 3259 2797 3328 qui
2825 3256 2962 3311 eruit
2983 3271 3012 3310 a
3055 3256 3345 3314 tentatione
3383 3263 3660 3325 sperantes
3690 3257 3742 3312 in

2155 3354 2234 3404 Se.
2268 3349 2412 3404 Sicut
2439 3361 2565 3420 ergo
2617 3349 2667 3403 in
2707 3348 3112 3402 Commonitorio
3138 3347 3478 3417 rescripsisti,
3527 3347 3745 3418 impleat

2157 3440 2474 3512 promissum
2502 3443 2608 3512 quo
2638 3441 2707 3496 ita
2733 3453 2792 3496 se
2821 3440 3061 3510 promisit
3081 3440 3150 3494 ab
3182 3439 3425 3510 Hippone
3446 3453 3551 3495 non
3569 3457 3745 3496 reces-

2153 3549 2334 3589 surum
2358 3578 2372 3603 ,
2397 3523 2839 3605 quemadmodum
2876 3537 2976 3604 ego
3005 3535 3087 3588 vel
3115 3534 3212 3605 ipsi
3244 3533 3610 3604 Hipponenses
3634 3550 3742 3590 non

2155 3623 2474 3689 recedimus,
2507 3625 2697 3696 quibus
2723 3631 2896 3680 tamen
2928 3633 2982 3680 et
3009 3625 3238 3679 abeundi
3279 3633 3334 3680 et
3364 3624 3622 3704 redeundi
3664 3625 3743 3680 fa-

2154 3715 2327 3770 cultas
2353 3721 2433 3770 cst
2462 3715 2624 3770 libera
2658 3734 2671 3768 :
2703 3716 2801 3770 nisi
2829 3717 2966 3787 quod
2995 3716 3079 3770 his
3108 3716 3200 3786 qui
3221 3716 3491 3786 juratione
3516 3734 3622 3774 non
3649 3717 3743 3776 de-

2157 3805 2409 3868 tinentur,
2442 3808 2602 3862 etiam
2642 3807 2860 3862 omnino
2883 3819 2938 3863 et
2977 3808 3240 3878 migrandi
3267 3815 3323 3864 et
3350 3823 3458 3865 non
3483 3809 3741 3866 redeundi

2153 3897 2268 3952 sine
2299 3897 2512 3970 perjuril
2540 3903 2688 3954 reatu
2715 3906 2948 3969 puteStas
2973 3907 3074 3955 est.

2223 3986 2276 4045 5.
2305 3990 2538 4046 Clericos
2578 3997 2706 4046 sane
2747 3997 2956 4046 uestros
2993 3991 3078 4046 vel
3114 3990 3307 4066 fratres
3335 3992 3388 4046 in
3415 3995 3740 4050 monasterio

2152 4083 2501 4149 constitutos,
2531 4084 2817 4156 participes
2847 4085 2931 4139 vel
2956 4081 3254 4139 hortatores
3279 4085 3443 4141 fuisse
3465 4095 3741 4142 contume-

2152 4173 2340 4228 liarum
2374 4175 2616 4243 tuarum,
2661 4163 2839 4230 utrum
2886 4177 3096 4246 probari
3124 4177 3324 4246 possit,
3369 4176 3574 4247 ignoro.
3605 4177 3738 4233 Nam

2151 4277 2270 4318 cum
2310 4261 2409 4318 hoc
2437 4266 2788 4334 quassissem,
2835 4266 3033 4320 dictum
3063 4275 3142 4321 eat
3171 4269 3334 4321 unum
3367 4270 3739 4324 tantummodo-

2149 4355 2644 4426 Carthaginensiu'm
2673 4357 2690 4390 ί
2721 4357 2788 4412 de
2813 4359 3136 4413 monasterio
3183 4359 3441 4415 clamasse
3478 4375 3597 4415 eum
3643 4376 3739 4430 po-

2149 4445 2310 4516 pulo,
2342 4449 2464 4502 cuin
2507 4446 2656 4501 illum
2686 4445 3052 4519 presbyterum
3097 4456 3375 4518 peterent,
3403 4465 3507 4504 non
3533 4465 3655 4505 cum
3684 4451 3735 4506 in

2148 4539 2200 4591 te
2244 4538 2454 4607 indigna
2499 4537 2781 4608 ja‘ctarent.
2828 4537 3060 4608 Adjunxi
3114 4539 3240 4594 huic
3295 4541 3532 4610 epistolae
3569 4541 3737 4611 ipsius

2151 4632 2516 4702 promissionis
2547 4632 2846 4702 exemplum
2867 4673 2882 4699 ,
2914 4645 2979 4688 ex
3007 4633 3246 4688 chartula
3289 4635 3473 4690 eadem
3513 4636 3739 4690 transla-

2149 4733 2257 4780 tum
2275 4766 2289 4790 ,
2321 4739 2478 4795 quam
2505 4724 2617 4795 ipse
2643 4724 2954 4795 subscripsit
2977 4767 2993 4793 ,
3021 4734 3076 4784 et
3103 4741 3189 4788 me
3215 4726 3527 4797 inspiciente
3553 4743 3738 4782 emen-

2145 4816 2346 4962 fmum'
2573 4872 2906 4948 EPISTOLA
2947 4869 3156 4942 CXXVI
3196 4877 3294 4962 (α).

2150 4957 2395 5058 Ejusdem
2420 4973 2706 5053 argumenti
2740 4999 2854 5036 cum
2873 4983 3168 5052 superiore:
3192 4957 3389 5036 Albino:
3414 4977 3600 5036 scilicet
3627 4983 3733 5036 Au-

2217 5063 2679 5154 gustinuseasponit
2715 5067 2964 5144 quomodo
2991 5091 3068 5128 res
3098 5059 3238 5144 apud
3267 5058 3556 5154 Hipponem
3599 5075 3734 5128 Circa
3763 5099 3769 5104 -

2222 5147 2495 5220 Pinianunt
2508 5177 2654 5238 gesta
2687 5165 2874 5240 fuerit,
2905 5147 3385 5241 expostulationiims
3404 5155 3513 5240 ejus
3535 5167 3581 5222 et
3603 5168 3735 5224 male

2161 5330 2164 5334 Ι
2218 5262 2471 5330 conceptis
2495 5259 2859 5332 suspicionibus
2881 5261 3213 5336 satisfaciens.

2106 5408 2107 5412 η
2150 5341 2388 5412 Domina:
2425 5361 2622 5408 sanctae
2646 5369 2709 5408 ae
2752 5351 3040 5410 venerabili
3083 5341 3295 5408 famulas
3342 5339 3438 5409 Dei
3480 5349 3729 5422 Αιιίιω,

2428 5447 2795 5515 Auensrttvos,‘
2841 5437 2894 5502 in
2939 5439 3162 5502 Domino
3201 5443 3446 5503 salutem.

2220 5560 2272 5615 1.
2315 5559 2562 5615 Dolorem
2601 5560 2762 5616 animi
2805 5537 2909 5628 tui,
2941 5576 3098 5632 quem
3140 5569 3194 5616 te
3231 5560 3420 5617 scribis
3464 5537 3733 5633 explicare

2211 5697 2228 5728 ί
2255 5701 2363 5746 Mss.
2388 5707 2584 5756 omnes,
2607 5693 3044 5759 Carthaginiensem.

2209 5779 2282 5852 (ᾳ)
2303 5778 2564 5852 Αιίθεβεῦἑ
2591 5779 2701 5842 quin
2717 5772 2883 5829 autem
2901 5777 2990 5828 ιω
3005 5783 3132 5840 erit;
3149 5788 3278 5842 nunc
3295 5776 3374 5830 ω.
3393 5777 3573 5843 senm
3589 5776 3734 5843 paulo

2146 5847 2594 5904 postsupertorem.
3381 5863 3388 5870 -
