4122 6350
340 418 443 489 177

340 561 445 603 non
474 528 667 616 posse,
696 530 958 594 consolari
989 528 1198 605 aequum
1228 537 1343 596 est,
1382 516 1487 581 non
1532 524 1749 596 augere;
1785 516 1842 578 ut
1881 523 1926 605 si

341 635 454 694 ﬁeri
500 643 707 707 potest,
755 643 1005 686 sanemus
1053 621 1381 695 snspiciones
1412 618 1562 703 tuas,
1607 630 1711 704 non
1755 625 1815 671 ut
1852 617 1929 671 eis

340 730 436 807 pro
460 738 642 784 nostra
670 741 826 781 causa
859 717 1218 777 succensendo
1237 759 1252 785 ,
1281 700 1638 771 venerandum
1660 700 1754 766 cor
1782 708 1927 765 tuum

339 800 391 879 et
439 822 549 876 Deo
586 816 819 873 dicatum
862 812 1086 883 amplius
1130 808 1521 883 perturbemus.
1553 800 1747 861 Sancto
1778 801 1929 857 fratri

340 923 561 979 nostro,
594 911 703 966 lilio
746 920 835 963 tuo
878 906 1132 969 Piniano,
1180 900 1357 956 nullus
1396 900 1463 955 ab
1500 890 1929 968 Hipponensibus

340 992 514 1065 metus
546 1002 732 1059 mortis
760 1000 996 1070 ingestus
1018 1006 1134 1062 est,
1157 993 1363 1049 etiamsi
1392 992 1528 1046 forte
1554 990 1666 1060 ipse
1696 989 1801 1043 tale
1828 987 1927 1041 ali-

340 1099 463 1171 quid
502 1078 693 1152 timuit.
721 1092 853 1151 Nam
884 1086 938 1148 et
962 1105 1059 1145 nos
1085 1084 1449 1143 metuebamus
1478 1099 1545 1138 ne
1574 1078 1640 1136 ab
1668 1078 1928 1151 aliquibus

341 1190 580 1265 perditis,
603 1188 687 1260 qui
702 1202 844 1257 smpe
858 1180 1178 1240 multitudini
1196 1178 1399 1234 occulta
1415 1175 1807 1246 conspiratione
1831 1173 1931 1227 mi-

338 1264 577 1349 scentur,
602 1282 652 1335 in
680 1278 965 1334 violentam
997 1264 1428 1348 prerumperetur
1446 1268 1718 1323 audaciam
1737 1309 1749 1331 ,
1776 1280 1930 1320 occa-

339 1378 488 1431 sione
516 1360 789 1429 seditionis
813 1360 1025 1425 inventa
1053 1383 1209 1441 quam
1231 1362 1374 1419 velut
1398 1362 1538 1432 justa
1566 1359 1927 1430 indignatione

340 1469 687 1524 concitarent.
720 1463 823 1522 Sed
846 1506 859 1530 ,
892 1463 1030 1517 sicut
1072 1458 1191 1531 post
1236 1454 1418 1511 audire
1461 1454 1728 1524 potuimus
1749 1494 1761 1514 ,
1795 1449 1928 1505 nihil

343 1560 444 1617 tale
470 1578 500 1615 a
531 1573 797 1632 quoquam
826 1552 1025 1611 dictum
1053 1559 1134 1607 est
1162 1550 1247 1606 vel
1277 1538 1517 1603 molitum
1552 1564 1566 1602 :
1598 1542 1691 1600 sed
1721 1560 1845 1598 vere
1874 1543 1924 1597 in

341 1626 561 1708 fratrem
578 1626 752 1705 meum
780 1638 1026 1719 Alypium
1052 1634 1216 1697 multa
1239 1637 1618 1695 contumeliosa
1641 1644 1694 1689 et
1715 1626 1926 1704 indigna

340 1743 668 1807 clamabant,
698 1756 727 1794 a
769 1754 873 1811 quo
902 1745 1007 1791 tam
1034 1731 1231 1805 ingenti
1256 1740 1404 1786 reatu
1438 1728 1634 1783 Utinam
1666 1742 1763 1796 per
1788 1726 1928 1780 illius

340 1837 609 1892 orationes
636 1838 941 1888 mereantur
971 1825 1192 1882 absolvi.
1239 1825 1350 1894 Ego
1377 1831 1550 1877 autem
1579 1816 1699 1890 post
1728 1814 1927 1887 primos

338 1944 521 1985 eorum
552 1926 844 1986 clamores,
874 1937 993 1975 cum
1021 1919 1097 1973 eis
1125 1916 1375 1973 dixissem
1403 1912 1469 1967 de
1510 1913 1600 1966 illo
1628 1912 1791 1966 invito
1822 1912 1927 1965 noti

337 2015 633 2077 ordinando
665 2030 766 2085 qua
799 2013 908 2083 jam
954 2008 1305 2081 promissione
1332 2004 1617 2070 detinerer,
1647 2011 1805 2072 atque
1832 1996 1927 2057 ad-

333 2094 582 2181 iecissem
613 2104 749 2177 quod
778 2104 821 2158 si
851 2118 967 2157 mea
996 2100 1097 2154 fide
1118 2098 1310 2152 violata
1342 2088 1485 2150 illum
1516 2090 1775 2149 haberent
1806 2108 1928 2163 pre-

337 2201 607 2271 sbyterum
634 2238 649 2262 ,
698 2210 782 2249 me
822 2192 1129 2265 episc0pum
1177 2202 1283 2242 non
1321 2185 1606 2267 haberent,
1640 2183 1704 2237 ad
1751 2192 1927 2237 nostra

337 2287 588 2346 subsellia
614 2329 630 2353 ,
660 2286 842 2342 relicta
876 2282 1025 2336 turba
1056 2279 1339 2334 redieram.
1371 2274 1601 2330 Tumilli
1630 2275 1930 2343 aliquantu-

338 2378 445 2434 lum
477 2378 745 2448 inopinata
791 2389 906 2429 mea
954 2370 1305 2441 responsione
1346 2360 1578 2423 cunctati
1623 2375 1781 2437 atque
1812 2375 1929 2419 tur-

341 2472 488 2539 bati,
517 2471 661 2525 velut
701 2468 910 2523 ﬂamma
957 2474 1116 2521 vento
1162 2463 1429 2533 paululum
1476 2474 1688 2530 pressa,
1736 2450 1929 2515 deinde

339 2571 617 2634 coeperunt
641 2560 811 2615 multo
832 2557 1105 2612 ardentius
1132 2554 1387 2618 excitari,
1420 2542 1785 2607 existimantes
1816 2545 1927 2605 fieri

338 2656 497 2726 posse
545 2650 600 2707 ut
640 2652 726 2708 vel
773 2650 902 2705 mihi
948 2655 1351 2716 extorqueretur
1397 2638 1521 2699 illud
1568 2642 1671 2698 non
1719 2646 1930 2698 Servare

340 2745 691 2817 promissum,
721 2743 807 2796 vel
838 2757 922 2796 me
962 2746 1179 2794 tenente
1220 2736 1464 2808 promissi
1507 2735 1663 2789 fidem
1689 2776 1701 2799 ,
1733 2734 1799 2789 ab
1825 2732 1930 2787 alio

338 2840 589 2911 episcopo
625 2835 981 2890 ordinaretur.
1014 2828 1261 2886 Dicebam
1294 2843 1391 2899 ego
1421 2824 1611 2897 quibus
1651 2837 1927 2897 poteram,

338 2933 425 3004 qui
448 2931 513 2985 ad
541 2946 637 2984 nos
659 2929 710 2983 in
736 2918 974 2983 absidem
998 2925 1368 2980 honoratiores
1388 2933 1439 2978 et
1458 2922 1728 2993 graviores
1747 2916 1935 2975 ascen:-

339 3020 525 3079 derant
546 3063 560 3087 ,
580 3020 689 3076 nec
719 3034 747 3072 a
776 3016 1020 3088 promissi
1052 3014 1154 3070 iide
1183 3030 1267 3069 me
1316 3029 1473 3084 posse
1498 3013 1790 3078 dimoveri,
1834 3026 1933 3066 nec

338 3110 406 3170 ab
434 3115 537 3170 alio
562 3113 810 3184 episcopo
837 3112 888 3165 in
915 3110 1138 3165 ecclesia
1178 3109 1307 3163 mihi
1335 3099 1522 3163 tradita
1544 3148 1557 3170 ,
1589 3106 1689 3160 nisi
1726 3120 1810 3159 me
1843 3104 1929 3158 iu-

283 3209 289 3215 ⁷
338 3208 609 3279 terrogato
654 3222 716 3262 ac
763 3204 1129 3276 permittente,
1178 3218 1334 3273 posse
1382 3201 1647 3267 ordinari;
1698 3198 1839 3270 quod
1882 3192 1928 3255 si

340 3302 698 3371 permitterem
725 3341 740 3366 ,
773 3314 802 3352 a
834 3294 936 3353 fide
964 3295 1308 3350 nihilominus
1338 3295 1627 3350 deviarem.
1655 3288 1929 3348 Addebam

339 3384 529 3457 etiam,
564 3390 693 3445 nihil
721 3406 813 3445 eos
843 3390 979 3447 velle
1000 3431 1013 3454 ,
1042 3389 1085 3442 si
1110 3387 1445 3443 ordinaretur
1474 3386 1667 3441 invitus
1687 3427 1702 3453 ,
1734 3385 1834 3440 nisi
1869 3384 1926 3440 ut

340 3482 618 3539 Ordinatus
656 3478 988 3539 abscederet.
1022 3480 1101 3535 llli
1130 3478 1232 3535 hoc
1271 3494 1427 3551 posse
1466 3480 1576 3534 fieri
1608 3495 1711 3533 non
1742 3470 1930 3533 crede-4

337 3573 483 3630 bant.
514 3572 793 3629 Multitudo
837 3588 963 3627 vero
1013 3587 1107 3641 pro
1149 3571 1400 3642 gradibus
1443 3571 1754 3635 constituta,
1800 3568 1929 3624 hor-

337 3666 504 3722 rendo
554 3672 610 3721 et
659 3664 1184 3736 perseverantissimo
1242 3664 1534 3718 clamorum
1594 3661 1806 3718 fremitu
1874 3665 1925 3719 in

338 3758 523 3814 eadem
552 3757 823 3812 voluntate
866 3756 1184 3827 persistens,
1228 3755 1461 3810 incertos
1487 3754 1649 3809 animi
1689 3748 1927 3809 consilii;

337 3866 441 3920 que
487 3848 730 3904 faciebat.
780 3847 929 3901 Tunc
975 3844 1059 3900 illa
1116 3846 1166 3900 in
1215 3844 1433 3901 fratrem
1484 3862 1659 3900 meum
1715 3844 1926 3917 indigna

338 3940 721 4007 clamabantur,
755 3946 936 3993 tunca
968 3937 1117 3991 nobis
1147 3936 1385 4007 graviora
1420 3938 1759 3991 timebantur.

409 4032 460 4086 2.
491 4031 595 4089 Sed
622 4031 860 4101 quamvis
890 4038 1036 4084 tanto
1068 4036 1213 4084 motu
1241 4029 1415 4099 populi
1455 4039 1506 4083 et
1546 4037 1686 4082 tanta
1715 4037 1929 4100 pertur-

336 4125 552 4180 batione
581 4123 832 4179 Ecclesiae
864 4136 1227 4193 permoverer,
1256 4136 1353 4175 nec
1380 4119 1521 4175 aliud
1550 4121 1926 4189 constipationi

336 4218 413 4273 illi
458 4215 711 4271 dixisSem
741 4257 755 4281 ,
803 4214 903 4269 nisi
953 4228 1073 4267 eum
1121 4228 1207 4267 me
1254 4211 1475 4266 invitum
1525 4211 1770 4265 ordinare
1819 4228 1924 4266 non

334 4323 493 4380 posse
518 4325 531 4371 ;
560 4322 660 4361 nec
686 4304 762 4360 sic
793 4313 967 4358 tamen
995 4302 1252 4358 adductus
1279 4317 1417 4369 sum,
1442 4301 1562 4373 quia
1591 4308 1643 4356 et
1674 4302 1774 4355 hoc
1806 4316 1927 4370 pro-

336 4400 585 4455 miseram
630 4413 733 4453 non
774 4412 860 4452 me
901 4395 1063 4451 fuisse
1111 4394 1390 4459 facturum,
1431 4402 1487 4449 ut
1535 4392 1730 4462 aliquid
1767 4394 1815 4447 ei
1859 4392 1926 4449 de

336 4488 674 4561 suscipiendo
695 4488 1036 4565 presbyterio
1072 4487 1389 4542 suaderem:
1434 4482 1572 4555 quod
1614 4476 1658 4539 si
1700 4499 1923 4555 persua-

336 4581 460 4635 dere
489 4581 801 4647 potuissem,
836 4595 938 4633 non
964 4578 1071 4649 jam
1101 4576 1437 4631 ordinarettxr
1465 4576 1676 4630 invitus.
1704 4568 1921 4631 Servavi

334 4677 611 4746 utriusque
642 4671 1007 4743 promissionis
1038 4671 1224 4735 fidem,
1256 4684 1363 4724 non
1392 4666 1564 4723 solum
1598 4667 1736 4722 illius
1765 4683 1921 4739 quam

330 4767 440 4837 jam
474 4766 671 4839 populo
706 4764 1102 4837 patefeceram;
1130 4778 1315 4818 verum
1356 4761 1514 4817 etiam
1558 4758 1699 4815 illius
1738 4752 1789 4814 in
1821 4776 1922 4832 qua

336 4877 441 4916 uno
488 4868 642 4924 teste,
686 4868 941 4931 quantum
982 4857 1047 4912 ad
1092 4857 1333 4911 homines
1375 4856 1579 4921 attinet,
1624 4854 1923 4911 detinebar.

334 4952 573 5019 Servavi,
605 4952 842 5022 inquam,
882 4950 1040 5005 fidem
1073 4949 1457 5018 promissionis,
1487 4963 1592 5002 non
1620 4945 1918 5018 iurationis,

334 5045 383 5099 in
417 5054 565 5099 tanto
593 5044 863 5116 periculo;
898 5040 1036 5114 quod
1068 5041 1192 5097 licet
1222 5040 1373 5107 falso,
1401 5036 1541 5095 sicut
1566 5049 1748 5110 postea
1776 5054 1922 5094 com-

333 5138 589 5208 perimus,
624 5134 980 5201 metuebatur,
1002 5132 1247 5188 omnibus
1272 5140 1445 5186 tamen
1469 5174 1482 5198 ,
1514 5132 1557 5187 si
1589 5129 1726 5200 quod
1753 5141 1915 5197 esset,

334 5231 689 5286 communiter
717 5226 1094 5300 impendebat:
1124 5234 1177 5280 et
1201 5233 1317 5281 erat
1341 5232 1511 5279 metus
1541 5224 1653 5293 ipse
1676 5238 1917 5277 commu-

333 5324 435 5391 nis,
474 5338 539 5378 ac
584 5331 803 5393 propter
848 5320 1127 5375 ecclesiam
1178 5319 1229 5372 in
1278 5332 1380 5388 qua
1435 5330 1645 5371 eramus
1692 5314 1919 5369 maxime

333 5425 596 5482 metuens,
628 5412 917 5469 abscedere
943 5411 1259 5482 cogitabam.
1291 5407 1397 5464 Sed
1436 5406 1779 5462 metuendum
1821 5404 1919 5461 fuit

336 5525 401 5565 ne
428 5508 598 5580 magis
631 5523 717 5563 me
743 5508 963 5562 absente
992 5505 1096 5560 tale
1122 5500 1319 5572 aliquid
1359 5500 1555 5555 iaceret
1582 5508 1637 5554 et
1663 5514 1917 5554 reveren-

334 5604 400 5658 tia
430 5602 642 5669 minor,
671 5609 723 5654 et
763 5598 917 5654 dolor
950 5596 1237 5652 ardentior.
1279 5592 1478 5648 Deinde
1513 5591 1558 5646 si
1596 5605 1717 5645 cum
1757 5590 1918 5646 fratre

332 5692 524 5767 Alypio
553 5690 884 5749 discederem
914 5706 1010 5762 per
1037 5687 1287 5761 populum
1318 5686 1699 5757 constipatum,
1728 5698 1919 5739 caven-

331 5787 457 5844 dum
486 5780 585 5843 fuit
614 5802 681 5842 ne
709 5786 987 5859 quisquam
1018 5785 1070 5839 in
1099 5798 1223 5841 eum
1264 5796 1480 5838 manum
1511 5782 1723 5836 mittere
1750 5777 1916 5835 aude-

331 5894 451 5939 ret:
479 5876 528 5938 si
556 5859 734 5936 autem
763 5872 881 5937 sine
917 5879 1041 5949 illo,
1072 5890 1191 5950 qua:
1229 5876 1377 5934 frons
1404 5878 1548 5933 esset
1571 5870 1918 5931 existimatio-

1502 390 1975 468 EPISTOLARUM
2002 382 2286 471 eLAssts'
2312 401 2398 469 ut.

3509 404 3613 479 m

2039 526 2139 594 nis,
2183 528 2227 582 si
2274 526 2395 597 quid
2438 525 2486 582 ei
2533 515 2774 583 fortassis
2820 514 3103 596 accideret,
3152 516 3206 585 et
3247 512 3453 587 viderer
3492 549 3611 589 eum

2037 628 2315 689 propterea
2340 616 2659 683 deseruisse,
2688 622 2746 675 ut
2770 610 2963 675 furenti
2990 620 3181 693 populo
3206 622 3544 679 traderetur?

2104 710 2159 767 5.
2199 710 2339 767 inter
2369 712 2465 767 hos
2494 721 2654 767 aestus
2694 728 2841 768 meos
2868 728 3187 785 gravemque
3214 716 3495 769 mceror-em
3516 759 3529 782 ,
3562 710 3613 771 et

2036 802 2229 857 nullius
2260 803 2466 857 consilii
2491 804 2917 873 respirationem,
2950 820 3075 861 ecce
3103 816 3319 876 repente
3346 810 3502 876 atque
3532 807 3613 862 in-

2035 896 2247 965 opinate
2285 888 2499 950 sanctus
2540 894 2677 950 illius
2716 904 2896 951 uoster
2935 896 3185 952 Pinianus
3224 898 3383 953 mittit
3419 898 3485 953 ad
3528 900 3612 963 me

2035 1002 2246 1043 servum
2291 984 2402 1055 Dei,
2432 990 2518 1057 qui
2564 988 2691 1042 mihi
2736 989 2956 1055 diceret,
2987 1005 3106 1044 eum
3149 1004 3205 1044 se
3249 983 3380 1045 velle
3420 986 3611 1061 populo

2029 1082 2250 1151 jurare,
2301 1080 2439 1150 quod
2487 1079 2529 1133 si
2557 1072 2697 1134 esset
2738 1081 3011 1135 ordinatus
3054 1074 3285 1148 invitus,
3330 1097 3392 1136 ex
3439 1082 3611 1136 Africa

2033 1173 2248 1227 omnino
2293 1170 2626 1235 discederet:
2665 1171 2845 1235 credo,
2874 1173 3182 1226 existimans
3223 1180 3351 1233 eos,
3380 1171 3614 1243 quando-~

2033 1264 2245 1335 quidem
2291 1264 2528 1334 pejerare
2569 1264 2673 1317 non
2703 1272 2900 1333 posset,
2930 1280 3033 1317 non
3062 1263 3169 1334 jam
3200 1265 3420 1319 itlterius
3448 1263 3613 1317 infru-

2033 1369 2215 1412 cmosa
2276 1357 2663 1427 perseverantia
2722 1358 3077 1425 clamaturos,
3121 1358 3185 1411 ad
3242 1356 3609 1426 expellendum

2034 1438 2155 1505 hinc
2183 1448 2449 1504 hominem
2471 1493 2485 1514 ,
2514 1466 2670 1519 quem
2700 1450 2883 1504 saltem
2913 1447 3229 1504 deberemus
3261 1451 3455 1505 habere
3483 1450 3610 1504 vici-

2034 1536 2179 1598 num.
2228 1541 2353 1595 Mihi
2397 1550 2610 1608 autem,
2661 1541 2780 1612 quia
2828 1536 3106 1594 videbatur
3160 1534 3609 1595 vehementiorem

2032 1650 2217 1691 eorum
2250 1634 2487 1689 dolorem
2520 1642 2637 1703 post
2667 1634 2800 1688 hanc
2832 1631 3149 1702 iurationem
3183 1631 3341 1685 fuisse
3370 1640 3613 1685 metuen-

2033 1718 2180 1794 dum,
2218 1725 2356 1796 apud
2389 1742 2473 1781 me
2514 1726 2704 1780 tacitus
2733 1724 2931 1790 habui;
2964 1732 3017 1778 et
3056 1725 3177 1795 quia
3210 1722 3365 1778 simul
3394 1725 3615 1792 petierat

2032 1824 2091 1872 ιιι
2118 1817 2181 1871 ad
2212 1832 2333 1872 eum
2374 1816 2610 1871 venirem
2632 1858 2645 1882 ,
2681 1832 2784 1869 non
2814 1814 3014 1869 distuli.
3048 1816 3181 1869 Cum
3227 1808 3353 1868 mihi
3398 1815 3616 1868 dixisset

2034 1909 2137 1966 hoc
2158 1910 2348 1979 ipsum,
2371 1911 2623 1964 continuo
2648 1917 2701 1962 et
2724 1907 2852 1964 illud
2875 1907 3118 1975 adjunxit
3147 1902 3318 1961 cidem
3338 1906 3610 1977 jurationi,

2033 2001 2173 2071 quod
2196 2000 2342 2067 mibi,
2364 1992 2488 2054 dum
2520 1999 2584 2053 ad
2617 2015 2735 2053 eum
2766 2013 2947 2070 pergo,
2974 2013 3066 2067 per
3090 1996 3249 2051 alium
3280 1996 3373 2052 Dei
3404 2012 3615 2050 servum

2034 2093 2397 2155 mandaverat,
2422 2091 2487 2146 de
2506 2091 2789 2162 praesentia
2823 2089 3025 2143 scilicet
3047 2103 3161 2151 sua,
3184 2089 3229 2143 si
3259 2090 3308 2143 ei
3335 2086 3615 2142 clericatus

2035 2183 2297 2237 sarcinam
2328 2182 2523 2235 nolenti
2572 2179 2745 2234 nullus
2774 2178 3087 2247 imponeret.
3124 2177 3217 2232 Hic
3254 2193 3351 2247 ego
3380 2177 3429 2231 in
3461 2170 3618 2230 tantis

2034 2274 2287 2345 angustiis
2318 2272 2465 2343 quasi
2507 2286 2631 2326 aura
2672 2271 2905 2339 Spirante
2945 2278 3235 2332 recreatus,
3266 2266 3394 2321 nihil
3439 2267 3485 2321 ei
3529 2282 3615 2320 τοι

2035 2360 2263 2435 spondi;
2299 2364 2392 2417 sed
2433 2362 2497 2417 ad
2528 2360 2741 2415 fratrem
2782 2361 3027 2433 Alypium
3068 2356 3232 2430 gradu
3274 2354 3618 2435 concitatiore

2036 2456 2268 2526 perrexi,
2299 2456 2451 2524 eique
2478 2451 2602 2523 quid
2640 2452 2833 2506 dixerit
2860 2451 2986 2505 dixi.
3017 2452 3086 2504 At
3114 2448 3202 2504 ille
3222 2492 3235 2513 ,
3268 2434 3323 2503 iit
3350 2448 3616 2511 existimo,

2035 2544 2275 2601 devitans
2305 2562 2370 2599 ne
2401 2542 2524 2614 quid
2561 2546 2619 2598 se
2659 2551 2873 2597 auctore
2906 2542 3088 2606 fleret,
3118 2539 3258 2594 unde
3287 2555 3381 2594 vos
3410 2538 3623 2609 putabat

2035 2633 2253 2703 offendi,
2292 2635 2423 2688 Hinc
2463 2652 2559 2700 me,
2591 2634 2779 2705 inquit,
2815 2651 2955 2687 nemo
2993 2631 3244 2686 consalal.
3274 2632 3390 2699 Quo
3419 2631 3621 2699 audito,

2034 2727 2100 2782 ad
2133 2720 2384 2796 populum
2415 2725 2818 2780 tumultuantem
2850 2724 3079 2793 perrexi,
3110 2721 3355 2791 factothe
3385 2722 3617 2789 silentio,

2036 2818 2161 2888 quid
2190 2817 2508 2888 promissum
2549 2816 2691 2870 esset
2732 2831 2851 2869 cum
2897 2814 3248 2882 promissione
3278 2810 3437 2867 etlam
3472 2813 3619 2880 jura-

2037 2908 2195 2965 tionis
2225 2909 2426 2979 aperui.
2458 2907 2536 2962 illi
2580 2923 2704 2962 vero
2742 2908 2827 2976 qui
2861 2906 3029 2960 solum
3074 2905 3190 2974 ejus
3235 2896 3617 2975 presbyterium

2037 3004 2337 3075 cogitabant
2364 3008 2521 3073 atque
2550 3002 2861 3071 cupiebant,
2892 3002 2994 3054 non
3023 3000 3091 3053 ita
3124 3006 3179 3053 ut
3207 2999 3450 3068 putabam
3479 2996 3617 3067 quod

2037 3096 2271 3150 oblatum
2300 3094 2467 3150 fuerat
2489 3094 2807 3162 acceperunt
2832 3106 2847 3156 ;
2876 3090 2968 3145 sed
2994 3090 3132 3144 inter
3152 3103 3210 3144 se
3236 3089 3618 3159 aliquantulutn

2037 3189 2376 3243 mussitantes
2396 3228 2411 3253 ,
2443 3184 2743 3256 petiverunt
2771 3191 2829 3237 ut
2857 3182 3139 3236 adderetur
3178 3180 3348 3235 eidem
3394 3182 3619 3249 prornis-

2038 3281 2172 3337 sioni
2196 3292 2352 3351 atque
2371 3278 2649 3349 iurationi,
2672 3277 2790 3331 utsi
2813 3275 3023 3346 quando
3045 3275 3118 3330 illi
3139 3273 3203 3328 ad
3226 3274 3618 3343 suscipiendum

2036 3376 2340 3431 clericatum
2387 3371 2688 3427 consentire
2743 3368 3062 3440 placuisset,
3111 3383 3215 3423 non
3267 3367 3365 3422 nisi
3411 3368 3461 3421 in
3509 3368 3617 3437 ipsa

2039 3464 2360 3537 Hipponensi
2389 3458 2612 3519 ecclesia
2641 3461 2984 3517 canSentiret.
3019 3459 3192 3515 Retuli
3218 3458 3285 3514 ad
3313 3456 3432 3513 eum
3460 3475 3472 3523 ;
3503 3456 3619 3512 sine

2034 3558 2361 3614 dubitatione
2396 3555 2600 3610 annuit.
2629 3552 2944 3609 Renuntiavi
2988 3552 3123 3617 illis,
3163 3551 3323 3605 lzetati
3365 3557 3525 3616 sunt;
3566 3547 3621 3603 et

2036 3664 2156 3707 mox
2183 3649 2501 3723 jurationem
2533 3644 2816 3717 pollicitam
2847 3650 3224 3715 poposcerunt.

2104 3738 2157 3796 4.
2198 3740 2415 3795 Reverti
2443 3737 2506 3792 ad
2539 3734 2702 3791 filium
2746 3746 2981 3790 nostrum
3004 3775 3021 3801 ,
3052 3738 3278 3803 eumque
3319 3733 3491 3786 iuveni
3521 3730 3621 3787 fitt-

2033 3842 2300 3889 ctuantem
2329 3831 2642 3901 quibusnam
2684 3829 2858 3884 verbis
2892 3826 3272 3898 comprehendi
3310 3835 3488 3894 posset
3531 3825 3617 3879 illa

2032 3940 2151 3981 cum
2174 3923 2440 3995 juratione
2466 3920 2766 3991 promissio,
2797 3927 3013 3988 propter
3040 3918 3383 3972 necessitates
3411 3915 3619 3970 irru’ené

2032 4024 2133 4082 tes,
2176 4030 2293 4082 quae
2332 4019 2549 4083 possent
2590 4026 2712 4066 eum
2753 4018 2809 4064 ut
2848 4008 3161 4065 abscederet
3204 4023 3412 4078 cogere.
3448 4007 3615 4062 Simul

2033 4108 2194 4161 etiam
2226 4104 2351 4176 qttid
2378 4106 2590 4159 timeret
2613 4101 2862 4165 ostendit,
2897 4113 2963 4155 ne
2992 4100 3109 4170 quis
3145 4098 3386 4152 irruisset
3413 4096 3617 4153 hostilis

2033 4199 2293 4262 incursus,
2324 4195 2411 4265 qui
2438 4203 2582 4249 esset
2607 4192 2931 4248 discessione
2956 4188 3220 4244 Vitandus.
3246 4190 3470 4244 Volebat
3494 4190 3617 4245 addi

2030 4298 2210 4344 sancta
2256 4286 2496 4353 Melania,
2534 4294 2587 4341 et
2633 4286 2773 4340 aeris
2815 4283 3042 4339 morbidi
3084 4274 3480 4349 causationem;
3523 4283 3616 4337 Sed

2032 4382 2170 4436 illius
2217 4380 2562 4449 responsione
2601 4377 2926 4447 reprehensa
2966 4386 3066 4430 est.
3112 4375 3226 4444 Ego
3262 4384 3438 4429 autem
3482 4375 3611 4441 dixi,

2029 4460 2243 4544 gravem
2270 4473 2335 4527 ab
2360 4472 2450 4526 illo
2476 4480 2524 4526 et
2570 4484 2673 4524 non
2717 4466 3154 4523 contemnendam
3185 4469 3396 4520 cansam
3429 4460 3615 4520 neces-

2028 4568 2200 4622 sitatis
2225 4568 2511 4637 iwgestam,
2542 4570 2658 4634 dua:
2683 4564 2826 4617 cives
2852 4550 3009 4617 etiam
3042 4562 3302 4630 emigrare
3331 4562 3617 4631 compelle-

2028 4670 2147 4714 ret:
2180 4658 2270 4713 sed
2299 4658 2342 4711 si
2372 4655 2484 4711 hzrc
2510 4655 2705 4727 populo
2732 4652 3050 4719 dicerentur,
3079 4652 3370 4707 timendum
3399 4664 3517 4709 esse
3547 4644 3616 4709 ne

2028 4752 2168 4807 male
2198 4766 2294 4805 nos
2322 4750 2543 4805 ominari
2570 4748 2910 4809 videremur;
2938 4746 2981 4799 si
3009 4752 3183 4800 autent
3211 4746 3309 4799 sub
3336 4748 3570 4815 generali
3596 4748 3613 4780 ί

2028 4843 2359 4901 necessitatis
2386 4842 2597 4895 nomine
2633 4838 2786 4893 fleret
2809 4837 3103 4903 excusatio,
3133 4840 3237 4891 non
3267 4837 3369 4890 nisi
3397 4834 3613 4891 fraudu-

2028 4938 2223 4993 lentam
2255 4935 2627 4991 necessitatem
2661 4930 2857 5001 putari.
2887 4928 3089 4984 Placuit
3116 4932 3288 4984 tamen
3323 4934 3383 4983 tit
3421 4930 3487 4984 de
3514 4930 3614 4983 hac

2027 5044 2087 5087 re
2114 5028 2291 5101 populi
2320 5027 2555 5081 animum
2597 5024 2967 5094 experiremur
2990 5026 3004 5087 ξ
3026 5022 3086 5101 et
3129 5018 3256 5075 nihil
3284 5008 3425 5075 aliud
3453 5037 3611 5091 quam

2026 5120 2078 5177 id
2105 5100 2245 5191 quod
2272 5120 2645 5189 putaveramus
2671 5115 2986 5169 invenimus.
3011 5100 3141 5167 Nam
3169 5128 3288 5167 cum
3314 5113 3428 5183 ejiIs
3455 5114 3611 5167 verba

2025 5216 2055 5268 a
2082 5213 2305 5268 diacono
2344 5209 2481 5266 dicta
2522 5208 2911 5273 recitarentur,
2946 5210 3000 5261 et
3040 5206 3216 5259 omnia
3248 5204 3570 5273 placuissent
3595 5219 3624 5269 ;.

2024 5304 2115 5361 ubi
2143 5306 2335 5359 nomen
2366 5301 2691 5371 interpositae
2718 5290 3050 5355 necessitatis
3080 5296 3334 5360 insonuit,
3359 5296 3609 5349 continuo

2025 5397 2369 5453 reclamatum
2396 5403 2498 5457 est,
2532 5392 2916 5463 promissioqtte
2942 5389 3231 5460 displicuit,
3267 5388 3495 5441 tumultu
3527 5402 3612 5440 re-

2025 5478 2393 5550 crudescente,
2422 5492 2476 5539 et
2513 5482 2644 5539 nihil
2680 5474 2820 5536 aliud
2868 5474 3027 5551 quam
3071 5478 3253 5533 fraude
3296 5470 3474 5532 secum
3522 5476 3613 5547 agi

2024 5580 2221 5650 popqu
2263 5578 2616 5633 existimante.
2649 5574 2803 5641 Quod
2846 5582 2965 5627 cum
3008 5578 3223 5627 sanctus
3263 5570 3399 5626 illius
3430 5572 3613 5625 noster

2023 5672 2265 5739 vidisset,
2289 5671 2445 5742 jussit
2486 5660 2613 5726 inde
2648 5658 2841 5723 auferri
2879 5672 3071 5721 nomen
3102 5665 3454 5733 necessitatis,
3486 5672 3605 5721 ror-

2024 5778 2250 5836 sumque
2274 5763 2340 5818 ad
2370 5760 2603 5819 laetitiam
2633 5762 2855 5833 populus
2884 5760 3158 5815 remeavit.

2093 5864 3304 5941 isteqummmcmem.
