4122 6350
423 414 518 471 481

421 530 550 601 ipsis
576 530 961 587 inimicissimis
992 532 1323 587 notissimum
1356 532 1479 600 ﬁat,
1509 533 1649 587 nulla
1676 550 1774 591 nos
1798 534 2002 604 cupidi-

416 632 524 679 tate
565 625 808 694 pecunia:
836 625 887 679 in
930 624 1092 681 rebus
1132 626 1505 682 ecclesiasticis
1533 627 1813 682 sordidari.
1851 628 2003 694 Quod

416 716 585 773 donec
615 717 722 783 ﬁat,
755 718 799 773 si
824 718 1079 775 Dominus
1105 720 1321 775 donabit
1346 728 1405 775 ut
1435 722 1554 787 ﬁat,
1597 737 1723 777 ecce
1749 738 1888 777 nunc
1918 722 2001 777 in-

416 810 569 865 terim
599 810 738 879 quod
763 810 1003 881 cogimur
1029 812 1280 880 facimus,
1325 830 1393 869 ne
1425 815 1586 869 vestri
1633 815 1808 871 cordis
1835 817 2002 872 medi-

413 900 589 953 cinam
634 900 687 955 in
723 902 1105 971 quantamlibet
1147 902 1350 959 moram
1395 908 1644 975 temporis
1672 907 1995 964 differamus.

414 990 554 1045 Deus
582 992 733 1045 testis
759 1000 860 1057 est,
888 991 1043 1047 istam
1074 1008 1285 1049 omnem
1312 1011 1491 1050 rerum
1520 998 1997 1055 ecclesiasticarum

414 1080 861 1151 procurationem,
891 1099 1115 1153 quarum
1141 1084 1411 1140 credimur
1437 1101 1616 1143 amare
1641 1087 1991 1157 dominatum,

413 1183 629 1246 propter
652 1176 958 1231 servitutem
999 1194 1157 1249 quam
1200 1178 1372 1235 debeo
1410 1179 1653 1235 charitati
1691 1180 1909 1236 fratrum
1940 1191 1995 1238 et

412 1269 588 1324 timori
616 1270 728 1336 Dei,
755 1271 981 1327 tolerare
1002 1287 1107 1339 me,
1132 1288 1236 1327 non
1257 1288 1466 1337 amare;
1496 1273 1564 1328 ita
1589 1283 1644 1329 ut
1666 1288 1748 1337 ea,
1776 1275 1819 1329 si
1841 1275 1993 1330 salvo

410 1362 589 1417 ofﬁcio
616 1363 846 1432 possim,
879 1378 1063 1419 carere
1104 1364 1422 1421 desiderem.
1470 1366 1577 1421 Nec
1625 1366 1764 1421 aliud
1811 1382 1896 1421 me
1923 1366 1991 1422 de

408 1452 572 1509 fratre
599 1469 719 1509 meo
748 1455 938 1526 Alypio
961 1458 1176 1517 sentire.
1200 1457 1314 1527 ipse
1336 1458 1475 1513 Deus
1495 1458 1642 1513 testis
1663 1467 1762 1513 est.
1788 1458 1989 1514 Tamen

407 1553 459 1600 et
486 1544 553 1600 de
583 1545 672 1599 illo
714 1540 869 1601 aliter
894 1548 1171 1602 sentiendo
1212 1549 1465 1618 populus,
1493 1559 1566 1613 et,
1596 1549 1734 1619 quod
1766 1560 1846 1603 est
1869 1564 1990 1619 gra-

406 1636 541 1701 vius,
578 1637 949 1707 Hipponensis.
980 1640 1031 1693 in
1060 1648 1229 1695 tantas
1249 1649 1331 1695 est
1357 1640 1496 1695 illius
1522 1641 1875 1711 praecipitatus
1900 1642 1985 1695 in-

400 1726 569 1797 jurias
595 1746 609 1782 :
636 1737 689 1783 et
722 1727 788 1783 de
816 1729 967 1784 nobis
991 1744 1087 1785 vos
1111 1731 1278 1785 sancti
1310 1731 1400 1785 Dei
1441 1740 1494 1787 et
1520 1731 1661 1802 pleni
1693 1732 1986 1787 visceribus

404 1820 784 1876 misericordia:
808 1822 928 1875 talia
958 1823 1246 1890 credendo,
1276 1824 1488 1880 nomine
1515 1824 1753 1894 ejusdem
1781 1824 1981 1895 populi,

402 1911 492 1981 qui
520 1911 588 1966 ad
629 1927 840 1967 causam
885 1913 1251 1983 hujuscemodi
1290 1916 1589 1986 cupiditatis
1632 1917 1846 1971 omnino
1876 1931 1982 1971 non

402 2006 662 2073 pertinet,
694 2022 792 2061 nos
821 2016 1037 2077 tangere
1080 2016 1236 2078 atque
1262 2008 1547 2063 admonere
1573 2008 1845 2072 voluistis;
1875 2008 1982 2061 uti-

400 2113 504 2168 que
531 2097 595 2151 ad
628 2112 723 2152 nos
749 2098 1112 2168 corrigendos,
1142 2114 1313 2169 neque
1339 2100 1477 2154 enim
1505 2099 1648 2166 odio,
1676 2098 1815 2169 quod
1845 2099 1984 2155 absit

400 2206 431 2245 a
464 2192 643 2247 vobis:
675 2192 812 2248 unde
841 2208 947 2247 non
986 2192 1176 2257 irasci,
1219 2192 1311 2248 sed
1351 2193 1544 2263 gratias
1583 2206 1739 2263 agere
1768 2191 1976 2259 debeo,

400 2283 541 2351 quod
585 2298 683 2339 nec
737 2284 1086 2339 verecundius
1142 2300 1242 2339 nec
1284 2284 1501 2339 liberius
1562 2300 1717 2353 agere
1774 2284 1980 2353 pomis-

397 2380 503 2441 tis,
554 2384 611 2429 ut
656 2376 907 2445 episcopo
948 2392 1053 2430 non
1104 2376 1255 2446 quasi
1299 2376 1599 2431 conviciose
1642 2376 1973 2445 objiceretis,

395 2468 537 2536 quod
564 2467 874 2523 sentiebatis
893 2510 906 2535 ,
935 2467 1030 2524 sed
1060 2484 1123 2524 ex
1152 2468 1367 2540 obliquo
1393 2468 1786 2540 intelligendum
1815 2468 1977 2523 relin-

394 2560 647 2629 querelis.

470 2652 553 2708 lO.
586 2652 695 2708 Nec
725 2654 1009 2709 molestum
1054 2654 1123 2709 sit
1148 2652 1297 2709 vobis
1317 2697 1331 2721 ,
1360 2662 1418 2709 ut
1444 2668 1538 2709 vos
1560 2653 1703 2709 velut
1728 2662 1974 2721 gravatos

392 2744 744 2809 arbitremini,
775 2746 894 2814 quia
926 2744 1211 2815 jurandum
1244 2745 1446 2815 putavi.
1480 2744 1660 2815 Neque
1690 2746 1829 2799 enim
1855 2760 1975 2815 gra-

391 2838 549 2890 vabat
574 2837 885 2904 Apostolus,
933 2846 1023 2891 aut
1052 2852 1143 2891 eos
1175 2852 1356 2907 parum
1385 2836 1635 2906 diligebat
1664 2837 1857 2906 quibus
1886 2836 1969 2891 di-

389 2929 582 2983 chat:
626 2928 747 2982 Non
784 2931 836 2983 in
877 2946 1103 2983 sermone
1142 2929 1448 2983 adulationis
1475 2930 1661 3001 fuimus
1693 2928 1831 2998 apud
1855 2944 1968 2997 vos,

386 3021 519 3074 sicut
545 3020 713 3082 scitis;
744 3037 833 3073 nec
858 3024 909 3074 in
936 3022 1197 3074 occasione
1216 3021 1504 3091 cupiditatis
1521 3061 1535 3082 ,
1573 3020 1709 3073 Deus
1739 3021 1873 3075 testis
1898 3028 1971 3074 est

392 3112 436 3180 (l
470 3111 647 3167 Thess.
682 3128 715 3167 tt
738 3153 750 3176 ,
782 3111 856 3185 5).
893 3113 989 3167 Rei
1019 3114 1210 3184 quippe
1235 3122 1430 3185 aperta:
1457 3113 1600 3184 ipsos
1631 3121 1793 3168 testes
1819 3112 1970 3168 adhi-

385 3203 534 3269 buit;
562 3206 637 3259 rei
664 3214 838 3259 autem
864 3206 1084 3260 occultte
1105 3221 1281 3275 quem,
1305 3205 1405 3260 nisi
1431 3205 1630 3260 Deum?
1659 3204 1710 3261 Si
1734 3221 1859 3275 ergo
1881 3205 1967 3261 ille

385 3295 580 3349 merito
610 3304 687 3349 est
714 3296 914 3350 veritus
958 3311 1025 3350 ne
1049 3294 1278 3350 humana
1322 3296 1613 3365 ignorantia
1656 3295 1723 3350 de
1754 3295 1845 3349 illo
1870 3295 1967 3350 ali-

384 3386 512 3454 quid
553 3386 658 3439 tale
684 3387 923 3455 sentiret,
955 3388 1108 3457 cujus
1147 3388 1296 3442 labor
1339 3388 1584 3443 omnibus
1627 3388 1677 3442 in
1719 3395 1964 3457 promptu

383 3486 530 3544 erat,
557 3478 696 3548 quod
736 3480 836 3534 nisi
881 3494 1085 3533 summa
1114 3480 1427 3540 necessitate
1468 3496 1497 3533 a
1539 3482 1745 3550 populis
1774 3481 1965 3551 quibus

383 3572 605 3639 gratiam
634 3572 830 3627 Christi
851 3572 1208 3641 dispensabat,
1244 3574 1295 3628 in
1326 3590 1454 3628 usus
1482 3570 1605 3629 suos
1630 3574 1826 3644 aliquid
1855 3589 1960 3629 non

381 3664 657 3728 sumebat,
698 3675 888 3721 Caetera
914 3682 1041 3721 vero
1066 3682 1163 3721 suo
1190 3667 1350 3721 victui
1388 3667 1682 3721 necessaria
1708 3668 1817 3721 suis
1844 3683 1958 3721 ma-

380 3755 539 3811 nibus
583 3758 944 3827 transigebat:
978 3768 1172 3829 quanto
1212 3758 1379 3828 magis
1416 3758 1568 3813 nobis
1612 3757 1959 3812 laborandum

377 3856 462 3902 est
498 3857 558 3902 ut
601 3848 867 3915 credatur,
897 3850 984 3920 qui
1027 3859 1082 3905 et
1120 3850 1310 3904 merito
1350 3850 1641 3905 sanctitatis
1684 3859 1737 3904 et
1768 3850 1959 3905 virtute

276 3918 295 3927 ’
376 3937 542 3992 animi
570 3937 723 4008 longe
754 3940 981 4008 impares
1008 3955 1210 4006 sumus,
1240 3956 1338 3995 nec
1371 3940 1566 4010 aliquid
1597 3941 1662 3995 ad
1693 3950 1960 3997 sustenta-

375 4028 496 4083 cula
523 4028 680 4098 hujus
708 4030 826 4083 vita:
847 4032 1053 4101 Operari
1077 4031 1271 4086 nostris
1292 4032 1534 4087 manibus
1560 4047 1872 4102 possumus;
1902 4042 1956 4089 et

373 4120 421 4175 si
445 4136 738 4190 possemus,
759 4123 918 4178 tantis
939 4125 1391 4194 occupationibus,
1416 4141 1545 4195 quas
1568 4135 1691 4180 tunc
1714 4126 1831 4180 illos
1847 4142 1953 4182 non

372 4211 536 4266 credo
566 4211 729 4268 fuisse
773 4230 1070 4284 perpessos,
1103 4231 1435 4286 nequaquam
1479 4216 1807 4272 sineremur?
1834 4217 1951 4274 Non

372 4318 498 4372 ergo
521 4303 743 4359 ulterius
775 4304 825 4358 in
850 4305 947 4360 hac
970 4322 1126 4362 causa
1152 4307 1347 4377 populo
1367 4306 1675 4374 christiano,
1704 4324 1821 4378 qua:
1848 4309 1952 4364 Ec-

371 4392 533 4447 clesia
565 4403 645 4448 est
672 4395 801 4460 Dei,
848 4394 1125 4465 objiciatur
1166 4397 1401 4466 pecunia:
1429 4397 1764 4467 turpissimus
1790 4414 1950 4469 appe-

370 4486 517 4540 titus.
552 4485 899 4543 Tolerabilius
921 4490 1060 4544 enim
1087 4490 1240 4545 nobis
1259 4491 1527 4560 objicitur,
1560 4493 1607 4546 in
1631 4508 1761 4560 quos
1792 4494 1948 4564 hujus

370 4579 493 4633 mali
520 4580 761 4650 quamvis
793 4580 943 4644 falsa,
974 4590 1148 4637 tamen
1171 4584 1470 4639 verisimilis
1499 4585 1729 4655 suspicio
1757 4586 1946 4642 cadere

372 4673 561 4741 potuit,
590 4690 745 4744 quam
774 4674 900 4742 illis,
926 4689 1061 4746 quos
1085 4674 1152 4731 ab
1178 4674 1280 4732 hoc
1308 4678 1540 4747 appetitu
1569 4687 1622 4732 et
1647 4678 1945 4748 suspicione

365 4774 573 4820 constat
598 4781 715 4823 esse
740 4767 962 4824 alienos.

438 4860 527 4913 ll.
560 4859 827 4931 Denegare
853 4870 1030 4918 autem
1056 4862 1375 4933 iurationem
1405 4863 1636 4935 qualibet
1662 4862 1765 4918 ﬁde
1800 4879 1942 4936 prae-

368 4950 504 5006 ditas
531 4960 766 5020 mentes,
796 4964 995 5024 quanto
1030 4956 1197 5025 magis
1224 4955 1326 5010 ﬁde
1346 4955 1662 5023 christiana,
1693 4971 1797 5010 non
1823 4956 1942 5011 dico

364 5042 564 5114 aliquid
599 5046 921 5100 contrarium
952 5046 1298 5113 conﬁrmare,
1338 5046 1431 5102 sed
1457 5049 1673 5103 omnino
1702 5047 1942 5104 dubitare

363 5134 441 5189 fas
462 5151 569 5190 non
592 5146 693 5192 est.
720 5138 795 5192 De
815 5154 914 5208 qua
937 5154 996 5194 rc
1018 5138 1143 5208 quid
1164 5138 1409 5205 sentiam,
1442 5140 1588 5204 satis,
1613 5148 1669 5194 ut
1689 5140 1933 5204 arbitror,

360 5225 413 5280 in
440 5228 663 5296 epistola
690 5244 847 5299 quam
874 5230 938 5285 ad
962 5230 1174 5286 fratrem
1200 5246 1375 5285 meum
1401 5231 1611 5301 scripsi,
1633 5232 1937 5301 plenissime

359 5320 567 5388 aperui.
612 5321 837 5392 Scripsit
875 5323 1003 5377 mihi
1044 5321 1306 5379 Sanctitas
1350 5335 1477 5378 tua:
1508 5324 1568 5380 Si
1606 5334 1693 5379 aut
1735 5342 1824 5397 ego
1850 5335 1936 5379 aut

360 5409 712 5483 Hipponenses
740 5415 834 5468 hoc
868 5425 1095 5481 censent,
1136 5424 1191 5469 ut
1217 5416 1554 5488 jurejurando
1580 5417 1814 5471 violenter
1843 5433 1933 5471 ac-

354 5513 484 5559 torto
503 5507 739 5575 satisﬁat.
762 5506 841 5561 Tu
866 5507 1008 5562 enim
1032 5508 1143 5578 ipsa
1165 5508 1290 5579 quid
1310 5507 1529 5563 censes?
1554 5509 1793 5578 plaeetne
1816 5508 1929 5572 tibi,

356 5599 597 5652 utetiam
620 5608 764 5653 certa
802 5610 971 5655 morte
1000 5602 1343 5670 imminente,
1379 5603 1517 5673 quod
1555 5611 1680 5657 tunc
1706 5603 1933 5657 inaniter

353 5691 715 5757 metuebatur,
749 5708 940 5747 nomen
972 5694 1179 5749 Domini
1200 5696 1294 5751 Dei
1322 5696 1400 5750 sui
1430 5697 1481 5751 in
1509 5696 1765 5751 fallaciam
1795 5696 1930 5750 chri«

351 5781 559 5838 stianus
583 5792 838 5847 assumat,
865 5785 1033 5841 Deum
1058 5803 1211 5841 suum
1235 5797 1422 5844 testem
1452 5789 1665 5843 falsitati
1685 5788 1925 5844 christia-

344 5890 449 5937 ηαδ
478 5876 763 5937 adhibeat?
803 5879 903 5951 Qui
937 5881 1168 5954 profecto
1197 5884 1241 5940 si
1284 5894 1476 5958 prretcr
1499 5885 1816 5958 jurationem
1857 5885 1921 5941 ad

1615 412 2097 474 EPISTOLARUM
2135 414 2408 476 CLASSIS
2437 420 2521 475 Ill.

3586 438 3691 500 482

2116 530 2305 588 falsum
2327 538 2683 594 testimonium
2702 552 2869 598 morte
2888 543 3193 603 imminente
3204 560 3501 622 cogeretur,
3517 572 3684 615 macu-

2113 623 2224 680 lare
2237 628 2396 682 vitam
2408 646 2555 685 suam
2579 634 2746 703 magis
2765 636 2948 691 timere
2962 638 3308 711 debuitquam
3328 644 3496 702 ﬁnire.
3516 647 3681 707 Hosti-

2110 716 2189 772 les
2219 718 2357 773 inter
2376 736 2436 776 se
2464 722 2606 778 acies
2625 733 2679 778 et
2698 737 2934 796 armatae,
2961 741 3105 785 certe
3130 734 3465 802 apertissima
3493 739 3682 797 mortis

2108 812 2456 873 intentatione
2481 820 2795 893 confligunt;
2830 834 2880 878 et
2903 834 3076 881 tamen
3095 843 3213 883 cum
3236 829 3457 887 invicem
3477 832 3679 904 jurant,

2106 905 2381 964 laudamus
2412 910 2566 966 ﬁdem
2592 925 2885 983 servantes,
2916 917 3158 975 fallentes
3178 931 3354 977 autem
3377 924 3570 979 merito
3593 924 3681 981 de-

2104 1007 2377 1057 testamur.
2402 1004 2468 1059 Ut
2495 1016 2671 1061 autem
2708 1009 2971 1078 jurareut,
2996 1012 3120 1082 quid
3151 1023 3385 1086 utraeque
3424 1017 3491 1073 ab
3518 1017 3678 1075 alter-

2102 1093 2237 1147 utris
2256 1136 2270 1159 ,
2298 1094 2397 1149 nisi
2425 1097 2595 1151 occidi
2634 1100 2713 1153 vel
2739 1100 2857 1170 capi
2881 1102 3199 1158 timuerunt?
3229 1108 3304 1160 Ac
3332 1122 3427 1177 per
3454 1107 3556 1164 hoc
3590 1108 3677 1171 vel

2100 1185 2287 1239 mortis
2312 1186 2393 1241 vel
2415 1189 2732 1257 captivitatis
2764 1200 2906 1246 metu
2933 1203 3154 1249 extorta:
3177 1195 3431 1265 jurationi
3452 1200 3551 1254 nisi
3576 1214 3675 1271 pa-

2097 1285 2294 1341 reatur,
2328 1278 2427 1331 nisi
2474 1278 2603 1334 ﬁdes
2628 1296 2741 1349 qure
2771 1282 2839 1337 ibi
2866 1282 2986 1338 data
3016 1294 3100 1339 est
3135 1288 3479 1356 custodiatur,
3510 1291 3673 1347 sacri-

2098 1364 2238 1436 legii,
2267 1368 2481 1437 perjurii
2508 1370 2728 1425 crimine
2749 1371 3072 1441 detinentur,
3095 1377 3253 1431 etiam
3277 1380 3405 1435 tales
3427 1380 3671 1439 homines

2095 1457 2182 1525 qui
2207 1460 2371 1528 magis
2388 1470 2627 1514 metunttt
2650 1462 2907 1531 pejerare,
2930 1480 3086 1534 quam
3105 1466 3372 1524 hominem
3392 1471 3669 1529 occidere:

2095 1556 2149 1600 et
2178 1563 2275 1603 nos
2301 1558 2473 1604 utrum
2517 1551 2786 1621 implenda
2832 1554 2899 1608 sit
2926 1566 3136 1611 extorta
3173 1556 3369 1626 juratio
3396 1576 3669 1620 servorum

2093 1637 2207 1703 Dei,
2237 1655 2455 1697 munere
2479 1643 2773 1699 sanctitatis
2795 1647 3267 1715 prmeminentium,
3290 1656 3669 1711 monachorum

2090 1730 2156 1786 ad
2202 1733 2579 1801 perfectionem
2628 1738 2996 1793 mandatorum
3043 1740 3241 1797 Christi
3288 1760 3462 1800 rerum
3509 1749 3668 1805 etiam

2089 1836 2304 1877 suarum
2332 1825 2703 1884 distributione
2742 1832 3095 1902 currentium,
3136 1834 3287 1904 quasi
3328 1835 3667 1909 disceptaturi

2089 1916 2331 1983 ponimus
2357 1920 2739 1988 quarstionem!

2158 2007 2244 2061 12.
2267 2007 2399 2062 Nam
2424 2010 2549 2081 quid
2573 2013 2761 2078 exsilii,
2796 2014 2879 2068 vel
2905 2013 3305 2085 deportationis,
3342 2026 3435 2075 aut
3460 2021 3665 2093 relega-

2086 2097 2245 2152 tionis
2269 2101 2516 2169 nomine,
2552 2104 2811 2173 promissa
2841 2105 2928 2159 illa
2959 2108 3239 2176 praesentia
3284 2122 3661 2182 praegravatur,

2084 2191 2306 2247 obsecro
2328 2194 2411 2249 te?
2441 2196 2574 2251 Puto
2595 2197 2731 2266 quod
2759 2198 3152 2277 presbyterium.
3166 2217 3270 2256 non
3297 2211 3379 2256 est
3398 2202 3661 2260 exsilium.

2083 2282 2195 2338 Hoc
2220 2300 2347 2355 ergo
2374 2296 2553 2342 noster
2579 2289 2819 2359 eligeret,
2860 2306 3015 2359 quam
3047 2292 3175 2346 illud
3201 2294 3484 2348 exsilium?
3513 2297 3664 2352 Absit

2081 2391 2111 2430 a
2141 2376 2323 2441 nobis,
2356 2380 2511 2434 utsic
2538 2390 2755 2435 sanctus
2799 2382 2889 2435 Dei
2932 2390 2985 2436 et
3014 2383 3165 2437 nobis
3192 2383 3532 2441 charissimus
3571 2386 3663 2442 de-

2080 2460 2361 2517 fendatur:
2390 2464 2548 2531 absit,
2576 2465 2810 2535 inquam,
2841 2475 2895 2520 ut
2918 2466 3122 2521 dicatur
3144 2468 3391 2524 maluisse
3418 2470 3661 2525 exsilium

2078 2569 2236 2622 quam
2282 2556 2703 2625 presbyterium,
2753 2567 2845 2613 aut
2887 2560 3137 2615 maluisse
3177 2561 3466 2631 periurium
3500 2579 3659 2633 quam

2078 2644 2342 2698 exsilium.
2370 2646 2495 2701 Haec
2518 2647 2773 2715 dicerem,
2806 2649 2853 2705 si
2884 2665 3007 2705 vere
3030 2666 3061 2704 a
3088 2651 3261 2720 nobis,
3293 2662 3383 2706 aut
3407 2669 3434 2706 a
3466 2656 3659 2723 populo

2072 2734 2270 2804 juratio
2324 2738 2371 2791 ei
2418 2736 2605 2793 fuisset
2647 2748 2860 2794 extorta
2911 2741 3279 2809 promittendae
3328 2746 3655 2812 praesentia;

2076 2843 2215 2883 nunc
2240 2844 2366 2883 vero
2392 2845 2498 2884 non
2538 2839 2743 2885 extorta
2786 2840 2869 2886 est
2908 2832 3031 2886 dum
3070 2841 3369 2901 negaretur,
3402 2834 3495 2890 sed
3524 2836 3653 2891 dum

2075 2919 2355 2975 offerretur
2374 2931 2610 2991 accepta.
2635 2922 2701 2976 Et
2719 2922 2821 2977 hoc
2843 2938 2904 2978 ea
2924 2938 3037 2993 spe,
3064 2925 3200 2979 sicut
3218 2941 3375 2996 supra
3400 2925 3650 2995 diximus,

2076 3013 2193 3083 quia
2228 3028 2324 3083 per
2348 3014 2490 3067 illam
2529 3016 2861 3084 praesentiam
2890 3016 3149 3071 creditum
3180 3026 3290 3087 est,
3334 3034 3455 3073 eum
3493 3020 3653 3077 etiam

2072 3106 2138 3160 ad
2157 3107 2462 3163 clericatum
2488 3108 2878 3179 suscipiendum
2906 3124 3061 3179 posse
3082 3109 3506 3168 desiderantibus
3525 3128 3653 3170 con-

2070 3203 2288 3255 sentire.
2320 3201 2597 3256 Postremo
2636 3201 2909 3272 quodlibet
2951 3202 3018 3257 de
3060 3204 3212 3260 nobis
3245 3206 3326 3259 vel
3354 3204 3421 3261 de
3451 3206 3650 3277 Hippo-

2071 3292 2325 3349 nensibus
2364 3295 2641 3360 sentiatur,
2674 3294 2829 3363 longe
2873 3295 2973 3349 alia
3015 3304 3099 3350 est
3141 3311 3324 3352 eorum
3356 3313 3514 3353 causa
3557 3299 3649 3369 qui

2069 3384 2341 3454 coegerint
2355 3384 2724 3454 jurare,quam
2749 3401 2933 3441 eorum
2956 3387 3066 3457 qui,
3097 3404 3201 3443 non
3215 3388 3334 3443 dico
3353 3390 3644 3461 coegerint,

2067 3476 2161 3530 sed
2207 3478 2471 3531 suaserint
2519 3477 2777 3546 pejerare.
2827 3478 2944 3549 Ipse
2990 3481 3148 3534 etiam
3198 3481 3265 3537 de
3306 3497 3409 3552 quo
3450 3485 3642 3554 agitur,

2066 3567 2405 3622 considerare
2432 3583 2536 3622 non
2565 3579 2784 3635 renuat,
2835 3578 3011 3624 utrum
3041 3572 3110 3625 sit
3152 3573 3302 3641 pejus
3321 3613 3336 3639 ,
3383 3575 3482 3629 sub
3510 3590 3643 3646 quo-

2063 3659 2191 3715 libet
2237 3662 2425 3716 timore
2467 3660 2869 3732 jusjurandum,
2922 3679 2989 3718 an
3040 3674 3245 3721 remoto
3294 3667 3410 3737 ipso
3452 3669 3644 3727 timore

2064 3752 2374 3821 perjurium.

2134 3845 2223 3900 15.
2256 3846 2365 3899 Deo
2389 3846 2586 3916 gratias
2605 3889 2619 3913 ,
2650 3848 2771 3917 quia
2801 3864 2909 3902 non
2935 3848 3091 3904 aliter
3120 3850 3484 3921 Hipponenses
3513 3869 3640 3925 pro-

2060 3936 2281 3992 missum
2309 3938 2449 3992 circa
2493 3954 2553 3993 se
2579 3940 2782 4010 impleri
2811 3944 3079 4011 sentiunt,
3110 3961 3264 4015 quam
3296 3956 3351 4001 ut
3384 3947 3520 4003 adsit
3547 3965 3641 4004 vo-

2060 4030 2260 4085 luntate
2307 4030 2610 4096 habitandi,
2667 4042 2721 4088 ct
2766 4043 2851 4088 eat
2898 4050 3002 4105 quo
3043 4052 3262 4092 necesse
3317 4037 3475 4095 fuerit
3515 4056 3636 4095 cum

2059 4119 2405 4191 dispositione
2436 4122 2711 4177 redeundi.
2744 4124 2873 4177 Nam
2903 4126 2946 4178 si
2971 4126 3125 4179 verba
3153 4126 3431 4195 jurationis
3466 4138 3636 4185 atten-

2058 4213 2245 4268 derent
2282 4223 2336 4269 et
2370 4215 2681 4285 exigerent,
2722 4226 2829 4271 tam
2861 4218 3003 4271 nullo
3032 4219 3188 4273 modo
3215 4235 3399 4275 servus
3428 4222 3520 4278 Dei
3552 4240 3637 4280 re-

2056 4305 2246 4361 cedere
2268 4349 2283 4373 ,
2329 4322 2486 4376 quam
2534 4307 2639 4361 ullo
2666 4307 2826 4362 modo
2855 4308 3035 4363 debuit
3073 4310 3332 4380 pejerare.
3363 4313 3467 4369 Sed
3510 4316 3632 4385 quia

2053 4400 2253 4453 crimen
2279 4415 2461 4455 eorum
2482 4407 2642 4465 esset,
2668 4417 2771 4456 non
2794 4400 2911 4457 dico
2933 4403 3089 4457 talem
3117 4404 3307 4473 virum,
3332 4407 3423 4461 sed
3448 4424 3633 4478 quem-

2054 4490 2181 4545 libet
2210 4490 2475 4545 hominem
2506 4493 2583 4547 sic
2611 4500 2823 4560 tenere;
2853 4508 2951 4548 nec
2976 4494 3072 4565 ipsi
3097 4496 3252 4550 aliam
3283 4502 3631 4568 chpectatio-

2053 4599 2175 4637 nem
2206 4598 2264 4638 se
2311 4583 2561 4639 habuisse
2602 4585 2990 4655 probaverunt,
3039 4588 3128 4658 qui
3172 4589 3445 4646 audientes
3487 4594 3627 4663 quod

2052 4673 2321 4728 rediturus
2342 4676 2664 4730 abscesserit
2686 4676 2929 4746 gratulati
2962 4686 3104 4743 sunt,
3133 4694 3228 4733 nec
3247 4680 3387 4735 aliud
3418 4682 3520 4737 illis
3547 4699 3630 4739 ve-

2052 4783 2144 4821 rax
2177 4768 2371 4838 juratio
2400 4767 2589 4833 debet,
2632 4784 2786 4836 quam
2818 4768 2867 4822 id
2898 4769 3037 4839 quod
3068 4770 3134 4825 ab
3161 4770 3248 4826 illa
3281 4784 3625 4842 exspectave-

2047 4868 2189 4913 runt.
2219 4859 2352 4927 Quid
2374 4868 2455 4913 est
2478 4867 2652 4913 autem
2679 4860 2818 4929 quod
2856 4859 3069 4925 dicitur,
3098 4877 3218 4916 eum
3238 4862 3505 4932 juratione
3532 4882 3625 4922 ore

2046 4968 2144 5007 suo
2170 4966 2439 5020 expressa,
2472 4952 2833 5020 exceptionem
2864 4952 3049 5007 fecisse
3073 4954 3436 5009 necessitatis?
3461 4954 3621 5025 Quasi

2048 5059 2153 5097 non
2185 5058 2276 5097 ore
2306 5057 2402 5097 suo
2423 5042 2523 5097 hoc
2550 5057 2759 5097 rursum
2781 5042 2999 5111 jusserit
3018 5043 3233 5099 auferri.
3259 5045 3414 5101 Certe
3436 5047 3499 5102 ad
3527 5063 3620 5119 po-

2045 5136 2224 5207 pulum
2253 5133 2462 5205 quando
2502 5134 2615 5203 ipse
2643 5135 2848 5188 locutus
2871 5142 2988 5203 est,
3032 5144 3155 5191 tunc
3195 5136 3353 5191 etiam
3384 5138 3618 5210 interpo-

2043 5234 2196 5282 neret
2215 5244 2228 5281 :
2250 5226 2388 5297 quod
2410 5225 2454 5279 si
2476 5224 2707 5293 fecisset,
2729 5240 2831 5280 non
2855 5227 3033 5296 utique
3053 5226 3485 5298 responderetur,
3508 5231 3617 5287 Deo

2039 5320 2270 5391 gratias;
2303 5318 2395 5374 sed
2432 5317 2500 5373 ad
2538 5318 2678 5372 illam
2726 5317 2989 5374 rediretur
3031 5320 3458 5376 reclamationem
3497 5340 3615 5394 quae

2040 5412 2176 5467 facta
2204 5412 2403 5479 fuerat,
2447 5410 2659 5482 quando
2688 5411 2765 5467 sic
2798 5426 2826 5465 a
2856 5411 3078 5468 diacono
3102 5413 3377 5469 recitatum
3418 5426 3518 5471 est.
3548 5416 3615 5473 Et

2039 5504 2295 5575 numquid
2317 5503 2384 5558 ad
2409 5518 2521 5558 rem
2553 5503 2809 5573 pertinet,
2852 5504 2963 5558 sive
2990 5504 3296 5574 interposita
3330 5506 3400 5560 sit
3435 5506 3501 5561 ad
3527 5524 3613 5562 re-

2038 5598 2333 5655 cedendum
2376 5597 2707 5654 necessitatis
2732 5596 3033 5664 excusatio,
3074 5596 3184 5651 sive
3210 5612 3316 5652 non
3342 5597 3443 5653 sit?
3472 5599 3610 5657 Nihil

2036 5693 2102 5746 ab
2130 5691 2219 5744 illo
2248 5690 2389 5744 aliud
2419 5696 2780 5759 exspectatum
2808 5696 2923 5754 est,
2963 5703 3119 5757 quam
3166 5687 3221 5743 id
3263 5689 3405 5761 quod
3446 5707 3609 5761 supra

2033 5784 2284 5841 diximus.
2328 5782 2790 5853 Exspectationem
2833 5787 3009 5835 autem
3039 5795 3221 5836 eorum
3248 5782 3439 5853 quibus
3459 5783 3606 5855 jura-

2036 5886 2140 5949 tur,
2165 5878 2402 5954 quisquis
2427 5878 2715 5952 deceperit,
2744 5891 2849 5932 non
2875 5885 3048 5949 potest
3070 5891 3188 5933 esse
3208 5892 3314 5935 non
3338 5883 3599 5952 perjurus.
