4122 6350
591 524 681 590 ιι.
710 522 829 596 Fiat
851 535 980 593 ergo
1004 519 1144 591 quod
1169 517 1489 592 promissum
1515 523 1599 572 est
1618 557 1634 581 ,
1672 522 1727 570 et
1765 513 2094 574 inﬁrmorum

521 617 682 690 corda
703 623 974 687 sanentur,
1005 630 1071 670 ne
1097 623 1240 674 tanto
1269 609 1513 680 exemplo
1537 609 1724 680 quibus
1753 607 1852 670 hoc
1881 607 2096 676 placue-

523 711 594 781 rit
612 751 628 780 ,
653 708 721 778 ad
744 705 1054 771 imitandum
1080 705 1366 775 periurium
1398 701 1754 767 aediﬁcentur;
1785 700 1975 770 quibus
1997 714 2094 760 au-

520 810 630 876 tem
664 799 960 874 displicet,
985 796 1278 870 iustissime
1313 794 1522 860 dicant,
1553 792 1679 854 nulli
1718 799 1955 859 nostrum
1984 804 2100 856 cre-

525 890 759 968 dendum
1004 904 1109 943 non
1149 887 1319 956 solum
1363 883 1688 957 promittenti
1727 882 1921 952 aliquid
1946 922 1960 944 ,
2005 879 2100 942 58d

477 1044 484 1048 _
525 983 685 1060 etiam
707 981 924 1058 iuranti.
961 978 1093 1050 Hinc
1113 978 1251 1032 enim
1283 977 1454 1046 potius
1479 973 1728 1038 cavendae
1759 981 1882 1026 sunt
1911 972 2102 1045 linguae

524 1073 894 1146 inimicorum,
941 1070 1006 1144 de
1045 1069 1234 1140 quibus
1281 1076 1527 1138 tanquam
1571 1065 1760 1138 iaculis
1802 1063 1867 1118 ad
1905 1063 2100 1128 interﬁ-

525 1165 744 1242 ciendos
773 1163 1012 1234 inﬁrmos
1038 1162 1209 1230 major
1241 1161 1404 1214 utitur
1432 1159 1516 1218 ille
1545 1157 1804 1218 inimicus.
1837 1155 1942 1210 Sed
1967 1155 2107 1209 absit

529 1249 589 1333 ut
613 1256 679 1318 de
699 1255 789 1326 ιλιι
817 1255 990 1310 anima
1012 1267 1288 1324 speremus
1307 1250 1447 1304 aliud
1475 1265 1630 1322 quam
1659 1247 1799 1318 quod
1827 1247 1915 1302 Dei
1947 1247 2106 1300 timor

529 1344 787 1422 inspirat,
811 1354 866 1399 et
907 1353 1047 1398 tanta
1070 1385 1083 1406 ,
1111 1359 1228 1416 qua:
1251 1343 1301 1412 in
1326 1341 1411 1396 illa
1442 1348 1544 1408 est,
1574 1338 1884 1394 excellentia
1912 1336 2107 1392 sancti-

531 1437 654 1510 tatis
675 1439 932 1510 hortatur.
960 1436 1073 1506 Ego
1093 1443 1288 1500 autem,
1311 1448 1468 1503 quem
1491 1431 1622 1486 dicis
1642 1431 1802 1484 etiam
1825 1427 2109 1500 prohibere

537 1529 798 1600 debuisse,
829 1528 996 1590 fateor
1017 1543 1124 1588 non
1157 1525 1303 1598 potui
1331 1525 1409 1580 sic
1429 1538 1632 1594 sapere,
1665 1531 1721 1576 ut
1748 1531 1893 1576 tanto
1917 1521 1999 1574 vel
2023 1528 2108 1590 tu-

536 1621 699 1694 multu
725 1620 809 1690 vei
852 1619 1144 1690 oﬂensione
1186 1618 1352 1687 magis
1393 1615 1561 1672 everti
1591 1614 1782 1670 vellem
1825 1613 2108 1680 ecclesiam

532 1712 615 1767 cui
644 1711 838 1784 servio,
867 1727 1023 1781 quam
1045 1708 1098 1782 id
1123 1707 1266 1780 quod
1285 1722 1316 1763 a
1340 1707 1430 1762 tali
1451 1705 1563 1776 viro
1584 1705 1741 1761 nobis
1762 1703 2106 1770 oﬂ'erebatur,

533 1803 796 1876 accipere.

956 1911 1286 1968 EPISTOLA
1323 1908 1686 1983 CXXVll‘(a).

535 2024 845 2096 Augustinus
871 2024 1239 2078 Armentarium
1268 2011 1286 2055 ί
1328 2033 1375 2078 et
1416 2023 1568 2089 huius
1602 2036 1810 2074 uxorem
1838 2016 2112 2074 Paulinam

606 2117 836 2171 hortatur
870 2123 925 2169 ut
963 2114 1204 2168 mundum
1244 2119 1576 2177 contemnant,
1623 2120 1667 2166 et
1694 2111 2009 2165 continentia:
2035 2126 2114 2163 vo-

611 2218 716 2263 tum
743 2223 841 2278 quo
863 2224 916 2263 se
941 2208 1128 2278 pariter
1152 2205 1436 2276 obligarunt
1464 2193 1741 2259 exsolvant.

545 2323 781 2390 Dominis
824 2323 1031 2380 eximiis
1060 2323 1350 2394 meritoque
1381 2319 1778 2376 honorabilibus
1816 2333 1879 2373 ac
1905 2317 2115 2390 deside-

613 2415 864 2471 rabilibus
882 2397 1377 2478 ﬁliis,Anxeunnto
1399 2423 1449 2468 et
1471 2413 1740 2488 Daunum,
1761 2395 2109 2484 Aucusrtuus,

621 2507 674 2562 in
704 2507 927 2561 Domino
960 2507 1204 2562 salutem.
1261 2489 1264 2494 ’

611 2618 663 2676 1.
685 2617 779 2674 Vir
795 2617 1056 2692 egregius,
1088 2617 1227 2692 illius
1249 2631 1400 2676 meus
1426 2616 1692 2684 lluferius,
1713 2614 1889 2678 afﬁnis
1915 2622 2112 2681 vester,

541 2709 719 2782 retulit
742 2708 873 2766 mihi
911 2707 1036 2784 quid
1063 2709 1285 2770 Domino
1314 2707 1566 2780 voveritis
1610 2723 1625 2762 :
1655 2721 1756 2779 qua
1787 2705 1902 2776 ejus
1931 2720 2117 2760 narra-

541 2801 686 2874 tione
713 2801 1056 2880 exhilaratus,
1097 2809 1152 2872 et
1174 2799 1369 2864 ibidem
1398 2808 1639 2871 metuens
1655 2814 1722 2854 ne
1739 2797 1881 2868 aliud
1895 2797 2119 2852 suadeat

538 2893 627 2967 ille
650 2900 880 2950 tentator
908 2892 997 2964 qui
1022 2892 1177 2962 bonis
1207 2891 1398 2948 talibus
1442 2891 1731 2964 antiquitus
1759 2887 1978 2953 invidet,
2025 2903 2119 2952 ex-

539 2973 855 3058 hortandam
893 2984 1075 3058 paucis
1099 2983 1300 3048 credidi
1345 2982 1666 3050 Charitatem
1698 2990 1862 3050 tuam,
1901 2980 2119 3036 domine

453 3137 460 3142 .
541 3076 736 3132 eximie
763 3075 1056 3153 meritoque
1098 3073 1424 3138 honorabilis
1453 3083 1506 3127 et
1547 3072 1912 3136 desiderabilis
1938 3071 2031 3139 ﬁli,
2061 3079 2122 3146 ιιι

543 3167 743 3238 cogites
789 3167 928 3237 quod
959 3167 1011 3222 in
1041 3166 1232 3234 divinis
1285 3164 1509 3240 eloquiis
1555 3164 1766 3236 legitur,
1822 3161 1905 3217 Ne
1952 3162 2121 3217 tardes

539 3260 759 3316 converti
795 3259 862 3324 ad
904 3259 1197 3324 Dominum,
1241 3273 1397 3330 neque
1443 3255 1647 3323 dili'eras
1692 3254 1754 3318 de
1793 3255 1873 3309 die
1908 3255 1962 3309 in
1987 3254 2121 3312 diem

542 3347 742 3422 (Eccli.
774 3365 826 3419 ν,
867 3347 976 3422 8);
1011 3357 1169 3416 atque
1224 3346 1444 3418 arripias
1492 3331 1748 3412 curesque
1792 3343 2120 3404 reddendum

541 3441 682 3522 quod
712 3442 759 3498 ei
784 3451 833 3498 te
855 3441 1063 3496 vovisse
1098 3440 1258 3506 nosti,
1287 3439 1374 3520 qui
1414 3447 1466 3493 et
1495 3439 1670 3501 debita
1711 3438 1872 3508 exigit
1913 3446 1968 3492 et
1991 3452 2120 3516 pro-

542 3535 703 3588 missa
732 3533 1003 3604 persolvit.
1040 3531 1173 3592 Nam
1203 3539 1256 3586 et
1281 3529 1383 3586 hoc
1413 3530 1664 3598 scriptum
1693 3537 1794 3595 est,
1833 3527 2033 3593 Vovete,
2073 3536 2121 3582 et

541 3624 734 3679 redata
760 3623 979 3690 Domino
1010 3623 1117 3682 Deo
1146 3631 1304 3678 uestro
1333 3618 1352 3694 (
1380 3619 1524 3676 l’sal.
1569 3636 1734 3688 Lxxv,
1772 3621 1878 3692 12)
1904 3637 1916 3672 :
1947 3635 2120 3692 quan-

542 3729 701 3784 quam
728 3713 827 3768 etsi
873 3728 978 3766 non
1009 3711 1266 3777 vovisscs,
1294 3709 1417 3780 quid
1459 3709 1602 3764 aliud
1653 3711 1747 3764 tibi
1793 3695 2121 3772 suadendum

545 3802 662 3870 fuit,
691 3810 782 3857 aut
806 3801 930 3873 quid
963 3801 1154 3855 melius
1180 3799 1248 3854 ab
1275 3799 1492 3854 homine
1524 3800 1633 3853 ﬁeri
1657 3807 1852 3868 potest,
1879 3814 2033 3868 quam
2062 3807 2123 3853 ut

546 3894 594 3948 ei
622 3909 682 3950 se
720 3891 960 3948 restituat
986 3907 1015 3945 a
1048 3906 1152 3961 quo
1192 3890 1458 3948 institutus
1496 3899 1606 3958 est;
1659 3890 1951 3959 praesertim
1995 3889 2120 3962 quia

549 3986 820 4042 charitatis
841 4000 966 4056 erga
995 3998 1095 4060 nos
1125 3983 1218 4038 Dei
1249 3991 1448 4040 tantum
1493 3981 1732 4052 apparuit
1770 3989 1928 4051 atque
1953 3982 2122 4036 eluxit

543 4073 816 4150 indicium,
863 4084 922 4130 ut
969 4061 1158 4129 Filium
1200 4089 1352 4128 suum
1385 4073 1709 4144 unigenitum
1742 4073 1988 4139 mitteret,
2030 4071 2120 4143 qui

546 4185 643 4241 pro
672 4165 825 4224 nobis
853 4165 1191 4222 moreretur?
1213 4163 1396 4218 Restat
1422 4178 1548 4235 ergo
1579 4171 1633 4218 ut
1679 4162 1770 4216 ﬁat
1796 4160 1935 4233 quod
1977 4162 2120 4236 Apo-

545 4262 716 4317 stolus
744 4245 834 4325 ait,
859 4269 1140 4332 propterea
1168 4267 1435 4314 mortuum
1462 4271 1580 4313 esse
1607 4254 1892 4321 Christum,
1937 4265 1988 4308 ut
2035 4256 2121 4326 qui

541 4355 706 4407 vivunt
732 4370 830 4407 non
859 4351 951 4406 sibi
981 4353 1087 4422 iam
1113 4352 1298 4420 vivant,
1325 4347 1415 4403 sed
1441 4349 1485 4403 ei
1519 4348 1604 4418 qui
1629 4365 1720 4420 pro
1746 4349 1866 4419 ipsis
1895 4357 2121 4403 mortuus

543 4455 613 4500 est
637 4454 682 4499 et
710 4433 988 4499 resurrexit.
1009 4441 1083 4515 (Il
1107 4442 1223 4499 Cor.
1255 4459 1306 4510 ν,
1332 4440 1440 4518 15).
1474 4441 1582 4497 Nisi
1610 4441 1746 4498 forte
1771 4442 1944 4498 adhuc
1966 4457 2121 4518 mun-

544 4537 642 4593 dus
671 4535 927 4592 amandus
951 4545 1054 4604 est,
1080 4543 1219 4589 tanta
1251 4517 1427 4589 rerum
1454 4534 1571 4589 labe
1587 4535 1864 4599 contritus,
1885 4517 2118 4589 utetiam

539 4633 775 4704 speciem
802 4629 1127 4685 seductionis
1153 4627 1409 4684 amiserit.
1436 4627 1568 4682 Nam
1603 4637 1857 4704 quantum
1902 4629 1973 4684 illi
2002 4628 2118 4682 lau-

543 4722 700 4778 dandi
746 4731 904 4796 atque
948 4717 1292 4794 praedicandi,
1340 4719 1428 4790 qui
1457 4717 1652 4789 dignati
1679 4733 1782 4774 non
1813 4728 1937 4774 sunt
1958 4720 2118 4774 etiam

540 4830 661 4869 cum
687 4811 887 4868 mundo
918 4811 1140 4874 ﬂorente
1190 4810 1415 4872 ﬂorere;
1469 4818 1669 4864 tantum
1711 4808 2014 4880 increpandi
2065 4819 2120 4865 et

537 4891 818 4967 accusandi
872 4911 1036 4974 sunt,
1096 4915 1229 4972 quos
1283 4901 1458 4971 perire
1511 4915 1632 4956 cum
1700 4909 1956 4970 pereunte
2020 4902 2118 4957 de-

538 4996 719 5053 lectat.
873 4985 878 4990 ’
917 4979 922 4984 ’

603 5087 659 5142 2.
697 5085 934 5162 Labores
970 5094 1022 5141 et
1049 5083 1281 5157 pericula
1311 5092 1366 5140 et
1403 5083 1560 5160 exitia
1605 5083 1761 5154 hujus
1800 5085 2118 5140 transitoria;

537 5180 678 5246 vitae,
709 5175 753 5254 si
779 5194 878 5256 pro
898 5171 1081 5234 eadem
1106 5177 1209 5230 vita
1231 5174 1543 5254 quandoque
1561 5175 1786 5240 ﬁnienda
1804 5176 2114 5243 subeuntur,

599 5313 616 5345 ⁸
643 5307 1127 5376 Argumentgmhuic
1150 5306 1372 5370 epistola
1403 5305 1653 5376 [reﬂatum
1673 5306 2115 5376 iu_baetenus_t-:dd.

535 5367 832 5426 Armentario
868 5370 1077 5433 addebat
1112 5367 1380 5433 cognomen
1405 5367 1614 5433 :Ieipurio,
1639 5367 1844 5429 nullius,
1867 5370 2015 5433 quod,
2035 5384 2120 5419 no-

533 5436 766 5502 verimus,
795 5431 1092 5502 eaemplaris
1124 5430 1206 5502 us.
1237 5430 1552 5502 auctoritate;
1598 5443 1761 5502 neque
1799 5430 1943 5502 porro
1975 5430 2119 5502 aliter

534 5495 686 5547 habet
717 5490 957 5558 eiusdem:
974 5492 1212 5558 epistola”
1233 5493 1402 5543 titulus
1433 5494 1485 5542 in
1516 5490 1710 5541 Possidii
1733 5490 1972 5555 indicato,
1996 5507 2040 5544 c.
2065 5495 2114 5557 7,

534 5559 626 5608 nisi
641 5592 657 5620 ,
683 5552 982 5626 armentario
1002 5552 1047 5605 et
1073 5552 1304 5604 Paulinae.

597 5639 614 5656 ⁹
639 5623 895 5688 Fmehdata
916 5644 992 5686 est
1010 5635 1068 5685 ad
1092 5648 1139 5684 a.
1159 5632 1227 5683 bl.
1253 5633 1336 5698 bg.
1361 5635 1445 5683 bn.
1468 5647 1511 5684 c.
1536 5648 1607 5698 ec.
1633 5633 1684 5682 ﬂ'.
1704 5648 1784 5698 εν.
1805 5635 1844 5698 j.
1869 5649 1919 5686 ιι.
1943 5649 1986 5686 r.
2011 5651 2051 5687 ε.
2077 5644 2117 5688 ι.

533 5698 655 5749 duos
670 5702 746 5748 sb.
772 5699 895 5749 duos
913 5701 985 5748 vd.
1011 5711 1101 5746 sex
1129 5711 1174 5746 ν.
1203 5705 1252 5746 et
1269 5696 1327 5746 ad
1351 5704 1452 5745 Am.
1478 5696 1586 5744 Bad.
1612 5702 1686 5745 Er.
1711 5696 1819 5747 iovi

556 5783 812 5906 “(rarius
829 5785 890 5838 45
911 5798 922 5833 :
941 5795 1051 5846 quae
1067 5783 1233 5832 autem
1249 5780 1336 5830 ΙῒΙ
1355 5788 1478 5842 erat,
1502 5793 1629 5831 nunc
1656 5781 1762 5834 Ιω.
1778 5782 1962 5846 scripta
1993 5780 2122 5836 (οι-ω
2151 5853 2156 5856 _

1650 416 1658 424 ν
1739 397 1799 458 ε.
1841 385 2205 462 AucUS'tiNt
2243 385 2546 460 BPISGOH

3671 385 3780 452 ωδ

2203 517 2262 564 ut
2286 521 2430 570 mors
2462 505 2577 578 eius
2623 518 2730 562 non
2771 504 2990 564 omnino
3032 503 3323 570 auferatur,
3371 501 3466 562 sed
3511 503 3780 574 paululum

2201 598 2506 670 diﬂ‘eratur;
2543 607 2740 670 quanto
2765 598 2932 668 magis
2962 612 3057 670 pro
3085 607 3286 653 :cterna
3333 596 3602 654 subeunda
3634 606 3777 664 sunt,

2205 690 2291 744 ubi
2323 700 2548 746 mortem
2579 704 2678 768 nec
2719 699 2902 746 natura
2947 689 3170 760 sollicite
3213 697 3393 751 cavet,
3437 703 3534 744 nec
3578 688 3782 758 ignavia

2205 779 2428 852 turpiter
2462 779 2629 844 timet,
2674 795 2773 834 nec
2811 780 3068 848 sapientia
3115 778 3320 833 fortiter
3367 779 3624 844 sustinet!
3654 779 3785 832 nulli

2204 869 2398 948 quippe
2427 870 2530 926 erit
2557 884 2675 940 quae
2705 883 2809 926 non
2840 852 2960 928 erit.
2994 868 3195 932 llabeat
3216 869 3369 938 igitur
3392 877 3442 922 te
3461 868 3562 922 vita
3589 877 3785 926 a-terna

2207 961 2261 1020 in
2290 961 2639 1024 dilectoribus
2665 962 2796 1026 suis.
2842 961 3027 1018 Nonne
3049 961 3244 1025 cernis,
3271 960 3385 1015 haec
3429 961 3536 1016 vita
3564 962 3634 1015 mi
3667 978 3786 1015 cra-

2209 1053 2329 1108 bilis
2357 1063 2411 1108 et
2437 1069 2602 1124 egena
2630 1069 2786 1126 quam
2816 1053 3160 1114 vehementes
3186 1052 3395 1116 habeat,
3427 1063 3790 1122 quantumque

2207 1145 2307 1204 sibi
2331 1145 2528 1216 obliget
2557 1155 2826 1202 amatores
2863 1145 3027 1208 suos?
3074 1145 3163 1215 qui
3193 1154 3368 1200 tamen
3397 1145 3631 1215 periculo
3680 1146 3794 1212 t'jns

2209 1252 2351 1310 sacpe
2373 1237 2586 1304 turbati,
2608 1239 2762 1294 citius
2782 1253 2897 1294 eam
2924 1237 3136 1304 ﬁniunt,
3159 1252 3223 1292 eo
3252 1237 3364 1313 ipso
3385 1252 3490 1306 quo
3517 1237 3668 1292 linire
3693 1236 3795 1290 fcr-

2209 1328 2434 1402 midant,
2466 1337 2520 1384 et
2555 1338 2780 1384 mortem
2807 1327 2929 1382 dum
2959 1328 3246 1395 declinant,
3276 1327 3597 1390 accelerant,
3631 1327 3799 1380 \‘L‘ll.!l

2211 1421 2544 1500 siquisquam
2572 1421 2730 1476 ﬂuvio
2756 1421 3040 1491 rapiendus
3059 1421 3243 1485 irruat,
3260 1419 3517 1476 latronem
3545 1419 3773 1473 bestiam
3794 1445 3806 1453 -

2211 1527 2276 1568 ve
2325 1512 2592 1582 fugiendo.
2630 1512 2840 1574 Jactant
2891 1513 2943 1567 in
2999 1527 3145 1566 mare
3179 1518 3492 1582 tempestate
3543 1510 3798 1564 stetiente

2214 1605 2498 1676 aliquando
2527 1615 2580 1661 et
2602 1606 2885 1671 alimenta;
2922 1613 2974 1660 ct
3009 1613 3066 1660 ut
3094 1605 3290 1670 vivant,
3335 1604 3617 1674 projiciunt
3656 1603 3799 1658 unde

2214 1699 2414 1766 vivunt,
2447 1715 2514 1754 ne
2554 1700 2659 1753 cito
2696 1699 2904 1770 ﬁniatur
2945 1698 3085 1769 quod
3133 1697 3213 1752 vel
3255 1696 3308 1750 in
3349 1697 3526 1752 labore
3581 1697 3795 1750 vivitur.

2214 1788 2434 1856 Quantis
2461 1789 2727 1846 laboribus
2753 1790 2944 1860 agitur,
2976 1799 3032 1844 ut
3059 1788 3296 1858 longiore
3322 1796 3558 1856 tempore
3580 1787 3796 1841 labore-

2215 1881 2333 1952 tur!
2365 1889 2418 1933 et
2461 1894 2604 1934 mors
2641 1895 2758 1934 cum
2792 1880 3096 1947 impendere
3137 1879 3378 1948 emperit,
3412 1877 3532 1932 ideo
3558 1889 3798 1940 cavetur,

2215 1977 2276 2022 ut
2299 1968 2495 2022 diutius
2537 1969 2800 2028 timeatur.
2847 1968 2977 2026 Nam
3023 1969 3163 2034 inter
3191 1977 3270 2023 tot
3321 1984 3474 2024 casus
3503 1969 3804 2040 fragilitatis

2217 2059 2481 2129 humanae,
2509 2077 2664 2132 quam
2695 2061 2877 2116 multa:
2899 2071 3098 2118 mortes
3120 2062 3391 2126 timentur,
3415 2077 3637 2132 quarum
3653 2073 3805 2117 certe

2220 2167 2319 2206 una
2349 2167 2468 2208 cum
2500 2152 2722 2219 venerit,
2748 2163 2909 2208 restat
2934 2161 3157 2210 czetcras
3184 2167 3290 2207 non
3317 2152 3487 2208 timeri
3511 2153 3524 2206 ι
3545 2163 3598 2207 et
3619 2163 3800 2208 tamen

2217 2243 2414 2314 fugitur
2438 2259 2540 2298 una
2569 2252 2624 2297 ut
2657 2245 2673 2275 ³
2701 2259 2887 2299 onmes
2916 2245 3219 2300 timeantur.
3251 2243 3456 2312 Quibus
3480 2245 3805 2300 excrucian-

2219 2345 2304 2390 tur
2331 2335 2621 2404 doloribus,
2653 2337 2743 2407 qui
2793 2347 3044 2402 curantur
3084 2352 3114 2391 a
3158 2335 3378 2393 medicis
3422 2344 3474 2390 et
3520 2337 3802 2391 secantur!

2218 2429 2471 2502 numquid
2502 2440 2559 2484 ut
2601 2445 2706 2484 non
2738 2430 3063 2484 moriantur?
3092 2427 3199 2484 Sed
3241 2438 3296 2498 ut
3321 2429 3590 2499 aliquanto
3632 2429 3806 2483 serius

2219 2521 2529 2575 moriantur.
2556 2521 2698 2574 Multi
2725 2519 2992 2575 cruciatus
3012 2520 3374 2588 suscipiuntur
3391 2520 3546 2586 certi,
3565 2529 3622 2574 ut
3650 2521 3805 2589 pauci

2221 2614 2338 2670 dies
2365 2614 2678 2685 adjiciantur
2710 2615 2895 2668 incerti
2927 2631 2939 2667 :
2973 2623 3026 2668 et
3053 2627 3428 2682 nonnunquam
3455 2612 3582 2682 ipsis
3607 2611 3806 2666 dolori-

2221 2708 2321 2764 bus
2372 2708 2493 2763 victi
2541 2709 2792 2764 continuo
2841 2706 3158 2771 moriuntur,
3203 2720 3336 2774 quos
3386 2704 3574 2760 mortis
3615 2704 3806 2759 timore

2221 2801 2549 2874 suscipiunt;
2575 2808 2765 2856 etcum
2794 2799 3010 2854 omnino
3038 2813 3143 2854 non
3164 2795 3360 2865 eligant
3381 2797 3540 2850 vitam
3560 2795 3712 2850 ﬁnire
3737 2810 3806 2853 ne

2221 2893 2456 2966 doleant,
2495 2892 2590 2950 sed
2615 2892 2797 2948 dolere
2849 2906 2916 2946 ne
2944 2891 3149 2958 ﬁniant,
3182 2889 3372 2944 accidit
3399 2890 3478 2942 eis
3513 2899 3567 2942 ut
3591 2887 3808 2943 doleant

2223 2993 2278 3038 et
2303 2983 2488 3038 ﬁniant
2515 3000 2528 3038 :
2567 2998 2671 3038 non
2700 2983 2870 3038 solum
2900 2982 3020 3054 quia
3057 2990 3110 3035 et
3139 2981 3307 3036 sanati
3345 2980 3526 3049 utique
3555 2979 3715 3033 vitam
3743 2978 3808 3034 ﬁ-

2224 3074 2376 3130 niunt
2401 3083 2521 3146 post
2542 3074 2776 3141 dolores,
2816 3089 2935 3146 quae
2979 3073 3140 3127 tantis
3180 3072 3351 3142 pronis
3378 3068 3678 3139 comparata
3709 3086 3809 3124 nec

2225 3165 2544 3236 sempiterna
2576 3181 2694 3222 esse
2735 3174 2928 3237 potest,
2960 3164 3078 3236 quia
3119 3163 3357 3224 mortalis
3398 3171 3499 3227 est,
3550 3177 3648 3218 nec
3685 3162 3810 3216 diu-

2226 3267 2402 3326 turna,
2433 3259 2556 3328 quia
2600 3266 2708 3313 tota
2737 3257 2917 3314 brevis
2941 3265 3042 3321 est,
3087 3271 3185 3311 nec
3213 3255 3280 3311 de
3310 3256 3426 3326 ipso
3456 3253 3602 3310 brevi
3633 3255 3814 3324 spatio

2224 3353 2305 3406 sui
2325 3365 2532 3417 secura,
2550 3351 2672 3424 quia
2692 3364 2901 3420 semper
2917 3350 3114 3405 incerta
3136 3358 3246 3412 est;
3269 3364 3454 3402 verum
3481 3351 3639 3402 etiam
3660 3346 3812 3418 quod

2225 3440 2508 3512 aliquando
2534 3457 2649 3496 eam
2680 3441 2864 3496 dolore
2887 3439 3153 3506 ﬁnierunt,
3177 3453 3334 3510 quam
3365 3454 3431 3494 ne
3455 3437 3688 3504 ﬁnirent,
3712 3435 3814 3504 do-

2230 3534 2340 3589 lere
2370 3535 2668 3590 volueruut.
2791 3523 2804 3532 ’

2298 3626 2350 3682 3.
2382 3627 2549 3684 liabet
2572 3627 2729 3680 etiam
2756 3625 2856 3680 hoc
2876 3640 3122 3696 magnum
3142 3622 3359 3689 malum,
3382 3637 3445 3678 ac
3471 3622 3818 3678 vehementer

2226 3714 2610 3772 exsecrandum
2637 3725 2689 3770 et
2725 3715 3046 3770 horrendum
3081 3713 3277 3772 nimius
3306 3728 3456 3768 amor
3480 3713 3600 3768 vitae
3636 3713 3813 3780 istius,

2226 3807 2368 3878 quod
2429 3807 2576 3862 multi
2623 3807 2745 3862 dum
2813 3807 2998 3861 volunt,
3038 3805 3192 3876 paulo
3231 3804 3426 3860 diutius
3465 3806 3660 3871 vivere,
3693 3821 3818 3876 gra-

2228 3899 2361 3954 viter
2387 3897 2664 3952 oﬂendunt
2707 3898 2890 3964 Deum,
2921 3897 3060 3968 apud
3090 3912 3250 3966 quem
3283 3905 3364 3950 est
3392 3895 3507 3949 [υιιε
3535 3895 3654 3951 vita:
3684 3913 3696 3950 :
3727 3905 3815 3950 at-
3889 3937 3892 3940 .

2226 4004 2329 4058 que
2360 3989 2451 4055 ita,
2480 3987 2604 4044 dum
2632 3988 2698 4042 ab
2723 3989 2799 4044 eis
2828 3988 3021 4048 frustra
3047 3987 3134 4056 qui
3168 3987 3471 4041 necessario
3499 3985 3704 4043 futurus
3730 3994 3819 4042 est

2227 4080 2349 4134 vita:
2396 4079 2515 4134 ﬁnis
2562 4079 2830 4146 metuitur,
2877 4079 3020 4133 illinc
3053 4077 3400 4150 prohibentur
3428 4078 3514 4131 ubi
3550 4078 3664 4148 sine
3709 4078 3818 4138 ﬁne

2227 4175 2440 4230 vivitur.
2467 4174 2583 4240 liuc
2613 4172 2817 4230 accedit
2841 4172 2962 4244 quia
2991 4172 3091 4225 vita
3141 4171 3334 4234 misera
3375 4170 3580 4226 etiamsi
3634 4181 3817 4240 posset

2229 4283 2348 4336 esse
2377 4277 2655 4338 perpetua,
2685 4267 2832 4322 nullo
2867 4265 3026 4320 modo
3064 4264 3232 4320 beatae
3262 4265 3382 4318 vitae
3423 4264 3580 4319 etiam
3611 4264 3819 4319 brevis-

2227 4359 2377 4418 simae
2405 4357 2758 4429 comparanda
2791 4365 2872 4412 est
2911 4375 2922 4411 :
2966 4364 3019 4410 et
3055 4364 3225 4412 tamen
3259 4355 3342 4408 isti
3370 4354 3594 4412 amando
3622 4355 3816 4412 miser-

2227 4453 2416 4508 rimam
2459 4460 2616 4522 atque
2660 4449 3048 4514 brevissimam,
3089 4446 3312 4518 perdunt
3353 4446 3709 4504 beatissimam
3749 4462 3818 4506 ac

2227 4542 2628 4612 sempiternam,
2659 4555 2778 4595 cum
2814 4539 2867 4592 in
2913 4537 3010 4593 hac
3037 4523 3174 4610 ipsa,
3221 4552 3376 4607 quam
3407 4538 3540 4593 male
3565 4537 3810 4609 diligunt,

2229 4635 2334 4691 hoc
2358 4635 2521 4690 velint
2546 4632 2684 4708 quod
2719 4633 2772 4687 in
2802 4633 2966 4692 altera
2992 4630 3256 4704 perdunt;
3281 4630 3400 4700 quia
3432 4632 3612 4702 utique
3635 4631 3689 4686 in
3713 4633 3815 4686 ista

2229 4740 2328 4780 nec
2373 4725 2637 4780 miseriam
2677 4722 2920 4792 diligunt,
2966 4738 3086 4776 nam
3126 4721 3265 4776 beati
3305 4737 3423 4777 esse
3461 4723 3662 4788 volunt,
3713 4741 3817 4782 nec

2228 4818 2562 4883 brevitatem,
2595 4833 2714 4871 nam
2739 4832 2855 4872 eam
2892 4815 3028 4870 ﬁniri
3065 4816 3281 4886 nolunt;
3316 4825 3516 4882 tantum
3547 4817 3669 4886 quia
3709 4819 3815 4872 vita

2228 4919 2331 4974 est,
2355 4910 2432 4964 sic
2453 4917 2678 4976 amatur,
2708 4915 2764 4962 ut
2801 4922 2945 4978 sarpe
2981 4916 3196 4978 propter
3237 4923 3374 4972 eam,
3403 4907 3527 4965 licet
3562 4910 3812 4965 miseram

2231 5010 2284 5057 et
2310 5001 2546 5064 brevem,
2574 4999 2724 5053 beata
2747 5007 2800 5054 et
2817 4998 3136 5071 sempiterna
3161 4997 3454 5056 amittatur.

2300 5092 2353 5146 4.
2383 5091 2474 5146 His
2503 5088 2873 5155 consideratis,
2900 5088 3022 5159 quid
3049 5104 3295 5162 maguum
3319 5090 3422 5144 vita
3447 5100 3643 5146 aeterna
3661 5091 3815 5162 jubet

2229 5184 2552 5238 amatoribus
2592 5183 2720 5250 suis,
2762 5199 2879 5238 cum
2911 5198 2969 5238 se
2989 5181 3140 5253 jubet
3165 5182 3242 5236 sic
3271 5171 3436 5236 amari
3465 5183 3814 5254 quemadmo-

2229 5276 2355 5331 dum
2396 5275 2509 5330 brec
2551 5285 2759 5331 amatur
2784 5290 2812 5328 a
2844 5259 2996 5328 suis?
3033 5290 3098 5330 an
3127 5289 3254 5328 vero
3282 5273 3497 5344 dignum
3523 5285 3604 5330 est
3632 5277 3708 5344 vel
3741 5275 3815 5332 fc-

2229 5367 2476 5433 rendum,
2505 5382 2626 5421 cum
2670 5374 3080 5422 contemnuntur
3120 5365 3297 5419 omnia
3326 5349 3443 5436 quze
3471 5349 3715 5422 amantur
3758 5368 3812 5426 in

2230 5457 2450 5525 nnmdo,
2480 5466 2537 5512 ut
2563 5457 2662 5512 vita
2691 5465 2810 5528 post
2833 5456 3099 5528 paululum
3133 5457 3380 5526 ﬁnienda,
3413 5459 3598 5514 saltem
3640 5460 3812 5532 ipsum

2233 5551 2500 5622 paululum
2557 5559 2797 5605 teneatur
2858 5549 2906 5603 in
2949 5548 3180 5614 mundo;
3222 5558 3278 5604 et
3311 5567 3418 5604 non
3457 5552 3814 5606 contemnitur

2231 5641 2484 5709 mundus,
2523 5650 2577 5695 ut
2615 5641 2914 5696 obtineatur
2935 5641 3038 5694 vita
3067 5657 3185 5710 qua:
3215 5641 3329 5694 sine
3360 5640 3464 5697 ﬁne
3493 5643 3628 5712 apud
3660 5642 3810 5700 illum

2232 5740 2334 5801 est,
2368 5749 2462 5804 per
2498 5748 2653 5803 quem
2695 5729 2862 5806 factus
2906 5743 2986 5787 est
3025 5732 3289 5790 mundus?
3332 5733 3487 5806 Modo
3529 5751 3649 5792 cum
3695 5735 3812 5807 ipsa

2300 5861 2312 5888 ι
2340 5857 2470 5904 r.i.l..
2497 5868 2619 5903 non.
2641 5859 2769 5905 λιες..
2789 5858 2855 5902 ut.
