4122 6350
340 391 446 460 485

346 514 538 579 Roma,
583 508 911 586 domicilium
940 504 1221 586 clarissimi
1271 502 1501 586 imperii,
1532 502 1807 580 barbarico
1837 515 1928 557 va-

342 615 578 660 staretur
619 581 854 666 incursu,
882 581 1041 674 quam
1080 585 1230 655 multi
1268 581 1593 670 hujusl‘vitze
1623 587 1929 678 temporalis

344 706 639 762 amatores,
668 705 725 750 ut
751 711 868 750 eam
891 679 972 748 vel
993 693 1276 748 infeliciter
1296 687 1684 768 producendam
1706 688 1926 768 nudam-

352 805 452 862 que
490 789 834 853 rcdimcrcnt,
865 785 1124 842 dederunt
1151 785 1327 839 omnia
1374 771 1492 862 qua:
1519 782 1590 838 illi
1622 799 1726 836 non
1754 747 1925 844 solum

344 880 679 937 oblectandte
722 888 776 936 et
829 878 1100 944 ornandze,
1149 892 1330 932 verum
1378 877 1535 954 etiam
1570 872 1926 952 sustentanda:

350 972 663 1044 tucnquue
688 971 996 1026 servabant!
1017 969 1201 1025 Solent
1227 978 1370 1025 certe
1393 977 1658 1022 amatores
1675 967 1777 1021 illis
1797 981 1927 1044 quas

343 1073 546 1129 amant,
573 1069 635 1117 ut
670 1078 760 1117 cas
798 1051 1046 1124 habeant,
1081 1059 1242 1114 multa
1273 1058 1514 1114 conferre
1545 1077 1557 1113 :
1590 1059 1673 1114 isti
1699 1053 1926 1114 amatam

344 1171 494 1210 suam
510 1169 620 1208 non
640 1153 914 1216 haberent,
936 1149 1033 1205 nisi
1056 1138 1283 1204 amando
1304 1149 1513 1218 inopem
1536 1135 1924 1214 reddidissent;

345 1259 447 1302 nec
475 1248 522 1301 ei
550 1243 713 1300 multa
738 1244 1060 1308 conferrent,
1093 1242 1185 1296 sed
1212 1229 1400 1318 cuncta
1424 1241 1600 1312 potius
1633 1225 1924 1314 auferrent,

343 1351 414 1392 ne
441 1338 541 1392 sibi
582 1351 700 1390 eam
741 1335 906 1389 hostis
939 1334 1190 1389 auferret.
1231 1331 1341 1388 Nec
1383 1349 1565 1388 eorum
1593 1331 1928 1402 reprehendo

346 1427 626 1482 consilium
653 1426 805 1496 :quis
833 1426 972 1479 enim
1007 1425 1202 1479 nesciat
1233 1424 1518 1496 perituram
1543 1413 1702 1478 fuisse
1734 1410 1922 1498 ipsam,

345 1520 393 1574 si
421 1536 524 1573 non
556 1535 617 1572 ea
646 1517 924 1588 periisscnt
945 1517 1059 1588 quae
1081 1516 1349 1571 recondita
1381 1511 1584 1571 fuerant
1611 1523 1824 1585 propter
1850 1507 1929 1584 ip:-

347 1610 502 1665 sam?
526 1610 767 1680 quamvis
791 1616 844 1664 et
867 1595 1077 1678 quidam
1106 1606 1433 1678 perdiderint
1471 1607 1617 1676 prius
1658 1606 1763 1671 illa,
1803 1592 1925 1660 mox

349 1705 554 1776 ipsam;
584 1703 793 1774 quidam
823 1717 951 1757 vero
975 1701 1099 1756 licet
1128 1701 1293 1770 parati
1323 1707 1511 1755 cuncta
1543 1698 1769 1771 perdere
1805 1713 1926 1769 pro-

349 1801 466 1863 pter
491 1794 680 1862 ipsam,
711 1793 856 1864 prius
881 1789 1210 1864 perdiderint
1239 1791 1428 1861 ipsam.
1459 1789 1565 1846 Sed
1593 1790 1714 1845 hinc
1738 1790 1925 1844 admo-

347 1883 899 1954 nendisumusquales
912 1893 1011 1939 tete
1021 1898 1130 1938 rna:
1147 1882 1269 1937 vitae
1291 1882 1572 1938 dilectores
1594 1897 1712 1938 esse
1731 1873 1925 1938 debea-

346 1991 484 2040 mus,
507 1983 566 2029 ut
585 1983 800 2048 propter
823 1991 939 2030 eam
973 1983 1374 2030 contemnamus
1408 1983 1599 2029 cuncta
1635 1972 1925 2045 superflua,

345 2081 467 2120 cum
495 2081 591 2136 pro
618 2064 716 2120 hac
747 2067 1051 2122 transitoria
1080 2066 1183 2120 vita
1209 2073 1510 2135 contempta
1537 2065 1645 2120 sint
1685 2079 1805 2136 qua:
1848 2061 1924 2144 illi

346 2157 554 2212 fuerant
583 2159 902 2212 necessaria.
1091 2147 1095 2154 ’

415 2249 468 2303 5.
494 2248 672 2318 Neque
693 2249 832 2303 enim
861 2258 1090 2320 amatam
1123 2257 1381 2316 nostram,
1403 2249 1537 2303 sicut
1559 2249 1630 2302 illi
1659 2263 1833 2314 suam,
1865 2256 1925 2303 ut

348 2349 646 2406 teneamus,
678 2341 1075 2409 etSpoliamus;
1106 2339 1196 2393 sed
1227 2340 1298 2393 illi
1325 2348 1538 2394 aeterna:
1567 2337 1922 2409 adipiscendae

345 2433 499 2487 istam
521 2432 865 2502 temporalem
888 2433 1031 2488 velut
1053 2419 1304 2487 famulam
1323 2433 1698 2502 expeditiorem
1722 2431 1923 2487 servire

344 2523 587 2591 facimus,
619 2525 662 2578 si
693 2540 810 2578 eam
835 2540 934 2579 nec
962 2534 1393 2579 ornamentorum
1414 2539 1666 2577 vanorum
1695 2521 1923 2578 vinculis

341 2615 641 2686 alligcmus,
671 2632 770 2672 nec
798 2632 1043 2672 curarum
1075 2617 1350 2672 noxiarum
1373 2618 1595 2672 sarcinis
1617 2632 1920 2684 oneremus,

339 2709 721 2780 audiamusque
752 2710 1052 2773 Dominum,
1082 2710 1170 2781 qui
1200 2709 1351 2765 nobis
1386 2709 1527 2763 illam
1573 2699 1735 2763 vitam
1773 2709 1922 2764 sumé

340 2815 429 2854 mo
455 2801 646 2856 ardore
679 2800 1079 2855 dcsiderandam
1107 2800 1411 2856 ﬁdelissime
1442 2801 1741 2870 pollicetur,
1781 2800 1924 2856 velut

340 2893 391 2946 in
411 2892 572 2946 totius
608 2893 787 2947 mundi
823 2894 1079 2949 concione
1113 2894 1428 2950 clamantem
1469 2912 1480 2945 :
1540 2893 1712 2948 Venite
1750 2896 1817 2948 ad
1847 2912 1923 2950 me

340 2997 510 3035 onmes
537 2983 620 3054 qui
647 2975 884 3036 laboratis
919 2995 966 3038 et
997 2985 1190 3037 onerati
1215 2985 1348 3049 estis,
1380 2993 1425 3037 et
1448 3001 1536 3055 ego
1563 3001 1647 3039 vos
1677 2986 1919 3052 reﬁciam.

339 3069 525 3125 Tollite
539 3074 718 3146 jugum
747 3091 910 3128 meum
930 3091 1080 3144 super
1108 3092 1211 3140 vos,
1236 3086 1278 3129 et
1303 3075 1478 3129 discite
1498 3093 1527 3128 (ι
1549 3093 1624 3129 me
1650 3077 1766 3146 quia
1794 3077 1925 3131 mitis

345 3179 458 3215 sum
497 3173 541 3216 et
569 3165 773 3218 humilis
805 3166 984 3230 corde;
1029 3176 1074 3221 et
1115 3167 1374 3222 invenietis
1417 3168 1634 3236 requiem
1663 3167 1924 3223 animabus

336 3254 530 3306 vestris.
562 3253 750 3324 Iugum
787 3255 919 3308 enim
947 3273 1114 3310 meum
1139 3257 1268 3325 leiie,
1299 3265 1346 3310 et
1374 3273 1499 3311 onus
1528 3274 1697 3312 nteant
1726 3258 1828 3312 leve
1852 3245 1925 3313 est

336 3343 548 3413 (Matth,
586 3361 661 3412 χι,
702 3344 906 3416 28-50).
937 3346 1067 3401 Haec
1113 3346 1393 3418 disciplina
1437 3349 1538 3418 piae
1591 3347 1920 3417 humilitatis,

336 3448 612 3492 ventosam
667 3447 723 3493 ct
775 3439 1033 3494 turbidam
1077 3440 1439 3510 Cupiditatem,
1489 3443 1694 3497 avidam
1745 3437 1924 3498 reruni

337 3539 489 3584 extra
545 3539 778 3584 nostram
827 3540 1139 3599 potestatem
1191 3535 1618 3600 constitutarum,
1671 3536 1815 3606 pellit
1858 3525 1924 3591 ex

337 3620 535 3685 animo,
581 3631 637 3676 et
673 3621 1064 3692 quodammodo
1111 3625 1362 3696 exspirat.
1411 3625 1484 3680 lbi
1536 3627 1677 3683 enim
1720 3627 1875 3685 labor
1903 3672 1919 3699 ,

337 3712 424 3766 ubi
456 3712 620 3766 multa
653 3723 962 3782 qumnmtur
989 3721 1042 3768 et
1067 3714 1379 3785 diliguntur,
1405 3717 1600 3788 quibus
1624 3719 1923 3790 adipiscen-

335 3805 418 3859 dis
448 3815 606 3876 atqne
628 3806 918 3862 retinendis
945 3805 1187 3864 voluntas
1211 3824 1312 3863 non
1344 3811 1473 3865 satis
1500 3821 1601 3876 est,
1638 3811 1758 3882 quia
1787 3829 1922 3869 con-

337 3907 648 3965 sequentem
692 3913 798 3952 non
849 3898 1007 3953 habet
1055 3899 1378 3956 facultatem.
1433 3902 1581 3957 .lnsta
1627 3921 1753 3960 vero
1791 3907 1918 3974 vita,

337 3987 458 4040 cuni
476 3987 742 4054 volumus,
770 3989 940 4055 adest,
959 3990 1080 4059 quia
1097 4007 1214 4046 eam
1236 3993 1401 4062 ipsam
1427 3993 1580 4063 plene
1595 3996 1748 4062 velle,
1766 3997 1921 4066 justi"-

340 4077 545 4142 tiaest;
579 4095 676 4133 nec
707 4081 824 4149 plus
867 4081 1062 4151 aliquid
1111 4082 1434 4154 perﬁcienda
1483 4085 1708 4153 justitia,
1763 4105 1920 4158 quam

339 4168 625 4236 perfectam
653 4171 977 4227 voluntatem
1005 4175 1244 4244 requirit.
1292 4174 1426 4230 Vide
1460 4177 1502 4232 si
1530 4177 1677 4232 labor
1701 4189 1800 4243 est,
1832 4162 1920 4235 ubi

338 4260 472 4314 velle
515 4262 644 4315 satis
683 4271 785 4318 est.
824 4264 976 4319 Unde
1014 4264 1266 4320 divinitus
1307 4266 1502 4321 dictum
1547 4276 1629 4323 est
1672 4287 1686 4324 :
1724 4268 1841 4324 Pax
1866 4253 1919 4325 in

340 4360 472 4404 terra
501 4353 781 4408 hominibus
810 4356 951 4410 bona:
975 4357 1245 4411 voluntatis
1269 4356 1416 4430 (Luc.
1445 4375 1500 4422 ιι,
1534 4358 1645 4432 Η).
1671 4360 1770 4416 Ubi
1792 4377 1916 4432 pax,

339 4442 408 4496 ibi
437 4445 679 4514 requies;
710 4446 796 4500 ubi
827 4449 1058 4518 requies,
1091 4449 1160 4504 ibi
1195 4449 1314 4505 ﬁnis
1345 4452 1646 4521 appetendi,
1683 4462 1736 4508 et
1775 4454 1918 4509 nulla

336 4547 493 4586 causa
525 4533 820 4590 laborandi.
845 4536 950 4592 Sed
982 4538 1096 4593 lucc
1120 4540 1363 4595 voluntas
1387 4550 1443 4596 ut
1469 4543 1622 4613 plena
1645 4544 1732 4607 sit,
1756 4558 1916 4616 opor-

338 4627 409 4700 tet
440 4635 500 4680 ut
531 4641 655 4682 sana
682 4628 749 4682 sit
778 4647 792 4684 :
820 4629 922 4684 erit
959 4638 1136 4688 autem
1159 4647 1305 4700 sana,
1333 4634 1377 4689 si
1401 4635 1663 4691 medicum
1690 4654 1794 4693 non
1833 4655 1918 4695 re-

338 4714 522 4785 fugiat,
555 4717 704 4788 cujus
733 4719 894 4774 solius
939 4723 1111 4792 gratia
1143 4724 1316 4798 sanari
1350 4734 1524 4795 potest
1551 4742 1580 4781 ιι
1609 4729 1795 4784 morbo
1820 4729 1915 4785 de-

337 4804 650 4862 sideriorum
701 4809 998 4866 noxiorum.
1059 4811 1176 4884 ipse
1233 4821 1314 4868 est
1359 4831 1486 4886 ergo
1542 4817 1778 4874 medicus
1827 4821 1916 4892 qui

335 4898 544 4964 clamat,
587 4898 760 4955 Venite
786 4903 855 4956 ad
877 4920 957 4958 me
975 4921 1147 4959 omnes
1165 4907 1250 4976 qui
1277 4905 1532 4975 laboratis,
1557 4909 1739 4980 jngum
1762 4927 1915 4968 suum

335 4987 476 5058 lene,
508 4999 562 5046 et
590 5006 727 5048 onus
769 4993 891 5050 leve
919 4995 1138 5064 dicens;
1167 4999 1290 5070 quia
1321 4999 1507 5056 diﬁ'usa
1536 5018 1631 5072 per
1660 5004 1915 5074 Spiritum

333 5093 572 5138 sanctum
602 5084 858 5141 cbaritate
891 5087 946 5141 in
971 5088 1218 5143 cordibus
1240 5091 1455 5158 nostris,
1503 5093 1741 5164 profecto
1766 5111 1916 5150 ama-

333 5172 475 5238 bitur
499 5177 637 5252 quod
674 5177 890 5248 jubetur
913 5180 954 5247 ¹,
985 5189 1036 5236 et
1059 5196 1162 5236 non
1193 5184 1294 5238 erit
1330 5199 1575 5255 asperum
1604 5201 1702 5242 nec
1727 5203 1919 5244 onero-

333 5281 472 5334 sum,
497 5269 543 5322 si
570 5270 670 5324 sub
687 5270 789 5326 hoc
811 5287 916 5326 uno
927 5271 1076 5343 iugo,
1106 5283 1305 5344 quanto
1330 5276 1506 5330 minus
1523 5278 1745 5346 tumida,
1772 5288 1917 5336 tanto

332 5352 500 5424 magis
529 5350 695 5424 libera
723 5353 934 5411 cervice
951 5358 1228 5413 serviatur.
1251 5357 1319 5414 Et
1339 5357 1455 5415 haec
1469 5368 1551 5416 est
1566 5377 1666 5417 una
1684 5364 1914 5434 sarcina,

331 5459 430 5513 qua
462 5445 579 5514 ejus
622 5447 827 5517 baiulus
852 5464 958 5505 non
990 5451 1267 5520 premitur,
1314 5453 1409 5509 sed
1447 5454 1670 5511 levatur.
1711 5457 1916 5514 Divitia

331 5533 373 5612 si
405 5537 716 5625 diliguntur,
748 5540 819 5596 ibi
867 5553 1147 5600 serventur
1191 5544 1281 5600 ubi
1325 5546 1501 5617 perire
1525 5561 1632 5604 non
1671 5557 1912 5620 possunt.

394 5714 411 5747 ³
438 5722 503 5786 tta
528 5716 652 5780 apud
673 5723 784 5768 Lov.
806 5726 858 5770 et
877 5719 990 5786 aliqu
1042 5729 1062 5767 ι
1081 5727 1189 5772 Mss.
1211 5723 1330 5774 Atia
1347 5723 1458 5774 edd.
1476 5722 1586 5774 Bad.
1613 5728 1666 5774 et
1694 5721 1812 5773 ιιι-,ι

394 5789 426 5833 Γ,
449 5777 580 5833 timid
598 5778 857 5833 videbitur.
883 5783 959 5831 cui
983 5733 1178 5833 l‘énioni
1204 5792 1311 5833 octo
1335 5795 1438 5833 Mss.
1458 5785 1802 5833 sum-mam.

330 5784 426 5852 Eur,
598 5778 857 5852 videbitur,
883 5777 1179 5852 cui'lﬁ-jtioni
1199 5792 1311 5852 pcto
1335 5795 1438 5838 Mss.
1458 5785 1802 5852 suﬁagantll‘.

329 5838 528 5890 demum
549 5848 654 5892 Mss.
676 5838 874 5906 habent,
898 5845 1026 5908 quod
1039 5845 1307 5909 iubebitur.
1471 5838 1477 5839 ⁷
1532 5863 1534 5866 ·
1605 5838 1638 5852 ⁷
1691 5861 1702 5868 ·

1537 384 2014 456 εριετοιιιιιιιιι
2053 384 2324 470 ςιΑδβιδ
2353 379 2440 460 ni.

2039 501 2221 556 Honor
2263 501 2306 556 si
2334 499 2586 578 diligitur,
2639 499 2745 556 illic
2775 499 3034 556 habeatur
3057 499 3146 573 ubi
3174 492 3332 572 nemo
3372 483 3617 576 indignus

2037 583 2353 674 honoratur.
2383 593 2539 650 Salus
2573 593 2617 648 si
2639 579 2919 664 diligitur,
2948 585 3020 649 ibi
3046 582 3388 674 adipiscenda
3411 582 3620 651 deside-

2037 671 2186 741 retur
2215 685 2301 742 ubi
2332 689 2535 762 adepta:
2563 677 2692 742 nihil
2724 681 2956 743 timetur.
3003 676 3145 762 Vita!
3173 671 3221 744 Si
3265 685 3519 761 diligitur,
3544 679 3619 745 ibi

2036 773 2334 851 acquiratur
2362 779 2446 836 ubi
2477 783 2616 854 nulla
2647 788 2820 836 morte
2851 767 3060 836 ﬁnitur.
3108 767 3116 779 ’
3202 766 3211 778 ’
3393 779 3396 782 Α

2108 871 2161 926 6.
2195 859 2603 943 lteddiie'ig'itur
2628 859 2769 944 quod
2795 871 3036 939 vovistis,
3064 872 3187 943 quia
3212 886 3309 928 vos
3337 871 3436 945 ipsi
3463 871 3615 942 estis,

2034 971 2087 1048 et
2193 980 2286 1020 vos
2325 945 2542 1022 redditis
2585 981 2613 1019 a
2642 951 2746 1036 quo
2769 965 2933 1032 estis;
2965 966 3190 1034 reddite,
3232 951 3475 1021 obsecro.
3508 964 3616 1026 Ne-

2036 1042 2301 1126 q'ue'enin'i
2333 1057 2472 1128 quod
2511 1057 2752 1124 redditis,
2786 1058 3056 1128 reddendo
3081 1056 3368 1126 minuetur,
3395 1057 3488 1114 sed
3519 1045 3616 1129 po-

2043 1135 2146 1203 tius
2172 1139 2466 1212 servabitur
2501 1156 2555 1204 et
2588 1148 2861 1219 augebitnr
2890 1166 2902 1202 :
2948 1147 3207 1224 benignus
3234 1150 3376 1206 enim
3403 1157 3619 1204 exactor

2036 1223 2136 1304 est,
2165 1253 2268 1293 non
2305 1225 2535 1308 egenus;
2566 1249 2619 1294 et
2639 1229 2733 1310 qui
2774 1255 2877 1293 non
2909 1223 3113 1294 crescat
3146 1255 3210 1296 ex
3240 1225 3481 1304 redditis,
3523 1241 3616 1294 sed

2037 1328 2090 1383 in
2119 1344 2176 1384 se
2202 1329 2444 1396 crescere
2470 1319 2625 1392 faciat
2669 1331 2982 1386 redditores.
3000 1315 3142 1385 Huic
3165 1319 3290 1404 ergo
3326 1330 3467 1402 quod
3513 1347 3618 1385 non

2036 1421 2294 1488 redditur,
2342 1421 2582 1493 perditur
2630 1439 2643 1476 :
2697 1419 2837 1494 quod
2880 1433 3054 1476 autem
3085 1407 3340 1488 redditur,
3379 1422 3618 1478 reddenti

2034 1501 2278 1577 additur;
2313 1503 2418 1566 imo
2441 1528 2566 1586 vero
2595 1513 2646 1566 in
2688 1501 2753 1568 eo
2795 1513 2880 1568 cui
2925 1499 3182 1580 redditur,
3237 1513 3351 1583 ipse
3388 1512 3620 1567 reddcn's

2035 1614 2295 1659 servatur.
2343 1587 2571 1682 idipsum
2615 1605 2809 1678 quippe
2851 1604 2950 1659 erit
2977 1589 3238 1658 redditum
3269 1612 3322 1660 et
3360 1603 3616 1668 redditor,

2035 1696 2154 1770 quia
2184 1697 2408 1767 idipsum
2439 1705 2554 1752 erat
2596 1697 2832 1752 debitum
2878 1705 2934 1751 et
2974 1695 3204 1750 debitor.
3257 1697 3366 1751 Deo
3393 1710 3620 1766 namque

2033 1789 2265 1866 seipsum
2292 1788 2450 1843 debet
2477 1790 2664 1853 homo,
2711 1789 2864 1860 eique
2897 1771 3197 1843 reddendus
3239 1795 3320 1842 est
3350 1795 3406 1841 ut
3433 1787 3619 1841 beatus

2033 1881 2121 1945 sit,
2153 1895 2182 1934 a
2211 1897 2316 1952 quo
2341 1882 2542 1951 accepit
2564 1889 2620 1935 nt
2645 1882 2732 1936 sit.
2765 1882 2874 1936 lloc
2905 1881 3171 1960 signiﬁcat
3196 1880 3337 1952 quod
3364 1881 3418 1936 in
3447 1879 3621 1960 Evan-

2032 1970 2172 2042 gelio
2204 1973 2454 2027 Dominus
2474 1974 2548 2028 ait
2587 1991 2600 2027 :
2631 1963 2847 2028 Reddite
2878 1969 3066 2030 Ctésari
3099 1989 3210 2046 qua:
3241 1959 3454 2030 Caesaris
3478 1982 3616 2040 sunt,

2031 2072 2078 2116 et
2105 2062 2209 2117 Deo
2229 2079 2342 2133 qua:
2365 2061 2460 2117 Dei
2489 2073 2602 2117 sunt
2676 2063 2858 2118 Matth.
2884 2080 3013 2129 χχιι,
3042 2063 3105 2120 21
3209 2063 3319 2148 Hoc
3354 2064 3496 2119 enim

2032 2156 2129 2221 xit,
2157 2171 2278 2210 cum
2316 2156 2414 2218 sibi
2443 2157 2808 2212 demonstrato
2839 2149 3080 2225 nunnno,
3126 2165 3178 2211 et
3213 2141 3443 2230 ’ίιιιιιξείιο
3468 2141 3619 2228 cujus

2030 2243 2252 2301 haberet
2277 2231 2582 2315 imaginem,
2613 2262 2925 2322 responsum
2950 2231 3110 2311 esset,
3141 2247 3395 2314 Caisaris;
3419 2258 3472 2301 ut
3493 2247 3619 2324 hinc

2031 2335 2409 2409 intelligerent,
2459 2340 2602 2411 quod
2649 2340 2787 2396 Deus
2828 2323 3156 2414 exigeret'ab
3185 2339 3401 2395 homine
3429 2323 3617 2410 imagi-

2031 2437 2153 2507 nem
2181 2447 2328 2486 suam
2359 2433 2410 2487 in
2445 2433 2659 2507 homine
2683 2434 2819 2506 ipso,
2845 2435 2981 2490 sicut
3006 2419 3183 2488 Ctesar
3207 2449 3353 2488 suam
3373 2431 3617 2502 exigebat

2031 2519 2086 2575 in
2109 2503 2346 2577 nummo.
2370 2503 2777 2594 Quanto'magis
2798 2539 2925 2596 ergo
2951 2513 3216 2578 reddenda
3245 2532 3327 2579 est
3354 2538 3472 2578 cum
3493 2539 3620 2600 pro-

2031 2613 2275 2681 mittitur,
2309 2616 2390 2670 cui
2423 2616 2583 2671 etiam
2614 2632 2719 2670 non
2751 2601 3013 2686 promissa
3044 2613 3298 2670 debetur!
3441 2599 3444 2602 ﬁ
3496 2599 3501 2600 ί
3597 2605 3600 2608 ’

2099 2707 2152 2763 7.
2175 2707 2528 2780 Quapropter,
2556 2709 2883 2774 charissime,
2907 2687 3354 2780 possem'quidem
3379 2723 3474 2779 pro
3500 2723 3617 2764 mea

2031 2802 2507 2874 quantulacumque
2571 2802 2916 2867 faeiiltatula,
2961 2789 3126 2858 sancti
3181 2801 3432 2874 propositi
3475 2799 3614 2872 quod

2033 2895 2142 2950 Deo
2170 2897 2376 2952 vovisse
2403 2911 2498 2950 vos
2525 2896 2780 2966 comperi,
2803 2895 3017 2951 uberius
3043 2895 3261 2951 laudare
3285 2885 3530 2966 lructnm,
3549 2911 3612 2948 ac

2031 2985 2400 3042 demonstrare
2443 2988 2567 3068 quid
2594 2963 2936 3044 distetrinter
2979 2963 3306 3042 christianos!
3327 2973 3615 3068 dilectores

2033 3078 2209 3132 mundi
2229 3077 2407 3148 hujus,
2434 3087 2487 3134 et
2504 3087 2920 3149 contemptores,
2943 3079 3183 3148 quamvis
3205 3075 3384 3132 ﬁdeles
3405 3077 3616 3148 utrique

2029 3165 2290 3226 dicantur.
2341 3171 2541 3228 Eodem
2573 3155 2782 3246 utrique
2811 3171 3022 3228 lavacro
3066 3159 3199 3227 sacri
3247 3170 3404 3225 fontis
3451 3170 3612 3225 abluti

2030 3270 2175 3327 Sunt,
2204 3263 2402 3318 eisdem
2443 3261 2628 3338 imbuti
2656 3251 3054 3334 consecratique
3081 3263 3343 3336 mysteriis
3363 3304 3378 3329 ,
3407 3261 3615 3338 utrique

2027 3349 2268 3422 ejusdem
2294 3337 2556 3424 Evangelii
2585 3370 2688 3408 non
2710 3354 2976 3410 auditores
3000 3363 3224 3421 tantum,
3249 3370 3431 3408 verum
3454 3345 3613 3408 etiam

2031 3445 2438 3515 prmdicatores;
2471 3462 2568 3502 nec
2599 3447 2808 3517 utrique
2837 3456 3013 3501 tamen
3058 3446 3209 3517 regni
3239 3446 3331 3500 Dei
3377 3433 3614 3518 lucisque

2033 3535 2332 3606 participes,
2363 3548 2415 3592 et
2435 3537 2558 3592 vita:
2583 3548 2817 3603 aeternae,
2847 3555 2965 3608 qua:
2995 3538 3109 3593 sola
3141 3546 3222 3592 est
3243 3538 3417 3602 beata,
3444 3537 3616 3593 colue-

2031 3629 2205 3685 redes.
2251 3629 2505 3684 Dominus
2540 3631 2680 3686 enim
2723 3630 2879 3686 Jesus
2907 3646 3011 3685 non
3036 3629 3103 3684 ab
3142 3629 3218 3684 eis
3245 3629 3331 3699 qui
3365 3645 3470 3683 non
3519 3645 3615 3684 au-

2029 3722 2179 3777 diunt
2204 3764 2218 3787 ,
2246 3722 2339 3777 sed
2369 3738 2460 3778 eos
2487 3723 2624 3778 inter
2649 3710 2707 3779 Se
2734 3722 3011 3779 auditores
3035 3723 3318 3778 verborum
3364 3709 3610 3788 suorum,

2031 3815 2295 3869 latissimo
2316 3816 2506 3880 limite,
2531 3832 2636 3871 non
2663 3817 2803 3871 tenui
2835 3817 3172 3872 diSIinctione
3192 3815 3444 3871 discrevit
3475 3834 3486 3869 :
3516 3815 3614 3882 Qui

2030 3906 2192 3970 audit,
2226 3905 2412 3976 inquit,
2441 3906 2587 3961 verba
2605 3925 2713 3962 mea
2735 3907 2840 3961 [nec
2865 3950 2880 3976 ,
2909 3917 2953 3961 et
2981 3909 3103 3979 facit
3125 3924 3182 3960 ea
3206 3949 3220 3973 ,
3243 3905 3473 3964 similabo
3501 3925 3612 3962 eum

2029 3997 2136 4049 viro
2164 3997 2393 4068 prudenti
2407 3998 2495 4067 qui
2515 3999 2783 4063 a’di/icavit
2806 3999 3008 4052 domum
3034 4015 3178 4052 suam
3202 4015 3357 4072 supra
3379 4009 3608 4070 petram:

2026 4079 2284 4142 descendit
2325 4088 2496 4160 pluvia
2516 4130 2529 4153 ,
2553 4098 2790 4145 venerunt
2819 4090 3035 4162 ﬂumina
3059 4130 3076 4157 ,
3103 4091 3348 4161 ﬂaverant
3376 4091 3534 4155 venti,
3566 4101 3612 4145 et

2027 4179 2418 4250 impegeruntin
2451 4179 2654 4234 domum
2701 4179 2862 4248 illam,
2913 4189 2958 4235 et
2986 4197 3084 4234 non
3141 4181 3352 4248 cecidit;
3398 4183 3612 4254 fundata

2028 4272 2159 4324 enim
2175 4281 2279 4324 erat
2293 4288 2447 4342 supra
2460 4272 2781 4341 petram.Qui
2799 4281 2962 4326 autem
2972 4271 3111 4326 audit
3125 4269 3272 4327 verba
3292 4291 3401 4328 mea
3421 4275 3545 4340 haec,
3564 4288 3610 4352 et

2029 4378 2128 4415 non
2153 4362 2276 4434 facit
2299 4379 2387 4428 ea,
2416 4362 2646 4417 similabo
2676 4379 2786 4417 eum
2807 4363 2911 4417 viro
2932 4363 3084 4417 stulto
3109 4363 3195 4433 qui
3226 4365 3490 4434 ardiﬁcavit
3520 4367 3611 4420 do-

2028 4468 2164 4506 mum
2192 4469 2334 4506 suam
2364 4469 2515 4536 super
2554 4469 2758 4508 arenam
2788 4468 2808 4508 .°
2851 4453 3102 4526 descendit
3140 4453 3308 4524 pluvia
3331 4497 3343 4519 ,
3375 4467 3610 4511 venerunt

2026 4545 2240 4615 ﬂumina
2259 4585 2274 4611 ,
2298 4546 2546 4616 ﬂaverant
2565 4546 2724 4614 venti,
2753 4555 2799 4612 et
2823 4547 3201 4619 iMpegeruntiu
3221 4547 3424 4603 domum
3446 4549 3605 4617 illam,

2024 4645 2073 4689 et
2092 4636 2287 4702 cecidit,
2323 4646 2369 4691 et
2405 4641 2543 4709 facta
2561 4647 2636 4692 est
2654 4638 2801 4692 ruina
2822 4638 2928 4709 ejus
2956 4655 3139 4709 magna
3162 4637 3272 4712 (Id.
3295 4656 3385 4706 vn,
3413 4639 3605 4706 2i-27,

2024 4736 2070 4780 et
2118 4727 2244 4783 Luc.
2269 4744 2341 4793 vr,
2365 4729 2460 4784 47-
2481 4726 2594 4802 49).
2629 4725 2825 4784 Audire
2845 4745 2977 4801 ergo
3004 4729 3094 4784 illa
3119 4731 3277 4786 verba
3301 4772 3312 4794 ,
3342 4732 3608 4788 :edilicarc

2023 4829 2138 4889 est;
2174 4821 2224 4875 in
2247 4821 2349 4876 hoc
2376 4822 2584 4891 utrique
2609 4836 2768 4896 pares
2786 4831 2912 4882 sunt
2945 4840 2958 4876 :
2986 4823 3040 4880 in
3063 4823 3308 4880 faciendo
3331 4832 3530 4886 autem,
3552 4833 3609 4880 et
3636 4805 3648 4848 ί

2025 4928 2132 4972 non
2164 4911 2406 4968 faciendo
2449 4911 2589 4981 quod
2619 4912 2877 4978 audiunt,
2911 4922 3114 4974 tantum
3153 4914 3413 4985 dispares,
3439 4930 3607 4984 quau-

2025 5014 2136 5060 tum
2164 5003 2444 5068 aedilicium
2469 5014 2636 5075 pett-'1‘
2667 5006 2935 5066 soliditate
2954 5005 3227 5062 fundatum
3253 5007 3434 5077 dispar
3456 5017 3538 5063 est
3557 5009 3608 5064 ei

2022 5098 2161 5170 quod
2183 5097 2299 5160 sine
2319 5097 2425 5158 ullo
2444 5097 2790 5157 fundamento
2814 5096 2955 5158 facili
2979 5114 3156 5155 arena:
3171 5099 3464 5157 mobilitate
3481 5101 3610 5157 sub-

2024 5190 2266 5246 vertitur.
2297 5187 2406 5245 Nec
2431 5188 2552 5250 ideo
2577 5189 2817 5259 quisquis
2842 5191 3062 5246 omnino
3087 5205 3195 5247 non
3226 5191 3372 5247 audit
3397 5233 3410 5257 ,
3446 5193 3607 5248 tutius

2023 5283 2125 5339 sibi
2151 5281 2683 5354 aliquid.comparat:
2711 5282 2843 5340 nihil
2867 5284 3009 5340 enim
3033 5283 3324 5356 mdiﬁcans,
3355 5285 3472 5340 sine
3495 5285 3606 5341 ullo

2025 5386 2166 5432 tecto
2190 5377 2361 5432 multo
2384 5375 2592 5436 facilius
2616 5375 2920 5436 obruendus
2938 5417 2953 5440 .
2984 5375 3292 5446 rapiendas,
3321 5384 3378 5433 et
3401 5376 3608 5448 disperi-

2022 5470 2226 5541 gendus
2254 5469 2533 5535 imbribus,
2564 5469 2736 5525 ﬂuviis
2760 5469 3039 5540 ventisque
3064 5468 3309 5548 donatur.

2097 5561 2150 5616 8.
2197 5561 2417 5616 Possem
2455 5559 2614 5616 etiam
2663 5576 2759 5631 pro
2797 5561 3012 5616 modulo
3042 5575 3160 5634 meo
3200 5560 3417 5636 eosdem
3464 5561 3606 5634 ipsos

2025 5655 2357 5728 pertinentes
2383 5654 2448 5710 ad
2477 5654 2746 5724 dexteram
2777 5670 3100 5731 regnumque
3123 5654 3378 5726 caelorum
3408 5655 3463 5710 in
3493 5655 3606 5722 suis

2024 5733 2277 5822 gradibus
2299 5748 2609 5818 meritisque
2627 5746 2954 5818 distinguere
2977 5789 2992 5815 ,
3014 5757 3173 5818 atque
3196 5749 3480 5803 ostendere
3504 5763 3610 5818 quo

2027 5837 2240 5898 dil'erat
2283 5840 2390 5896 vita
2431 5839 2722 5910 coniugalis
2771 5839 2908 5894 ﬁlios
2954 5842 3339 5924 procreandum
3391 5849 3606 5920 patrum
