4122 6350
490 445 596 508 4'87

492 574 829 638 matrumque
849 561 1092 628 familias,
1111 571 1480 619 verumtamen
1496 557 1863 628 religiosorum
1882 572 1943 612 ac
1962 556 2070 628 pio-

495 673 632 722 rum,
662 657 729 712 ab
765 672 825 711 ea
854 656 959 710 vita
988 657 1004 687 ⁸
1035 670 1192 725 quam
1221 669 1316 708 vos
1344 653 1451 707 Deo
1479 651 1694 706 vovistis
1719 692 1733 717 ,
1762 651 1804 705 si
1833 665 1973 705 nunc
2001 648 2069 705 ad

494 764 615 804 eam
639 747 930 804 vovendam
956 746 1318 802 exhortandus
1347 759 1526 807 esses;
1567 742 1660 798 sed
1689 743 1808 813 quia
1831 743 1940 812 jam
1967 757 2064 799 vo-

492 838 614 894 visti
645 880 660 903 ,
687 838 795 909 jam
824 847 875 892 te
894 836 1220 894 obstrinxisti
1244 877 1260 901 ,
1286 835 1427 890 aliud
1469 833 1574 889 tibi
1589 833 1762 889 facere
1788 849 1894 888 non
1924 835 2065 889 licet.

494 931 810 1002 Priusquam
838 945 987 986 esses
1008 929 1115 983 voti
1138 944 1278 991 reus,
1311 928 1536 983 liberum
1561 926 1658 981 fuit
1683 942 1786 996 quo
1808 941 1957 982 esses
1984 927 2068 980 iu-

495 1021 693 1088 ferior;
725 1020 964 1091 quamvis
995 1036 1100 1074 non
1131 1020 1200 1074 sit
1224 1018 1534 1090 gratulanda
1560 1017 1777 1073 libertas
1805 1033 1907 1087 qua
1939 1015 2071 1092 ﬁtut

496 1129 601 1168 non
634 1111 888 1167 debeatur
916 1111 1058 1180 quod
1102 1125 1223 1166 cum
1253 1111 1400 1165 lucro
1438 1109 1695 1164 redditur.
1743 1108 1893 1163 Nunc
1941 1121 2070 1162 vero

494 1203 618 1274 quia
650 1211 858 1257 tenetur
885 1201 1023 1271 apud
1052 1201 1220 1256 Deum
1249 1200 1464 1271 Spousio
1501 1207 1587 1254 tua
1618 1239 1632 1266 ,
1663 1213 1768 1253 non
1793 1206 1843 1253 te
1863 1197 1930 1252 ad
1958 1213 2071 1252 ma-

495 1311 648 1368 gnam
672 1295 930 1365 justitiam
976 1294 1157 1360 invito,
1193 1293 1287 1349 sed
1315 1308 1344 1346 a
1385 1307 1572 1363 magna
1597 1290 1872 1361 iniquitate
1897 1293 2072 1345 deter-

494 1403 605 1442 reo.
637 1387 750 1442 Nou
777 1387 918 1442 enim
949 1387 1067 1441 talis
1104 1385 1229 1450 eris,
1259 1384 1304 1439 si
1334 1400 1438 1438 non
1468 1383 1658 1439 ieceris
1685 1381 1827 1453 quod
1855 1380 2066 1447 vovisti,

491 1479 660 1550 qualis
697 1479 986 1534 mansisses
1010 1519 1025 1546 ,
1071 1477 1117 1532 si
1157 1477 1287 1531 nihil
1319 1476 1420 1530 tale
1448 1474 1703 1529 vovisses.
1731 1473 1900 1528 Minor
1926 1471 2069 1526 enim

496 1580 620 1625 tunc
649 1585 815 1638 esses,
835 1585 939 1624 non
965 1569 1113 1638 pejor
1139 1587 1151 1622 :
1176 1567 1333 1622 modo
1358 1575 1531 1622 autem
1555 1574 1722 1631 tanto,
1747 1563 1886 1634 quod
1909 1563 2066 1630 absit,

492 1661 752 1725 miserior,
777 1660 820 1715 si
839 1659 992 1714 ﬁdem
1015 1660 1123 1714 Deo
1148 1657 1390 1728 fregeris,
1411 1666 1607 1726 quanto
1626 1654 1849 1719 beatior,
1878 1653 1921 1708 si
1946 1669 2070 1725 per-

491 1750 734 1806 solveris.
766 1751 873 1806 Nec
898 1743 1020 1806 ideo
1049 1759 1098 1806 te
1115 1749 1323 1804 vovisse
1345 1748 1620 1819 pmniteat,
1646 1747 1754 1800 imo
1771 1745 1942 1817 gaude
1957 1745 2068 1816 jam

494 1841 588 1896 tibi
616 1857 722 1896 non
769 1842 928 1896 licere
970 1839 1111 1911 quod
1153 1856 1273 1896 cum
1315 1849 1404 1894 tuo
1447 1838 1764 1894 detrimento
1813 1837 2067 1893 licuisset.

491 1933 798 2004 Aggredere
843 1934 1018 2005 itaque
1058 1931 1373 2003 intrepidus,
1415 1940 1469 1986 et
1506 1930 1647 1995 dicta
1675 1929 1835 2000 imple
1880 1928 2067 1994 lactis;

492 2025 604 2096 ipse
628 2025 914 2096 adjuvabit,
961 2025 1051 2095 qui
1077 2035 1198 2079 vota
1229 2033 1315 2078 tua
1353 2024 1569 2095 expetit.
1598 2022 1749 2078 Felix
1775 2031 1856 2077 est
1881 2036 2070 2077 neces-

491 2117 620 2172 sitas
647 2133 765 2187 quaa
792 2119 843 2171 in
874 2117 1094 2172 meliora
1120 2115 1405 2187 compellit.

564 2208 619 2263 9.
649 2207 764 2264 Una
791 2208 903 2262 sola
927 2223 1044 2264 esse
1073 2223 1231 2262 causa
1271 2214 1448 2278 posset
1474 2245 1490 2273 ,
1522 2221 1625 2277 qua
1653 2214 1704 2260 te
1730 2204 1782 2260 id
1811 2204 1952 2276 quod
1981 2220 2074 2259 vo-

495 2300 641 2366 visti,
666 2313 769 2355 non
796 2299 968 2354 solum
999 2315 1108 2354 non
1133 2298 1470 2354 hortaremur
1492 2339 1508 2366 ,
1536 2314 1717 2353 verum
1747 2299 1909 2353 etiam
1953 2313 2075 2367 pro-

497 2391 806 2448 biberemus
851 2391 1071 2461 implere
1093 2431 1107 2452 .
1155 2391 1198 2445 si
1230 2392 1363 2446 forte
1392 2399 1480 2445 tua
1528 2388 1722 2458 conjux
1751 2389 1851 2443 hoc
1899 2397 2074 2442 tecum

502 2483 771 2553 suscipere
799 2482 962 2537 animi
989 2497 1085 2538 seu
1111 2481 1607 2536 carnisinﬁrmitate
1634 2488 1922 2534 recusaret.
1941 2477 2074 2533 Nam

499 2584 550 2632 et
579 2576 818 2632 vovenda
845 2576 968 2631 talia
1007 2590 1113 2630 non
1158 2583 1282 2630 sunt
1306 2591 1336 2630 a
1362 2574 1674 2645 conjugatis,
1716 2573 1815 2627 nisi
1860 2588 1925 2628 ex
1950 2588 2078 2627 con-

497 2685 662 2726 sensu
703 2678 757 2726 et
799 2670 1071 2727 voluntate
1113 2668 1380 2725 communi
1422 2678 1522 2724 :et
1551 2667 1594 2722 si
1621 2682 1956 2738 przepropere
2001 2665 2078 2721 l'a-

498 2774 644 2820 etum
690 2763 888 2831 fuerit,
919 2763 1085 2834 magis
1130 2772 1213 2818 est
1254 2759 1564 2831 corrigenda
1612 2759 1882 2814 temeritas
1917 2772 2083 2828 quam.

501 2854 850 2927 persolvendo
879 2853 1180 2926 promissio.
1225 2852 1408 2923 Neque
1447 2851 1588 2906 enim
1623 2851 1762 2906 Deus
1805 2849 2001 2920 exigit,
2033 2848 2080 2904 si

499 2947 619 3019 quis
656 2962 722 3003 ex
757 2947 934 3002 alieno
979 2945 1174 3016 aliquid
1212 2945 1417 3000 voverit
1440 2986 1454 3011 ,
1486 2943 1579 2999 sed
1621 2943 1797 3013 potius
1823 2956 2081 3012 usurpare

501 3048 644 3094 vetat
678 3039 928 3094 alienum.
972 3037 1158 3092 Divina
1207 3037 1400 3108 quippe
1437 3033 1504 3091 de
1549 3034 1650 3090 hac
1694 3049 1750 3090 re
1798 3047 1892 3104 per
1938 3035 2082 3103 Apo-

502 3132 698 3188 stolum
741 3139 822 3186 est
865 3130 1069 3200 prolata
1117 3129 1402 3196 sententia,
1438 3145 1451 3182 :
1505 3125 1647 3182 Uxor
1681 3142 1782 3180 non
1825 3124 1970 3180 habet
1992 3142 2084 3196 ρο-

503 3233 727 3278 testatem
747 3223 971 3294 corporis
994 3221 1091 3288 sui,
1126 3221 1214 3276 sed
1238 3221 1341 3287 vir;
1372 3220 1599 3276 similiter
1627 3228 1673 3275 et
1701 3219 1774 3274 vir
1803 3235 1902 3273 non
1936 3218 2085 3273 habet

505 3325 795 3388 potestatem
832 3316 1056 3386 corporis
1087 3315 1209 3381 sui,
1244 3314 1331 3370 sed
1367 3314 1546 3368 mulier
1586 3329 1605 3368 :
1640 3327 1828 3368 sexum
1870 3312 2085 3369 nomine

505 3409 745 3478 corporis
771 3407 1109 3478 nuncupavit.
1140 3406 1246 3465 Sed
1271 3423 1390 3464 cum
1408 3407 1550 3464 illam
1569 3415 1676 3464 tam
1703 3415 1941 3478 paratam
1965 3420 2086 3462 esse

506 3501 716 3558 audiam
746 3500 854 3556 Deo
881 3501 1057 3557 dicare
1077 3502 1476 3567 continentiam,
1511 3510 1570 3556 ut
1595 3516 1660 3556 eo
1687 3500 1803 3556 solo
1829 3499 2085 3570 impedia-

508 3604 614 3660 tur,
655 3595 700 3649 si
732 3595 822 3649 tibi
852 3593 1090 3649 debitum
1129 3593 1354 3648 reddere
1378 3592 1640 3662 conjugali
1663 3591 1784 3662 jure
1811 3589 2087 3662 compelli-

511 3696 629 3752 tur;
661 3688 818 3742 ambo
859 3688 972 3742 Deo
1000 3685 1204 3742 reddite
1237 3687 1378 3757 quod
1415 3685 1573 3741 ambo
1608 3686 1827 3741 vovistis
1851 3727 1867 3753 ,
1911 3693 1970 3740 ut
2009 3683 2087 3739 illi

517 3779 855 3850 persolvatur
885 3776 1028 3848 quod
1055 3777 1121 3832 ab
1149 3777 1404 3832 alterutro
1434 3792 1542 3832 non
1579 3777 1806 3848 exigitis.
1834 3775 1888 3832 Si
1914 3775 2086 3832 conti-

520 3868 699 3922 neutia
725 3867 893 3922 virtus
923 3877 1026 3935 est,
1053 3866 1204 3922 sicuti
1225 3875 1326 3932 est,
1353 3881 1450 3922 cur
1474 3866 1540 3921 ad
1559 3882 1675 3922 eam
1699 3867 1770 3920 sit
1795 3867 2090 3936 promptior

506 3973 666 4014 sexus
691 3957 967 4026 inﬁrmior,
994 3973 1113 4013 cum
1138 3957 1303 4012 virtus
1327 3972 1357 4010 a
1383 3959 1495 4011 viro
1522 3957 1697 4028 potius
1720 3957 2089 4026 cognominata

514 4050 776 4117 videatur,
806 4049 944 4106 sicut
971 4044 1258 4104 similitudo
1284 4049 1524 4103 vocabuli
1549 4056 1762 4102 resonat
1779 4048 1802 4102 ?
1819 4047 1937 4102 Noli
1962 4061 2090 4119 ergo

510 4141 592 4196 vir
615 4139 905 4196 abhorrere
925 4155 954 4194 a
994 4141 1184 4194 virtute
1211 4154 1369 4209 quam
1396 4139 1585 4194 mulier
1606 4149 1688 4194 est
1717 4148 1898 4209 parata
1920 4138 2090 4194 susci-

513 4249 662 4304 pere.
684 4232 764 4288 Sit
787 4241 963 4288 vester
987 4246 1284 4287 consensus
1304 4231 1501 4287 oblatio
1523 4231 1589 4286 ad
1615 4247 1901 4302 supernum
1925 4231 2092 4287 altare

514 4325 806 4391 Creatoris,
825 4334 879 4379 et
900 4325 1035 4382 victa
1053 4325 1478 4396 concupiscentia
1496 4365 1511 4390 ,
1526 4333 1673 4382 tanto
1688 4324 1874 4380 fortius
1894 4333 2091 4395 quanto

527 4417 765 4472 sanctius
793 4417 1060 4472 vinculum
1091 4417 1384 4472 charitatis.
1415 4418 1749 4474 Gaudeamus
1768 4419 1834 4474 de
1859 4418 2008 4474 vobis
2037 4419 2090 4473 in

520 4506 810 4562 abundanti
834 4507 1000 4579 gratia
1017 4507 1233 4574 Christi,
1258 4508 1461 4562 domini
1483 4509 1662 4564 eximii
1679 4510 1975 4582 meritoque
1997 4510 2094 4566 ho-

521 4598 786 4654 norabiles
813 4610 866 4657 et
893 4599 1274 4656 desiderabiles
1307 4599 1420 4656 ﬁlii.

894 4713 1223 4772 EPISTOLA
1261 4715 1522 4773 CXXVIII
1561 4722 1581 4742 ⁴⁵
1609 4717 1708 4793 (a).

519 4825 808 4882 Marcellini
831 4828 991 4883 edicto
1015 4829 1299 4885 collationis
1322 4829 1461 4903 apud
1475 4829 1828 4904 Carthaginem
1854 4832 2095 4890 habenda:

584 4922 901 4977 conditiones
930 4923 1269 4994 prtescribenti
1293 4926 1571 4980 consentire
1590 4943 1643 4980 se
1667 4927 1964 4996 proﬁtentur
1989 4927 2097 4998 epi-

593 5013 734 5084 scopi
753 5012 1021 5080 catholici;
1045 5012 1102 5067 id
1129 5015 1280 5068 etiam
1297 5015 1429 5069 ultro
1455 5016 1764 5086 pollicentes,
1788 5033 1886 5071 non
1917 5026 2093 5088 postu-

587 5105 784 5160 latnros
815 5113 872 5159 ut
910 5104 1005 5159 sibi
1042 5113 1264 5161 servetur
1299 5106 1614 5179 episcopatus
1656 5107 1700 5162 si
1743 5107 1859 5162 victi
1885 5107 2089 5176 fuerint,

586 5211 700 5250 cum
725 5205 892 5250 tamen
911 5196 1064 5252 uelint
1082 5197 1374 5268 dignitatem
1398 5197 1660 5254 donatistis
1685 5198 1930 5270 episcopis
1945 5201 2092 5254 etiam

582 5286 723 5340 victis
750 5303 892 5342 suam
915 5288 1093 5360 cuique
1114 5288 1361 5361 integram
1377 5305 1596 5344 manere.

517 5377 826 5437 Honorabili
847 5395 909 5437 ac
933 5380 1280 5438 dilectissimo
1301 5382 1426 5449 ﬁlio,
1449 5383 1566 5438 viro
1583 5381 1879 5439 clarissimo
1901 5391 1955 5438 et
1974 5398 2094 5455 spe-

578 5535 595 5568 ί
622 5533 733 5584 Bad.
764 5540 860 5583 Am.
882 5540 958 5584 Er.
980 5540 1034 5586 et
1052 5541 1160 5585 Mss.
1180 5540 1404 5598 quatuor,
1425 5547 1457 5584 a
1474 5533 1609 5586 beata
1630 5533 1742 5586 vita.

577 5617 594 5635 '
615 5618 780 5674 Epistt.
803 5624 1005 5669 cxxvnt
1045 5627 1096 5671 et
1116 5626 1287 5669 CXXIX
1309 5619 1403 5668 huc
1426 5621 1666 5670 translatae
1703 5626 1817 5671 sunt
1858 5632 1924 5672 ex
1969 5622 2095 5674 Actis

510 5678 778 5746 collationis
797 5681 1213 5746 Carthaginensis:
1238 5681 1334 5732 nisi
1369 5681 1498 5746 quod
1528 5683 1658 5746 prior
1693 5690 1853 5734 exstat
1875 5683 2022 5734 etiam
2043 5685 2094 5736 in

512 5741 638 5792 libro
659 5741 725 5792 de
745 5744 904 5794 Gestis
918 5741 1029 5794 cu'm
1045 5745 1268 5796 Emerita.

573 5827 852 5940 goodscita
872 5838 935 5876 ex
958 5835 1090 5878 Tom.
1117 5830 1166 5890 7,
1186 5842 1235 5896 ι).
1259 5829 1279 5879 l
1304 5841 1446 5895 εφη
1483 5835 1648 5881 autem
1688 5829 1778 5882 128
1811 5837 1934 5894 erat,
1967 5845 2098 5887 nunc

513 5887 565 5948 Il
607 5925 619 5942 .
643 5897 819 5958 sortita
835 5901 912 5942 an.
933 5890 1040 5944 411.

1702 439 1762 497 s.
1802 387 2169 496 AUGUSTINI
2208 385 2510 491 EPISCOPI

3652 429 3760 490 488

2247 547 2423 606 ctabili
2454 546 2667 621 tribuno
2695 555 2750 604 et
2775 549 2981 604 notario
3004 591 3019 615 ,
3051 547 3398 605 MARCELLINO
3417 590 3432 616 ,
3464 546 3748 617 Arantius,

2248 641 2511 698 SILVANUS
2530 683 2545 708 ,
2571 649 2626 696 et
2654 643 2887 696 universi
2909 643 3141 712 episwpi
3167 644 3435 698 catholici.

2249 735 2300 790 l.
2339 735 2410 806 (η)
2444 734 2630 789 Edicto
2668 736 3076 806 Spectabilitatis
3103 748 3204 792 tum
3228 780 3242 802 ,
3284 752 3389 809 quo
3418 746 3614 794 nostra:
3641 739 3756 794 col-

2178 826 2388 882 lationis
2419 829 2779 899 tranquillitati
2816 829 3082 899 quietique
3122 831 3396 886 servanda:
3417 874 3432 897 ,
3464 841 3518 888 et
3545 834 3755 890 veritati

2176 917 2576 974 manifestandaa
2602 919 3005 992 munieiidieque
3033 921 3333 976 consultum
3359 930 3459 990 est,
3491 923 3540 976 in
3573 925 3750 978 omni-

2177 1011 2279 1068 bus
2304 1029 2402 1069 nos
2425 1015 2731 1070 consentire
2754 1058 2768 1083 ,
2797 1017 2932 1072 sicut
2960 1016 3249 1074 admonere
3279 1015 3524 1088 dignatus
3549 1033 3628 1084 es,
3662 1034 3758 1088 per

2180 1102 2278 1159 has
2304 1106 2506 1162 litteras
2535 1106 2873 1175 intimamus;
2919 1108 3020 1163 hoc
3043 1118 3125 1164 est
3148 1151 3163 1176 ,
3190 1108 3258 1165 de
3288 1109 3404 1164 loco
3428 1119 3482 1165 et
3519 1119 3758 1180 tempore

2177 1195 2344 1266 ipsius
2367 1197 2661 1254 collationis
2689 1239 2706 1266 ,
2733 1209 2786 1254 et
2810 1199 2878 1256 de
2901 1215 3124 1256 numero
3149 1216 3332 1256 eorum
3360 1216 3491 1271 quos
3517 1217 3756 1272 praesen-

2174 1296 2257 1358 tes
2299 1304 2418 1346 esse
2458 1290 2740 1361 oportebit.
2784 1289 3158 1349 Consentimus
3185 1293 3346 1347 etiam
3372 1303 3429 1348 ut
3469 1293 3523 1348 hi
3567 1294 3758 1364 quibus

2176 1380 2483 1437 conferendi
2509 1382 2815 1454 delegamus
2843 1385 3072 1439 ofﬁcium
3095 1427 3112 1453 ,
3139 1384 3475 1441 subscribant
3501 1401 3757 1456 prosecu-

2179 1472 2412 1529 tionibus
2438 1475 2548 1530 suis
2579 1492 2591 1528 :
2623 1475 2781 1545 inque
2815 1475 2905 1530 illo
2936 1475 3152 1545 scripto,
3183 1493 3288 1546 quo
3313 1477 3393 1532 eis
3429 1478 3528 1532 hoc
3561 1493 3759 1533 munus

2179 1562 2538 1634 imponimus,
2594 1575 2872 1636 ratumque
2917 1582 3015 1622 nos
3058 1566 3330 1622 habituros
3371 1567 3512 1638 quod
3555 1569 3761 1640 egerint

2177 1657 2507 1726 pollicemur,
2555 1659 2973 1728 subscriptiones
3001 1660 3235 1715 omnium
3265 1672 3502 1716 nostrum
3537 1677 3640 1716 non
3669 1676 3760 1718 so-

2176 1745 2282 1801 lum
2312 1747 2509 1804 habeas
2532 1749 2715 1815 factas,
2760 1765 2944 1805 verum
2973 1750 3132 1804 etiam
3157 1766 3279 1805 cum
3311 1753 3441 1804 ﬁunt
3467 1751 3582 1820 ipse
3626 1765 3756 1822 per-

2177 1838 2400 1908 spicias;
2434 1840 2753 1896 admonituri
2789 1857 3000 1912 quoque
3021 1883 3037 1910 ,
3068 1843 3292 1898 Domino
3319 1843 3624 1914 adjuvante,
3657 1862 3756 1916 po-

2181 1929 2360 1998 pulum
2396 1930 2742 1988 christianum
2763 1973 2779 2001 ,
2812 1943 2868 1988 ut
2899 1948 2929 1987 a
2958 1933 3255 1990 collationis
3281 1935 3420 2003 loco,
3471 1937 3664 2007 quietis
3704 1947 3761 1994 et

2178 2022 2568 2092 tranquillitatis
2591 2025 2778 2095 gratia,
2811 2041 2964 2080 suum
2983 2025 3248 2082 abstineat
3274 2027 3493 2083 omnino
3520 2043 3756 2084 conven-

2177 2120 2309 2180 tum,
2337 2125 2390 2171 et
2411 2130 2471 2170 ea
2499 2131 2619 2186 quae
2641 2126 2886 2187 aguntur,
2910 2132 3018 2172 non
3043 2133 3162 2172 cum
3191 2128 3438 2188 aguntur,
3469 2117 3654 2174 audire
3681 2118 3760 2175 le-

2180 2206 2361 2271 stinct,
2385 2206 2478 2262 sed
2498 2207 2796 2276 conscripta
2818 2217 3191 2279 utcognoscat,
3215 2219 3507 2280 exspectet,
3533 2209 3672 2267 sicut
3694 2226 3760 2265 ea

2183 2305 2234 2352 te
2265 2299 2590 2368 prolaturum
2619 2300 2865 2355 omnibus
2905 2301 3216 2371 promisisti.

2253 2391 2304 2443 2.
2334 2391 2427 2444 Illo
2455 2391 2612 2446 etiam
2635 2433 2652 2458 ,
2684 2392 2902 2447 veritate
2960 2393 3183 2460 conﬁsi,
3211 2407 3308 2449 nos
3333 2393 3544 2449 vinculo
3570 2393 3759 2450 condi-

2187 2482 2346 2536 tionis
2372 2483 2768 2554 obstringimus,
2798 2493 2854 2539 ut
2878 2484 2923 2539 si
2947 2484 3100 2540 nobis
3126 2485 3161 2538 ii
3187 2500 3307 2540 eum
3335 2486 3527 2556 quibus
3551 2487 3760 2558 agimus

2185 2572 2559 2629 demonstrare
2603 2576 2889 2645 potuerint,
2917 2591 3038 2631 cum
3069 2575 3358 2632 secundum
3383 2577 3475 2632 Dei
3501 2577 3762 2648 promissa

2184 2665 2364 2736 populi
2423 2666 2696 2721 christiani
2743 2682 3117 2738 usquequaque
3167 2668 3457 2724 crescendo
3491 2669 3602 2738 jam
3648 2684 3764 2724 ma-

2184 2775 2340 2830 gnam
2367 2771 2574 2841 partem
2602 2761 2746 2816 orbis
2773 2761 3089 2831 implerent,
3118 2769 3172 2817 et
3210 2761 3263 2816 in
3287 2771 3536 2817 crateram
3569 2761 3762 2817 dilata-

2187 2859 2373 2919 rentur
2410 2851 2729 2921 implendam
2755 2891 2770 2918 ,
2803 2853 2978 2907 subito
3002 2851 3292 2907 Ecclesiam
3321 2852 3514 2908 Christi
3538 2893 3553 2918 ,
3582 2851 3764 2908 nescio

2189 2958 2438 3013 quorum,
2463 2957 2595 3012 quos
2622 2943 2708 2996 isti
2733 2951 3000 3009 accusant,
3028 2952 3366 3012 peccatorum
3383 2943 3606 3013 periisse
3630 2957 3762 2999 con-

2190 3035 2346 3106 tagio,
2380 3044 2436 3090 et
2459 3035 2510 3089 iu
2541 3035 2654 3090 sola
2680 3034 2998 3090 remansisse
3041 3043 3191 3104 parte
3225 3034 3448 3099 Donati;
3477 3034 3533 3088 si
3556 3031 3677 3100 hoc,
3709 3041 3767 3090 ut

2186 3127 2388 3184 dictum
2417 3136 2498 3183 est
2517 3169 2531 3194 ,
2569 3127 2938 3183 demonstrare
2966 3126 3274 3196 potuerint,
3303 3127 3479 3181 nullos
3506 3126 3647 3196 apud
3667 3141 3761 3182 eos

2189 3217 2421 3275 honores
2457 3218 2771 3291 episcopalis
2801 3219 3038 3273 muneris
3067 3218 3419 3288 requiremus,
3447 3216 3540 3273 sed
3579 3233 3768 3273 eorum

2189 3327 2475 3384 sequemur
2491 3353 2508 3380 ,
2541 3326 2636 3382 pro
2664 3311 2775 3366 sola
2799 3319 2996 3367 aeterna
3022 3309 3212 3376 salute,
3234 3309 3513 3366 consilium
3533 3350 3549 3374 ,
3573 3310 3768 3380 quibus

2191 3405 2322 3460 tanti
2342 3404 2562 3476 gratiam
2585 3402 2829 3459 beneﬁcii
2849 3418 2946 3473 pro
2965 3402 3173 3473 cognita
3189 3403 3412 3458 veritate
3432 3400 3764 3456 debebimus.

2190 3498 2245 3555 Si
2270 3507 2446 3555 autem
2474 3512 2572 3552 nos
2601 3497 2774 3567 potius
2801 3495 3124 3550 voluerimus
3154 3493 3433 3550 ostendere
3474 3492 3766 3548 Ecclesiam

2191 3591 2410 3658 Christi,
2429 3591 2662 3646 omnium
2677 3606 2782 3644 non
2803 3589 2975 3643 solum
2991 3587 3384 3653 Africanarum,
3402 3601 3586 3641 verum
3605 3585 3767 3642 etiam

2194 3684 2667 3740 transmarinarum
2693 3681 3103 3752 provinciarum,
3126 3679 3516 3749 multarumque
3529 3677 3770 3750 gentium

2195 3779 2364 3850 spatia
2389 3777 2719 3833 feracissima
2742 3775 3050 3847 populorum
3072 3773 3224 3844 capia
3243 3773 3352 3843 jam
3375 3781 3664 3839 tenentem,
3691 3780 3768 3838 et,

2193 3873 2331 3929 sicut
2367 3872 2622 3941 scriptum
2663 3879 2765 3936 est,
2801 3878 2912 3925 toto
2949 3866 3146 3922 mundo
3173 3866 3572 3921 fructiﬁcantem
3612 3875 3774 3935 atque

2194 3971 2547 4030 crescentem,
2587 3961 2853 4016 nullorum
2906 3958 3178 4014 hominum
3222 3956 3321 4012 sibi
3364 3956 3772 4012 commixtorum

2196 4054 2426 4126 peccatis
2463 4053 2637 4124 perire
2670 4051 2902 4122 potuisse
2929 4066 2942 4104 :
2975 4049 3020 4105 si
3049 4048 3279 4119 denique
3322 4047 3556 4117 ipsorum
3581 4086 3596 4112 ,
3636 4061 3774 4116 quos

2201 4158 2326 4205 tunc
2346 4162 2595 4204 accusare
2621 4146 2920 4210 voluerunt,
2943 4143 3118 4214 potius
3145 4157 3308 4212 quam
3331 4141 3650 4197 convincere
3677 4155 3775 4196 va-

2199 4241 2436 4309 luerunt,
2461 4239 2808 4311 quaestionem
2834 4235 3370 4292 demonstraverimus
3398 4248 3520 4289 esse
3546 4232 3770 4300 ﬁnitam,

2201 4331 2445 4404 quamvis
2473 4345 2578 4385 non
2609 4327 2661 4383 in
2693 4327 2771 4383 eis
2795 4324 3048 4382 Ecclesiae
3077 4339 3235 4380 causa
3263 4323 3551 4390 consistat;
3581 4321 3774 4378 διοπ-

2259 4529 2330 4593 (α)
2347 4524 2646 4593 Marcellinus
2661 4525 2711 4573 in
2733 4522 2932 4593 Africam
2951 4520 3235 4593 annonorio
3261 4518 3454 4593 missus,
3473 4525 3529 4569 ut
3559 4516 3780 4591 collatio-

2197 4581 2588 4641 nein'catholicos
2605 4588 2730 4635 inter
2755 4591 2808 4634 et
2826 4584 3092 4633 Donatistas
3105 4582 3169 4630 de
3203 4581 3320 4630 suis“
3336 4581 3679 4630 controversiis
3701 4581 3780 4628 in-

2197 4654 2403 4705 eundam
2418 4657 2626 4709 curaret,
2651 4645 2878 4709 evulgato
2887 4646 2945 4709 in
2965 4645 3130 4709 primis
3148 4642 3384 4709 rescripto
3399 4641 3781 4709 Imperatorisca

2196 4703 2260 4766 de
2279 4729 2336 4765 re
2349 4713 2436 4776 ipsi
2453 4712 2564 4776 dato
2583 4703 2834 4776 itavennie,
2849 4707 2931 4776 die
2951 4703 3011 4776 1}
3027 4718 3118 4776 seu
3142 4703 3200 4753 12
3215 4703 3564 4776 oaobA'arane
3703 4704 3780 4776 (i_d

2199 4763 2348 4828 estan
2355 4763 2513 4831 3410),
2529 4772 2599 4820 uti
2617 4763 2836 4830 rescripti
2854 4766 3406 4831 ejusdemfragmentum
3418 4765 3465 4831 in
3475 4764 3584 4831 Cod.
3595 4763 3780 4813 'rheOd.

2196 4823 2347 4898 fit},
2369 4836 2443 4886 tit.
2462 4823 2519 4900 li
2547 4823 2850 4891 subnotathr,
2876 4823 3036 4900 emisit
3067 4823 3185 4900 ipse
3198 4826 3406 4900 edictum
3436 4823 3622 4900 duplex
3655 4837 3785 4900 anno

2196 4892 2474 4962 insequenti
2495 4907 2676 4962 :__uuum
2691 4905 2810 4962 _quo
2847 4892 3105 4962 praestituit
3139 4895 3194 4938 ut
3229 4892 3652 4962 utriusque
3674 4892 3784 4962 epi-

2196 4947 2336 5024 ἶοίιῖ
2346 4947 2468 5009 intra
2489 4957 2620 5006 diem
2635 4947 2940 5024 calendar-um
2951 4952 3193 5014 juniarum
3206 4947 3495 5024 .conl‘
3507 4947 3787 5024 ﬁngenti:

2196 5009 2522 5086 gregareutur
2537 5016 2820 5086 carthagine
2836 5029 2848 5075 ;
2865 5009 3186 5086 alterumquo
3200 5014 3297 5086 jam
3315 5009 3788 5086 przesentibius_ap3id

2196 5038 2288 5086 gre
2323 5038 2522 5071 arcetur
2537 5038 2820 5078 (inungunt:
2836 5038 2848 5075 ξ
2865 5038 3073 5084 atterunt
3089 5038 3186 5076 ιιιιυ
3200 5038 3297 5074 jam
3315 5038 3361 5072 px
3371 5038 3636 5058 ποευιωιω
3655 5038 3787 5117 αῗιιιι

2196 5038 2530 5147 Cargmginem
2548 5079 2788 5147 episcopis
2809 5077 3097 5147 praesumat
3126 5072 3304 5147 locum”
3316 5069 3787 5147 modumquecolaf

2197 5132 2650 5205 tionisﬁdmone'ns
2659 5132 2842 5205 ut'par's
2861 5132 3069 5205 utraque
3086 5135 3334 5205 rescriptis
3349 5132 3596 5205 proderet,
3618 5138 3788 5205 u_trum

2199 5193 2448 5272 essent
2464 5216 2574 5272 quae
2584 5193 2750 5272 edisti
2766 5193 3156 5272 continebatur.
3173 5193 3785 5272 ρπζθξξξέιξξεξρρὲξι-ἓςεῑ·

2198 5253 2357 5321 ἓόῖίαῖ
2372 5253 2449 5319 Ec;
2469 5253 2501 5315 2
2517 5272 2569 5315 et
2583 5266 2632 5314 5.
2652 5265 2770 5313 Huic
2793 5275 2912 5325 ergo
2924 5253 3187 5325 posteriori
3201 5253 3360 5307 edicto
3373 5253 3593 5325 catholici
3607 5256 3788 5325 ream-i-

2199 5274 2357 5321 OOIInt.
2377 5281 2449 5319 cc.
2469 5274 2501 5315 2
2517 5274 2569 5315 et
2583 5274 2632 5314 5.
2652 5274 2770 5313 Hmc
2793 5275 2912 5325 ergo
2924 5274 3187 5372 lposwnon
3201 5274 3360 5307 emoto
3373 5274 3593 5328 ᾳιμιοιιυι
3608 5274 3788 5328 regun-

2199 5337 2403 5396 pserunt
2421 5327 2672 5396 epistolam
2689 5361 2704 5385 ,
2747 5335 2891 5396 quam
2925 5324 3004 5396 die
3040 5322 3169 5372 inter
3203 5325 3583 5396 Augustinianas-
3605 5315 3788 5396 Idcirco

2199 5376 2445 5445 éa'ehﬁiiﬁ
2454 5376 2742 5448 curavimns,
2765 5376 2878 5450 quia
2897 5384 3008 5436 stilo
3024 5376 3296 5452 sensuque?
3305 5387 3404 5430 tota
3435 5376 3605 5452 refert_
3624 5386 3786 5439 Augu-

2198 5439 2411 5509 india:
2431 5439 2508 5503 cui
2523 5452 2588 5502 de
2603 5439 2826 5514 omnibus
2843 5460 2930 5514 pro
2949 5439 3310 5514 pac_e__t'1cclesi:e
3345 5441 3500 5514 gestis
3757 5452 3789 5490 ι

2197 5503 2394 5570 Domino
2425 5516 2583 5566 datam
2621 5527 2734 5576 esse
2771 5503 2887 5561 dicit
2919 5503 3180 5576 Possidius,
3212 5517 3316 5576 mp:
3343 5503 3404 5552 15
3413 5517 3428 5576 ξ
3448 5503 3563 5565 quia
3589 5507 3789 5552 «totum

2206 5565 2360 5632 ἱίιιιίἇ
2372 5565 2572 5637 bonum,
2591 5575 2763 5639 inquit,
2786 5585 2880 5639 per
2899 5578 3114 5639 sanctum
3131 5565 3542 5639 illumihominem
3559 5599 3575 5625 ,
3607 5576 3786 5639 consu-

2206 5628 2458 5695 ilentibus
2474 5628 2910 5700 nostris'episcopis
2934 5639 2985 5700 et
3015 5628 3568 5700 paritersatagentibus,
3603 5631 3665 5700 et

2208 5683 2457 5765 ἒὲἧῶἓῖ
2469 5683 2879 5765 ιῖἑὲἇξξιῖιῖιῖιίὲθέιῖέ
2901 5683 3097 5744 "inﬁde
3114 5705 3170 5742 se
3181 5693 3298 5754 ipse
3315 5683 3785 5765 §“8"$“9§l§?2_'§'?r

2197 5747 2633 5827 dgb‘eus-ti'svt‘rela'gii
2644 5747 2844 5827 “sier-ibit,
2863 5764 2966 5807 tum
3006 5770 3063 5806 se
3105 5747 3298 5827 genia:
3332 5747 3478 5827 hujps

2205 5809 2856 5890 liuisle'ébéc‘uiﬁiissiinum',
2876 5838 2898 5866 ν
2922 5833 3031 5871 cum
3047 5819 3254 5885 primum
3270 5809 3516 5890 Pelagium
3531 5809 3687 5890 semel
3700 5819 3785 5872 au

2198 5896 2375 5948 iterum
2393 5889 2513 5945 vidit
2529 5884 2829 5954 Carthagine.
3051 5884 3060 5885 '
3271 5887 3274 5891 '
