4122 6350
533 347 630 403 ιιι

531 465 788 521 ιιιιιιιιίιιιιε
807 462 944 533 ejus,
963 461 1161 532 pariter
1178 460 1226 514 in
1244 457 1540 513 Ecclesiam
1563 455 1626 510 ad
1648 456 1934 526 gratiarum
1949 456 2116 510 actio.

533 575 678 624 nem,
706 556 993 624 laudesque
1021 554 1129 608 Deo
1168 548 1465 606 reddendas
1489 547 1860 608 ardentissima
1885 555 1941 602 et
1977 546 2112 600 luci.

532 651 747 706 dissima
775 647 1030 702 eharitate
1055 657 1354 713 pergamus.

600 743 654 795 9..
683 739 818 807 Quid
839 739 984 794 enim
1013 750 1258 804 magnum
1285 742 1386 799 est,
1409 733 1452 786 si
1479 732 1664 787 oculus
1700 741 1919 801 pacatus
1940 741 2114 786 atten-

530 828 641 893 dat,
672 829 996 898 et.cngitatio
1015 826 1301 879 christiana
1326 839 1429 879 non
1457 824 1668 879 deserat
1694 825 2033 880 considerare
2060 833 2115 879 et

535 922 736 982 videre.
784 919 1003 974 remotis
1050 917 1298 971 humanis
1327 915 1782 970 criminationibus
1821 930 1918 969 seu
1962 917 2103 970 veris

537 1029 628 1067 seu
667 1012 830 1074 falsis,
855 1011 906 1064 in
937 1010 1014 1063 eis
1039 1008 1253 1063 Litteris
1280 1007 1571 1061 Ecclesiam
1598 1021 1717 1060 esse
1746 1007 2109 1076 quaerendam,

535 1104 620 1159 ubi
647 1101 890 1158 Christus
911 1099 1237 1168 Redemptor
1261 1099 1376 1167 ejus
1399 1097 1668 1152 innotuit?
1693 1097 1823 1152 Nam
1851 1099 1988 1152 sicut
2004 1112 2110 1152 non

536 1193 781 1248 audimus
808 1199 991 1246 contra
1033 1189 1298 1244 Christum
1330 1203 1424 1242 eos
1448 1190 1536 1258 qui
1564 1189 1745 1242 dicunt
1772 1203 1967 1257 corpus
1991 1188 2113 1256 ejus

532 1285 600 1340 de
625 1284 875 1353 sepulcro
915 1283 1144 1337 iuratum
1169 1298 1197 1334 a
1224 1281 1530 1350 discipulis;
1584 1281 1664 1335 sic
1707 1296 1811 1334 non
1857 1281 2113 1336 debemus

532 1379 719 1435 audire
741 1386 922 1433 contra
949 1377 1066 1443 ejus
1093 1375 1384 1429 Ecclesiam
1415 1388 1507 1428 eos
1533 1375 1622 1442 qui
1649 1373 1832 1427 dicunt
1853 1387 1963 1427 non
1993 1389 2108 1428 eam

532 1485 653 1526 csse
679 1469 782 1523 nisi
815 1469 866 1522 in
897 1468 1026 1521 solis
1049 1464 1191 1520 Afris
1211 1475 1264 1519 ct
1280 1464 1530 1518 Afrorum
1552 1463 1890 1533 paucissimis
1905 1464 2066 1517 sociis
2093 1481 2106 1518 :

536 1560 825 1632 Apostolus
870 1560 1066 1629 quippe
1108 1558 1235 1611 dicit
1267 1556 1529 1626 quoniam
1577 1571 1794 1610 veraces
1835 1555 2110 1611 christiani

534 1651 778 1707 membra
802 1659 923 1705 sunt
951 1648 1144 1704 Christi
1174 1645 1398 1717 (Ep/tes.
1423 1661 1492 1709 tv,
1515 1645 1656 1717 25);
1679 1646 1816 1700 sicut
1847 1661 1975 1716 ergo
2004 1661 2109 1702 non

532 1743 801 1798 credimus
858 1740 999 1795 furto
1043 1738 1352 1807 cujusquam
1400 1736 1624 1806 periisse
1651 1751 1866 1791 carnem
1912 1736 2110 1792 Christi

531 1843 794 1888 mortuam
813 1831 881 1887 de
903 1830 1169 1900 sepulcro,
1192 1829 1268 1883 sic
1286 1828 1502 1882 credere
1515 1842 1620 1882 non
1641 1827 2110 1900 debemuspecca—

536 1936 589 1978 to
616 1925 932 1991 cujusquam
961 1921 1083 1973 viva
1110 1919 1223 1988 ejus
1269 1918 1507 1974 membra
1548 1918 1768 1987 periisse
1795 1917 1863 1973 de
1887 1918 2108 1973 mundo.

531 2016 646 2070 Non
673 2023 753 2070 cst
784 2014 960 2082 itaque
989 2011 1225 2075 difﬁcile,
1247 2011 1495 2079 quoniam
1524 2019 1680 2078 caput
1729 2019 1812 2064 est
1834 2010 2101 2078 Christus,

523 2121 579 2162 et
607 2120 800 2176 corpus
825 2104 1080 2169 Ecclesia,
1113 2102 1268 2156 simul
1297 2101 1348 2154 in
1371 2100 1660 2171 Evangelio
1682 2103 2110 2157 commendatum

533 2199 736 2263 videre,
767 2206 820 2252 et
847 2206 1004 2264 caput
1029 2202 1212 2247 contra
1241 2192 1534 2247 calumnias
1557 2191 1882 2258 Judacorum,
1908 2202 1962 2247 et
1986 2192 2110 2247 eor-

534 2305 630 2358 pus
657 2298 839 2343 contra
867 2286 1263 2342 criminationes
1286 2284 1678 2338 ba-reticorum.
1701 2283 1834 2338 Nam
1863 2285 2001 2354 quod
2029 2286 2109 2339 le-

527 2383 686 2450 gitur,
720 2378 992 2448 Oportebat
1032 2375 1285 2430 Christum
1321 2375 1450 2447 pati,
1479 2383 1526 2428 ‘et
1562 2391 1821 2446 resurgere
1843 2393 1876 2428 a
1899 2377 2110 2430 mortuis

531 2471 679 2524 tertio
702 2469 804 2536 die,
825 2477 1007 2523 contra
1028 2481 1122 2521 cos
1146 2475 1228 2521 est
1251 2466 1338 2536 qui
1361 2466 1824 2521 dicuntmortuum
1847 2467 1914 2522 de
1933 2467 2111 2536 sepul-

539 2580 636 2617 cro
664 2578 784 2618 esse
806 2562 1107 2623 sublatum;
1138 2560 1280 2630 quod
1299 2567 1475 2614 autem
1492 2561 1750 2629 sequitur,
1780 2568 1825 2612 et
1842 2560 2110 2630 medicari

527 2657 582 2709 in
612 2656 811 2710 neruine
830 2655 940 2725 ejus
965 2652 1322 2722 paenitentiam,
1346 2651 1742 2704 et-rcmissiouem
1761 2659 2106 2720 peccatorum,

528 2764 618 2817 per
629 2761 800 2800 omnes
813 2754 1008 2816 gentes,
1030 2741 1377 2814 incipientibus
1392 2739 1453 2793 ab
1471 2739 1753 2794 Jerusalem
1773 2739 1792 2810 (
1809 2738 1934 2792 Luc.
1958 2755 2105 2806 xxiv,

527 2841 618 2906 46,
648 2839 717 2893 47
733 2836 777 2911 ),
803 2847 989 2892 contra
1011 2849 1105 2891 eos
1127 2835 1310 2904 estqui
1331 2833 1516 2888 dicunt
1542 2848 1646 2886 non
1673 2846 1793 2886 esse
1816 2831 2107 2886 Ecclesiam

533 2933 589 2985 in
626 2929 756 2984 orbe
801 2937 1061 2983 terrarum
1089 2934 1193 2980 ενι
1220 2939 1327 2980 ιιιιο
1370 2923 1516 2978 brevi
1561 2922 1794 2993 capitulo
1824 2922 2108 2991 paucisque

526 3020 723 3088 verbis,
743 3027 798 3075 ct
820 3017 1066 3074 inimicus
1088 3015 1297 3086 capitis,
1325 3025 1378 3069 ct
1397 3013 1646 3067 inimicus
1671 3013 1909 3082 corporis
1932 3012 2108 3080 repel-

526 3115 686 3177 latur,
717 3120 793 3179 et,
821 3109 868 3165 si
896 3109 1120 3164 ﬁdeliter
1148 3106 1453 3172 attenderit,
1479 3105 1794 3175 corrigatur.

599 3207 654 3259 5.
687 3203 819 3258 Nam
848 3211 1031 3257 tenere
1052 3199 1181 3254 istas
1209 3198 1510 3254 inimicitias
1531 3197 1722 3251 fratres
1747 3204 1958 3251 nostros
1986 3205 2105 3250 tau-

525 3307 580 3348 to
605 3295 775 3364 magis
816 3291 1081 3356 dolemus,
1111 3298 1312 3360 quanto
1341 3289 1507 3359 magis
1531 3303 1625 3344 eos
1653 3295 1863 3342 constat
1891 3290 2104 3341 easdem

525 3389 828 3457 Scripturas
873 3385 1146 3440 nobiscum
1175 3394 1378 3448 tenere,
1409 3381 1599 3451 quibus
1633 3380 1748 3435 haec
1772 3381 2106 3450 apertissima

523 3477 819 3533 testimonia
842 3475 1196 3532 continentur.
1220 3473 1388 3528 Judaei
1406 3472 1598 3543 quippe
1613 3473 1700 3541 qui
1720 3481 1911 3541 negant
1931 3487 2107 3527 resur-

525 3569 726 3624 rexisse
750 3567 1040 3634 Christum,
1067 3567 1255 3621 saltem
1301 3582 1406 3619 non
1434 3565 1700 3634 accipiunt
1727 3564 2101 3633 Evangelium:

531 3661 616 3716 isti
645 3669 823 3715 autem
850 3659 1041 3714 fratres
1071 3658 1238 3714 nostri
1266 3657 1537 3726 utriusque
1561 3656 1890 3711 Testamenti
1911 3665 2100 3711 aucto-

520 3757 676 3824 ritate
698 3751 928 3808 devincti
952 3761 1110 3817 sunt;
1141 3759 1195 3806 ct
1213 3760 1386 3805 tamen
1409 3749 1682 3804 criminari
1704 3763 1803 3803 nos
1829 3749 2015 3803 volunt
2038 3749 2105 3804 de

526 3844 813 3914 Evangelio
860 3842 1073 3909 tradito,
1113 3851 1170 3896 et
1189 3842 1374 3894 nolunt
1399 3841 1446 3895 ei
1477 3840 1700 3895 credere
1727 3841 1966 3895 recitato.
1996 3840 2103 3895 Sed

510 3950 667 3991 nunc
691 3935 916 3990 fortasse
945 3931 1100 4003 lmjns
1127 3931 1424 3986 collationis
1441 3945 1575 3985 cura
1595 3939 1844 4000 suscepta
1873 3930 2102 4001 diligen-

520 4031 626 4081 tius
645 4023 970 4096 perscrutati
985 4031 1108 4078 sunt
1134 4021 1437 4092 Scripturas
1455 4035 1636 4074 sacras
1661 4036 1677 4086 ;
1705 4029 1760 4074 et
1788 4021 1910 4090 quia
1934 4022 1992 4075 in
2020 4021 2101 4078 eis

517 4117 920 4175 innumerabilia
946 4115 1251 4172 testimonia
1279 4121 1613 4184 repererunt,
1631 4113 1822 4183 quibus
1840 4114 2100 4184 promissa

515 4223 600 4267 est
631 4211 861 4267 Ecclesia
887 4209 1062 4264 futura
1092 4207 1146 4264 in
1173 4207 1420 4263 mallibus
1437 4205 1712 4277 gentibus,
1739 4214 1796 4261 et
1837 4215 1948 4262 toto
1972 4207 2104 4263 orbe

514 4313 800 4366 terrarum,
839 4298 1116 4382 sicut‘eam
1143 4297 1293 4352 reddi
1325 4307 1379 4353 et
1409 4295 1728 4368 [praesentari
1777 4296 2005 4365 cmpisse
2047 4297 2101 4351 in

523 4391 808 4460 Evangelia
837 4399 892 4445 et
912 4387 1163 4458 Epistolis
1189 4387 1514 4458 apostolicis,
1547 4396 1603 4442 et
1629 4387 1682 4440 in
1710 4387 1927 4442 Actibus
1955 4387 2103 4456 Apo-

521 4482 778 4536 stolorum
815 4479 1078 4543 videmus,
1109 4480 1200 4533 ubi
1228 4487 1281 4533 et
1329 4477 1442 4547 ipsa
1489 4479 1626 4543 loca,
1659 4485 1714 4532 et
1758 4478 2017 4543 civitates,
2047 4485 2104 4533 et

519 4572 804 4641 provincia:
835 4573 1097 4642 leguntur,
1130 4585 1225 4640 per
1251 4585 1382 4640 quas
1406 4570 1594 4635 crevit,
1641 4571 1900 4641 incipiens
1923 4571 1992 4627 ab
2013 4571 2104 4627 Je-

522 4666 778 4732 rusalem,
802 4674 862 4719 ιιι
888 4665 1012 4719 inde
1039 4679 1098 4719 se
1122 4662 1282 4718 etiam
1328 4664 1381 4717 in
1403 4662 1635 4717 Africam
1664 4677 1772 4717 non
1803 4663 2098 4734 migrando,

521 4757 617 4811 sed
645 4756 939 4812 crescendo
959 4755 1314 4821 ditl'underet;
1341 4770 1450 4810 non
1473 4763 1650 4810 autem
1680 4755 1996 4812 invenerunt
2014 4757 2104 4812 ali-

525 4847 667 4916 quod
695 4849 1058 4902 testimonium
1090 4847 1390 4900 divinorum
1413 4846 1770 4916 eloquiorum,
1796 4847 1882 4901 ubi
1903 4847 2101 4902 dictum

524 4949 609 4994 est
633 4955 751 4994 eam
788 4939 1075 5009 perituram
1117 4938 1185 4993 de
1210 4939 1420 4993 ctcteris
1446 4939 1684 5007 partibus
1731 4939 1936 5004 mundi,
1967 4949 2021 4994 et
2047 4940 2102 4995 in

523 5032 635 5086 sola
655 5031 833 5087 Africa
857 5031 1041 5086 Donati
1059 5039 1206 5102 parte
1235 5047 1568 5095 mansuram;
1599 5041 1655 5087 et
1674 5031 1919 5087 viderunt
1943 5046 2102 5101 quam

522 5132 591 5177 stt
616 5123 930 5190 absurdum,
956 5137 1053 5192 pro
1074 5122 1184 5187 illa,
1212 5138 1331 5191 quae
1359 5122 1530 5176 fuerat
1555 5123 1811 5192 peritura,
1843 5130 1920 5176 tot
1943 5122 2095 5176 testi-

522 5213 699 5270 monia
721 5214 899 5270 divina
920 5215 1162 5276 recitari;
1188 5229 1282 5282 pro
1301 5228 1362 5268 ea
1394 5229 1540 5276 vero,
1568 5229 1708 5283 qum,
1736 5215 1874 5268 sicut
1894 5222 2100 5283 putant,

528 5315 703 5362 luerat
753 5306 980 5363 Domino
1024 5305 1305 5376 placitura,
1361 5304 1565 5359 nullum
1597 5303 1712 5374 ejus
1740 5303 2101 5359 testimonium

526 5398 785 5466 reperiri:
814 5396 930 5452 lucc
979 5398 1114 5452 forte
1155 5397 1473 5466 cogitantes,
1513 5395 1581 5450 ad
1613 5395 1871 5448 ﬁniendas
1916 5409 2100 5463 vanas,

523 5501 576 5545 et
602 5490 950 5561 perniciosas,
983 5497 1036 5543 et
1053 5488 1206 5543 saluti
1229 5498 1441 5543 atternaa
1467 5488 1759 5542 contrarias
1779 5486 2100 5554 inimicitias,

525 5581 589 5633 ad
617 5581 790 5636 locum
816 5580 1113 5637 collationis
1153 5587 1350 5632 nostra:
1392 5591 1578 5632 omnes
1607 5578 1892 5633 convenire
1917 5577 2101 5632 volue-

525 5679 665 5736 runt,
703 5687 809 5726 non
837 5680 894 5725 ut
935 5667 1191 5727 tumultus
1218 5683 1386 5726 novus
1411 5669 1630 5735 oriatur,
1669 5667 1763 5725 sed
1809 5677 1866 5725 ut
1898 5678 2101 5726 vetusta

527 5761 793 5820 diswrdia
821 5763 1052 5817 finiatur.

1737 343 1798 398 8.
1842 341 2205 400 AUCUSTINI
2247 345 2549 405 EPISCOPI

3701 369 3806 428 ιω

2298 461 2352 514 Δ.
2379 461 2510 517 Nam
2539 473 2596 520 et
2619 465 2744 522 illud
2774 483 2880 539 quo
2907 469 2959 526 in
2985 486 3083 529 nos
3105 475 3278 531 solent
3311 479 3542 548 graviter
3583 481 3800 549 irritari.

2222 549 2362 618 quod
2384 568 2536 624 reges
2560 565 2735 624 terrae,
2759 574 2892 629 quos
2907 571 3055 618 tanto
3077 576 3200 621 ante
3219 569 3527 637 prmdictum
3548 583 3630 627 est
3643 572 3802 628 Chri-

2222 651 2307 696 sto
2349 645 2570 703 domino
2616 653 2929 720 servituros,
2990 657 3134 728 leges
3184 670 3368 715 contra
3415 662 3696 720 hereticos
3737 677 3795 722 et

2219 731 2586 793 schismaticos
2607 756 2702 809 pro
2729 743 2986 800 catholica
3009 763 3136 816 pace
3164 751 3512 818 constituunt,
3530 755 3803 812 credimus

2220 825 2362 892 quod
2418 828 2700 898 aliquando
2744 836 3092 906 cogitaverim
3139 858 3242 896 non
3269 857 3394 897 csse
3439 846 3800 914 culpandum:

2219 916 2342 984 quia
2365 925 2418 970 et
2447 921 2650 990 antiqui
2669 938 2826 994 reges
2850 942 2954 981 non
2979 929 3155 983 solum
3177 934 3356 1001 gentis
3383 934 3673 1000 llcbraicae,
3704 939 3798 991 sed

2219 1006 2378 1060 etiam
2405 1010 2735 1081 alienigenar,
2768 1032 2835 1071 ne
2863 1020 3138 1089 quisquam
3185 1035 3368 1078 contra
3415 1025 3578 1079 Deum
3616 1027 3798 1089 Israel,

2218 1096 2320 1153 hoc
2344 1112 2424 1154 est
2452 1119 2632 1159 verum
2664 1108 2848 1174 Deum,
2876 1126 2979 1165 non
3012 1121 3214 1167 tantum
3243 1115 3456 1182 faceret,
3488 1118 3583 1172 sed
3601 1119 3685 1172 vel
3711 1121 3797 1172 di—

2215 1200 2361 1246 ceret
2383 1194 2601 1264 aliquid,
2634 1212 2822 1254 omnes
2841 1203 2990 1270 regni
3018 1205 3097 1256 sui
3127 1207 3350 1274 populos
3379 1210 3660 1276 pratceptis
3686 1211 3797 1262 mi-

2215 1282 2513 1340 nacisstmis
2543 1295 2879 1357 terruerunt;
2914 1303 2966 1346 et
2991 1295 3222 1362 majores
3243 1296 3462 1350 istorum
3493 1299 3659 1368 ipsam
3679 1301 3797 1354 Cm-

2215 1371 2392 1427 ciliani
2423 1390 2656 1450 causam,
2680 1381 2820 1435 unde
2849 1393 2968 1436 nata
2998 1394 3083 1439 est
3118 1385 3218 1440 ista
3249 1387 3529 1454 dissensio,
3567 1389 3632 1443 ad
3653 1388 3797 1444 Con-

2216 1464 2507 1519 stantinum
2558 1467 2928 1537 imperatorem
2969 1488 3066 1543 per
3107 1477 3393 1532 Anulinnm
3425 1482 3797 1549 proconsulem

2214 1557 2514 1610 accusando
2539 1559 2834 1625 miserunt;
2865 1565 3006 1633 quod
3033 1567 3210 1636 utique
3235 1585 3340 1622 non
3363 1570 3432 1624 oh
3455 1571 3597 1625 aliud
3614 1573 3800 1626 viden-

2213 1652 2300 1699 tur
2325 1647 2532 1714 fecisse,
2554 1652 2655 1706 nisi
2686 1664 2741 1706 ut
2764 1655 3052 1724 imperator
3078 1657 3455 1714 Constantinus
3491 1670 3672 1716 contra
3702 1677 3797 1718 eos

2213 1740 2300 1805 qui
2327 1741 2556 1808 superati
2584 1755 2782 1809 essent,
2814 1747 2892 1801 eis
2916 1749 3006 1816 qui
3024 1759 3385 1819 superassent,
3408 1752 3604 1822 aliquid
3629 1755 3795 1822 regali

2211 1833 2524 1887 auctoritate
2543 1833 2853 1892 decerneret
2874 1855 2888 1903 ;
2907 1847 3178 1910 totamque
3195 1842 3362 1912 ipsam
3382 1858 3596 1898 causam
3619 1855 3800 1914 potue-

2213 1921 2374 1994 runt(
2385 1933 2436 1977 et
2457 1926 2591 1981 forte
2618 1926 2856 1983 fecerunt
2893 1931 3058 1999 ipsius
3094 1934 3391 1988 collationis
3429 1937 3793 2005 necessitate),

2214 2013 2443 2068 arehivis
2474 2016 2697 2084 publicis
2726 2023 3088 2088 perscrutatis,
3114 2024 3349 2078 invenire
3377 2026 3503 2080 olim
3529 2041 3648 2082 esse
3674 2028 3796 2081 ﬁni-

2213 2113 2339 2171 tam,
2371 2117 2491 2176 post
2537 2111 2897 2166 ecclesiastica
2923 2113 3145 2182 judicia,
3175 2117 3366 2186 quibus
3401 2118 3675 2174 absolutus
3714 2130 3798 2175 est

2205 2198 2545 2268 Caecilianus,
2578 2203 2665 2255 illo
2688 2205 2848 2259 etiam
2874 2206 3195 2274 imperatore
3219 2208 3514 2276 judicante,
3551 2210 3618 2266 ad
3645 2211 3797 2280 cujus

2213 2307 2432 2347 examen
2464 2309 2576 2348 rem
2607 2303 2767 2350 tutam
2798 2304 2854 2351 at
2883 2299 3054 2367 primo
3085 2301 3359 2366 miserunt,
3379 2311 3433 2355 et
3458 2311 3641 2371 postea
3674 2319 3795 2374 per-

2212 2381 2498 2438 duxerunt.
2533 2384 2607 2440 lbi
2641 2395 2926 2455 potuerunt
2953 2391 3111 2444 etiam
3131 2406 3351 2446 causam
3379 2393 3569 2449 Felicis
3586 2396 3796 2467 Aptun-

2211 2474 2389 2543 gensis
2419 2475 2740 2531 ordinatoris
2765 2475 3050 2544 Cteciliani,
3080 2497 3234 2549 quem
3261 2483 3519 2537 malorum
3559 2486 3797 2539 omnium
3824 2499 3852 2518 ·

2211 2564 2414 2620 fontem
2442 2566 2493 2620 in
2529 2568 2756 2621 concilio
2778 2585 2874 2623 suo
2903 2571 3169 2636 dixerant,
3193 2583 3557 2642 cognoscente
3583 2575 3798 2631 IEliano

2211 2657 2526 2725 proconsule
2545 2674 2608 2712 ex
2643 2667 2907 2731 prweepto
2927 2661 3166 2731 ejusdem
3196 2662 3556 2733 imperatoris,
3587 2665 3796 2721 inveni-

2201 2764 2270 2802 re
2297 2760 2590 2818 purgatam.

2280 2840 2333 2894 5.
2365 2842 2674 2912 Quanquam
2701 2853 2753 2898 et
2780 2843 2881 2899 hoc
2901 2846 2948 2899 si
2971 2846 3327 2914 attenderunt,
3357 2855 3430 2913 et,
3458 2845 3598 2916 quod
3641 2847 3796 2903 facile

2206 2930 2415 2995 fuerat,
2443 2933 2818 3002 adverterunt,
2855 2935 2908 2989 in
2938 2938 3223 3007 Scripturis
3266 2938 3464 2992 sanctis
3500 2937 3794 2992 Ecclesiam

2209 3024 2404 3079 Christi
2436 3027 2709 3096 permixtis
2732 3029 2969 3095 zizaniis,
2999 3037 3054 3083 et
3079 3031 3228 3099 palea
3251 3071 3264 3093 ,
3284 3040 3347 3084 et
3384 3031 3616 3099 piscibus
3642 3031 3798 3084 malis

2205 3113 2440 3170 futuram
2483 3132 2604 3172 esse
2655 3119 2968 3187 promissam
3017 3136 3185 3190 usque
3231 3121 3295 3174 ad
3347 3130 3553 3190 tempus
3604 3122 3798 3177 messis

2203 3207 2229 3276 (
2241 3207 2422 3262 Matth.
2444 3225 2560 3274 xtu,
2581 3211 2651 3264 24
2683 3209 2800 3281 30),
2825 3212 3180 3266 vcntilationis
3206 3212 3316 3283 (Id.
3341 3211 3555 3282 111,12),
3579 3219 3633 3267 et
3652 3213 3798 3267 litto-

2209 3299 2283 3353 ris
2295 3297 2406 3372 (Id.
2431 3317 2547 3367 xm,
2571 3303 2757 3372 47,48)
2774 3344 2789 3368 ,
2811 3302 2990 3372 utique
3013 3305 3246 3373 cogitare
3267 3313 3568 3373 potuerunt,
3586 3303 3796 3360 etiamsi

2207 3391 2406 3444 malam
2429 3406 2644 3446 causam
2677 3393 2990 3449 Ctecilianus
3017 3403 3069 3448 et
3093 3395 3391 3464 coepiscopi
3423 3393 3536 3462 ejus
3575 3395 3796 3449 habuis-

2209 3491 2359 3545 sent,
2388 3483 2517 3536 nihil
2549 3499 2641 3537 eos
2683 3484 3028 3554 pne-judicare
3071 3487 3305 3555 potuisse
3337 3486 3451 3540 orbi
3481 3485 3794 3554 christiano,

2200 3585 2364 3640 quem
2396 3573 2533 3626 Deus
2565 3575 2743 3642 paucis
2771 3575 3110 3630 credentibus
3142 3585 3286 3629 tanto
3308 3585 3430 3629 ante
3461 3576 3720 3645 promisit,
3736 3585 3796 3631 et

2209 3679 2348 3718 nunc
2375 3664 2554 3717 multis
2578 3665 2878 3720 videntibus
2898 3665 3153 3720 reddidit.
3181 3665 3288 3720 Nisi
3305 3665 3445 3721 forte
3469 3667 3583 3734 plus
3607 3677 3796 3721 contra

2207 3751 2499 3805 Ecclesium
2529 3753 2693 3807 valuit
2735 3753 2896 3807 homo
2941 3769 3200 3823 peccans,
3224 3770 3379 3824 quam
3424 3771 3522 3824 pro
3552 3754 3796 3810 Ecclesia

2208 3841 2348 3895 Deus
2370 3841 2556 3910 jurans
2577 3883 2593 3909 ,
2617 3853 2678 3897 et
2704 3843 2954 3912 iniquitas
2983 3843 3124 3912 quod
3167 3845 3374 3909 amisit,
3402 3860 3559 3912 quam
3599 3845 3797 3898 veritas

2206 3931 2346 4000 quod
2378 3933 2638 4001 promisit.
2678 3933 2803 3988 Haec
2829 3935 3030 3989 sentire
3056 3950 3212 4004 quam
3258 3935 3328 3988 sit
3365 3936 3584 3989 stultum
3617 3944 3672 3988 et
3695 3938 3796 3988 im-

2206 4023 2351 4092 pium
2399 4021 2508 4092 jam
2561 4025 2786 4078 fortasse
2828 4025 3078 4079 viderunt
3112 4041 3128 4076 -:
3171 4026 3537 4094 Cogitavcrunt
3583 4040 3797 4094 quoque

2207 4113 2487 4168 damnatos
2501 4129 2534 4168 a
2553 4129 2612 4169 se
2629 4114 3043 4170 Maximianistas
3063 4115 3318 4169 Primiani
3341 4114 3684 4169 damnatores
3701 4131 3797 4184 per

2206 4214 2499 4274 potestates
2528 4214 2767 4261 terrenas
2793 4207 2953 4262 etiam
2981 4207 3048 4262 de
3075 4206 3305 4262 basilicis
3337 4221 3551 4262 curasse
3588 4208 3794 4276 pellen-

2206 4297 2326 4363 dos,
2357 4307 2412 4352 ct
2436 4298 2505 4352 ibi
2530 4300 2727 4353 certius
2756 4300 3003 4368 exetnplo
3033 4314 3130 4352 suo
3156 4299 3454 4354 recentiore
3495 4299 3795 4354 didicerunt

2207 4401 2313 4441 non
2337 4403 2466 4442 esse
2493 4397 2788 4457 peccatum,
2813 4390 2856 4442 si
2887 4391 2989 4444 tale
3013 4389 3208 4458 aliquid
3237 4389 3471 4443 Ecclesia
3496 4399 3680 4442 contra
3707 4406 3795 4443 rc-

2207 4479 2373 4534 belles
2417 4493 2542 4534 suos
2583 4480 2652 4533 ab
2689 4479 2990 4549 bujusmodi
3051 4479 3396 4549 potestatibus
3448 4479 3713 4548 postulat:
3739 4489 3796 4533 et

2209 4571 2350 4640 quod
2373 4572 2580 4640 aliquos
2595 4587 2660 4626 ex
2679 4571 2942 4627 damnatis
2964 4583 3147 4641 postea
3168 4581 3502 4640 receperunt,
3517 4586 3650 4640 quos
3671 4587 3792 4625 cum

2207 4661 2564 4730 damnarent,
2589 4663 2705 4717 aliis
2734 4662 2892 4718 etiam
2934 4664 3175 4733 plurimis
3217 4664 3268 4717 in
3309 4664 3497 4718 eadem
3538 4664 3795 4718 societate

2207 4756 2510 4811 schismatis
2552 4764 2855 4811 constitutis
2897 4756 3203 4811 dilationem
3247 4756 3543 4823 dederunt,
3574 4771 3710 4826 quos
3740 4760 3792 4810 in

2207 4846 2511 4902 Maximiani
2553 4847 2798 4917 sacrilegi
2837 4847 3038 4902 surculi
3078 4848 3451 4902 communione
3487 4847 3795 4919 impollutus

2209 4941 2470 4994 mansisse
2495 4939 2763 5006 dixerunt,
2790 4948 2845 4994 et
2868 4939 3198 5009 Baptismum
3227 4939 3311 4994 vel
3337 4954 3365 4992 a
3391 4939 3678 5004 damnatis,
3705 4940 3793 4993 vel

2207 5047 2238 5085 a
2269 5031 2428 5085 sociis
2469 5044 2688 5094 eorum,
2719 5030 2960 5098 quamvis
2989 5029 3116 5084 foris
3159 5030 3211 5082 in
3254 5029 3542 5083 schismate
3585 5028 3793 5093 datum,

2209 5122 2513 5177 rescindere
2540 5131 2699 5192 atque
2735 5122 2929 5176 iterare
2971 5137 3076 5176 non
3115 5123 3228 5175 ausi
3269 5131 3421 5186 sunt;
3452 5122 3580 5175 satis
3610 5121 3795 5190 utique

2203 5214 2508 5283 judicarqu
2535 5229 2596 5268 ea
2627 5229 2746 5282 qua:
2782 5223 2965 5268 contra
2997 5229 3094 5268 nos
3127 5213 3398 5277 dicebant,
3425 5214 3672 5281 exemplo
3697 5229 3796 5267 suo

2208 5320 2330 5359 che
2358 5304 2603 5358 damnata
2629 5305 3059 5359 :etcrcdendum
3091 5314 3173 5359 est
3196 5306 3334 5374 quod
3359 5304 3470 5374 jam
3496 5305 3800 5374 intelligant

2209 5410 2366 5464 quam
2389 5394 2457 5448 sit
2479 5395 2774 5464 indignum,
2791 5411 2950 5465 quam
2976 5395 3328 5460 intolerabile,
3349 5405 3405 5450 ut
3429 5412 3550 5450 cum
3571 5395 3801 5451 sedeant

2211 5487 2264 5541 in
2290 5486 2558 5543 cathedris
2585 5489 2974 5557 episcopalibus
3014 5503 3136 5541 cum
3169 5489 3284 5543 istis
3304 5529 3319 5555 ,
3345 5498 3399 5542 et
3422 5503 3542 5543 cum
3578 5490 3698 5558 ipso
3723 5490 3800 5545 si-

2211 5580 2320 5633 mul
2359 5579 2626 5633 Primiano
2669 5579 3006 5634 damnatores
3044 5581 3161 5649 ejus
3203 5589 3256 5635 et
3284 5581 3518 5635 damnati
3545 5582 3599 5637 in
3634 5597 3796 5638 causa

2209 5670 2351 5739 ejus,
2377 5679 2433 5723 ut
2459 5671 2527 5723 sit
2552 5685 2651 5738 pax
2681 5671 2732 5723 in
2765 5680 2914 5739 parte
2945 5671 3152 5734 Donati,
3177 5672 3242 5725 de
3265 5670 3548 5726 Caeciliano
3572 5673 3797 5730 infame-

2215 5772 2301 5816 tur
2325 5761 2469 5814 orbis
2496 5759 2837 5822 christianus,
2867 5776 2930 5816 ne
2960 5763 3008 5816 in
3042 5778 3168 5832 pace
3197 5761 3338 5816 vivat
3367 5763 3544 5818 unitas
3574 5763 3773 5820 Christi
