4122 6350
437 391 539 445 ωτι

505 501 557 553 t5.
599 499 726 555 llzec
766 502 947 557 omnia
993 502 1216 561 fortasse
1252 508 1576 578 cogitantes.
1607 523 1660 566 et
1701 515 1791 569 Dei
1833 518 2021 572 timore

437 592 684 661 permoti,
709 606 895 648 omnes
920 596 1216 652 collationis
1242 599 1358 654 loco
1376 601 1569 657 adesse
1591 606 1890 673 voluerunt,
1910 624 2019 662 non

434 682 690 736 tumultus
718 683 1081 752 dispositione,
1116 690 1207 742 sed
1236 694 1396 759 pacis.
1418 692 1568 758 Quod
1598 695 1740 749 enim
1774 708 2019 764 propter--

428 788 491 827 ea
539 789 598 828 se
630 776 905 831 universos
947 778 1133 834 adesse
1160 780 1441 851 dixerunt,
1475 797 1530 839 ut
1557 804 1739 839 eorum
1769 804 2021 843 numerus

428 876 716 935 appareat,
748 870 996 937 quoniam
1038 886 1130 925 eos
1168 886 1363 943 paucos
1402 892 1519 931 esse
1550 879 1840 934 adversarii
1876 900 2018 950 sn-pe

428 957 508 1009 sui
555 959 762 1011 mentiti
810 970 970 1024 sunt;
1002 962 1100 1016 hoc
1126 965 1169 1017 si
1199 966 1481 1035 aliquando
1521 985 1549 1021 a
1582 974 1779 1025 nostris
1817 974 2015 1028 dictum

425 1053 529 1110 est,
557 1046 625 1099 de
655 1046 738 1101 bis
764 1047 894 1103 locis
932 1051 1034 1105 dici
1063 1055 1337 1111 verissime
1375 1060 1542 1126 potuit
1584 1062 1667 1115 ubi
1714 1073 2015 1119 nostrorum

425 1137 861 1206 rocpiscopornm
903 1150 957 1196 et
1003 1144 1315 1201 clericorum
1365 1160 1522 1218 atque
1569 1153 1817 1208 laicoruni
1865 1158 2016 1227 longe

425 1228 596 1294 major
620 1238 703 1281 est
742 1245 1029 1299 numerus,
1054 1244 1107 1288 et
1132 1238 1360 1292 maxime
1398 1241 1448 1293 in
1481 1246 1845 1311 proconsulari
1890 1265 2013 1316 pro-

426 1317 592 1372 vincia
619 1336 632 1371 :
657 1336 978 1392 quanquam,
1002 1338 1220 1399 excepta
1264 1329 1507 1387 Numidia
1534 1338 1820 1403 consulari,
1844 1343 2006 1396 etiam

426 1407 479 1462 in
502 1411 709 1463 czeteris
728 1415 1009 1480 pr0vinciis
1027 1417 1284 1475 Africanis
1303 1431 1602 1478 nostrorum
1628 1443 1848 1483 numero
1870 1429 2015 1485 facil-

423 1497 549 1551 lime
574 1514 921 1569 superentur;
952 1515 1040 1560 aut
1069 1519 1233 1576 certe,
1267 1512 1317 1565 in
1348 1518 1746 1583 comparatione
1774 1523 2007 1577 onmium

397 1590 681 1659 gentium,
708 1608 802 1660 per
826 1610 955 1662 quas
983 1598 1243 1654 catholica
1274 1605 1579 1659 communio
1605 1607 1881 1676 dilatatur,
1916 1626 2011 1668 eos

421 1692 542 1733 esse
569 1682 919 1748 paucissimos
944 1688 1238 1745 rectissime
1263 1692 1507 1748 dicimus.
1548 1696 1653 1752 Sed
1681 1716 1819 1753 nunc
1841 1702 1883 1755 si
1908 1719 2007 1756 nu-

419 1784 625 1825 merum
651 1785 802 1827 suum
826 1776 1159 1835 innotescere
1180 1783 1491 1851 voluissent,
1516 1803 1692 1845 nonne
1717 1792 2009 1850 ordinatius

347 1866 350 1867 '
414 1869 576 1929 atque
597 1866 930 1934 tranquillius
955 1868 1309 1928 innotesceret
1338 1890 1431 1943 per
1449 1892 1634 1931 eorum
1658 1880 2008 1952 subscriptio-

420 1966 550 2015 nes,
575 1969 709 2022 quas
750 1965 808 2009 ut
851 1959 1101 2014 mandato
1141 1976 1240 2018 suo
1277 1975 1327 2019 te
1368 1979 1621 2024 cernente
1665 1971 2000 2042 subjungant,

420 2043 598 2101 edicto
622 2047 987 2105 admonuisti?
1023 2054 1159 2120 Quid
1188 2057 1287 2111 sibi
1316 2074 1445 2130 ergo
1466 2062 1571 2116 vult
1600 2064 1738 2133 quod
1770 2065 2007 2119 collatio-

415 2137 496 2190 nis
518 2138 637 2191 loco
658 2156 842 2196 omnes
863 2144 1051 2200 adesse
1076 2146 1420 2206 desiderant?
1449 2154 1503 2208 Si
1525 2156 1665 2209 enim
1693 2172 1874 2227 pacem
1897 2176 2003 2215 non

412 2228 663 2294 cogitant,
682 2228 807 2299 quid
830 2248 933 2287 non
957 2239 1344 2304 perturbabunt
1365 2242 1612 2313 locuturi,
1637 2256 1726 2301 aut
1745 2250 1868 2318 quid
1896 2250 2003 2306 illic

412 2312 605 2370 facient
643 2320 894 2375 tacituri?
929 2323 1059 2378 Nam
1089 2329 1299 2383 etiamsi
1344 2332 1547 2387 clamor
1582 2351 1683 2389 non
1728 2337 1826 2403 sit,
1855 2340 2001 2395 solus

409 2418 657 2460 susurrus
690 2409 798 2478 ipse
830 2414 1114 2469 multorum
1140 2458 1154 2482 ,
1184 2420 1312 2473 satis
1340 2436 1587 2492 magnum
1613 2426 1887 2496 strepitum
1915 2427 1999 2482 fa-

411 2493 537 2559 ciet,
570 2512 677 2565 quo
707 2499 1027 2568 impediatur
1055 2505 1139 2559 illa
1165 2508 1399 2562 collatio.

482 2582 534 2636 7.
574 2584 712 2650 Quid
743 2600 822 2642 est
852 2602 1025 2646 autem
1066 2596 1207 2663 quod
1240 2598 1290 2652 in
1318 2599 1533 2655 Notoria
1562 2617 1655 2656 sua
1693 2608 1994 2673 ponendum

408 2682 681 2739 putarunt.
714 2679 834 2733 ideo
861 2696 922 2737 se
958 2684 1102 2750 juste
1126 2686 1393 2757 ﬂagitasse
1420 2700 1477 2745 ut
1505 2706 1691 2748 omnes
1719 2695 1991 2761 adessent,

408 2767 531 2834 quia
558 2783 745 2826 omnes
768 2776 1012 2828 conventi
1039 2787 1165 2832 sunt
1204 2789 1260 2833 ut
1284 2783 1562 2838 venirent?
1594 2788 1742 2855 quasi
1776 2802 1995 2857 possent

403 2855 527 2924 eligi
556 2860 711 2927 pauci
735 2862 824 2930 qui
866 2863 1055 2920 adesse
1083 2866 1341 2925 deberent
1361 2913 1375 2936 ,
1406 2873 1505 2927 nisi
1533 2875 1600 2928 ab
1629 2855 1874 2932 omnibus
1902 2883 1992 2950 qui

404 2946 708 3014 venissent,
738 2960 797 3004 ut
818 2967 1003 3009 eorum
1032 2957 1276 3013 electioni
1324 2970 1373 3015 te
1402 2974 1664 3031 prtesente
1689 2968 1993 3027 subscribe-

404 3044 544 3099 rent,
576 3052 639 3092 ac
664 3040 740 3095 sic
762 3042 814 3095 in
847 3046 1029 3112 paucis
1053 3062 1242 3105 omnes
1264 3063 1463 3119 essent,
1495 3069 1614 3109 cum
1647 3057 1713 3111 ab
1742 3061 1989 3118 omnibus

396 3130 552 3194 pauci
572 3131 725 3186 electi
748 3146 945 3191 essent.
972 3139 1075 3193 Aut
1096 3156 1223 3209 ergo
1244 3145 1502 3200 tumultus
1520 3149 1588 3203 ab
1607 3150 1684 3203 eis
1705 3152 1984 3221 cogitatur,

395 3224 491 3271 aut
529 3234 663 3288 pax;
694 3238 917 3293 quorum
952 3229 1076 3282 illud
1123 3241 1394 3301 optamus,
1449 3237 1576 3292 illud
1620 3255 1904 3298 cavemus:
1934 3256 1988 3300 et

393 3305 517 3361 ideo
538 3326 606 3365 ne
634 3311 788 3380 forte,
820 3317 958 3385 quod
989 3319 1148 3388 absit,
1172 3322 1274 3378 hoc
1299 3338 1627 3395 praeparetur
1648 3333 1820 3399 potius
1841 3337 1985 3404 quod

394 3413 649 3457 cavemus
692 3421 850 3475 quam
901 3412 1042 3478 quod
1090 3422 1363 3483 optamus,
1391 3423 1754 3479 consentimus
1796 3427 1985 3484 adesse

394 3506 585 3547 omnes
618 3496 736 3551 illos
759 3541 774 3565 ,
803 3509 862 3554 ut
892 3510 1065 3557 tamen
1095 3519 1126 3559 a
1157 3508 1308 3561 nobis
1337 3518 1513 3564 tantus
1541 3512 1680 3567 adsit
1706 3531 1978 3586 numerus,

398 3594 629 3650 quantus
659 3595 759 3641 tua:
787 3589 1163 3658 Spectabilitati
1193 3596 1437 3653 sufficere
1481 3600 1627 3656 visus
1653 3613 1770 3669 est;
1807 3616 1866 3659 ut
1895 3616 1978 3660 tu-

388 3674 716 3730 multuosum
747 3695 841 3748 per
869 3682 1048 3737 turbas
1084 3683 1130 3740 si
1159 3687 1283 3756 quid
1321 3693 1630 3755 cmerserit,
1663 3696 1871 3750 nonnisi
1902 3699 1980 3752 eis

393 3772 541 3819 recte
567 3766 886 3836 imputetur,
919 3774 968 3827 in
1000 3791 1224 3845 quorum
1271 3790 1417 3849 parte
1454 3799 1686 3852 prmscus
1721 3788 1878 3843 fuerit
1911 3791 1976 3845 ad

388 3870 527 3922 rem,
560 3874 680 3927 qua:
706 3879 732 3915 τι
762 3867 943 3932 paucis
968 3869 1167 3935 agenda
1190 3882 1292 3935 est,
1316 3876 1532 3931 omnino
1553 3879 1814 3947 superflua
1835 3883 1975 3935 mul-

393 3945 586 4000 titudo.
618 3949 672 4005 Si
703 3963 875 4007 autem
917 3959 1057 4026 quod
1096 3963 1231 4015 votis
1256 3965 1502 4020 omnibus
1526 3945 1799 4037 cupimus,
1832 3973 1974 4041 qttod

387 4037 641 4094 ardenter
658 4046 973 4111 appetimus.
992 4051 1133 4119 quod
1160 4055 1465 4122 suppliciter
1489 4072 1517 4110 a
1542 4059 1764 4114 Domino
1784 4037 1975 4131 deprc-

386 4141 603 4193 eamur,
638 4147 797 4189 causa
840 4139 1054 4194 unitatis
1098 4140 1349 4199 facienda:
1394 4146 1484 4200 illa
1528 4149 1630 4203 erit
1672 4154 1971 4207 necessaria

388 4221 691 4287 multitudo,
724 4241 846 4279 cunt
873 4230 1157 4298 voluerint,
1177 4250 1363 4290 omnes
1382 4236 1671 4303 aderitnus,
1695 4249 1748 4294 et
1766 4241 1833 4294 ad
1852 4250 1970 4296 tan-

382 4316 493 4362 tum
541 4311 772 4381 bonum,
806 4318 896 4369 illo
923 4321 1207 4390 adjuvante
1236 4325 1326 4392 qui
1364 4326 1465 4381 hoc
1495 4326 1695 4393 donat,
1726 4330 1972 4387 alacriter

377 4404 1276 4475 convolabimus,dicentes,Fratres
1291 4418 1446 4471 nostri
1458 4419 1573 4473 estis
1592 4418 1642 4491 (1
1644 4421 1739 4474 sai.
1757 4437 1895 4487 vat,
1914 4424 1967 4489 5,

374 4507 477 4545 see.
500 4492 687 4568 LXX),
711 4514 816 4555 non
832 4502 941 4571 jam
958 4503 1035 4558 eis
1047 4506 1134 4575 qui
1154 4522 1253 4562 nos
1271 4508 1616 4575 detestantur,
1642 4512 1834 4582 sedqui
1847 4515 1969 4569 odio

376 4584 531 4640 linito
556 4591 967 4662 amplectuntur,
1018 4606 1073 4649 ut
1100 4613 1291 4653 nomen
1322 4600 1526 4656 Domini
1568 4603 1963 4675 ltonorilicetur,

371 4683 430 4730 et
457 4692 710 4747 appareat
736 4683 837 4739 illis
852 4686 904 4740 in
923 4688 1370 4761 jucunditatejam
1399 4695 1669 4749 nobiscum
1688 4702 1967 4767 experien-

371 4764 545 4834 tibus,
574 4785 731 4839 quam
765 4774 960 4830 bonum
992 4780 1061 4833 sit
1085 4789 1139 4835 et
1173 4782 1461 4853 jucundum
1495 4785 1683 4841 fratres
1728 4764 1965 4846 habitan-

368 4868 449 4914 tes
465 4861 518 4915 in
539 4880 699 4919 unum
727 4867 897 4937 (Psal.
915 4887 1122 4938 cxxxu,
1140 4874 1213 4946 1).
1233 4876 1322 4947 (Et
1342 4881 1445 4931 alia
1470 4880 1643 4951 manu)
1671 4899 1683 4933 :
1708 4882 1962 4951 Optamus

366 4956 561 5019 te,-fili,
595 4958 647 5010 in
676 4960 784 5014 Deo
815 4962 948 5017 liene
977 4965 1172 5021 valere.
1190 4967 1341 5041 (Item
1362 4969 1466 5023 alia
1491 4977 1665 5041 manu)
1686 4993 1698 5027 ε
1716 4976 1959 5032 Aurelius

365 5048 658 5119 episcopus
707 5052 959 5108 Ecclesia}
1002 5040 1273 5112 catholica:
1320 5059 1789 5132 CtlrlilagillellSiS,
1829 5068 1957 5120 sub-

363 5140 576 5209 scripsi.
604 5139 783 5213 (Item)
814 5160 827 5195 :
857 5144 1103 5200 Silvanus
1135 5149 1317 5218 prima:
1343 5151 1488 5208 sedis
1525 5156 1817 5223 provincia:
1848 5157 1957 5211 Nu-

364 5229 567 5292 miditc.
596 5231 904 5301 subscripsi.

806 5326 1133 5405 EPISTDLA
1150 5330 1366 5405 “cxxx
1389 5337 1408 5357 ο
1432 5332 1528 5405 (a).

361 5391 677 5462 Augustinus
708 5394 887 5451 Proba
932 5400 1264 5524 viduazddivgi
1307 5391 1582 5473 prws‘cr'ibit
1610 5410 1857 5476 quomodo
1886 5412 1952 5466 sit

952 5487 1073 5523 oran
1117 5490 1176 5525 us
1253 5490 1359 5527 eus.

420 5572 437 5589 '
457 5578 509 5643 tn
533 5573 677 5636 hujus
698 5578 1180 5655 ca‘stigatiope'adjuti
1197 5596 1368 5655 sumus
1387 5598 1434 5633 a.
1459 5587 1542 5655 bg.
1560 5586 1703 5655 _lil._c.
1725 5604 1794 5639 cc.
1820 5592 1872 5641 ff.
1893 5608 1943 5655 ιε.

354 5642 437 5692 gv.
460 5635 498 5694 j.
521 5649 569 5682 η.
587 5635 643 5716 _’r._
656 5649 706 5716 ﬁ.
733 5635 913 5716 ut};
927 5635 1115 5716 duobus
1135 5646 1217 5693 ιω.
1242 5645 1432 5695 duobus
1448 5635 1523 5696 si:
1543 5635 1793 5701 duobus—[.-
1809 5635 1947 5716 qua:

352 5704 453 5754 que
475 5709 525 5742 ν.
554 5705 605 5744 et
623 5706 721 5744 am.
744 5701 851 5748 Bad.
871 5706 942 5748 tu.
966 5709 1076 5752 ιον.

354 5756 743 5867 Ηξαέεὲίῖῗέὲι
768 5773 911 5825 :qutc
926 5773 1092 5816 autem
1111 5766 1199 5817 130
1216 5776 1338 5829 erat,
1360 5782 1486 5819 nunc
1523 5771 1629 5821 144.
1654 5775 1831 5838 scripta
1858 5788 1940 5828 an.

1619 402 2090 460 EPISTOLM‘JIM
2130 406 2402 467 CLASSIS
2442 412 2524 469 lli.

3608 441 3709 497 894

2128 522 2455 580 Aecusrisus
2496 528 2790 600 cpiscopus
2837 547 3023 590 servus
3080 537 3281 597 Christi
3327 558 3709 623 servorumque

2196 613 2414 679 ChriSti,
2448 619 2705 689 religiosae
2736 622 2945 682 famulae
2971 628 3063 683 Dei
3085 630 3275 690 Paetus
3297 636 3391 708 (α),
3410 638 3463 693 in
3485 613 3709 702 Domino

2197 705 2530 762 dominorum
2561 713 2802 768 salutem.

2194 793 2418 850 CAPUT
2445 797 2724 855 PRIMUM.
2743 805 2879 859 -1.
2916 807 2982 861 Et
3011 810 3203 878 petisse
3232 822 3285 869 te
3315 826 3369 872 et
3396 822 3710 889 promisisse

2123 898 2209 936 me
2236 887 2498 954 recolens,
2522 900 2578 944 ut
2595 891 2663 946 de
2692 896 2892 950 orando
2909 898 3018 951 Deo
3030 901 3094 954 ad
3113 911 3165 957 te
3178 905 3374 976 aliquid
3395 887 3705 982 scriberem,

2124 974 2209 1028 ubi
2230 976 2489 1034 tribuente
2517 982 2630 1049 ipso
2669 999 2823 1054 quem
2860 1003 3105 1057 oramus,
3137 974 3344 1065 tempus
3377 974 3706 1073 facultasque

2120 1072 2374 1123 Concessa
2403 1083 2485 1125 est
2507 1114 2520 1137 ,
2545 1078 2776 1142 aportuit
2813 1088 2869 1132 ut
2896 1080 3131 1137 debitum
3166 1101 3342 1142 meum
3362 1091 3471 1159 jam
3489 1072 3706 1167 jamque

2120 1160 2499 1228 persolverem,
2528 1174 2580 1218 et
2599 1165 2687 1235 pio
2707 1169 2881 1223 studio
2894 1180 2982 1226 tuo
2998 1173 3049 1228 in
3063 1175 3258 1233 Christi
3270 1160 3525 1240 ch'aritate
3540 1160 3707 1243 servi-

2120 1263 2251 1303 rem.
2273 1251 2437 1316 Quam
2466 1269 2550 1307 me
2578 1266 2752 1311 autem
2782 1259 3130 1320 laetificaverit
3153 1266 3267 1338 ipsa
3296 1273 3482 1340 petitio
3506 1286 3617 1344 tua,
3650 1281 3704 1335 in

2112 1627 2174 1665 ac
2189 1613 2294 1677 die,
2320 1620 2606 1674 secundum
2629 1624 2871 1692 Apostoli
2894 1629 3345 1692 admonitionem?
3386 1642 3475 1698 ille
3499 1647 3699 1718 quippe

2110 1703 2221 1758 ait:
2257 1706 2382 1770 Quae
2405 1718 2569 1763 autem
2610 1730 2722 1768 vere
2761 1717 2912 1771 vidua
2942 1729 3013 1774 est
3051 1732 3098 1775 et
3139 1726 3365 1783 desolata
3400 1703 3699 1801 sperauit-iu

2109 1793 2330 1851 Domino
2350 1840 2364 1861 ,
2396 1812 2441 1854 et
2469 1806 2686 1872 persistit
2712 1807 2765 1861 in
2794 1811 3021 1866 oratione
3052 1825 3195 1871 nocte
3222 1834 3283 1872 ac
3301 1821 3383 1876 die
3420 1825 3462 1896 (Ι
3479 1824 3611 1881 Tim.
3635 1844 3692 1895 ν,

2108 1886 2187 1954 5).
2243 1888 2394 1945 Unde
2442 1894 2631 1949 mirum
2672 1898 2836 1953 videri
2890 1912 3097 1971 potest,
3132 1921 3252 1962 cum
3289 1911 3363 1966 sis
3404 1886 3696 1977 secundum

2109 1983 2210 2039 hoc
2246 1990 2499 2045 saeculum
2526 1994 2738 2063 nobilis,
2757 1998 2906 2055 dives
2926 2042 2940 2066 ,
2976 2012 3237 2074 tantaeque
3262 2005 3476 2062 familiae
3504 2020 3694 2076 mater,

2107 2083 2161 2129 et
2187 2078 2237 2131 in
2260 2093 2324 2133 eo
2354 2081 2478 2137 licet
2505 2086 2680 2151 vidua,
2710 2104 2813 2142 non
2843 2099 3017 2147 tamen
3040 2095 3293 2160 desolata,
3318 2101 3586 2168 quomodo
3605 2119 3696 2159 oc-

2105 2171 2374 2236 cupaverit
2392 2187 2486 2227 cor
2506 2184 2649 2230 tuum
2669 2181 3038 2253 praecipueque
3058 2186 3155 2239 sibi
3172 2187 3517 2246 vindicaverit
3537 2208 3695 2248 oran-

2103 2255 2155 2309 di
2193 2273 2356 2327 cura;
2391 2264 2488 2317 nisi
2532 2268 2653 2336 quia
2688 2271 2978 2339 prudenter
3016 2277 3266 2349 intelligis
3305 2283 3447 2352 quod
3491 2288 3543 2338 in
3588 2286 3687 2343 hoc

2104 2351 2302 2405 mundo
2331 2361 2385 2407 et
2414 2355 2464 2408 in
2497 2357 2597 2412 hac
2626 2360 2729 2413 vita
2758 2364 2898 2418 nulla
2926 2368 3098 2421 anima
3124 2372 3287 2439 possit
3306 2389 3425 2428 esse
3450 2390 3653 2432 secura.

2172 2442 2226 2497 2.
2252 2446 2479 2504 Proinde
2500 2452 2588 2521 qui
2614 2453 2703 2508 tibi
2731 2471 2848 2511 eam
2878 2460 3248 2530 cogitationem
3272 2466 3438 2533 dedit,
3455 2468 3691 2536 profecto

2099 2532 2225 2590 facit
2265 2541 2405 2607 quod
2438 2541 2718 2613 Discipulis
2747 2550 2856 2603 suis
2878 2592 2891 2613 ,
2925 2567 3030 2606 non
3078 2568 3173 2622 pro
3202 2532 3429 2625 seipsis,
3456 2532 3561 2614 sed
3594 2578 3690 2631 pro

2100 2623 2331 2683 humano
2358 2645 2554 2701 genere
2584 2639 2942 2708 contristatis,
2985 2651 3040 2697 et
3067 2623 3471 2714 desperantibus
3498 2667 3687 2722 quem-

2097 2731 2252 2785 quam
2284 2736 2441 2788 posse
2469 2727 2682 2793 salvari,
2708 2740 3053 2802 posteaquam
3081 2736 3148 2790 ab
3178 2738 3271 2792 illo
3300 2742 3581 2799 audierunt
3609 2747 3688 2801 fa-

2096 2807 2247 2863 cilius
2272 2826 2395 2867 esse
2422 2819 2681 2873 cainelum
2711 2823 2908 2878 intrare
2941 2840 3037 2895 per
3066 2827 3303 2884 foramen
3332 2848 3457 2889 acus
3482 2877 3497 2902 ,
3526 2853 3683 2906 quam

2095 2896 2310 2955 divitem
2335 2903 2385 2956 iu
2410 2921 2625 2974 regnum
2653 2912 2908 2967 caelorum
2935 2932 2949 2978 ;
2981 2918 3199 2972 mirilica
3226 2932 3279 2975 et
3300 2924 3686 2984 misericordis-

2093 2992 2225 3047 sima
2247 2997 2621 3065 pollicitationc
2648 3009 2938 3075 respondit,
2964 3011 3072 3065 Deo
3103 3028 3222 3068 esse
3246 3014 3403 3073 facile
3424 3022 3562 3089 quod
3587 3024 3684 3078 lio-

2092 3086 2321 3142 miuibns
2353 3091 2676 3159 impossibile
2701 3106 2783 3151 est
2811 3097 3019 3172 (Matth.
3052 3119 3165 3170 χιχ,
3188 3107 3403 3181 2i-26).
3435 3086 3529 3167 Cui
3555 3133 3682 3188 ergo

2091 3176 2240 3232 facile
2270 3189 2353 3235 est
2394 3192 2447 3235 ut
2485 3186 2644 3241 etiam
2685 3190 2834 3245 dives
2870 3192 3028 3248 intret
3065 3196 3115 3249 in
3146 3212 3365 3267 regnum
3395 3204 3674 3275 caelorum,

2090 3268 2365 3339 inspiravit
2393 3276 2480 3330 tibi
2514 3279 2649 3346 piam
2682 3283 3112 3354 sollicitudinem,
3142 3289 3208 3344 de
3236 3306 3341 3360 qua
3372 3311 3457 3351 me
3481 3313 3680 3355 consu-

2087 3361 2299 3417 lendum
2329 3371 2519 3435 putasti
2546 3388 2771 3438 quonam
2806 3377 2962 3430 modo
2989 3389 3124 3432 esset
3167 3384 3256 3436 lilii
3282 3388 3559 3444 orandum.
3586 3392 3677 3449 Ille

2086 3469 2314 3525 namque
2333 3472 2451 3513 cum
2471 3462 2628 3515 etiam
2654 3465 2738 3518 hic
2757 3467 2927 3521 adhuc
2948 3482 3092 3524 esset
3113 3472 3165 3527 in
3187 3488 3367 3542 carne,
3395 3477 3672 3539 Zachazum

2085 3542 2299 3599 divitem
2329 3549 2380 3601 in
2411 3565 2628 3619 regnum
2659 3556 2915 3611 ccelorum
2944 3560 3085 3614 misit
3111 3560 3258 3631 (Luc.
3280 3581 3393 3634 XIX,
3417 3569 3496 3641 9),
3519 3582 3571 3627 et
3593 3590 3673 3630 re-

2082 3639 2411 3693 surrectione
2426 3649 2583 3709 atque
2599 3647 2908 3701 ascensione
2932 3649 3276 3721 glorificatns,
3306 3639 3498 3713 multos
3530 3675 3677 3731 post-

2082 3742 2141 3781 ca
2170 3728 2359 3784 divites
2393 3732 2659 3801 impartito
2679 3736 2882 3805 Spiritu
2921 3752 3104 3797 sancto
3137 3743 3262 3800 fecit
3304 3748 3459 3818 hujus
3493 3728 3669 3813 saeculi

2081 3829 2500 3891 contemptores,
2527 3836 2580 3881 et
2606 3827 2752 3882 [inita
2784 3831 3083 3888 divitiarum
3113 3840 3398 3906 cupiditate
3427 3845 3666 3903 ditiores.

2080 3909 2356 3978 Quomodo
2386 3915 2526 3970 enim
2561 3928 2614 3971 tu
2644 3922 2721 3975 sic
2752 3923 2994 3979 studeres
3022 3943 3175 3984 orare
3206 3931 3391 4001 Deum,
3418 3938 3514 3991 nisi
3545 3954 3668 4009 Spe-

2080 4016 2228 4056 rares
2254 4004 2309 4058 in
2333 4006 2432 4059 eo?
2457 4010 2724 4076 quomodo
2748 4023 2922 4067 autem
2945 4031 3191 4085 sperares
3218 4020 3272 4075 in
3305 4039 3391 4091 eo,
3411 4029 3453 4080 si
3483 4043 3667 4097 spera—

2079 4105 2165 4145 res
2193 4092 2245 4146 in
2275 4094 2477 4149 incerto
2504 4097 2829 4169 divitiarum,
2864 4114 2918 4157 et
2943 4116 3315 4168 contemneres
3344 4129 3662 4187 praecepth

2077 4181 2482 4238 saluberrimum
2506 4227 2521 4251 ,
2551 4203 2657 4257 quo
2698 4188 2985 4261 Apostolus
3025 4197 3099 4250 ait
3124 4216 3137 4251 :
3160 4181 3393 4273 Prwcipe
3429 4181 3662 4267 divitibus

2076 4272 2227 4339 hujus
2246 4272 2418 4328 mundi
2439 4292 2538 4330 non
2559 4282 2769 4348 superbe
2785 4299 2979 4353 sapere,
3000 4302 3160 4357 neque
3175 4307 3381 4359 sperare
3398 4296 3449 4349 in
3471 4298 3663 4358 incerto

2074 4361 2383 4428 divitiarum,
2407 4365 2495 4418 sed
2512 4367 2565 4420 in
2582 4367 2688 4423 Deo
2710 4371 2819 4426 vivo
2835 4376 2920 4442 qui
2935 4387 3140 4445 praestat
3156 4381 3296 4436 nobis
3311 4387 3482 4441 omnia
3496 4391 3657 4447 abun-

2073 4453 2249 4508 danter
2273 4456 2341 4509 ad
2375 4459 2681 4527 fruendum;
2705 4474 2758 4516 ut
2799 4466 2974 4521 divites
2997 4469 3096 4522 sint
3131 4471 3186 4525 in
3225 4476 3460 4545 operibus
3492 4481 3655 4553 bonis,

2072 4546 2223 4616 facile
2236 4547 2473 4614 tribuant,
2491 4556 2875 4624 communicent,
2896 4560 3230 4619 tltesaurizent
3244 4568 3339 4623 sibi
3356 4573 3656 4643 fundamen-

2073 4648 2178 4691 tum
2205 4639 2388 4695 bonum
2415 4645 2468 4697 in
2497 4648 2751 4716 futurum,
2779 4661 2835 4703 ut
2873 4654 3258 4721 apprelteudant
3296 4639 3464 4719 verum
3504 4668 3662 4724 vitam.

2139 4823 2362 4879 CAPUT
2384 4825 2525 4879 ll.—
2544 4828 2593 4882 5.
2616 4829 2785 4883 Debes
2803 4831 2974 4900 itaque
2998 4851 3104 4903 pra:
3126 4854 3306 4897 amore
3332 4842 3488 4914 hujus
3510 4864 3651 4905 verae

2068 4913 2225 4977 \‘itze,
2255 4916 2412 4968 etiam
2456 4916 2747 4973 desolatam
2793 4929 2843 4974 te
2883 4934 3071 4992 putare
3102 4928 3152 4982 in
3196 4934 3294 4987 hoc
3336 4939 3564 5003 smculo,
3598 4944 3647 4996 iu

2065 5007 2390 5074 quantalibet
2414 5008 2527 5076 ejus
2562 5008 2815 5068 felicitate
2842 5018 3089 5071 verseris.
3127 5018 3263 5073 Nam
3290 5025 3424 5079 sicut
3449 5039 3530 5082 est
3560 5030 3644 5086 illa

2123 5159 2198 5241 I(_a)
2220 5168 2271 5241 tu
2292 5160 2736 5241 arrisumea‘t‘ttrbis
2758 5168 2951 5241 eacidio
2970 5169 3336 5241 _fuger_a_t_Proba
3358 5183 3641 5241 cognomine

2058 5221 2285 5294 Faltonia,
2306 5225 2437 5294 Probi
2459 5224 2668 5294 Praefecti
2684 5230 2914 5294 prauorio
2935 5237 2992 5294 et
3006 5221 3084 5281 aii.
3101 5221 3202 5284 δὴ
3222 5221 3643 5294 ὡῖιὲυἶῖἕδῖἇῖίίᾷἶ

2057 5286 2117 5361 pii
2140 5288 2335 5347 conjux,
2359 5287 2465 5334 avia
2486 5286 2802 5361 Demetriadis
2824 5292 3041 5353 virginis,
3080 5296 3331 5361 ipsiusque
3350 5286 3646 5354 inanis???»

2057 5344 2198 5422 lianc
2214 5344 2445 5422 domitore
2475 5354 2650 5422 mter,
2684 5351 2775 5400 sed
2808 5344 3004 5414 socrus,
3028 5344 3647 5422 ex‘tagtisaua'ﬁiiiiﬁia

2057 5381 2197 5396 ...ιιι-ι.
2214 5381 2310 5398 ιιυυ
2333 5381 2445 5397 νυιν
2475 5381 2623 5399 unum
2684 5381 2775 5400 οω
2808 5381 3004 5414 mus,
3029 5381 3092 5406 ει
3127 5381 3455 5422 ηυδυδιωοιιι
3472 5381 3644 5419 ιω.οη

2056 5414 2182 5489 pono
2206 5410 2474 5489 viduitatis,
2482 5423 2571 5489 Le;
2582 5381 2670 5489 ᾖ,
2692 5419 3277 5489 gecnouex‘uie‘rouyiuo
3296 5426 3343 5472 in
3368 5427 3508 5489 epist.
3534 5429 3644 5482 Sal

2054 5473 2427 5552 pemetﬁadem,
2445 5471 2529 5521 ubi
2545 5471 2669 5523 hanc
2688 5473 2866 5549 Olibrio
2884 5478 3045 5552 Proba:
3063 5478 3162 5552 lilio
3170 5471 3638 5552 'natamie'sse‘sigm:

2054 5531 2190 5594 fleat;
2213 5534 2419 5606 subinde
2436 5547 2734 5613 v‘ero‘genus
2756 5539 2866 5608 ejus
2886 5539 3192 5613 aequissimis
3230 5531 3636 5613 taaiiiiﬁsﬁiﬁsil-

2054 5548 2190 5594 neat;
2213 5548 2419 5584 subinde
2436 5548 2556 5583 vero
2575 5548 2734 5643 genus
2758 5550 2866 5599 ejus
2887 5548 3192 5603 amplissimis
3230 5548 3449 5597 laudibus
3466 5548 3636 5613 prose-

2052 5602 2192 5666 cutus
2208 5597 2306 5667 a_it:
2334 5594 3151 5674 magnai},aomniumfiignitatum
3177 5614 3227 5674 et
3258 5620 3441 5658 etmetze
3464 5615 3636 5663 nolnli-

2060 5674 2081 5699 α
2099 5658 2211 5724 tatis
2227 5658 2275 5727 in
2292 5659 2413 5706 orbe
2432 5665 2636 5730 sontant)
2653 5672 2827 5730 nomen
2848 5658 3081 5730 illustrius
3106 5679 3133 5730 :A
3149 5670 3287 5730 cujus
3323 5658 3637 5725 sanctitas—iet

2056 5731 2079 5761 α
2097 5717 2423 5787 in_uni_versos
2441 5721 2813 5787 ell‘usalmnitas,
2835 5726 2980 5773 etiam
3011 5728 3137 5787 apud
3170 5717 3406 5782 barbaros
3419 5717 3636 5786 "@712va

2053 5793 2078 5822 ι
2097 5777 2317 5853 bilisrt'uit
2335 5793 2349 5838 ;
2370 5794 2515 5842 quam
2548 5785 2697 5853 trium
2725 5777 2990 5853 liberorum
3014 5777 3405 5853 Probini,V(—;librii
3426 5777 3634 5849 éi

2055 5851 2188 5888 «non
2207 5839 3047 5901 fatiganintordinariicousulatus.’
3072 5857 3165 5899 etc.
3203 5839 3218 5853 ’
