  <div class='ocr_page' id='page_1' title='image "/cluster/home/n/w/nwhite01/storage/ocr_20150623/33/hvd.32044015471451/253.png"; bbox 0 0 4014 6338; ppageno 0'>
   <div class='ocr_carea' id='block_1_1' title="bbox 519 367 622 426">
    <p class='ocr_par' dir='ltr' id='par_1_1' title="bbox 519 367 622 426">
     <span class='ocr_line' id='line_1_1' title="bbox 519 367 622 426; baseline -0.058 0"><span class='ocrx_word' id='word_1_1' title='bbox 519 367 622 426; x_wconf 68' lang='grc' dir='ltr'>ιθις</span> 
     </span>
    </p>
   </div>
   <div class='ocr_carea' id='block_1_2' title="bbox 525 476 2102 550">
    <p class='ocr_par' dir='ltr' id='par_1_2' title="bbox 525 476 2102 550">
     <span class='ocr_line' id='line_1_2' title="bbox 525 476 2102 550; baseline -0.004 -14"><span class='ocrx_word' id='word_1_2' title='bbox 525 499 646 538; x_wconf 74' lang='lat' dir='ltr'><strong>rcra</strong></span> <span class='ocrx_word' id='word_1_3' title='bbox 670 483 798 547; x_wconf 80' lang='lat' dir='ltr'><strong>vita,</strong></span> <span class='ocrx_word' id='word_1_4' title='bbox 828 481 882 536; x_wconf 91' lang='lat' dir='ltr'><strong>in</strong></span> <span class='ocrx_word' id='word_1_5' title='bbox 906 478 1058 550; x_wconf 82' lang='lat' dir='ltr'><strong>cujus</strong></span> <span class='ocrx_word' id='word_1_6' title='bbox 1073 477 1471 549; x_wconf 67' lang='lat' dir='ltr'><strong>comparatione</strong></span> <span class='ocrx_word' id='word_1_7' title='bbox 1494 476 1674 547; x_wconf 86' lang='lat' dir='ltr'><strong>utique</strong></span> <span class='ocrx_word' id='word_1_8' title='bbox 1698 477 1798 532; x_wconf 88' lang='lat' dir='ltr'><strong>ista</strong></span> <span class='ocrx_word' id='word_1_9' title='bbox 1823 493 1946 547; x_wconf 74' lang='lat' dir='ltr'><strong>qua!</strong></span> <span class='ocrx_word' id='word_1_10' title='bbox 1967 479 2102 532; x_wconf 80' lang='lat' dir='ltr'><strong>mul-</strong></span> 
     </span>
    </p>
   </div>
   <div class='ocr_carea' id='block_1_3' title="bbox 515 569 2097 643">
    <p class='ocr_par' dir='ltr' id='par_1_3' title="bbox 515 569 2097 643">
     <span class='ocr_line' id='line_1_3' title="bbox 515 569 2097 643; baseline -0.004 -13"><span class='ocrx_word' id='word_1_11' title='bbox 515 585 632 630; x_wconf 88' lang='lat' dir='ltr'><strong>tum</strong></span> <span class='ocrx_word' id='word_1_12' title='bbox 668 581 906 636; x_wconf 85' lang='lat' dir='ltr'><strong>amatur,</strong></span> <span class='ocrx_word' id='word_1_13' title='bbox 941 571 1235 643; x_wconf 91' lang='lat' dir='ltr'><strong>quamlibet</strong></span> <span class='ocrx_word' id='word_1_14' title='bbox 1265 569 1498 640; x_wconf 85' lang='lat' dir='ltr'><strong>jucunda</strong></span> <span class='ocrx_word' id='word_1_15' title='bbox 1541 579 1700 639; x_wconf 89' lang='lat' dir='ltr'><strong>atque</strong></span> <span class='ocrx_word' id='word_1_16' title='bbox 1729 570 1984 639; x_wconf 87' lang='lat' dir='ltr'><strong>producta</strong></span> <span class='ocrx_word' id='word_1_17' title='bbox 2008 571 2097 637; x_wconf 86' lang='lat' dir='ltr'><strong>sit,</strong></span> 
     </span>
    </p>
   </div>
   <div class='ocr_carea' id='block_1_4' title="bbox 516 659 2096 723">
    <p class='ocr_par' dir='ltr' id='par_1_4' title="bbox 516 659 2096 723">
     <span class='ocr_line' id='line_1_4' title="bbox 516 659 2096 723; baseline -0.006 -3"><span class='ocrx_word' id='word_1_18' title='bbox 516 679 616 720; x_wconf 89' lang='lat' dir='ltr'><strong>nec</strong></span> <span class='ocrx_word' id='word_1_19' title='bbox 645 665 749 718; x_wconf 90' lang='lat' dir='ltr'><strong>vita</strong></span> <span class='ocrx_word' id='word_1_20' title='bbox 789 662 1013 718; x_wconf 89' lang='lat' dir='ltr'><strong>dicenda</strong></span> <span class='ocrx_word' id='word_1_21' title='bbox 1040 669 1124 716; x_wconf 91' lang='lat' dir='ltr'><strong>est</strong></span> <span class='ocrx_word' id='word_1_22' title='bbox 1153 661 1269 715; x_wconf 89' lang='lat' dir='ltr'><strong>:sic</strong></span> <span class='ocrx_word' id='word_1_23' title='bbox 1304 669 1387 715; x_wconf 92' lang='lat' dir='ltr'><strong>est</strong></span> <span class='ocrx_word' id='word_1_24' title='bbox 1423 659 1583 714; x_wconf 84' lang='lat' dir='ltr'><strong>etiam</strong></span> <span class='ocrx_word' id='word_1_25' title='bbox 1623 661 1868 714; x_wconf 75' lang='lat' dir='ltr'><strong>solatium</strong></span> <span class='ocrx_word' id='word_1_26' title='bbox 1893 676 2096 723; x_wconf 81' lang='lat' dir='ltr'><strong>verum,</strong></span> 
     </span>
    </p>
   </div>
   <div class='ocr_carea' id='block_1_5' title="bbox 513 752 2099 828">
    <p class='ocr_par' dir='ltr' id='par_1_5' title="bbox 513 752 2099 828">
     <span class='ocr_line' id='line_1_5' title="bbox 513 752 2099 828; baseline -0.005 -16"><span class='ocrx_word' id='word_1_27' title='bbox 513 757 656 828; x_wconf 92' lang='lat' dir='ltr'><strong>quod</strong></span> <span class='ocrx_word' id='word_1_28' title='bbox 681 772 774 826; x_wconf 88' lang='lat' dir='ltr'><strong>per</strong></span> <span class='ocrx_word' id='word_1_29' title='bbox 799 755 1109 827; x_wconf 82' lang='lat' dir='ltr'><strong>prophetam</strong></span> <span class='ocrx_word' id='word_1_30' title='bbox 1139 753 1394 808; x_wconf 90' lang='lat' dir='ltr'><strong>Dominus</strong></span> <span class='ocrx_word' id='word_1_31' title='bbox 1423 753 1681 822; x_wconf 85' lang='lat' dir='ltr'><strong>promittit</strong></span> <span class='ocrx_word' id='word_1_32' title='bbox 1709 753 1893 808; x_wconf 89' lang='lat' dir='ltr'><strong>dicens</strong></span> <span class='ocrx_word' id='word_1_33' title='bbox 1910 795 1926 817; x_wconf 92' lang='lat'><strong>,</strong></span> <span class='ocrx_word' id='word_1_34' title='bbox 1953 752 2099 805; x_wconf 77' lang='lat' dir='ltr'><strong>Dabo</strong></span> 
     </span>
    </p>
   </div>
   <div class='ocr_carea' id='block_1_6' title="bbox 513 843 2094 917">
    <p class='ocr_par' dir='ltr' id='par_1_6' title="bbox 513 843 2094 917">
     <span class='ocr_line' id='line_1_6' title="bbox 513 843 2094 917; baseline -0.003 -15"><span class='ocrx_word' id='word_1_35' title='bbox 513 850 592 904; x_wconf 91' lang='lat' dir='ltr'><strong>illi</strong></span> <span class='ocrx_word' id='word_1_36' title='bbox 619 848 855 904; x_wconf 73' lang='lat' dir='ltr'><strong>solatium</strong></span> <span class='ocrx_word' id='word_1_37' title='bbox 879 863 1068 910; x_wconf 80' lang='lat' dir='ltr'><strong>verunt,</strong></span> <span class='ocrx_word' id='word_1_38' title='bbox 1096 862 1272 917; x_wconf 78' lang='lat' dir='ltr'><strong>pacem</strong></span> <span class='ocrx_word' id='word_1_39' title='bbox 1295 862 1446 915; x_wconf 84' lang='lat' dir='ltr'><strong>super</strong></span> <span class='ocrx_word' id='word_1_40' title='bbox 1469 861 1643 916; x_wconf 83' lang='lat' dir='ltr'><strong>pacem</strong></span> <span class='ocrx_word' id='word_1_41' title='bbox 1669 843 1832 910; x_wconf 85' lang='lat' dir='ltr'><strong>(Isai.</strong></span> <span class='ocrx_word' id='word_1_42' title='bbox 1853 861 1977 911; x_wconf 79' lang='lat' dir='ltr'><strong>LVII,</strong></span> <span class='ocrx_word' id='word_1_43' title='bbox 2007 845 2094 911; x_wconf 86' lang='grc'><strong>18,</strong></span> 
     </span>
    </p>
   </div>
   <div class='ocr_carea' id='block_1_7' title="bbox 513 937 2096 1009">
    <p class='ocr_par' dir='ltr' id='par_1_7' title="bbox 513 937 2096 1009">
     <span class='ocr_line' id='line_1_7' title="bbox 513 937 2096 1009; baseline -0.004 -13"><span class='ocrx_word' id='word_1_44' title='bbox 513 942 604 1006; x_wconf 76' lang='grc'><strong>19,</strong></span> <span class='ocrx_word' id='word_1_45' title='bbox 630 958 726 994; x_wconf 79' lang='lat' dir='ltr'><strong>sec.</strong></span> <span class='ocrx_word' id='word_1_46' title='bbox 749 939 942 1009; x_wconf 83' lang='lat' dir='ltr'><strong>LXX);</strong></span> <span class='ocrx_word' id='word_1_47' title='bbox 977 938 1094 992; x_wconf 86' lang='lat' dir='ltr'><strong>sine</strong></span> <span class='ocrx_word' id='word_1_48' title='bbox 1119 951 1224 1007; x_wconf 91' lang='lat' dir='ltr'><strong>quo</strong></span> <span class='ocrx_word' id='word_1_49' title='bbox 1248 937 1438 993; x_wconf 90' lang='lat' dir='ltr'><strong>solatio</strong></span> <span class='ocrx_word' id='word_1_50' title='bbox 1463 953 1808 1008; x_wconf 58' lang='lat' dir='ltr'><strong>quacumque</strong></span> <span class='ocrx_word' id='word_1_51' title='bbox 1831 945 1955 991; x_wconf 92' lang='lat' dir='ltr'><strong>sunt</strong></span> <span class='ocrx_word' id='word_1_52' title='bbox 1987 946 2096 992; x_wconf 87' lang='lat' dir='ltr'><strong>ter-</strong></span> 
     </span>
    </p>
   </div>
   <div class='ocr_carea' id='block_1_8' title="bbox 517 1027 2098 1098">
    <p class='ocr_par' dir='ltr' id='par_1_8' title="bbox 517 1027 2098 1098">
     <span class='ocr_line' id='line_1_8' title="bbox 517 1027 2098 1098; baseline -0.004 -11"><span class='ocrx_word' id='word_1_53' title='bbox 517 1046 647 1087; x_wconf 87' lang='lat' dir='ltr'><strong>rena</strong></span> <span class='ocrx_word' id='word_1_54' title='bbox 670 1030 853 1084; x_wconf 89' lang='lat' dir='ltr'><strong>solatia</strong></span> <span class='ocrx_word' id='word_1_55' title='bbox 869 1071 885 1096; x_wconf 89' lang='lat'><strong>,</strong></span> <span class='ocrx_word' id='word_1_56' title='bbox 910 1028 1078 1098; x_wconf 87' lang='lat' dir='ltr'><strong>magis</strong></span> <span class='ocrx_word' id='word_1_57' title='bbox 1113 1028 1166 1082; x_wconf 93' lang='lat' dir='ltr'><strong>in</strong></span> <span class='ocrx_word' id='word_1_58' title='bbox 1191 1028 1272 1082; x_wconf 89' lang='lat' dir='ltr'><strong>eis</strong></span> <span class='ocrx_word' id='word_1_59' title='bbox 1298 1027 1555 1083; x_wconf 91' lang='lat' dir='ltr'><strong>desolatio</strong></span> <span class='ocrx_word' id='word_1_60' title='bbox 1573 1069 1589 1093; x_wconf 94' lang='lat'><strong>,</strong></span> <span class='ocrx_word' id='word_1_61' title='bbox 1615 1043 1772 1098; x_wconf 88' lang='lat' dir='ltr'><strong>quam</strong></span> <span class='ocrx_word' id='word_1_62' title='bbox 1805 1027 2098 1082; x_wconf 83' lang='lat' dir='ltr'><strong>consolatio</strong></span> 
     </span>
    </p>
   </div>
   <div class='ocr_carea' id='block_1_9' title="bbox 511 1118 2092 1191">
    <p class='ocr_par' dir='ltr' id='par_1_9' title="bbox 511 1118 2092 1191">
     <span class='ocr_line' id='line_1_9' title="bbox 511 1118 2092 1191; baseline -0.003 -14"><span class='ocrx_word' id='word_1_63' title='bbox 511 1122 791 1191; x_wconf 87' lang='lat' dir='ltr'><strong>reperitur.</strong></span> <span class='ocrx_word' id='word_1_64' title='bbox 835 1118 1038 1174; x_wconf 77' lang='lat' dir='ltr'><strong>Divitia:</strong></span> <span class='ocrx_word' id='word_1_65' title='bbox 1075 1119 1272 1188; x_wconf 83' lang='lat' dir='ltr'><strong>quippe</strong></span> <span class='ocrx_word' id='word_1_66' title='bbox 1315 1128 1475 1188; x_wconf 87' lang='lat' dir='ltr'><strong>atque</strong></span> <span class='ocrx_word' id='word_1_67' title='bbox 1520 1118 1725 1189; x_wconf 77' lang='lat' dir='ltr'><strong>fastigia</strong></span> <span class='ocrx_word' id='word_1_68' title='bbox 1760 1118 2092 1188; x_wconf 86' lang='lat' dir='ltr'><strong>dignitatum.</strong></span> 
     </span>
    </p>
   </div>
   <div class='ocr_carea' id='block_1_10' title="bbox 508 1209 2096 1282">
    <p class='ocr_par' dir='ltr' id='par_1_10' title="bbox 508 1209 2096 1282">
     <span class='ocr_line' id='line_1_10' title="bbox 508 1209 2096 1282; baseline 0 -16"><span class='ocrx_word' id='word_1_69' title='bbox 508 1221 806 1282; x_wconf 58' lang='lat' dir='ltr'><strong>ceteraque</strong></span> <span class='ocrx_word' id='word_1_70' title='bbox 858 1210 1163 1280; x_wconf 86' lang='lat' dir='ltr'><strong>hujusmodi</strong></span> <span class='ocrx_word' id='word_1_71' title='bbox 1211 1210 1402 1280; x_wconf 88' lang='lat' dir='ltr'><strong>quibus</strong></span> <span class='ocrx_word' id='word_1_72' title='bbox 1440 1209 1624 1267; x_wconf 74' lang='lat' dir='ltr'><strong>felices</strong></span> <span class='ocrx_word' id='word_1_73' title='bbox 1659 1227 1718 1266; x_wconf 90' lang='lat' dir='ltr'><strong>se</strong></span> <span class='ocrx_word' id='word_1_74' title='bbox 1755 1226 1876 1267; x_wconf 86' lang='lat' dir='ltr'><strong>esse</strong></span> <span class='ocrx_word' id='word_1_75' title='bbox 1911 1221 2096 1281; x_wconf 87' lang='lat' dir='ltr'><strong>putant</strong></span> 
     </span>
    </p>
   </div>
   <div class='ocr_carea' id='block_1_11' title="bbox 507 1301 2094 1373">
    <p class='ocr_par' dir='ltr' id='par_1_11' title="bbox 507 1301 2094 1373">
     <span class='ocr_line' id='line_1_11' title="bbox 507 1301 2094 1373; baseline 0.002 -18"><span class='ocrx_word' id='word_1_76' title='bbox 507 1303 762 1366; x_wconf 73' lang='lat' dir='ltr'><strong>mortales</strong></span> <span class='ocrx_word' id='word_1_77' title='bbox 797 1317 936 1356; x_wconf 71' lang='lat' dir='ltr'><strong>verte</strong></span> <span class='ocrx_word' id='word_1_78' title='bbox 962 1301 1104 1356; x_wconf 87' lang='lat' dir='ltr'><strong>illius</strong></span> <span class='ocrx_word' id='word_1_79' title='bbox 1127 1301 1394 1356; x_wconf 75' lang='lat' dir='ltr'><strong>felicitatis</strong></span> <span class='ocrx_word' id='word_1_80' title='bbox 1419 1313 1688 1370; x_wconf 87' lang='lat' dir='ltr'><strong>expertes,</strong></span> <span class='ocrx_word' id='word_1_81' title='bbox 1713 1303 1838 1373; x_wconf 90' lang='lat' dir='ltr'><strong>quid</strong></span> <span class='ocrx_word' id='word_1_82' title='bbox 1867 1302 2094 1358; x_wconf 63' lang='lat' dir='ltr'><strong>alterunt</strong></span> 
     </span>
    </p>
   </div>
   <div class='ocr_carea' id='block_1_12' title="bbox 505 1393 2094 1464">
    <p class='ocr_par' dir='ltr' id='par_1_12' title="bbox 505 1393 2094 1464">
     <span class='ocr_line' id='line_1_12' title="bbox 505 1393 2094 1464; baseline 0.002 -18"><span class='ocrx_word' id='word_1_83' title='bbox 505 1393 907 1459; x_wconf 83' lang='lat' dir='ltr'><strong>consolationis,</strong></span> <span class='ocrx_word' id='word_1_84' title='bbox 926 1407 1046 1446; x_wconf 92' lang='lat' dir='ltr'><strong>cum</strong></span> <span class='ocrx_word' id='word_1_85' title='bbox 1068 1393 1137 1447; x_wconf 92' lang='lat' dir='ltr'><strong>sit</strong></span> <span class='ocrx_word' id='word_1_86' title='bbox 1155 1393 1232 1448; x_wconf 88' lang='lat' dir='ltr'><strong>eis</strong></span> <span class='ocrx_word' id='word_1_87' title='bbox 1255 1409 1358 1446; x_wconf 86' lang='lat' dir='ltr'><strong>uon</strong></span> <span class='ocrx_word' id='word_1_88' title='bbox 1384 1394 1398 1424; x_wconf 83' lang='grc'>¹</span> <span class='ocrx_word' id='word_1_89' title='bbox 1423 1393 1660 1462; x_wconf 76' lang='lat' dir='ltr'><strong>indigere</strong></span> <span class='ocrx_word' id='word_1_90' title='bbox 1679 1411 1835 1464; x_wconf 90' lang='lat' dir='ltr'><strong>quam</strong></span> <span class='ocrx_word' id='word_1_91' title='bbox 1856 1395 2094 1450; x_wconf 88' lang='lat' dir='ltr'><strong>eminere</strong></span> 
     </span>
    </p>
   </div>
   <div class='ocr_carea' id='block_1_13' title="bbox 506 1484 2090 1554">
    <p class='ocr_par' dir='ltr' id='par_1_13' title="bbox 506 1484 2090 1554">
     <span class='ocr_line' id='line_1_13' title="bbox 506 1484 2090 1554; baseline 0.001 -17"><span class='ocrx_word' id='word_1_92' title='bbox 506 1484 845 1553; x_wconf 67' lang='lat' dir='ltr'><strong>praestantius</strong></span> <span class='ocrx_word' id='word_1_93' title='bbox 865 1501 879 1548; x_wconf 91' lang='lat'><strong>;</strong></span> <span class='ocrx_word' id='word_1_94' title='bbox 903 1499 1022 1554; x_wconf 77' lang='lat' dir='ltr'><strong>qua:</strong></span> <span class='ocrx_word' id='word_1_95' title='bbox 1045 1484 1161 1553; x_wconf 86' lang='lat' dir='ltr'><strong>plus</strong></span> <span class='ocrx_word' id='word_1_96' title='bbox 1181 1484 1486 1538; x_wconf 80' lang='lat' dir='ltr'><strong>excruciant</strong></span> <span class='ocrx_word' id='word_1_97' title='bbox 1504 1485 1690 1554; x_wconf 83' lang='lat' dir='ltr'><strong>adepta</strong></span> <span class='ocrx_word' id='word_1_98' title='bbox 1715 1485 1904 1539; x_wconf 91' lang='lat' dir='ltr'><strong>timore</strong></span> <span class='ocrx_word' id='word_1_99' title='bbox 1928 1486 2090 1538; x_wconf 88' lang='lat' dir='ltr'><strong>amis-</strong></span> 
     </span>
    </p>
   </div>
   <div class='ocr_carea' id='block_1_14' title="bbox 503 1575 2090 1646">
    <p class='ocr_par' dir='ltr' id='par_1_14' title="bbox 503 1575 2090 1646">
     <span class='ocr_line' id='line_1_14' title="bbox 503 1575 2090 1646; baseline 0 -14"><span class='ocrx_word' id='word_1_100' title='bbox 503 1575 672 1632; x_wconf 82' lang='lat' dir='ltr'><strong>sionis</strong></span> <span class='ocrx_word' id='word_1_101' title='bbox 691 1617 704 1641; x_wconf 87' lang='lat'><strong>,</strong></span> <span class='ocrx_word' id='word_1_102' title='bbox 729 1591 887 1644; x_wconf 88' lang='lat' dir='ltr'><strong>quam</strong></span> <span class='ocrx_word' id='word_1_103' title='bbox 917 1577 1196 1645; x_wconf 85' lang='lat' dir='ltr'><strong>concupita</strong></span> <span class='ocrx_word' id='word_1_104' title='bbox 1241 1575 1538 1646; x_wconf 89' lang='lat' dir='ltr'><strong>adeptionis</strong></span> <span class='ocrx_word' id='word_1_105' title='bbox 1564 1577 1755 1632; x_wconf 84' lang='lat' dir='ltr'><strong>ardore</strong></span> <span class='ocrx_word' id='word_1_106' title='bbox 1782 1578 1841 1632; x_wconf 82' lang='lat'><strong>&#39;?</strong></span> <span class='ocrx_word' id='word_1_107' title='bbox 1878 1577 2090 1632; x_wconf 87' lang='lat' dir='ltr'><strong>Talibus</strong></span> 
     </span>
    </p>
   </div>
   <div class='ocr_carea' id='block_1_15' title="bbox 501 1665 2085 1733">
    <p class='ocr_par' dir='ltr' id='par_1_15' title="bbox 501 1665 2085 1733">
     <span class='ocr_line' id='line_1_15' title="bbox 501 1665 2085 1733; baseline 0.001 -13"><span class='ocrx_word' id='word_1_108' title='bbox 501 1666 659 1720; x_wconf 90' lang='lat' dir='ltr'><strong>bonis</strong></span> <span class='ocrx_word' id='word_1_109' title='bbox 683 1682 785 1719; x_wconf 87' lang='lat' dir='ltr'><strong>non</strong></span> <span class='ocrx_word' id='word_1_110' title='bbox 827 1666 959 1720; x_wconf 88' lang='lat' dir='ltr'><strong>liunt</strong></span> <span class='ocrx_word' id='word_1_111' title='bbox 987 1665 1228 1719; x_wconf 83' lang='lat' dir='ltr'><strong>homines</strong></span> <span class='ocrx_word' id='word_1_112' title='bbox 1255 1666 1408 1732; x_wconf 88' lang='lat' dir='ltr'><strong>boni,</strong></span> <span class='ocrx_word' id='word_1_113' title='bbox 1433 1667 1526 1721; x_wconf 91' lang='lat' dir='ltr'><strong>sed</strong></span> <span class='ocrx_word' id='word_1_114' title='bbox 1555 1667 1765 1722; x_wconf 82' lang='lat' dir='ltr'><strong>aliunde</strong></span> <span class='ocrx_word' id='word_1_115' title='bbox 1791 1668 1913 1721; x_wconf 87' lang='lat' dir='ltr'><strong>boni</strong></span> <span class='ocrx_word' id='word_1_116' title='bbox 1943 1668 2085 1733; x_wconf 80' lang='lat' dir='ltr'><strong>lacti,</strong></span> 
     </span>
    </p>
   </div>
   <div class='ocr_carea' id='block_1_16' title="bbox 502 1755 2088 1828">
    <p class='ocr_par' dir='ltr' id='par_1_16' title="bbox 502 1755 2088 1828">
     <span class='ocr_line' id='line_1_16' title="bbox 502 1755 2088 1828; baseline 0.001 -17"><span class='ocrx_word' id='word_1_117' title='bbox 502 1756 644 1811; x_wconf 84' lang='lat' dir='ltr'><strong>bene</strong></span> <span class='ocrx_word' id='word_1_118' title='bbox 670 1755 867 1812; x_wconf 89' lang='lat' dir='ltr'><strong>utendo</strong></span> <span class='ocrx_word' id='word_1_119' title='bbox 894 1757 1090 1812; x_wconf 82' lang='lat' dir='ltr'><strong>faciunt</strong></span> <span class='ocrx_word' id='word_1_120' title='bbox 1116 1766 1171 1810; x_wconf 91' lang='grc' dir='ltr'><strong>ιιι</strong></span> <span class='ocrx_word' id='word_1_121' title='bbox 1200 1757 1297 1810; x_wconf 89' lang='lat' dir='ltr'><strong>ista</strong></span> <span class='ocrx_word' id='word_1_122' title='bbox 1335 1757 1441 1810; x_wconf 89' lang='lat' dir='ltr'><strong>sint</strong></span> <span class='ocrx_word' id='word_1_123' title='bbox 1468 1757 1625 1811; x_wconf 85' lang='lat' dir='ltr'><strong>bona.</strong></span> <span class='ocrx_word' id='word_1_124' title='bbox 1667 1757 1780 1812; x_wconf 82' lang='lat' dir='ltr'><strong>Non</strong></span> <span class='ocrx_word' id='word_1_125' title='bbox 1807 1767 1932 1812; x_wconf 90' lang='lat' dir='ltr'><strong>sunt</strong></span> <span class='ocrx_word' id='word_1_126' title='bbox 1959 1773 2088 1828; x_wconf 83' lang='lat' dir='ltr'><strong>ergo</strong></span> 
     </span>
    </p>
   </div>
   <div class='ocr_carea' id='block_1_17' title="bbox 503 1845 2084 1914">
    <p class='ocr_par' dir='ltr' id='par_1_17' title="bbox 503 1845 2084 1914">
     <span class='ocr_line' id='line_1_17' title="bbox 503 1845 2084 1914; baseline 0.001 -13"><span class='ocrx_word' id='word_1_127' title='bbox 503 1847 558 1901; x_wconf 90' lang='lat' dir='ltr'><strong>in</strong></span> <span class='ocrx_word' id='word_1_128' title='bbox 588 1847 653 1901; x_wconf 87' lang='lat' dir='ltr'><strong>iis</strong></span> <span class='ocrx_word' id='word_1_129' title='bbox 681 1861 805 1900; x_wconf 87' lang='lat' dir='ltr'><strong>vera</strong></span> <span class='ocrx_word' id='word_1_130' title='bbox 831 1846 1050 1910; x_wconf 89' lang='lat' dir='ltr'><strong>solatia,</strong></span> <span class='ocrx_word' id='word_1_131' title='bbox 1075 1845 1167 1900; x_wconf 87' lang='lat' dir='ltr'><strong>sed</strong></span> <span class='ocrx_word' id='word_1_132' title='bbox 1199 1846 1267 1900; x_wconf 91' lang='lat' dir='ltr'><strong>ibi</strong></span> <span class='ocrx_word' id='word_1_133' title='bbox 1307 1847 1478 1914; x_wconf 83' lang='lat' dir='ltr'><strong>potius</strong></span> <span class='ocrx_word' id='word_1_134' title='bbox 1509 1847 1595 1902; x_wconf 91' lang='lat' dir='ltr'><strong>ubi</strong></span> <span class='ocrx_word' id='word_1_135' title='bbox 1626 1863 1747 1901; x_wconf 87' lang='lat' dir='ltr'><strong>vera</strong></span> <span class='ocrx_word' id='word_1_136' title='bbox 1787 1849 1912 1902; x_wconf 87' lang='lat' dir='ltr'><strong>vita.</strong></span> <span class='ocrx_word' id='word_1_137' title='bbox 1952 1848 2084 1903; x_wconf 81' lang='lat' dir='ltr'><strong>Nam</strong></span> 
     </span>
    </p>
   </div>
   <div class='ocr_carea' id='block_1_18' title="bbox 504 1937 2044 2002">
    <p class='ocr_par' dir='ltr' id='par_1_18' title="bbox 504 1937 2044 2002">
     <span class='ocr_line' id='line_1_18' title="bbox 504 1937 2044 2002; baseline 0.001 -10"><span class='ocrx_word' id='word_1_138' title='bbox 504 1937 871 1993; x_wconf 82' lang='lat' dir='ltr'><strong>indenecessc</strong></span> <span class='ocrx_word' id='word_1_139' title='bbox 897 1945 1054 1992; x_wconf 91' lang='lat' dir='ltr'><strong>estut</strong></span> <span class='ocrx_word' id='word_1_140' title='bbox 1079 1937 1166 1990; x_wconf 86' lang='lat' dir='ltr'><strong>liat</strong></span> <span class='ocrx_word' id='word_1_141' title='bbox 1196 1938 1354 1990; x_wconf 90' lang='lat' dir='ltr'><strong>homo</strong></span> <span class='ocrx_word' id='word_1_142' title='bbox 1377 1937 1582 2002; x_wconf 87' lang='lat' dir='ltr'><strong>beatus,</strong></span> <span class='ocrx_word' id='word_1_143' title='bbox 1612 1938 1750 1993; x_wconf 89' lang='lat' dir='ltr'><strong>unde</strong></span> <span class='ocrx_word' id='word_1_144' title='bbox 1781 1939 1836 1992; x_wconf 88' lang='lat' dir='ltr'><strong>lit</strong></span> <span class='ocrx_word' id='word_1_145' title='bbox 1858 1940 2044 1994; x_wconf 88' lang='lat' dir='ltr'><strong>bonus.</strong></span> 
     </span>
    </p>
   </div>
   <div class='ocr_carea' id='block_1_19' title="bbox 563 2029 2078 2087">
    <p class='ocr_par' dir='ltr' id='par_1_19' title="bbox 563 2029 2078 2087">
     <span class='ocr_line' id='line_1_19' title="bbox 563 2029 2078 2087; baseline 0.002 -3"><span class='ocrx_word' id='word_1_146' title='bbox 563 2031 630 2085; x_wconf 69' lang='grc'><strong>4.</strong></span> <span class='ocrx_word' id='word_1_147' title='bbox 672 2029 928 2084; x_wconf 79' lang='lat' dir='ltr'><strong>Homines</strong></span> <span class='ocrx_word' id='word_1_148' title='bbox 947 2039 1128 2084; x_wconf 79' lang='lat' dir='ltr'><strong>autem</strong></span> <span class='ocrx_word' id='word_1_149' title='bbox 1155 2029 1276 2083; x_wconf 89' lang='lat' dir='ltr'><strong>boni</strong></span> <span class='ocrx_word' id='word_1_150' title='bbox 1309 2029 1552 2085; x_wconf 88' lang='lat' dir='ltr'><strong>videntur</strong></span> <span class='ocrx_word' id='word_1_151' title='bbox 1575 2031 1733 2085; x_wconf 86' lang='lat' dir='ltr'><strong>etiam</strong></span> <span class='ocrx_word' id='word_1_152' title='bbox 1767 2033 1818 2085; x_wconf 94' lang='lat' dir='ltr'><strong>in</strong></span> <span class='ocrx_word' id='word_1_153' title='bbox 1850 2032 1950 2087; x_wconf 88' lang='lat' dir='ltr'><strong>hac</strong></span> <span class='ocrx_word' id='word_1_154' title='bbox 1973 2034 2078 2087; x_wconf 84' lang='lat' dir='ltr'><strong>vita</strong></span> 
     </span>
    </p>
   </div>
   <div class='ocr_carea' id='block_1_20' title="bbox 506 2120 2080 2195">
    <p class='ocr_par' dir='ltr' id='par_1_20' title="bbox 506 2120 2080 2195">
     <span class='ocr_line' id='line_1_20' title="bbox 506 2120 2080 2195; baseline 0.003 -21"><span class='ocrx_word' id='word_1_155' title='bbox 506 2129 760 2191; x_wconf 73' lang='lat' dir='ltr'><strong>prtestare</strong></span> <span class='ocrx_word' id='word_1_156' title='bbox 787 2136 890 2174; x_wconf 91' lang='lat' dir='ltr'><strong>non</strong></span> <span class='ocrx_word' id='word_1_157' title='bbox 909 2136 1076 2191; x_wconf 83' lang='lat' dir='ltr'><strong>parva</strong></span> <span class='ocrx_word' id='word_1_158' title='bbox 1108 2121 1314 2174; x_wconf 88' lang='lat' dir='ltr'><strong>solatia.</strong></span> <span class='ocrx_word' id='word_1_159' title='bbox 1353 2120 1484 2174; x_wconf 80' lang='lat' dir='ltr'><strong>Nam</strong></span> <span class='ocrx_word' id='word_1_160' title='bbox 1523 2122 1567 2176; x_wconf 89' lang='lat' dir='ltr'><strong>si</strong></span> <span class='ocrx_word' id='word_1_161' title='bbox 1601 2131 1886 2192; x_wconf 84' lang='lat' dir='ltr'><strong>paupertas</strong></span> <span class='ocrx_word' id='word_1_162' title='bbox 1914 2125 2080 2195; x_wconf 82' lang='lat' dir='ltr'><strong>angit,</strong></span> 
     </span>
    </p>
   </div>
   <div class='ocr_carea' id='block_1_21' title="bbox 501 2211 2081 2285">
    <p class='ocr_par' dir='ltr' id='par_1_21' title="bbox 501 2211 2081 2285">
     <span class='ocr_line' id='line_1_21' title="bbox 501 2211 2081 2285; baseline 0.002 -17"><span class='ocrx_word' id='word_1_163' title='bbox 501 2215 547 2268; x_wconf 87' lang='lat' dir='ltr'><strong>si</strong></span> <span class='ocrx_word' id='word_1_164' title='bbox 576 2213 746 2267; x_wconf 92' lang='lat' dir='ltr'><strong>luctus</strong></span> <span class='ocrx_word' id='word_1_165' title='bbox 786 2215 1106 2279; x_wconf 72' lang='lat' dir='ltr'><strong>mmstilicat,</strong></span> <span class='ocrx_word' id='word_1_166' title='bbox 1153 2213 1199 2266; x_wconf 91' lang='lat' dir='ltr'><strong>si</strong></span> <span class='ocrx_word' id='word_1_167' title='bbox 1243 2211 1398 2267; x_wconf 90' lang='lat' dir='ltr'><strong>dolor</strong></span> <span class='ocrx_word' id='word_1_168' title='bbox 1443 2214 1998 2285; x_wconf 48' lang='lat' dir='ltr'><strong>corporis‘inquietat,</strong></span> <span class='ocrx_word' id='word_1_169' title='bbox 2037 2217 2081 2271; x_wconf 92' lang='lat' dir='ltr'><strong>si</strong></span> 
     </span>
    </p>
   </div>
   <div class='ocr_carea' id='block_1_22' title="bbox 501 2305 2083 2370">
    <p class='ocr_par' dir='ltr' id='par_1_22' title="bbox 501 2305 2083 2370">
     <span class='ocr_line' id='line_1_22' title="bbox 501 2305 2083 2370; baseline 0.001 -10"><span class='ocrx_word' id='word_1_170' title='bbox 501 2307 784 2360; x_wconf 88' lang='lat' dir='ltr'><strong>contristat</strong></span> <span class='ocrx_word' id='word_1_171' title='bbox 801 2306 1065 2369; x_wconf 71' lang='lat' dir='ltr'><strong>exsilium,</strong></span> <span class='ocrx_word' id='word_1_172' title='bbox 1089 2305 1132 2358; x_wconf 90' lang='lat' dir='ltr'><strong>si</strong></span> <span class='ocrx_word' id='word_1_173' title='bbox 1159 2305 1260 2358; x_wconf 82' lang='lat' dir='ltr'><strong>ulla</strong></span> <span class='ocrx_word' id='word_1_174' title='bbox 1282 2305 1553 2360; x_wconf 80' lang='lat' dir='ltr'><strong>calamitas</strong></span> <span class='ocrx_word' id='word_1_175' title='bbox 1573 2306 1674 2360; x_wconf 89' lang='lat' dir='ltr'><strong>alia</strong></span> <span class='ocrx_word' id='word_1_176' title='bbox 1701 2317 1873 2370; x_wconf 79' lang='lat' dir='ltr'><strong>vexat,</strong></span> <span class='ocrx_word' id='word_1_177' title='bbox 1906 2307 2083 2362; x_wconf 67' lang='lat' dir='ltr'><strong>adsint</strong></span> 
     </span>
    </p>
   </div>
   <div class='ocr_carea' id='block_1_23' title="bbox 500 2395 2083 2468">
    <p class='ocr_par' dir='ltr' id='par_1_23' title="bbox 500 2395 2083 2468">
     <span class='ocr_line' id='line_1_23' title="bbox 500 2395 2083 2468; baseline 0.001 -18"><span class='ocrx_word' id='word_1_178' title='bbox 500 2395 623 2452; x_wconf 90' lang='lat' dir='ltr'><strong>boni</strong></span> <span class='ocrx_word' id='word_1_179' title='bbox 652 2396 895 2452; x_wconf 85' lang='lat' dir='ltr'><strong>homines</strong></span> <span class='ocrx_word' id='word_1_180' title='bbox 923 2396 1014 2465; x_wconf 87' lang='lat' dir='ltr'><strong>qui</strong></span> <span class='ocrx_word' id='word_1_181' title='bbox 1045 2410 1150 2450; x_wconf 91' lang='lat' dir='ltr'><strong>non</strong></span> <span class='ocrx_word' id='word_1_182' title='bbox 1178 2396 1348 2448; x_wconf 91' lang='lat' dir='ltr'><strong>solum</strong></span> <span class='ocrx_word' id='word_1_183' title='bbox 1388 2395 1620 2462; x_wconf 81' lang='lat' dir='ltr'><strong>gaudere</strong></span> <span class='ocrx_word' id='word_1_184' title='bbox 1657 2412 1778 2450; x_wconf 89' lang='lat' dir='ltr'><strong>cum</strong></span> <span class='ocrx_word' id='word_1_185' title='bbox 1807 2397 2083 2468; x_wconf 85' lang='lat' dir='ltr'><strong>gaudenti-</strong></span> 
     </span>
    </p>
   </div>
   <div class='ocr_carea' id='block_1_24' title="bbox 500 2486 2079 2558">
    <p class='ocr_par' dir='ltr' id='par_1_24' title="bbox 500 2486 2079 2558">
     <span class='ocr_line' id='line_1_24' title="bbox 500 2486 2079 2558; baseline 0 -16"><span class='ocrx_word' id='word_1_186' title='bbox 500 2490 619 2554; x_wconf 85' lang='lat' dir='ltr'><strong>bus,</strong></span> <span class='ocrx_word' id='word_1_187' title='bbox 654 2503 839 2544; x_wconf 88' lang='lat' dir='ltr'><strong>verum</strong></span> <span class='ocrx_word' id='word_1_188' title='bbox 880 2489 1037 2542; x_wconf 91' lang='lat' dir='ltr'><strong>etiam</strong></span> <span class='ocrx_word' id='word_1_189' title='bbox 1080 2486 1208 2541; x_wconf 86' lang='lat' dir='ltr'><strong>llere</strong></span> <span class='ocrx_word' id='word_1_190' title='bbox 1246 2502 1365 2540; x_wconf 89' lang='lat' dir='ltr'><strong>cum</strong></span> <span class='ocrx_word' id='word_1_191' title='bbox 1400 2486 1839 2558; x_wconf 83' lang='lat' dir='ltr'><strong>lleutibus(Rom.</strong></span> <span class='ocrx_word' id='word_1_192' title='bbox 1866 2504 1962 2552; x_wconf 78' lang='lat' dir='ltr'><strong>xu,</strong></span> <span class='ocrx_word' id='word_1_193' title='bbox 1988 2489 2079 2558; x_wconf 76' lang='lat' dir='ltr'><strong>l5)</strong></span> 
     </span>
    </p>
   </div>
   <div class='ocr_carea' id='block_1_25' title="bbox 500 2579 2081 2648">
    <p class='ocr_par' dir='ltr' id='par_1_25' title="bbox 500 2579 2081 2648">
     <span class='ocr_line' id='line_1_25' title="bbox 500 2579 2081 2648; baseline -0.002 -12"><span class='ocrx_word' id='word_1_194' title='bbox 500 2591 715 2645; x_wconf 89' lang='lat' dir='ltr'><strong>norunt,</strong></span> <span class='ocrx_word' id='word_1_195' title='bbox 737 2590 793 2636; x_wconf 89' lang='lat' dir='ltr'><strong>et</strong></span> <span class='ocrx_word' id='word_1_196' title='bbox 821 2580 1108 2635; x_wconf 82' lang='lat' dir='ltr'><strong>salubriter</strong></span> <span class='ocrx_word' id='word_1_197' title='bbox 1128 2579 1322 2648; x_wconf 82' lang='lat' dir='ltr'><strong>alloqui</strong></span> <span class='ocrx_word' id='word_1_198' title='bbox 1344 2588 1397 2632; x_wconf 88' lang='lat' dir='ltr'><strong>et</strong></span> <span class='ocrx_word' id='word_1_199' title='bbox 1425 2579 1654 2648; x_wconf 78' lang='lat' dir='ltr'><strong>colloqui</strong></span> <span class='ocrx_word' id='word_1_200' title='bbox 1683 2580 1890 2644; x_wconf 89' lang='lat' dir='ltr'><strong>sciunt;</strong></span> <span class='ocrx_word' id='word_1_201' title='bbox 1917 2580 2081 2648; x_wconf 86' lang='lat' dir='ltr'><strong>pluri-</strong></span> 
     </span>
    </p>
   </div>
   <div class='ocr_carea' id='block_1_26' title="bbox 503 2669 2080 2742">
    <p class='ocr_par' dir='ltr' id='par_1_26' title="bbox 503 2669 2080 2742">
     <span class='ocr_line' id='line_1_26' title="bbox 503 2669 2080 2742; baseline -0.002 -14"><span class='ocrx_word' id='word_1_202' title='bbox 503 2689 651 2728; x_wconf 91' lang='lat' dir='ltr'><strong>mum</strong></span> <span class='ocrx_word' id='word_1_203' title='bbox 683 2673 996 2740; x_wconf 57' lang='lat' dir='ltr'><strong>illa.-aspera</strong></span> <span class='ocrx_word' id='word_1_204' title='bbox 1027 2670 1314 2732; x_wconf 85' lang='lat' dir='ltr'><strong>leniuntur,</strong></span> <span class='ocrx_word' id='word_1_205' title='bbox 1353 2669 1654 2724; x_wconf 87' lang='lat' dir='ltr'><strong>relevantur</strong></span> <span class='ocrx_word' id='word_1_206' title='bbox 1689 2670 1890 2741; x_wconf 78' lang='lat' dir='ltr'><strong>gravia,</strong></span> <span class='ocrx_word' id='word_1_207' title='bbox 1922 2686 2080 2742; x_wconf 90' lang='lat' dir='ltr'><strong>supc-</strong></span> 
     </span>
    </p>
   </div>
   <div class='ocr_carea' id='block_1_27' title="bbox 499 2760 2076 2833">
    <p class='ocr_par' dir='ltr' id='par_1_27' title="bbox 499 2760 2076 2833">
     <span class='ocr_line' id='line_1_27' title="bbox 499 2760 2076 2833; baseline -0.001 -14"><span class='ocrx_word' id='word_1_208' title='bbox 499 2775 682 2833; x_wconf 82' lang='lat' dir='ltr'><strong>rautur</strong></span> <span class='ocrx_word' id='word_1_209' title='bbox 727 2760 1109 2816; x_wconf 62' lang='lat' dir='ltr'><strong>adversa...Sed</strong></span> <span class='ocrx_word' id='word_1_210' title='bbox 1143 2761 1229 2815; x_wconf 86' lang='lat' dir='ltr'><strong>ille</strong></span> <span class='ocrx_word' id='word_1_211' title='bbox 1261 2760 1359 2814; x_wconf 85' lang='lat' dir='ltr'><strong>hoc</strong></span> <span class='ocrx_word' id='word_1_212' title='bbox 1401 2761 1451 2814; x_wconf 92' lang='lat' dir='ltr'><strong>iu</strong></span> <span class='ocrx_word' id='word_1_213' title='bbox 1496 2761 1574 2814; x_wconf 89' lang='lat' dir='ltr'><strong>eis</strong></span> <span class='ocrx_word' id='word_1_214' title='bbox 1609 2771 1662 2815; x_wconf 90' lang='lat' dir='ltr'><strong>et</strong></span> <span class='ocrx_word' id='word_1_215' title='bbox 1691 2777 1784 2831; x_wconf 89' lang='lat' dir='ltr'><strong>per</strong></span> <span class='ocrx_word' id='word_1_216' title='bbox 1820 2778 1914 2817; x_wconf 86' lang='lat' dir='ltr'><strong>eos</strong></span> <span class='ocrx_word' id='word_1_217' title='bbox 1948 2772 2076 2833; x_wconf 87' lang='lat' dir='ltr'><strong>agit,</strong></span> 
     </span>
    </p>
   </div>
   <div class='ocr_carea' id='block_1_28' title="bbox 497 2850 2078 2924">
    <p class='ocr_par' dir='ltr' id='par_1_28' title="bbox 497 2850 2078 2924">
     <span class='ocr_line' id='line_1_28' title="bbox 497 2850 2078 2924; baseline 0.001 -18"><span class='ocrx_word' id='word_1_218' title='bbox 497 2855 586 2924; x_wconf 89' lang='lat' dir='ltr'><strong>qui</strong></span> <span class='ocrx_word' id='word_1_219' title='bbox 614 2853 800 2923; x_wconf 81' lang='lat' dir='ltr'><strong>spiritu</strong></span> <span class='ocrx_word' id='word_1_220' title='bbox 828 2850 962 2906; x_wconf 76' lang='lat' dir='ltr'><strong>suo&#39;</strong></span> <span class='ocrx_word' id='word_1_221' title='bbox 990 2851 1157 2904; x_wconf 81' lang='lat' dir='ltr'><strong>bonos</strong></span> <span class='ocrx_word' id='word_1_222' title='bbox 1189 2851 1328 2904; x_wconf 84' lang='lat' dir='ltr'><strong>t&#39;ecit.</strong></span> <span class='ocrx_word' id='word_1_223' title='bbox 1359 2851 1397 2904; x_wconf 81' lang='grc' dir='ltr'>Ε</span> <span class='ocrx_word' id='word_1_224' title='bbox 1427 2862 1632 2917; x_wconf 89' lang='lat' dir='ltr'><strong>contra,</strong></span> <span class='ocrx_word' id='word_1_225' title='bbox 1661 2853 1703 2905; x_wconf 89' lang='lat' dir='ltr'><strong>si</strong></span> <span class='ocrx_word' id='word_1_226' title='bbox 1743 2851 1939 2907; x_wconf 75' lang='lat' dir='ltr'><strong>divitia:</strong></span> <span class='ocrx_word' id='word_1_227' title='bbox 1971 2855 2078 2908; x_wconf 87' lang='lat' dir='ltr'><strong>eir-</strong></span> 
     </span>
    </p>
   </div>
   <div class='ocr_carea' id='block_1_29' title="bbox 496 2941 2076 3011">
    <p class='ocr_par' dir='ltr' id='par_1_29' title="bbox 496 2941 2076 3011">
     <span class='ocr_line' id='line_1_29' title="bbox 496 2941 2076 3011; baseline 0 -14"><span class='ocrx_word' id='word_1_228' title='bbox 496 2944 805 3002; x_wconf 85' lang='lat' dir='ltr'><strong>cumlluant.</strong></span> <span class='ocrx_word' id='word_1_229' title='bbox 834 2941 973 2995; x_wconf 72' lang='lat' dir='ltr'><strong>trulla</strong></span> <span class='ocrx_word' id='word_1_230' title='bbox 1003 2941 1206 2996; x_wconf 85' lang='lat' dir='ltr'><strong>orbitas</strong></span> <span class='ocrx_word' id='word_1_231' title='bbox 1228 2941 1452 3003; x_wconf 82' lang='lat' dir='ltr'><strong>accidat,</strong></span> <span class='ocrx_word' id='word_1_232' title='bbox 1481 2942 1620 2996; x_wconf 85' lang='lat' dir='ltr'><strong>adsit</strong></span> <span class='ocrx_word' id='word_1_233' title='bbox 1653 2944 1852 2997; x_wconf 90' lang='lat' dir='ltr'><strong>sanitas</strong></span> <span class='ocrx_word' id='word_1_234' title='bbox 1880 2945 2076 3011; x_wconf 82' lang='lat' dir='ltr'><strong>carnis,</strong></span> 
     </span>
    </p>
   </div>
   <div class='ocr_carea' id='block_1_30' title="bbox 493 3033 2076 3103">
    <p class='ocr_par' dir='ltr' id='par_1_30' title="bbox 493 3033 2076 3103">
     <span class='ocr_line' id='line_1_30' title="bbox 493 3033 2076 3103; baseline 0.001 -13"><span class='ocrx_word' id='word_1_235' title='bbox 493 3037 743 3091; x_wconf 87' lang='lat' dir='ltr'><strong>incolumi</strong></span> <span class='ocrx_word' id='word_1_236' title='bbox 773 3034 1038 3090; x_wconf 84' lang='lat' dir='ltr'><strong>habitetur</strong></span> <span class='ocrx_word' id='word_1_237' title='bbox 1059 3034 1112 3088; x_wconf 92' lang='lat' dir='ltr'><strong>in</strong></span> <span class='ocrx_word' id='word_1_238' title='bbox 1136 3034 1321 3103; x_wconf 88' lang='lat' dir='ltr'><strong>patria,</strong></span> <span class='ocrx_word' id='word_1_239' title='bbox 1339 3033 1726 3088; x_wconf 78' lang='lat' dir='ltr'><strong>etcoliabitent</strong></span> <span class='ocrx_word' id='word_1_240' title='bbox 1750 3037 1872 3090; x_wconf 90' lang='lat' dir='ltr'><strong>mali</strong></span> <span class='ocrx_word' id='word_1_241' title='bbox 1903 3037 2076 3091; x_wconf 87' lang='lat' dir='ltr'><strong>homi-</strong></span> 
     </span>
    </p>
   </div>
   <div class='ocr_carea' id='block_1_31' title="bbox 495 3123 2078 3195">
    <p class='ocr_par' dir='ltr' id='par_1_31' title="bbox 495 3123 2078 3195">
     <span class='ocr_line' id='line_1_31' title="bbox 495 3123 2078 3195; baseline -0.002 -12"><span class='ocrx_word' id='word_1_242' title='bbox 495 3143 612 3190; x_wconf 85' lang='lat' dir='ltr'><strong>nes,</strong></span> <span class='ocrx_word' id='word_1_243' title='bbox 659 3125 712 3180; x_wconf 89' lang='lat' dir='ltr'><strong>in</strong></span> <span class='ocrx_word' id='word_1_244' title='bbox 743 3125 934 3194; x_wconf 90' lang='lat' dir='ltr'><strong>quibus</strong></span> <span class='ocrx_word' id='word_1_245' title='bbox 979 3140 1135 3178; x_wconf 86' lang='lat' dir='ltr'><strong>nemo</strong></span> <span class='ocrx_word' id='word_1_246' title='bbox 1175 3124 1244 3178; x_wconf 89' lang='lat' dir='ltr'><strong>sit</strong></span> <span class='ocrx_word' id='word_1_247' title='bbox 1275 3124 1358 3177; x_wconf 90' lang='lat' dir='ltr'><strong>cui</strong></span> <span class='ocrx_word' id='word_1_248' title='bbox 1401 3123 1530 3178; x_wconf 82' lang='lat' dir='ltr'><strong>lides</strong></span> <span class='ocrx_word' id='word_1_249' title='bbox 1578 3124 1854 3192; x_wconf 83' lang='lat' dir='ltr'><strong>habeatur,</strong></span> <span class='ocrx_word' id='word_1_250' title='bbox 1906 3141 1934 3178; x_wconf 88' lang='lat' dir='ltr'><strong>a</strong></span> <span class='ocrx_word' id='word_1_251' title='bbox 1973 3142 2078 3195; x_wconf 89' lang='lat' dir='ltr'><strong>quo</strong></span> 
     </span>
    </p>
   </div>
   <div class='ocr_carea' id='block_1_32' title="bbox 496 3213 2074 3283">
    <p class='ocr_par' dir='ltr' id='par_1_32' title="bbox 496 3213 2074 3283">
     <span class='ocr_line' id='line_1_32' title="bbox 496 3213 2074 3283; baseline -0.001 -11"><span class='ocrx_word' id='word_1_252' title='bbox 496 3234 600 3272; x_wconf 89' lang='lat' dir='ltr'><strong>non</strong></span> <span class='ocrx_word' id='word_1_253' title='bbox 632 3216 803 3280; x_wconf 86' lang='lat' dir='ltr'><strong>dolus,</strong></span> <span class='ocrx_word' id='word_1_254' title='bbox 838 3215 1000 3282; x_wconf 80' lang='lat' dir='ltr'><strong>fraus,</strong></span> <span class='ocrx_word' id='word_1_255' title='bbox 1040 3214 1152 3278; x_wconf 68' lang='lat' dir='ltr'><strong>irae,</strong></span> <span class='ocrx_word' id='word_1_256' title='bbox 1194 3213 1494 3275; x_wconf 57' lang='lat' dir='ltr'><strong>discordia).</strong></span> <span class='ocrx_word' id='word_1_257' title='bbox 1527 3214 1729 3268; x_wconf 68' lang='lat' dir='ltr'><strong>insidia:</strong></span> <span class='ocrx_word' id='word_1_258' title='bbox 1759 3216 2074 3283; x_wconf 80' lang='lat' dir='ltr'><strong>timeantur,</strong></span> 
     </span>
    </p>
   </div>
   <div class='ocr_carea' id='block_1_33' title="bbox 496 3305 2080 3378">
    <p class='ocr_par' dir='ltr' id='par_1_33' title="bbox 496 3305 2080 3378">
     <span class='ocr_line' id='line_1_33' title="bbox 496 3305 2080 3378; baseline -0.001 -17"><span class='ocrx_word' id='word_1_259' title='bbox 496 3319 656 3378; x_wconf 87' lang='lat' dir='ltr'><strong>atque</strong></span> <span class='ocrx_word' id='word_1_260' title='bbox 698 3307 1090 3368; x_wconf 88' lang='lat' dir='ltr'><strong>sustineantur;</strong></span> <span class='ocrx_word' id='word_1_261' title='bbox 1125 3320 1300 3358; x_wconf 87' lang='lat' dir='ltr'><strong>nonne</strong></span> <span class='ocrx_word' id='word_1_262' title='bbox 1332 3305 1416 3358; x_wconf 89' lang='lat' dir='ltr'><strong>illa</strong></span> <span class='ocrx_word' id='word_1_263' title='bbox 1445 3306 1620 3358; x_wconf 83' lang='lat' dir='ltr'><strong>omnia</strong></span> <span class='ocrx_word' id='word_1_264' title='bbox 1660 3306 1792 3359; x_wconf 91' lang='lat' dir='ltr'><strong>liuut</strong></span> <span class='ocrx_word' id='word_1_265' title='bbox 1816 3323 1992 3360; x_wconf 85' lang='lat' dir='ltr'><strong>amara</strong></span> <span class='ocrx_word' id='word_1_266' title='bbox 2025 3315 2080 3361; x_wconf 90' lang='lat' dir='ltr'><strong>et</strong></span> 
     </span>
    </p>
   </div>
   <div class='ocr_carea' id='block_1_34' title="bbox 495 3395 2074 3464">
    <p class='ocr_par' dir='ltr' id='par_1_34' title="bbox 495 3395 2074 3464">
     <span class='ocr_line' id='line_1_34' title="bbox 495 3395 2074 3464; baseline -0.001 -10"><span class='ocrx_word' id='word_1_267' title='bbox 495 3399 649 3464; x_wconf 88' lang='lat' dir='ltr'><strong>dura,</strong></span> <span class='ocrx_word' id='word_1_268' title='bbox 692 3413 792 3451; x_wconf 87' lang='lat' dir='ltr'><strong>nec</strong></span> <span class='ocrx_word' id='word_1_269' title='bbox 832 3395 1028 3464; x_wconf 81' lang='lat' dir='ltr'><strong>aliquid</strong></span> <span class='ocrx_word' id='word_1_270' title='bbox 1061 3396 1236 3448; x_wconf 64' lang='lat' dir='ltr'><strong>laetum</strong></span> <span class='ocrx_word' id='word_1_271' title='bbox 1269 3395 1348 3449; x_wconf 82' lang='lat' dir='ltr'><strong>vel</strong></span> <span class='ocrx_word' id='word_1_272' title='bbox 1382 3395 1534 3449; x_wconf 91' lang='lat' dir='ltr'><strong>dulce</strong></span> <span class='ocrx_word' id='word_1_273' title='bbox 1565 3405 1644 3448; x_wconf 86' lang='lat' dir='ltr'><strong>est</strong></span> <span class='ocrx_word' id='word_1_274' title='bbox 1684 3397 1733 3448; x_wconf 91' lang='lat' dir='ltr'><strong>in</strong></span> <span class='ocrx_word' id='word_1_275' title='bbox 1765 3396 1875 3451; x_wconf 86' lang='lat' dir='ltr'><strong>eis?</strong></span> <span class='ocrx_word' id='word_1_276' title='bbox 1910 3398 1980 3451; x_wconf 81' lang='lat' dir='ltr'><strong>lla</strong></span> <span class='ocrx_word' id='word_1_277' title='bbox 2025 3399 2074 3453; x_wconf 91' lang='lat' dir='ltr'><strong>in</strong></span> 
     </span>
    </p>
   </div>
   <div class='ocr_carea' id='block_1_35' title="bbox 493 3485 2074 3560">
    <p class='ocr_par' dir='ltr' id='par_1_35' title="bbox 493 3485 2074 3560">
     <span class='ocr_line' id='line_1_35' title="bbox 493 3485 2074 3560; baseline -0.001 -16"><span class='ocrx_word' id='word_1_278' title='bbox 493 3489 814 3560; x_wconf 76' lang='lat' dir='ltr'><strong>quibuslibet</strong></span> <span class='ocrx_word' id='word_1_279' title='bbox 860 3488 1019 3542; x_wconf 85' lang='lat' dir='ltr'><strong>rebus</strong></span> <span class='ocrx_word' id='word_1_280' title='bbox 1047 3485 1294 3540; x_wconf 88' lang='lat' dir='ltr'><strong>luuuanis</strong></span> <span class='ocrx_word' id='word_1_281' title='bbox 1337 3486 1465 3539; x_wconf 88' lang='lat' dir='ltr'><strong>nihil</strong></span> <span class='ocrx_word' id='word_1_282' title='bbox 1498 3497 1578 3540; x_wconf 83' lang='lat' dir='ltr'><strong>est</strong></span> <span class='ocrx_word' id='word_1_283' title='bbox 1609 3488 1805 3541; x_wconf 87' lang='lat' dir='ltr'><strong>homini</strong></span> <span class='ocrx_word' id='word_1_284' title='bbox 1845 3491 2074 3543; x_wconf 86' lang='lat' dir='ltr'><strong>amicum</strong></span> 
     </span>
    </p>
   </div>
   <div class='ocr_carea' id='block_1_36' title="bbox 492 3575 2075 3644">
    <p class='ocr_par' dir='ltr' id='par_1_36' title="bbox 492 3575 2075 3644">
     <span class='ocr_line' id='line_1_36' title="bbox 492 3575 2075 3644; baseline -0.002 -10"><span class='ocrx_word' id='word_1_285' title='bbox 492 3581 610 3634; x_wconf 85' lang='lat' dir='ltr'><strong>sine</strong></span> <span class='ocrx_word' id='word_1_286' title='bbox 641 3579 855 3632; x_wconf 86' lang='lat' dir='ltr'><strong>homine</strong></span> <span class='ocrx_word' id='word_1_287' title='bbox 896 3577 1085 3630; x_wconf 89' lang='lat' dir='ltr'><strong>amico.</strong></span> <span class='ocrx_word' id='word_1_288' title='bbox 1125 3575 1229 3630; x_wconf 86' lang='lat' dir='ltr'><strong>Sed</strong></span> <span class='ocrx_word' id='word_1_289' title='bbox 1263 3582 1681 3644; x_wconf 81' lang='lat' dir='ltr'><strong>quotusquisque</strong></span> <span class='ocrx_word' id='word_1_290' title='bbox 1725 3577 1842 3630; x_wconf 87' lang='lat' dir='ltr'><strong>talis</strong></span> <span class='ocrx_word' id='word_1_291' title='bbox 1871 3578 2075 3631; x_wconf 78' lang='lat' dir='ltr'><strong>iuveni-</strong></span> 
     </span>
    </p>
   </div>
   <div class='ocr_carea' id='block_1_37' title="bbox 492 3665 2072 3739">
    <p class='ocr_par' dir='ltr' id='par_1_37' title="bbox 492 3665 2072 3739">
     <span class='ocr_line' id='line_1_37' title="bbox 492 3665 2072 3739; baseline -0.001 -15"><span class='ocrx_word' id='word_1_292' title='bbox 492 3679 598 3739; x_wconf 80' lang='lat' dir='ltr'><strong>tur,</strong></span> <span class='ocrx_word' id='word_1_293' title='bbox 639 3668 707 3723; x_wconf 88' lang='lat' dir='ltr'><strong>de</strong></span> <span class='ocrx_word' id='word_1_294' title='bbox 735 3668 885 3735; x_wconf 82' lang='lat' dir='ltr'><strong>cujus</strong></span> <span class='ocrx_word' id='word_1_295' title='bbox 923 3667 1103 3720; x_wconf 86' lang='lat' dir='ltr'><strong>animo</strong></span> <span class='ocrx_word' id='word_1_296' title='bbox 1148 3680 1200 3720; x_wconf 76' lang='lat' dir='ltr'><strong>et</strong></span> <span class='ocrx_word' id='word_1_297' title='bbox 1231 3665 1467 3719; x_wconf 89' lang='lat' dir='ltr'><strong>moribus</strong></span> <span class='ocrx_word' id='word_1_298' title='bbox 1493 3666 1561 3719; x_wconf 90' lang='lat' dir='ltr'><strong>sit</strong></span> <span class='ocrx_word' id='word_1_299' title='bbox 1590 3667 1640 3719; x_wconf 91' lang='lat' dir='ltr'><strong>iu</strong></span> <span class='ocrx_word' id='word_1_300' title='bbox 1672 3667 1768 3720; x_wconf 89' lang='lat' dir='ltr'><strong>hac</strong></span> <span class='ocrx_word' id='word_1_301' title='bbox 1798 3668 1898 3720; x_wconf 84' lang='lat' dir='ltr'><strong>vita</strong></span> <span class='ocrx_word' id='word_1_302' title='bbox 1929 3678 2072 3722; x_wconf 78' lang='lat' dir='ltr'><strong>certa</strong></span> 
     </span>
    </p>
   </div>
   <div class='ocr_carea' id='block_1_38' title="bbox 493 3755 2072 3825">
    <p class='ocr_par' dir='ltr' id='par_1_38' title="bbox 493 3755 2072 3825">
     <span class='ocr_line' id='line_1_38' title="bbox 493 3755 2072 3825; baseline 0.001 -12"><span class='ocrx_word' id='word_1_303' title='bbox 493 3757 786 3814; x_wconf 85' lang='lat' dir='ltr'><strong>securitas?</strong></span> <span class='ocrx_word' id='word_1_304' title='bbox 825 3758 954 3810; x_wconf 71' lang='lat' dir='ltr'><strong>Nam</strong></span> <span class='ocrx_word' id='word_1_305' title='bbox 999 3758 1132 3810; x_wconf 85' lang='lat' dir='ltr'><strong>sicut</strong></span> <span class='ocrx_word' id='word_1_306' title='bbox 1165 3755 1262 3808; x_wconf 87' lang='lat' dir='ltr'><strong>sibi</strong></span> <span class='ocrx_word' id='word_1_307' title='bbox 1305 3756 1533 3825; x_wconf 71' lang='lat' dir='ltr'><strong>quisque</strong></span> <span class='ocrx_word' id='word_1_308' title='bbox 1562 3771 1718 3810; x_wconf 90' lang='lat' dir='ltr'><strong>nemo</strong></span> <span class='ocrx_word' id='word_1_309' title='bbox 1745 3758 1882 3811; x_wconf 85' lang='lat' dir='ltr'><strong>alter</strong></span> <span class='ocrx_word' id='word_1_310' title='bbox 1921 3759 2072 3814; x_wconf 87' lang='lat' dir='ltr'><strong>alteri</strong></span> 
     </span>
    </p>
   </div>
   <div class='ocr_carea' id='block_1_39' title="bbox 493 3847 2076 3916">
    <p class='ocr_par' dir='ltr' id='par_1_39' title="bbox 493 3847 2076 3916">
     <span class='ocr_line' id='line_1_39' title="bbox 493 3847 2076 3916; baseline 0.001 -13"><span class='ocrx_word' id='word_1_311' title='bbox 493 3859 652 3903; x_wconf 87' lang='lat' dir='ltr'><strong>notus</strong></span> <span class='ocrx_word' id='word_1_312' title='bbox 675 3857 789 3910; x_wconf 85' lang='lat' dir='ltr'><strong>est;</strong></span> <span class='ocrx_word' id='word_1_313' title='bbox 821 3856 875 3902; x_wconf 87' lang='lat' dir='ltr'><strong>et</strong></span> <span class='ocrx_word' id='word_1_314' title='bbox 903 3858 1074 3900; x_wconf 87' lang='lat' dir='ltr'><strong>tamen</strong></span> <span class='ocrx_word' id='word_1_315' title='bbox 1105 3863 1204 3900; x_wconf 83' lang='lat' dir='ltr'><strong>nec</strong></span> <span class='ocrx_word' id='word_1_316' title='bbox 1234 3847 1331 3899; x_wconf 86' lang='lat' dir='ltr'><strong>sibi</strong></span> <span class='ocrx_word' id='word_1_317' title='bbox 1353 3847 1574 3916; x_wconf 81' lang='lat' dir='ltr'><strong>quiSque</strong></span> <span class='ocrx_word' id='word_1_318' title='bbox 1605 3849 1672 3900; x_wconf 86' lang='lat' dir='ltr'><strong>ita</strong></span> <span class='ocrx_word' id='word_1_319' title='bbox 1711 3859 1866 3902; x_wconf 88' lang='lat' dir='ltr'><strong>notus</strong></span> <span class='ocrx_word' id='word_1_320' title='bbox 1889 3860 1990 3916; x_wconf 89' lang='lat' dir='ltr'><strong>est,</strong></span> <span class='ocrx_word' id='word_1_321' title='bbox 2021 3861 2076 3905; x_wconf 87' lang='lat' dir='ltr'><strong>ut</strong></span> 
     </span>
    </p>
   </div>
   <div class='ocr_carea' id='block_1_40' title="bbox 495 3938 2074 3997">
    <p class='ocr_par' dir='ltr' id='par_1_40' title="bbox 495 3938 2074 3997">
     <span class='ocr_line' id='line_1_40' title="bbox 495 3938 2074 3997; baseline 0.003 -4"><span class='ocrx_word' id='word_1_322' title='bbox 495 3939 562 3993; x_wconf 88' lang='lat' dir='ltr'><strong>sit</strong></span> <span class='ocrx_word' id='word_1_323' title='bbox 600 3938 667 3993; x_wconf 89' lang='lat' dir='ltr'><strong>de</strong></span> <span class='ocrx_word' id='word_1_324' title='bbox 709 3954 802 3993; x_wconf 90' lang='lat' dir='ltr'><strong>sua</strong></span> <span class='ocrx_word' id='word_1_325' title='bbox 844 3939 1072 3991; x_wconf 86' lang='lat' dir='ltr'><strong>crastina</strong></span> <span class='ocrx_word' id='word_1_326' title='bbox 1113 3939 1515 3991; x_wconf 87' lang='lat' dir='ltr'><strong>conversatione</strong></span> <span class='ocrx_word' id='word_1_327' title='bbox 1558 3952 1796 3992; x_wconf 86' lang='lat' dir='ltr'><strong>securus.</strong></span> <span class='ocrx_word' id='word_1_328' title='bbox 1847 3940 2074 3997; x_wconf 83' lang='lat' dir='ltr'><strong>Proinde</strong></span> 
     </span>
    </p>
   </div>
   <div class='ocr_carea' id='block_1_41' title="bbox 494 4029 2072 4101">
    <p class='ocr_par' dir='ltr' id='par_1_41' title="bbox 494 4029 2072 4101">
     <span class='ocr_line' id='line_1_41' title="bbox 494 4029 2072 4101; baseline 0.006 -22"><span class='ocrx_word' id='word_1_329' title='bbox 494 4029 734 4101; x_wconf 82' lang='lat' dir='ltr'><strong>quamvis</strong></span> <span class='ocrx_word' id='word_1_330' title='bbox 757 4045 822 4083; x_wconf 84' lang='lat' dir='ltr'><strong>ex</strong></span> <span class='ocrx_word' id='word_1_331' title='bbox 855 4029 1113 4084; x_wconf 75' lang='lat' dir='ltr'><strong>lrurtihus</strong></span> <span class='ocrx_word' id='word_1_332' title='bbox 1155 4030 1264 4082; x_wconf 88' lang='lat' dir='ltr'><strong>suis</strong></span> <span class='ocrx_word' id='word_1_333' title='bbox 1292 4029 1439 4082; x_wconf 90' lang='lat' dir='ltr'><strong>multi</strong></span> <span class='ocrx_word' id='word_1_334' title='bbox 1469 4041 1873 4099; x_wconf 73' lang='lat' dir='ltr'><strong>cognoscantur,</strong></span> <span class='ocrx_word' id='word_1_335' title='bbox 1905 4043 1958 4088; x_wconf 89' lang='lat' dir='ltr'><strong>et</strong></span> <span class='ocrx_word' id='word_1_336' title='bbox 1985 4034 2072 4088; x_wconf 89' lang='lat' dir='ltr'><strong>alii</strong></span> 
     </span>
    </p>
   </div>
   <div class='ocr_carea' id='block_1_42' title="bbox 494 4118 2073 4190">
    <p class='ocr_par' dir='ltr' id='par_1_42' title="bbox 494 4118 2073 4190">
     <span class='ocr_line' id='line_1_42' title="bbox 494 4118 2073 4190; baseline 0.001 -16"><span class='ocrx_word' id='word_1_337' title='bbox 494 4120 708 4190; x_wconf 41' lang='lat' dir='ltr'><strong>quidem</strong></span> <span class='ocrx_word' id='word_1_338' title='bbox 746 4121 881 4175; x_wconf 89' lang='lat' dir='ltr'><strong>bene</strong></span> <span class='ocrx_word' id='word_1_339' title='bbox 909 4119 1132 4175; x_wconf 77' lang='lat' dir='ltr'><strong>\iveudo</strong></span> <span class='ocrx_word' id='word_1_340' title='bbox 1174 4118 1443 4187; x_wconf 72' lang='lat' dir='ltr'><strong>proximos</strong></span> <span class='ocrx_word' id='word_1_341' title='bbox 1479 4119 1764 4185; x_wconf 61' lang='lat' dir='ltr'><strong>bullit-ent,</strong></span> <span class='ocrx_word' id='word_1_342' title='bbox 1807 4121 1892 4174; x_wconf 83' lang='lat' dir='ltr'><strong>alii</strong></span> <span class='ocrx_word' id='word_1_343' title='bbox 1935 4122 2073 4176; x_wconf 87' lang='lat' dir='ltr'><strong>male</strong></span> 
     </span>
    </p>
   </div>
   <div class='ocr_carea' id='block_1_43' title="bbox 502 4217 2069 4286">
    <p class='ocr_par' dir='ltr' id='par_1_43' title="bbox 502 4217 2069 4286">
     <span class='ocr_line' id='line_1_43' title="bbox 502 4217 2069 4286; baseline -0.004 -10"><span class='ocrx_word' id='word_1_344' title='bbox 502 4221 727 4278; x_wconf 76' lang='lat' dir='ltr'><strong>vivendo</strong></span> <span class='ocrx_word' id='word_1_345' title='bbox 753 4221 1101 4284; x_wconf 88' lang='lat' dir='ltr'><strong>contristent;</strong></span> <span class='ocrx_word' id='word_1_346' title='bbox 1137 4226 1308 4271; x_wconf 88' lang='lat' dir='ltr'><strong>tamen</strong></span> <span class='ocrx_word' id='word_1_347' title='bbox 1341 4227 1554 4286; x_wconf 84' lang='lat' dir='ltr'><strong>propter</strong></span> <span class='ocrx_word' id='word_1_348' title='bbox 1585 4217 1933 4272; x_wconf 83' lang='lat' dir='ltr'><strong>humanorum</strong></span> <span class='ocrx_word' id='word_1_349' title='bbox 1954 4219 2069 4271; x_wconf 88' lang='lat' dir='ltr'><strong>ani-</strong></span> 
     </span>
    </p>
   </div>
   <div class='ocr_carea' id='block_1_44' title="bbox 496 4308 2072 4382">
    <p class='ocr_par' dir='ltr' id='par_1_44' title="bbox 496 4308 2072 4382">
     <span class='ocr_line' id='line_1_44' title="bbox 496 4308 2072 4382; baseline -0.004 -14"><span class='ocrx_word' id='word_1_350' title='bbox 496 4329 704 4368; x_wconf 91' lang='lat' dir='ltr'><strong>morum</strong></span> <span class='ocrx_word' id='word_1_351' title='bbox 727 4313 900 4382; x_wconf 86' lang='lat' dir='ltr'><strong>ignota</strong></span> <span class='ocrx_word' id='word_1_352' title='bbox 931 4319 985 4364; x_wconf 86' lang='lat' dir='ltr'><strong>et</strong></span> <span class='ocrx_word' id='word_1_353' title='bbox 1005 4309 1226 4370; x_wconf 89' lang='lat' dir='ltr'><strong>incerta,</strong></span> <span class='ocrx_word' id='word_1_354' title='bbox 1255 4310 1548 4362; x_wconf 86' lang='lat' dir='ltr'><strong>rectissime</strong></span> <span class='ocrx_word' id='word_1_355' title='bbox 1579 4308 1860 4376; x_wconf 77' lang='lat' dir='ltr'><strong>Apostolus</strong></span> <span class='ocrx_word' id='word_1_356' title='bbox 1885 4309 2072 4362; x_wconf 81' lang='lat' dir='ltr'><strong>admo-</strong></span> 
     </span>
    </p>
   </div>
   <div class='ocr_carea' id='block_1_45' title="bbox 498 4398 2074 4468">
    <p class='ocr_par' dir='ltr' id='par_1_45' title="bbox 498 4398 2074 4468">
     <span class='ocr_line' id='line_1_45' title="bbox 498 4398 2074 4468; baseline -0.003 -9"><span class='ocrx_word' id='word_1_357' title='bbox 498 4414 590 4459; x_wconf 84' lang='lat' dir='ltr'><strong>net</strong></span> <span class='ocrx_word' id='word_1_358' title='bbox 624 4412 814 4457; x_wconf 81' lang='lat' dir='ltr'><strong>utnon</strong></span> <span class='ocrx_word' id='word_1_359' title='bbox 853 4409 1209 4468; x_wconf 88' lang='lat' dir='ltr'><strong>antetempus</strong></span> <span class='ocrx_word' id='word_1_360' title='bbox 1234 4398 1518 4468; x_wconf 87' lang='lat' dir='ltr'><strong>quidquam</strong></span> <span class='ocrx_word' id='word_1_361' title='bbox 1543 4399 1860 4466; x_wconf 83' lang='lat' dir='ltr'><strong>jmlicemus,</strong></span> <span class='ocrx_word' id='word_1_362' title='bbox 1897 4399 2074 4455; x_wconf 84' lang='lat' dir='ltr'><strong>donec</strong></span> 
     </span>
    </p>
   </div>
   <div class='ocr_carea' id='block_1_46' title="bbox 496 4491 2068 4560">
    <p class='ocr_par' dir='ltr' id='par_1_46' title="bbox 496 4491 2068 4560">
     <span class='ocr_line' id='line_1_46' title="bbox 496 4491 2068 4560; baseline -0.001 -12"><span class='ocrx_word' id='word_1_363' title='bbox 496 4495 678 4550; x_wconf 80' lang='lat' dir='ltr'><strong>veniat</strong></span> <span class='ocrx_word' id='word_1_364' title='bbox 704 4493 975 4556; x_wconf 83' lang='lat' dir='ltr'><strong>Dominus,</strong></span> <span class='ocrx_word' id='word_1_365' title='bbox 1006 4499 1060 4545; x_wconf 91' lang='lat' dir='ltr'><strong>et</strong></span> <span class='ocrx_word' id='word_1_366' title='bbox 1084 4491 1348 4544; x_wconf 89' lang='lat' dir='ltr'><strong>illuminet</strong></span> <span class='ocrx_word' id='word_1_367' title='bbox 1377 4491 1683 4546; x_wconf 86' lang='lat' dir='ltr'><strong>abscondita</strong></span> <span class='ocrx_word' id='word_1_368' title='bbox 1711 4493 2068 4560; x_wconf 87' lang='lat' dir='ltr'><strong>tenebrarum,</strong></span> 
     </span>
    </p>
   </div>
   <div class='ocr_carea' id='block_1_47' title="bbox 493 4580 2073 4657">
    <p class='ocr_par' dir='ltr' id='par_1_47' title="bbox 493 4580 2073 4657">
     <span class='ocr_line' id='line_1_47' title="bbox 493 4580 2073 4657; baseline 0.001 -19"><span class='ocrx_word' id='word_1_369' title='bbox 493 4595 551 4640; x_wconf 91' lang='lat' dir='ltr'><strong>et</strong></span> <span class='ocrx_word' id='word_1_370' title='bbox 580 4583 888 4657; x_wconf 81' lang='lat' dir='ltr'><strong>manifestet</strong></span> <span class='ocrx_word' id='word_1_371' title='bbox 923 4581 1270 4650; x_wconf 77' lang='lat' dir='ltr'><strong>cogitationes</strong></span> <span class='ocrx_word' id='word_1_372' title='bbox 1310 4580 1512 4649; x_wconf 86' lang='lat' dir='ltr'><strong>cordis,</strong></span> <span class='ocrx_word' id='word_1_373' title='bbox 1561 4590 1616 4636; x_wconf 89' lang='lat' dir='ltr'><strong>et</strong></span> <span class='ocrx_word' id='word_1_374' title='bbox 1657 4592 1784 4637; x_wconf 92' lang='lat' dir='ltr'><strong>tunc</strong></span> <span class='ocrx_word' id='word_1_375' title='bbox 1815 4583 1930 4638; x_wconf 88' lang='lat' dir='ltr'><strong>laus</strong></span> <span class='ocrx_word' id='word_1_376' title='bbox 1972 4588 2073 4640; x_wconf 89' lang='lat' dir='ltr'><strong>erit</strong></span> 
     </span>
    </p>
   </div>
   <div class='ocr_carea' id='block_1_48' title="bbox 497 4671 1394 4745">
    <p class='ocr_par' dir='ltr' id='par_1_48' title="bbox 497 4671 1394 4745">
     <span class='ocr_line' id='line_1_48' title="bbox 497 4671 1394 4745; baseline -0.006 -16"><span class='ocrx_word' id='word_1_377' title='bbox 497 4676 780 4743; x_wconf 84' lang='lat' dir='ltr'><strong>unicuique</strong></span> <span class='ocrx_word' id='word_1_378' title='bbox 803 4689 833 4728; x_wconf 91' lang='lat' dir='ltr'><strong>a</strong></span> <span class='ocrx_word' id='word_1_379' title='bbox 864 4674 975 4728; x_wconf 92' lang='lat' dir='ltr'><strong>Deo</strong></span> <span class='ocrx_word' id='word_1_380' title='bbox 1003 4672 1045 4745; x_wconf 93' lang='grc'><strong>(1</strong></span> <span class='ocrx_word' id='word_1_381' title='bbox 1073 4671 1288 4736; x_wconf 49' lang='grc' dir='ltr'><strong>(ἐπαγ,</strong></span> <span class='ocrx_word' id='word_1_382' title='bbox 1315 4672 1394 4742; x_wconf 84' lang='lat'><strong>5).</strong></span> 
     </span>
    </p>
   </div>
   <div class='ocr_carea' id='block_1_49' title="bbox 569 4764 2071 4838">
    <p class='ocr_par' dir='ltr' id='par_1_49' title="bbox 569 4764 2071 4838">
     <span class='ocr_line' id='line_1_49' title="bbox 569 4764 2071 4838; baseline 0.001 -16"><span class='ocrx_word' id='word_1_383' title='bbox 569 4769 622 4824; x_wconf 87' lang='lat'><strong>5.</strong></span> <span class='ocrx_word' id='word_1_384' title='bbox 665 4767 720 4822; x_wconf 94' lang='lat' dir='ltr'><strong>ln</strong></span> <span class='ocrx_word' id='word_1_385' title='bbox 745 4768 808 4822; x_wconf 90' lang='lat' dir='ltr'><strong>iis</strong></span> <span class='ocrx_word' id='word_1_386' title='bbox 832 4767 991 4837; x_wconf 80' lang='lat' dir='ltr'><strong>igitur</strong></span> <span class='ocrx_word' id='word_1_387' title='bbox 1017 4766 1138 4820; x_wconf 70' lang='lat' dir='ltr'><strong>vita:</strong></span> <span class='ocrx_word' id='word_1_388' title='bbox 1165 4765 1318 4835; x_wconf 86' lang='lat' dir='ltr'><strong>hujus</strong></span> <span class='ocrx_word' id='word_1_389' title='bbox 1345 4764 1596 4832; x_wconf 89' lang='lat' dir='ltr'><strong>tenebris,</strong></span> <span class='ocrx_word' id='word_1_390' title='bbox 1629 4766 1680 4821; x_wconf 90' lang='lat' dir='ltr'><strong>in</strong></span> <span class='ocrx_word' id='word_1_391' title='bbox 1705 4767 1894 4836; x_wconf 84' lang='lat' dir='ltr'><strong>quibus</strong></span> <span class='ocrx_word' id='word_1_392' title='bbox 1925 4784 2071 4838; x_wconf 62' lang='lat' dir='ltr'><strong>pereo</strong></span> 
     </span>
    </p>
   </div>
   <div class='ocr_carea' id='block_1_50' title="bbox 490 4854 2066 4929">
    <p class='ocr_par' dir='ltr' id='par_1_50' title="bbox 490 4854 2066 4929">
     <span class='ocr_line' id='line_1_50' title="bbox 490 4854 2066 4929; baseline 0 -17"><span class='ocrx_word' id='word_1_393' title='bbox 490 4858 774 4929; x_wconf 85' lang='lat' dir='ltr'><strong>grinamur</strong></span> <span class='ocrx_word' id='word_1_394' title='bbox 797 4871 826 4908; x_wconf 93' lang='lat' dir='ltr'><strong>a</strong></span> <span class='ocrx_word' id='word_1_395' title='bbox 855 4855 1099 4922; x_wconf 87' lang='lat' dir='ltr'><strong>Domino,</strong></span> <span class='ocrx_word' id='word_1_396' title='bbox 1137 4855 1508 4925; x_wconf 81' lang='lat' dir='ltr'><strong>quamdiuper</strong></span> <span class='ocrx_word' id='word_1_397' title='bbox 1531 4854 1688 4910; x_wconf 83' lang='lat' dir='ltr'><strong>ﬁdem</strong></span> <span class='ocrx_word' id='word_1_398' title='bbox 1715 4857 2066 4926; x_wconf 89' lang='lat' dir='ltr'><strong>ambulamus,</strong></span> 
     </span>
    </p>
   </div>
   <div class='ocr_carea' id='block_1_51' title="bbox 492 4944 2070 5018">
    <p class='ocr_par' dir='ltr' id='par_1_51' title="bbox 492 4944 2070 5018">
     <span class='ocr_line' id='line_1_51' title="bbox 492 4944 2070 5018; baseline 0.001 -15"><span class='ocrx_word' id='word_1_399' title='bbox 492 4964 604 5004; x_wconf 90' lang='lat' dir='ltr'><strong>non</strong></span> <span class='ocrx_word' id='word_1_400' title='bbox 635 4963 730 5018; x_wconf 78' lang='lat' dir='ltr'><strong>por</strong></span> <span class='ocrx_word' id='word_1_401' title='bbox 747 4946 977 5017; x_wconf 70' lang='lat' dir='ltr'><strong>Speciem</strong></span> <span class='ocrx_word' id='word_1_402' title='bbox 1005 4945 1072 5014; x_wconf 94' lang='lat' dir='ltr'><strong>(ll</strong></span> <span class='ocrx_word' id='word_1_403' title='bbox 1105 4944 1222 4999; x_wconf 85' lang='lat' dir='ltr'><strong>Cor.</strong></span> <span class='ocrx_word' id='word_1_404' title='bbox 1243 4960 1299 5010; x_wconf 86' lang='lat' dir='ltr'><strong>v,</strong></span> <span class='ocrx_word' id='word_1_405' title='bbox 1318 4944 1372 5011; x_wconf 87' lang='lat'><strong>6,</strong></span> <span class='ocrx_word' id='word_1_406' title='bbox 1397 4944 1476 5012; x_wconf 86' lang='lat'><strong>7),</strong></span> <span class='ocrx_word' id='word_1_407' title='bbox 1505 4944 1797 5001; x_wconf 86' lang='lat' dir='ltr'><strong>desolatam</strong></span> <span class='ocrx_word' id='word_1_408' title='bbox 1824 4947 1984 5002; x_wconf 88' lang='lat' dir='ltr'><strong>debet</strong></span> <span class='ocrx_word' id='word_1_409' title='bbox 2009 4965 2070 5004; x_wconf 85' lang='lat' dir='ltr'><strong>se</strong></span> 
     </span>
    </p>
   </div>
   <div class='ocr_carea' id='block_1_52' title="bbox 407 5034 2069 5106">
    <p class='ocr_par' dir='ltr' id='par_1_52' title="bbox 407 5034 2069 5106">
     <span class='ocr_line' id='line_1_52' title="bbox 407 5034 2069 5106; baseline 0.001 -14"><span class='ocrx_word' id='word_1_410' title='bbox 407 5068 410 5070; x_wconf 58' lang='grc' dir='ltr'><strong><em>η</em></strong></span> <span class='ocrx_word' id='word_1_411' title='bbox 489 5037 780 5093; x_wconf 84' lang='lat' dir='ltr'><strong>christiana</strong></span> <span class='ocrx_word' id='word_1_412' title='bbox 805 5037 980 5092; x_wconf 89' lang='lat' dir='ltr'><strong>anima</strong></span> <span class='ocrx_word' id='word_1_413' title='bbox 1001 5043 1265 5106; x_wconf 89' lang='lat' dir='ltr'><strong>reputare,</strong></span> <span class='ocrx_word' id='word_1_414' title='bbox 1291 5050 1358 5089; x_wconf 92' lang='lat' dir='ltr'><strong>ne</strong></span> <span class='ocrx_word' id='word_1_415' title='bbox 1384 5034 1784 5092; x_wconf 82' lang='lat' dir='ltr'><strong>desistat-orare</strong></span> <span class='ocrx_word' id='word_1_416' title='bbox 1812 5047 1902 5093; x_wconf 90' lang='lat' dir='ltr'><strong>:et</strong></span> <span class='ocrx_word' id='word_1_417' title='bbox 1925 5037 2069 5093; x_wconf 88' lang='lat' dir='ltr'><strong>Scri-</strong></span> 
     </span>
    </p>
   </div>
   <div class='ocr_carea' id='block_1_53' title="bbox 489 5128 2070 5200">
    <p class='ocr_par' dir='ltr' id='par_1_53' title="bbox 489 5128 2070 5200">
     <span class='ocr_line' id='line_1_53' title="bbox 489 5128 2070 5200; baseline 0.003 -16"><span class='ocrx_word' id='word_1_418' title='bbox 489 5137 765 5200; x_wconf 87' lang='lat' dir='ltr'><strong>pturarum</strong></span> <span class='ocrx_word' id='word_1_419' title='bbox 797 5128 1107 5184; x_wconf 82' lang='lat' dir='ltr'><strong>divinarum</strong></span> <span class='ocrx_word' id='word_1_420' title='bbox 1159 5135 1566 5197; x_wconf 87' lang='lat' dir='ltr'><strong>sanctarumque</strong></span> <span class='ocrx_word' id='word_1_421' title='bbox 1614 5129 1848 5184; x_wconf 82' lang='lat' dir='ltr'><strong>sermoni</strong></span> <span class='ocrx_word' id='word_1_422' title='bbox 1893 5129 2070 5188; x_wconf 79' lang='lat' dir='ltr'><strong>discat</strong></span> 
     </span>
    </p>
   </div>
   <div class='ocr_carea' id='block_1_54' title="bbox 490 5217 2066 5292">
    <p class='ocr_par' dir='ltr' id='par_1_54' title="bbox 490 5217 2066 5292">
     <span class='ocr_line' id='line_1_54' title="bbox 490 5217 2066 5292; baseline 0.001 -16"><span class='ocrx_word' id='word_1_423' title='bbox 490 5231 740 5292; x_wconf 87' lang='lat' dir='ltr'><strong>tanquam</strong></span> <span class='ocrx_word' id='word_1_424' title='bbox 762 5221 996 5276; x_wconf 70' lang='lat' dir='ltr'><strong>lucerna:</strong></span> <span class='ocrx_word' id='word_1_425' title='bbox 1021 5218 1073 5277; x_wconf 93' lang='lat' dir='ltr'><strong>iu</strong></span> <span class='ocrx_word' id='word_1_426' title='bbox 1099 5218 1325 5274; x_wconf 85' lang='lat' dir='ltr'><strong>obscuro</strong></span> <span class='ocrx_word' id='word_1_427' title='bbox 1353 5217 1473 5273; x_wconf 91' lang='lat' dir='ltr'><strong>loco</strong></span> <span class='ocrx_word' id='word_1_428' title='bbox 1502 5218 1688 5288; x_wconf 68' lang='lat' dir='ltr'><strong>positae</strong></span> <span class='ocrx_word' id='word_1_429' title='bbox 1709 5219 1830 5276; x_wconf 89' lang='lat' dir='ltr'><strong>lidei</strong></span> <span class='ocrx_word' id='word_1_430' title='bbox 1855 5222 2066 5278; x_wconf 79' lang='lat' dir='ltr'><strong>oculum</strong></span> 
     </span>
    </p>
   </div>
   <div class='ocr_carea' id='block_1_55' title="bbox 489 5308 2066 5376">
    <p class='ocr_par' dir='ltr' id='par_1_55' title="bbox 489 5308 2066 5376">
     <span class='ocr_line' id='line_1_55' title="bbox 489 5308 2066 5376; baseline 0.003 -11"><span class='ocrx_word' id='word_1_431' title='bbox 489 5311 786 5376; x_wconf 74' lang='lat' dir='ltr'><strong>intendere,</strong></span> <span class='ocrx_word' id='word_1_432' title='bbox 819 5310 998 5366; x_wconf 78' lang='lat' dir='ltr'><strong>donec</strong></span> <span class='ocrx_word' id='word_1_433' title='bbox 1035 5308 1151 5364; x_wconf 86' lang='lat' dir='ltr'><strong>dies</strong></span> <span class='ocrx_word' id='word_1_434' title='bbox 1187 5310 1440 5376; x_wconf 82' lang='lat' dir='ltr'><strong>lucescat,</strong></span> <span class='ocrx_word' id='word_1_435' title='bbox 1475 5319 1530 5364; x_wconf 90' lang='lat' dir='ltr'><strong>et</strong></span> <span class='ocrx_word' id='word_1_436' title='bbox 1555 5309 1743 5366; x_wconf 80' lang='lat' dir='ltr'><strong>lucifer</strong></span> <span class='ocrx_word' id='word_1_437' title='bbox 1777 5312 1978 5367; x_wconf 91' lang='lat' dir='ltr'><strong>oriatur</strong></span> <span class='ocrx_word' id='word_1_438' title='bbox 2012 5314 2066 5369; x_wconf 90' lang='lat' dir='ltr'><strong>iu</strong></span> 
     </span>
    </p>
   </div>
   <div class='ocr_carea' id='block_1_56' title="bbox 492 5398 2066 5474">
    <p class='ocr_par' dir='ltr' id='par_1_56' title="bbox 492 5398 2066 5474">
     <span class='ocr_line' id='line_1_56' title="bbox 492 5398 2066 5474; baseline 0.001 -18"><span class='ocrx_word' id='word_1_439' title='bbox 492 5402 742 5458; x_wconf 86' lang='lat' dir='ltr'><strong>cordibus</strong></span> <span class='ocrx_word' id='word_1_440' title='bbox 774 5401 968 5456; x_wconf 90' lang='lat' dir='ltr'><strong>nostris</strong></span> <span class='ocrx_word' id='word_1_441' title='bbox 992 5400 1057 5474; x_wconf 93' lang='grc'><strong>(11</strong></span> <span class='ocrx_word' id='word_1_442' title='bbox 1083 5398 1294 5468; x_wconf 37' lang='lat' dir='ltr'><strong>Petra],</strong></span> <span class='ocrx_word' id='word_1_443' title='bbox 1320 5399 1432 5471; x_wconf 86' lang='lat' dir='ltr'><strong>l9).</strong></span> <span class='ocrx_word' id='word_1_444' title='bbox 1469 5399 1636 5470; x_wconf 81' lang='lat' dir='ltr'><strong>Hujus</strong></span> <span class='ocrx_word' id='word_1_445' title='bbox 1663 5401 1804 5456; x_wconf 90' lang='lat' dir='ltr'><strong>enim</strong></span> <span class='ocrx_word' id='word_1_446' title='bbox 1837 5401 2066 5458; x_wconf 62' lang='lat' dir='ltr'><strong>lucerna!</strong></span> 
     </span>
    </p>
   </div>
   <div class='ocr_carea' id='block_1_57' title="bbox 551 5529 2066 5597">
    <p class='ocr_par' dir='ltr' id='par_1_57' title="bbox 551 5529 2066 5597">
     <span class='ocr_line' id='line_1_57' title="bbox 551 5529 2066 5597; baseline -0.001 -19"><span class='ocrx_word' id='word_1_447' title='bbox 551 5532 569 5562; x_wconf 78' lang='grc' dir='ltr'>ί</span> <span class='ocrx_word' id='word_1_448' title='bbox 592 5529 1106 5597; x_wconf 25' lang='grc' dir='ltr'>μριιᾲμιλοιίτμοωὶιιὶιιιι·</span> <span class='ocrx_word' id='word_1_449' title='bbox 1122 5531 1202 5580; x_wconf 89' lang='lat' dir='ltr'><strong>bic</strong></span> <span class='ocrx_word' id='word_1_450' title='bbox 1221 5529 1454 5593; x_wconf 86' lang='lat' dir='ltr'><strong>particula</strong></span> <span class='ocrx_word' id='word_1_451' title='bbox 1476 5541 1690 5597; x_wconf 79' lang='lat' dir='ltr'><strong>negans,</strong></span> <span class='ocrx_word' id='word_1_452' title='bbox 1722 5544 1834 5594; x_wconf 70' lang='lat' dir='ltr'><strong>quae</strong></span> <span class='ocrx_word' id='word_1_453' title='bbox 1876 5536 2066 5597; x_wconf 86' lang='lat' dir='ltr'><strong>reperi.</strong></span> 
     </span>
    </p>
   </div>
   <div class='ocr_carea' id='block_1_58' title="bbox 489 5591 1605 5656">
    <p class='ocr_par' dir='ltr' id='par_1_58' title="bbox 489 5591 1605 5656">
     <span class='ocr_line' id='line_1_58' title="bbox 489 5591 1605 5656; baseline -0.002 -14"><span class='ocrx_word' id='word_1_454' title='bbox 489 5600 568 5656; x_wconf 82' lang='lat' dir='ltr'><strong>tur</strong></span> <span class='ocrx_word' id='word_1_455' title='bbox 589 5591 767 5656; x_wconf 16' lang='lat' dir='ltr'><strong>inlﬁdd.</strong></span> <span class='ocrx_word' id='word_1_456' title='bbox 784 5591 973 5656; x_wconf 73' lang='lat' dir='ltr'><strong>aliiset</strong></span> <span class='ocrx_word' id='word_1_457' title='bbox 987 5592 1042 5640; x_wconf 81' lang='lat' dir='ltr'><strong>in</strong></span> <span class='ocrx_word' id='word_1_458' title='bbox 1065 5600 1170 5656; x_wconf 78' lang='lat' dir='ltr'><strong>Mss.</strong></span> <span class='ocrx_word' id='word_1_459' title='bbox 1193 5591 1345 5656; x_wconf 73' lang='lat' dir='ltr'><strong>prope</strong></span> <span class='ocrx_word' id='word_1_460' title='bbox 1367 5591 1605 5656; x_wconf 74' lang='lat' dir='ltr'><strong>erunibus.</strong></span> 
     </span>
    </p>
   </div>
   <div class='ocr_carea' id='block_1_59' title="bbox 553 5649 2065 5729">
    <p class='ocr_par' dir='ltr' id='par_1_59' title="bbox 553 5649 2065 5729">
     <span class='ocr_line' id='line_1_59' title="bbox 553 5649 2065 5729; baseline -0.003 0"><span class='ocrx_word' id='word_1_461' title='bbox 553 5649 1495 5729; x_wconf 50' lang='lat' dir='ltr'><strong>Eoique,</strong></span> <span class='ocrx_word' id='word_1_462' title='bbox 1519 5654 1806 5729; x_wconf 62' lang='grc' dir='ltr'><strong>ςτενυςίωξς</strong></span> <span class='ocrx_word' id='word_1_463' title='bbox 1840 5657 2065 5729; x_wconf 56' lang='lat' dir='ltr'><strong>«ﬂetum</strong></span> 
     </span>
    </p>
   </div>
   <div class='ocr_carea' id='block_1_60' title="bbox 1733 361 2539 423">
    <p class='ocr_par' dir='ltr' id='par_1_60' title="bbox 1733 361 2539 423">
     <span class='ocr_line' id='line_1_60' title="bbox 1733 361 2539 423; baseline 0.005 -5"><span class='ocrx_word' id='word_1_464' title='bbox 1733 361 1793 418; x_wconf 86' lang='lat' dir='ltr'><strong>S.</strong></span> <span class='ocrx_word' id='word_1_465' title='bbox 1832 362 2194 421; x_wconf 64' lang='grc' dir='ltr'><strong>Αυουετικι</strong></span> <span class='ocrx_word' id='word_1_466' title='bbox 2235 365 2539 423; x_wconf 73' lang='lat' dir='ltr'><strong>EPISCOPI</strong></span> 
     </span>
    </p>
   </div>
   <div class='ocr_carea' id='block_1_61' title="bbox 3647 383 3738 442">
    <p class='ocr_par' dir='ltr' id='par_1_61' title="bbox 3647 383 3738 442">
     <span class='ocr_line' id='line_1_61' title="bbox 3647 383 3738 442; baseline 0.044 -4"><span class='ocrx_word' id='word_1_467' title='bbox 3647 383 3738 442; x_wconf 73' lang='grc' dir='ltr'><strong>ιιι</strong></span> 
     </span>
    </p>
   </div>
   <div class='ocr_carea' id='block_1_62' title="bbox 2204 478 3734 555">
    <p class='ocr_par' dir='ltr' id='par_1_62' title="bbox 2204 478 3734 555">
     <span class='ocr_line' id='line_1_62' title="bbox 2204 478 3734 555; baseline 0.012 -23"><span class='ocrx_word' id='word_1_468' title='bbox 2204 479 2420 548; x_wconf 85' lang='lat' dir='ltr'><strong>quidam</strong></span> <span class='ocrx_word' id='word_1_469' title='bbox 2445 482 2562 535; x_wconf 81' lang='lat' dir='ltr'><strong>toris</strong></span> <span class='ocrx_word' id='word_1_470' title='bbox 2584 478 2865 536; x_wconf 86' lang='lat' dir='ltr'><strong>inell&#39;abilis</strong></span> <span class='ocrx_word' id='word_1_471' title='bbox 2883 480 3059 537; x_wconf 85' lang='lat' dir='ltr'><strong>lumen</strong></span> <span class='ocrx_word' id='word_1_472' title='bbox 3091 480 3218 537; x_wconf 90' lang='lat' dir='ltr'><strong>illud</strong></span> <span class='ocrx_word' id='word_1_473' title='bbox 3246 491 3352 550; x_wconf 79' lang='lat' dir='ltr'><strong>est,</strong></span> <span class='ocrx_word' id='word_1_474' title='bbox 3377 486 3506 555; x_wconf 87' lang='lat' dir='ltr'><strong>quod</strong></span> <span class='ocrx_word' id='word_1_475' title='bbox 3525 489 3594 544; x_wconf 78' lang='lat' dir='ltr'><strong>sic</strong></span> <span class='ocrx_word' id='word_1_476' title='bbox 3617 491 3734 550; x_wconf 86' lang='lat' dir='ltr'><strong>lucet</strong></span> 
     </span>
    </p>
   </div>
   <div class='ocr_carea' id='block_1_63' title="bbox 2205 567 3734 644">
    <p class='ocr_par' dir='ltr' id='par_1_63' title="bbox 2205 567 3734 644">
     <span class='ocr_line' id='line_1_63' title="bbox 2205 567 3734 644; baseline 0.011 -22"><span class='ocrx_word' id='word_1_477' title='bbox 2205 569 2256 623; x_wconf 92' lang='lat' dir='ltr'><strong>in</strong></span> <span class='ocrx_word' id='word_1_478' title='bbox 2281 567 2552 636; x_wconf 82' lang='lat' dir='ltr'><strong>.tenebris,</strong></span> <span class='ocrx_word' id='word_1_479' title='bbox 2594 580 2648 626; x_wconf 90' lang='lat' dir='ltr'><strong>ut</strong></span> <span class='ocrx_word' id='word_1_480' title='bbox 2683 587 2797 626; x_wconf 68' lang='lat' dir='ltr'><strong>non</strong></span> <span class='ocrx_word' id='word_1_481' title='bbox 2826 573 3310 642; x_wconf 81' lang='lat' dir='ltr'><strong>comprehendatur</strong></span> <span class='ocrx_word' id='word_1_482' title='bbox 3337 590 3366 628; x_wconf 83' lang='grc' dir='ltr'><strong>ιι</strong></span> <span class='ocrx_word' id='word_1_483' title='bbox 3402 579 3632 644; x_wconf 84' lang='lat' dir='ltr'><strong>teuebris‘,</strong></span> <span class='ocrx_word' id='word_1_484' title='bbox 3663 587 3734 639; x_wconf 84' lang='lat' dir='ltr'><strong>cui</strong></span> 
     </span>
    </p>
   </div>
   <div class='ocr_carea' id='block_1_64' title="bbox 2204 659 3732 729">
    <p class='ocr_par' dir='ltr' id='par_1_64' title="bbox 2204 659 3732 729">
     <span class='ocr_line' id='line_1_64' title="bbox 2204 659 3732 729; baseline 0.01 -16"><span class='ocrx_word' id='word_1_485' title='bbox 2204 659 2470 728; x_wconf 89' lang='lat' dir='ltr'><strong>videndo,</strong></span> <span class='ocrx_word' id='word_1_486' title='bbox 2525 661 2631 717; x_wconf 80' lang='lat' dir='ltr'><strong>ﬁde</strong></span> <span class='ocrx_word' id='word_1_487' title='bbox 2679 663 2843 717; x_wconf 87' lang='lat' dir='ltr'><strong>corda</strong></span> <span class='ocrx_word' id='word_1_488' title='bbox 2887 664 3188 719; x_wconf 87' lang='lat' dir='ltr'><strong>mundanda</strong></span> <span class='ocrx_word' id='word_1_489' title='bbox 3236 674 3354 719; x_wconf 89' lang='lat' dir='ltr'><strong>sunt</strong></span> <span class='ocrx_word' id='word_1_490' title='bbox 3388 682 3402 719; x_wconf 89' lang='lat'><strong>:</strong></span> <span class='ocrx_word' id='word_1_491' title='bbox 3433 665 3575 723; x_wconf 81' lang='lat' dir='ltr'><strong>Beati</strong></span> <span class='ocrx_word' id='word_1_492' title='bbox 3613 674 3732 729; x_wconf 77' lang='lat' dir='ltr'><strong>enini</strong></span> 
     </span>
    </p>
   </div>
   <div class='ocr_carea' id='block_1_65' title="bbox 2202 753 3736 829">
    <p class='ocr_par' dir='ltr' id='par_1_65' title="bbox 2202 753 3736 829">
     <span class='ocr_line' id='line_1_65' title="bbox 2202 753 3736 829; baseline 0.007 -24"><span class='ocrx_word' id='word_1_493' title='bbox 2202 754 2390 807; x_wconf 82' lang='lat' dir='ltr'><strong>mundo</strong></span> <span class='ocrx_word' id='word_1_494' title='bbox 2417 753 2609 818; x_wconf 85' lang='lat' dir='ltr'><strong>corde;</strong></span> <span class='ocrx_word' id='word_1_495' title='bbox 2634 755 2873 824; x_wconf 81' lang='lat' dir='ltr'><strong>quoniam</strong></span> <span class='ocrx_word' id='word_1_496' title='bbox 2908 756 3007 825; x_wconf 84' lang='lat' dir='ltr'><strong>ipsi</strong></span> <span class='ocrx_word' id='word_1_497' title='bbox 3033 753 3199 808; x_wconf 80' lang='lat' dir='ltr'><strong>Deum</strong></span> <span class='ocrx_word' id='word_1_498' title='bbox 3213 756 3443 810; x_wconf 60' lang='lat' dir='ltr'><strong>ridebunt</strong></span> <span class='ocrx_word' id='word_1_499' title='bbox 3470 757 3670 828; x_wconf 71' lang='lat' dir='ltr'><strong>(lauit.</strong></span> <span class='ocrx_word' id='word_1_500' title='bbox 3689 779 3736 829; x_wconf 67' lang='grc' dir='ltr'>ν,</span> 
     </span>
    </p>
   </div>
   <div class='ocr_carea' id='block_1_66' title="bbox 2199 842 3738 917">
    <p class='ocr_par' dir='ltr' id='par_1_66' title="bbox 2199 842 3738 917">
     <span class='ocr_line' id='line_1_66' title="bbox 2199 842 3738 917; baseline 0.005 -17"><span class='ocrx_word' id='word_1_501' title='bbox 2199 842 2290 915; x_wconf 88' lang='grc'><strong>8);</strong></span> <span class='ocrx_word' id='word_1_502' title='bbox 2318 854 2394 910; x_wconf 91' lang='lat' dir='ltr'><strong>et,</strong></span> <span class='ocrx_word' id='word_1_503' title='bbox 2432 846 2635 900; x_wconf 82' lang='lat' dir='ltr'><strong>Scimus</strong></span> <span class='ocrx_word' id='word_1_504' title='bbox 2657 848 2893 916; x_wconf 82' lang='lat' dir='ltr'><strong>quoniam</strong></span> <span class='ocrx_word' id='word_1_505' title='bbox 2914 863 3037 900; x_wconf 77' lang='lat' dir='ltr'><strong>cum</strong></span> <span class='ocrx_word' id='word_1_506' title='bbox 3065 848 3372 917; x_wconf 75' lang='lat' dir='ltr'><strong>apparuerit,</strong></span> <span class='ocrx_word' id='word_1_507' title='bbox 3398 849 3571 904; x_wconf 82' lang='lat' dir='ltr'><strong>similes</strong></span> <span class='ocrx_word' id='word_1_508' title='bbox 3590 853 3633 905; x_wconf 81' lang='lat' dir='ltr'><strong>ei</strong></span> <span class='ocrx_word' id='word_1_509' title='bbox 3651 856 3738 908; x_wconf 71' lang='lat' dir='ltr'><strong>crio</strong></span> 
     </span>
    </p>
   </div>
   <div class='ocr_carea' id='block_1_67' title="bbox 2200 936 3737 1014">
    <p class='ocr_par' dir='ltr' id='par_1_67' title="bbox 2200 936 3737 1014">
     <span class='ocr_line' id='line_1_67' title="bbox 2200 936 3737 1014; baseline 0.007 -27"><span class='ocrx_word' id='word_1_510' title='bbox 2200 951 2332 1001; x_wconf 86' lang='lat' dir='ltr'><strong>mus,</strong></span> <span class='ocrx_word' id='word_1_511' title='bbox 2363 937 2601 1006; x_wconf 76' lang='lat' dir='ltr'><strong>quoniam</strong></span> <span class='ocrx_word' id='word_1_512' title='bbox 2625 936 2898 990; x_wconf 76' lang='lat' dir='ltr'><strong>videbimus</strong></span> <span class='ocrx_word' id='word_1_513' title='bbox 2935 953 3049 990; x_wconf 84' lang='lat' dir='ltr'><strong>eum</strong></span> <span class='ocrx_word' id='word_1_514' title='bbox 3072 937 3219 990; x_wconf 81' lang='lat' dir='ltr'><strong>sicuti</strong></span> <span class='ocrx_word' id='word_1_515' title='bbox 3243 948 3315 992; x_wconf 82' lang='lat' dir='ltr'><strong>est</strong></span> <span class='ocrx_word' id='word_1_516' title='bbox 3332 937 3382 1010; x_wconf 58' lang='grc' dir='ltr'><strong>ιι</strong></span> <span class='ocrx_word' id='word_1_517' title='bbox 3402 938 3549 994; x_wconf 79' lang='lat' dir='ltr'><strong>Joan.</strong></span> <span class='ocrx_word' id='word_1_518' title='bbox 3577 959 3649 1008; x_wconf 88' lang='grc' dir='ltr'>ι-ιι,</span> <span class='ocrx_word' id='word_1_519' title='bbox 3669 945 3737 1014; x_wconf 66' lang='lat'><strong>2).</strong></span> 
     </span>
    </p>
   </div>
   <div class='ocr_carea' id='block_1_68' title="bbox 2201 1023 3738 1099">
    <p class='ocr_par' dir='ltr' id='par_1_68' title="bbox 2201 1023 3738 1099">
     <span class='ocr_line' id='line_1_68' title="bbox 2201 1023 3738 1099; baseline 0.007 -21"><span class='ocrx_word' id='word_1_520' title='bbox 2201 1023 2348 1079; x_wconf 89' lang='lat' dir='ltr'><strong>Tunc</strong></span> <span class='ocrx_word' id='word_1_521' title='bbox 2377 1026 2480 1080; x_wconf 91' lang='lat' dir='ltr'><strong>erit</strong></span> <span class='ocrx_word' id='word_1_522' title='bbox 2510 1041 2630 1080; x_wconf 86' lang='lat' dir='ltr'><strong>vera</strong></span> <span class='ocrx_word' id='word_1_523' title='bbox 2659 1027 2763 1080; x_wconf 90' lang='lat' dir='ltr'><strong>vita</strong></span> <span class='ocrx_word' id='word_1_524' title='bbox 2789 1035 2911 1096; x_wconf 87' lang='lat' dir='ltr'><strong>post</strong></span> <span class='ocrx_word' id='word_1_525' title='bbox 2947 1038 3194 1090; x_wconf 86' lang='lat' dir='ltr'><strong>mortem,</strong></span> <span class='ocrx_word' id='word_1_526' title='bbox 3219 1043 3496 1099; x_wconf 83' lang='lat' dir='ltr'><strong>verumque</strong></span> <span class='ocrx_word' id='word_1_527' title='bbox 3520 1033 3738 1089; x_wconf 85' lang='lat' dir='ltr'><strong>solatium</strong></span> 
     </span>
    </p>
   </div>
   <div class='ocr_carea' id='block_1_69' title="bbox 2201 1116 3740 1185">
    <p class='ocr_par' dir='ltr' id='par_1_69' title="bbox 2201 1116 3740 1185">
     <span class='ocr_line' id='line_1_69' title="bbox 2201 1116 3740 1185; baseline 0.007 -16"><span class='ocrx_word' id='word_1_528' title='bbox 2201 1125 2319 1185; x_wconf 88' lang='lat' dir='ltr'><strong>post</strong></span> <span class='ocrx_word' id='word_1_529' title='bbox 2343 1116 2729 1173; x_wconf 87' lang='lat' dir='ltr'><strong>desolationem</strong></span> <span class='ocrx_word' id='word_1_530' title='bbox 2760 1137 2772 1171; x_wconf 89' lang='lat'><strong>:</strong></span> <span class='ocrx_word' id='word_1_531' title='bbox 2808 1119 2891 1173; x_wconf 90' lang='lat' dir='ltr'><strong>illa</strong></span> <span class='ocrx_word' id='word_1_532' title='bbox 2919 1121 3024 1174; x_wconf 80' lang='lat' dir='ltr'><strong>vita</strong></span> <span class='ocrx_word' id='word_1_533' title='bbox 3047 1121 3248 1173; x_wconf 81' lang='lat' dir='ltr'><strong>eximet</strong></span> <span class='ocrx_word' id='word_1_534' title='bbox 3280 1122 3501 1177; x_wconf 87' lang='lat' dir='ltr'><strong>animam</strong></span> <span class='ocrx_word' id='word_1_535' title='bbox 3535 1133 3740 1180; x_wconf 80' lang='lat' dir='ltr'><strong>nostram</strong></span> 
     </span>
    </p>
   </div>
   <div class='ocr_carea' id='block_1_70' title="bbox 2197 1208 3739 1286">
    <p class='ocr_par' dir='ltr' id='par_1_70' title="bbox 2197 1208 3739 1286">
     <span class='ocr_line' id='line_1_70' title="bbox 2197 1208 3739 1286; baseline 0.005 -24"><span class='ocrx_word' id='word_1_536' title='bbox 2197 1208 2265 1263; x_wconf 90' lang='lat' dir='ltr'><strong>de</strong></span> <span class='ocrx_word' id='word_1_537' title='bbox 2285 1218 2480 1274; x_wconf 89' lang='lat' dir='ltr'><strong>morte,</strong></span> <span class='ocrx_word' id='word_1_538' title='bbox 2503 1218 2559 1264; x_wconf 90' lang='lat' dir='ltr'><strong>et</strong></span> <span class='ocrx_word' id='word_1_539' title='bbox 2580 1210 2706 1264; x_wconf 91' lang='lat' dir='ltr'><strong>illud</strong></span> <span class='ocrx_word' id='word_1_540' title='bbox 2734 1211 2983 1266; x_wconf 88' lang='lat' dir='ltr'><strong>solatium</strong></span> <span class='ocrx_word' id='word_1_541' title='bbox 3005 1211 3188 1266; x_wconf 87' lang='lat' dir='ltr'><strong>oculos</strong></span> <span class='ocrx_word' id='word_1_542' title='bbox 3213 1221 3423 1267; x_wconf 83' lang='lat' dir='ltr'><strong>nostros</strong></span> <span class='ocrx_word' id='word_1_543' title='bbox 3439 1230 3466 1266; x_wconf 85' lang='lat' dir='ltr'><strong>a</strong></span> <span class='ocrx_word' id='word_1_544' title='bbox 3495 1214 3739 1286; x_wconf 82' lang='lat' dir='ltr'><strong>lacrymis;</strong></span> 
     </span>
    </p>
   </div>
   <div class='ocr_carea' id='block_1_71' title="bbox 2196 1301 3783 1375">
    <p class='ocr_par' dir='ltr' id='par_1_71' title="bbox 2196 1301 3783 1375">
     <span class='ocr_line' id='line_1_71' title="bbox 2196 1301 3783 1375; baseline 0.004 -21"><span class='ocrx_word' id='word_1_545' title='bbox 2196 1301 2519 1369; x_wconf 88' lang='lat' dir='ltr'><strong>etquoniam</strong></span> <span class='ocrx_word' id='word_1_546' title='bbox 2547 1301 2616 1354; x_wconf 91' lang='lat' dir='ltr'><strong>ibi</strong></span> <span class='ocrx_word' id='word_1_547' title='bbox 2642 1301 2752 1369; x_wconf 89' lang='lat' dir='ltr'><strong>jam</strong></span> <span class='ocrx_word' id='word_1_548' title='bbox 2783 1317 2886 1355; x_wconf 91' lang='lat' dir='ltr'><strong>non</strong></span> <span class='ocrx_word' id='word_1_549' title='bbox 2919 1303 3022 1356; x_wconf 92' lang='lat' dir='ltr'><strong>erit</strong></span> <span class='ocrx_word' id='word_1_550' title='bbox 3055 1302 3158 1355; x_wconf 90' lang='lat' dir='ltr'><strong>ulla</strong></span> <span class='ocrx_word' id='word_1_551' title='bbox 3194 1303 3428 1368; x_wconf 88' lang='lat' dir='ltr'><strong>tentatio,</strong></span> <span class='ocrx_word' id='word_1_552' title='bbox 3457 1302 3569 1358; x_wconf 89' lang='lat' dir='ltr'><strong>ideo</strong></span> <span class='ocrx_word' id='word_1_553' title='bbox 3591 1307 3744 1375; x_wconf 81' lang='lat' dir='ltr'><strong>sequi-</strong></span> <span class='ocrx_word' id='word_1_554' title='bbox 3778 1364 3783 1369; x_wconf 59' lang='grc'><strong>,</strong></span> 
     </span>
    </p>
   </div>
   <div class='ocr_carea' id='block_1_72' title="bbox 2197 1392 3745 1462">
    <p class='ocr_par' dir='ltr' id='par_1_72' title="bbox 2197 1392 3745 1462">
     <span class='ocr_line' id='line_1_72' title="bbox 2197 1392 3745 1462; baseline 0.004 -18"><span class='ocrx_word' id='word_1_555' title='bbox 2197 1401 2282 1444; x_wconf 89' lang='grc' dir='ltr'>ιιιι·</span> <span class='ocrx_word' id='word_1_556' title='bbox 2317 1393 2366 1446; x_wconf 90' lang='lat' dir='ltr'><strong>in</strong></span> <span class='ocrx_word' id='word_1_557' title='bbox 2397 1392 2587 1447; x_wconf 87' lang='lat' dir='ltr'><strong>eodem</strong></span> <span class='ocrx_word' id='word_1_558' title='bbox 2622 1393 2846 1462; x_wconf 85' lang='lat' dir='ltr'><strong>psalmo,</strong></span> <span class='ocrx_word' id='word_1_559' title='bbox 2890 1392 3052 1446; x_wconf 79' lang='lat' dir='ltr'><strong>Pedes</strong></span> <span class='ocrx_word' id='word_1_560' title='bbox 3088 1409 3224 1446; x_wconf 85' lang='lat' dir='ltr'><strong>meos</strong></span> <span class='ocrx_word' id='word_1_561' title='bbox 3258 1410 3292 1445; x_wconf 90' lang='lat' dir='ltr'><strong>a</strong></span> <span class='ocrx_word' id='word_1_562' title='bbox 3327 1394 3492 1462; x_wconf 82' lang='lat' dir='ltr'><strong>lapsu.</strong></span> <span class='ocrx_word' id='word_1_563' title='bbox 3529 1394 3680 1450; x_wconf 83' lang='lat' dir='ltr'><strong>Porro</strong></span> <span class='ocrx_word' id='word_1_564' title='bbox 3707 1398 3745 1450; x_wconf 88' lang='lat' dir='ltr'><strong>si</strong></span> 
     </span>
    </p>
   </div>
   <div class='ocr_carea' id='block_1_73' title="bbox 2195 1485 3746 1553">
    <p class='ocr_par' dir='ltr' id='par_1_73' title="bbox 2195 1485 3746 1553">
     <span class='ocr_line' id='line_1_73' title="bbox 2195 1485 3746 1553; baseline 0.002 -14"><span class='ocrx_word' id='word_1_565' title='bbox 2195 1485 2338 1544; x_wconf 87' lang='lat' dir='ltr'><strong>nulla</strong></span> <span class='ocrx_word' id='word_1_566' title='bbox 2372 1485 2614 1547; x_wconf 85' lang='lat' dir='ltr'><strong>tentatio,</strong></span> <span class='ocrx_word' id='word_1_567' title='bbox 2641 1488 2750 1553; x_wconf 88' lang='lat' dir='ltr'><strong>jam</strong></span> <span class='ocrx_word' id='word_1_568' title='bbox 2787 1486 2926 1540; x_wconf 82' lang='lat' dir='ltr'><strong>milia</strong></span> <span class='ocrx_word' id='word_1_569' title='bbox 2958 1485 3166 1540; x_wconf 89' lang='lat' dir='ltr'><strong>oratio:</strong></span> <span class='ocrx_word' id='word_1_570' title='bbox 3192 1499 3297 1538; x_wconf 89' lang='lat' dir='ltr'><strong>non</strong></span> <span class='ocrx_word' id='word_1_571' title='bbox 3336 1486 3474 1540; x_wconf 88' lang='lat' dir='ltr'><strong>enim</strong></span> <span class='ocrx_word' id='word_1_572' title='bbox 3508 1486 3572 1540; x_wconf 92' lang='lat' dir='ltr'><strong>ibi</strong></span> <span class='ocrx_word' id='word_1_573' title='bbox 3597 1487 3746 1542; x_wconf 88' lang='lat' dir='ltr'><strong>adhuc</strong></span> 
     </span>
    </p>
   </div>
   <div class='ocr_carea' id='block_1_74' title="bbox 2192 1575 3748 1647">
    <p class='ocr_par' dir='ltr' id='par_1_74' title="bbox 2192 1575 3748 1647">
     <span class='ocr_line' id='line_1_74' title="bbox 2192 1575 3748 1647; baseline 0.003 -18"><span class='ocrx_word' id='word_1_574' title='bbox 2192 1578 2294 1629; x_wconf 88' lang='lat' dir='ltr'><strong>erit</strong></span> <span class='ocrx_word' id='word_1_575' title='bbox 2319 1577 2566 1646; x_wconf 89' lang='lat' dir='ltr'><strong>promissi</strong></span> <span class='ocrx_word' id='word_1_576' title='bbox 2592 1579 2713 1630; x_wconf 84' lang='lat' dir='ltr'><strong>boui</strong></span> <span class='ocrx_word' id='word_1_577' title='bbox 2741 1578 3088 1644; x_wconf 78' lang='lat' dir='ltr'><strong>exspectatio,</strong></span> <span class='ocrx_word' id='word_1_578' title='bbox 3116 1576 3211 1630; x_wconf 86' lang='lat' dir='ltr'><strong>sed</strong></span> <span class='ocrx_word' id='word_1_579' title='bbox 3238 1575 3427 1632; x_wconf 84' lang='lat' dir='ltr'><strong>redditi</strong></span> <span class='ocrx_word' id='word_1_580' title='bbox 3453 1580 3748 1647; x_wconf 85' lang='lat' dir='ltr'><strong>contempla-</strong></span> 
     </span>
    </p>
   </div>
   <div class='ocr_carea' id='block_1_75' title="bbox 2195 1665 3748 1737">
    <p class='ocr_par' dir='ltr' id='par_1_75' title="bbox 2195 1665 3748 1737">
     <span class='ocr_line' id='line_1_75' title="bbox 2195 1665 3748 1737; baseline 0.003 -19"><span class='ocrx_word' id='word_1_581' title='bbox 2195 1668 2300 1729; x_wconf 88' lang='lat' dir='ltr'><strong>tio;</strong></span> <span class='ocrx_word' id='word_1_582' title='bbox 2330 1667 2488 1729; x_wconf 86' lang='lat' dir='ltr'><strong>unde,</strong></span> <span class='ocrx_word' id='word_1_583' title='bbox 2526 1666 2762 1729; x_wconf 82' lang='lat' dir='ltr'><strong>Placebo,</strong></span> <span class='ocrx_word' id='word_1_584' title='bbox 2797 1668 2984 1737; x_wconf 83' lang='lat' dir='ltr'><strong>inquit,</strong></span> <span class='ocrx_word' id='word_1_585' title='bbox 3015 1665 3232 1720; x_wconf 86' lang='lat' dir='ltr'><strong>Domino</strong></span> <span class='ocrx_word' id='word_1_586' title='bbox 3257 1668 3312 1720; x_wconf 81' lang='lat' dir='ltr'><strong>iu</strong></span> <span class='ocrx_word' id='word_1_587' title='bbox 3337 1667 3532 1737; x_wconf 62' lang='lat' dir='ltr'><strong>regione</strong></span> <span class='ocrx_word' id='word_1_588' title='bbox 3551 1669 3748 1722; x_wconf 73' lang='lat' dir='ltr'><strong>vivorum</strong></span> 
     </span>
    </p>
   </div>
   <div class='ocr_carea' id='block_1_76' title="bbox 2193 1756 3750 1828">
    <p class='ocr_par' dir='ltr' id='par_1_76' title="bbox 2193 1756 3750 1828">
     <span class='ocr_line' id='line_1_76' title="bbox 2193 1756 3750 1828; baseline 0.002 -18"><span class='ocrx_word' id='word_1_589' title='bbox 2193 1756 2364 1828; x_wconf 83' lang='lat' dir='ltr'><strong>(Psal.</strong></span> <span class='ocrx_word' id='word_1_590' title='bbox 2393 1774 2537 1824; x_wconf 82' lang='lat' dir='ltr'><strong>cxtv,</strong></span> <span class='ocrx_word' id='word_1_591' title='bbox 2576 1757 2630 1823; x_wconf 89' lang='lat'><strong>8,</strong></span> <span class='ocrx_word' id='word_1_592' title='bbox 2661 1760 2743 1826; x_wconf 78' lang='lat'><strong>9),</strong></span> <span class='ocrx_word' id='word_1_593' title='bbox 2790 1758 2880 1812; x_wconf 90' lang='lat' dir='ltr'><strong>ubi</strong></span> <span class='ocrx_word' id='word_1_594' title='bbox 2922 1769 3047 1812; x_wconf 88' lang='lat' dir='ltr'><strong>tunc</strong></span> <span class='ocrx_word' id='word_1_595' title='bbox 3082 1759 3308 1822; x_wconf 89' lang='lat' dir='ltr'><strong>erimus,</strong></span> <span class='ocrx_word' id='word_1_596' title='bbox 3352 1757 3536 1812; x_wconf 86' lang='lat' dir='ltr'><strong>nonin</strong></span> <span class='ocrx_word' id='word_1_597' title='bbox 3562 1758 3750 1813; x_wconf 78' lang='lat' dir='ltr'><strong>deserto</strong></span> 
     </span>
    </p>
   </div>
   <div class='ocr_carea' id='block_1_77' title="bbox 2185 1847 3750 1922">
    <p class='ocr_par' dir='ltr' id='par_1_77' title="bbox 2185 1847 3750 1922">
     <span class='ocr_line' id='line_1_77' title="bbox 2185 1847 3750 1922; baseline 0.001 -19"><span class='ocrx_word' id='word_1_598' title='bbox 2185 1860 2542 1922; x_wconf 81' lang='lat' dir='ltr'><strong>mortuorum,</strong></span> <span class='ocrx_word' id='word_1_599' title='bbox 2587 1851 2673 1904; x_wconf 92' lang='lat' dir='ltr'><strong>ubi</strong></span> <span class='ocrx_word' id='word_1_600' title='bbox 2718 1865 2858 1904; x_wconf 91' lang='lat' dir='ltr'><strong>nunc</strong></span> <span class='ocrx_word' id='word_1_601' title='bbox 2896 1865 3097 1904; x_wconf 86' lang='lat' dir='ltr'><strong>sumus.</strong></span> <span class='ocrx_word' id='word_1_602' title='bbox 3139 1847 3335 1902; x_wconf 72' lang='grc' dir='ltr'><strong>Μονιυί</strong></span> <span class='ocrx_word' id='word_1_603' title='bbox 3370 1851 3500 1904; x_wconf 72' lang='lat' dir='ltr'><strong>enim</strong></span> <span class='ocrx_word' id='word_1_604' title='bbox 3527 1851 3653 1918; x_wconf 83' lang='lat' dir='ltr'><strong>estis,</strong></span> <span class='ocrx_word' id='word_1_605' title='bbox 3687 1852 3750 1905; x_wconf 86' lang='lat' dir='ltr'><strong>ait</strong></span> 
     </span>
    </p>
   </div>
   <div class='ocr_carea' id='block_1_78' title="bbox 2189 1939 3753 2009">
    <p class='ocr_par' dir='ltr' id='par_1_78' title="bbox 2189 1939 3753 2009">
     <span class='ocr_line' id='line_1_78' title="bbox 2189 1939 3753 2009; baseline 0 -15"><span class='ocrx_word' id='word_1_606' title='bbox 2189 1940 2494 2009; x_wconf 82' lang='lat' dir='ltr'><strong>Apostolus,</strong></span> <span class='ocrx_word' id='word_1_607' title='bbox 2532 1950 2578 1993; x_wconf 85' lang='lat' dir='ltr'><strong>et</strong></span> <span class='ocrx_word' id='word_1_608' title='bbox 2603 1941 2702 1994; x_wconf 75' lang='lat' dir='ltr'><strong>vita</strong></span> <span class='ocrx_word' id='word_1_609' title='bbox 2730 1949 2890 1994; x_wconf 78' lang='lat' dir='ltr'><strong>uestra</strong></span> <span class='ocrx_word' id='word_1_610' title='bbox 2925 1940 3214 1994; x_wconf 71' lang='lat' dir='ltr'><strong>abscondita</strong></span> <span class='ocrx_word' id='word_1_611' title='bbox 3247 1949 3322 1993; x_wconf 85' lang='lat' dir='ltr'><strong>est</strong></span> <span class='ocrx_word' id='word_1_612' title='bbox 3350 1957 3462 1994; x_wconf 79' lang='lat' dir='ltr'><strong>cum</strong></span> <span class='ocrx_word' id='word_1_613' title='bbox 3493 1939 3676 1994; x_wconf 83' lang='lat' dir='ltr'><strong>Christo</strong></span> <span class='ocrx_word' id='word_1_614' title='bbox 3707 1943 3753 1994; x_wconf 86' lang='lat' dir='ltr'><strong>iu</strong></span> 
     </span>
    </p>
   </div>
   <div class='ocr_carea' id='block_1_79' title="bbox 2183 2028 3753 2100">
    <p class='ocr_par' dir='ltr' id='par_1_79' title="bbox 2183 2028 3753 2100">
     <span class='ocr_line' id='line_1_79' title="bbox 2183 2028 3753 2100; baseline 0.001 -18"><span class='ocrx_word' id='word_1_615' title='bbox 2183 2028 2298 2083; x_wconf 78' lang='lat' dir='ltr'><strong>Deo</strong></span> <span class='ocrx_word' id='word_1_616' title='bbox 2320 2045 2341 2084; x_wconf 90' lang='lat'><strong><em>:</em></strong></span> <span class='ocrx_word' id='word_1_617' title='bbox 2356 2045 2478 2082; x_wconf 78' lang='lat' dir='ltr'><strong>cum</strong></span> <span class='ocrx_word' id='word_1_618' title='bbox 2501 2041 2668 2084; x_wconf 85' lang='lat' dir='ltr'><strong>autem</strong></span> <span class='ocrx_word' id='word_1_619' title='bbox 2693 2029 2921 2084; x_wconf 73' lang='lat' dir='ltr'><strong>Christus</strong></span> <span class='ocrx_word' id='word_1_620' title='bbox 2943 2030 3234 2100; x_wconf 81' lang='lat' dir='ltr'><strong>apparuerit</strong></span> <span class='ocrx_word' id='word_1_621' title='bbox 3265 2031 3366 2082; x_wconf 77' lang='lat' dir='ltr'><strong>vita</strong></span> <span class='ocrx_word' id='word_1_622' title='bbox 3391 2041 3566 2095; x_wconf 82' lang='lat' dir='ltr'><strong>vestra,</strong></span> <span class='ocrx_word' id='word_1_623' title='bbox 3587 2041 3693 2083; x_wconf 82' lang='lat' dir='ltr'><strong>tunc</strong></span> <span class='ocrx_word' id='word_1_624' title='bbox 3708 2040 3753 2083; x_wconf 77' lang='lat' dir='ltr'><strong>et</strong></span> 
     </span>
    </p>
   </div>
   <div class='ocr_carea' id='block_1_80' title="bbox 2190 2121 3752 2192">
    <p class='ocr_par' dir='ltr' id='par_1_80' title="bbox 2190 2121 3752 2192">
     <span class='ocr_line' id='line_1_80' title="bbox 2190 2121 3752 2192; baseline -0.002 -17"><span class='ocrx_word' id='word_1_625' title='bbox 2190 2138 2277 2175; x_wconf 78' lang='lat' dir='ltr'><strong>vos</strong></span> <span class='ocrx_word' id='word_1_626' title='bbox 2315 2122 2620 2192; x_wconf 77' lang='lat' dir='ltr'><strong>apparebitis</strong></span> <span class='ocrx_word' id='word_1_627' title='bbox 2648 2138 2761 2174; x_wconf 84' lang='lat' dir='ltr'><strong>cum</strong></span> <span class='ocrx_word' id='word_1_628' title='bbox 2796 2122 2906 2190; x_wconf 85' lang='lat' dir='ltr'><strong>ipso</strong></span> <span class='ocrx_word' id='word_1_629' title='bbox 2947 2125 2999 2174; x_wconf 84' lang='lat' dir='ltr'><strong>in</strong></span> <span class='ocrx_word' id='word_1_630' title='bbox 3039 2121 3203 2191; x_wconf 83' lang='lat' dir='ltr'><strong>gloria</strong></span> <span class='ocrx_word' id='word_1_631' title='bbox 3232 2121 3453 2192; x_wconf 83' lang='lat' dir='ltr'><strong>(Coloss.</strong></span> <span class='ocrx_word' id='word_1_632' title='bbox 3494 2137 3570 2184; x_wconf 86' lang='lat' dir='ltr'><strong>ut.</strong></span> <span class='ocrx_word' id='word_1_633' title='bbox 3605 2122 3656 2186; x_wconf 73' lang='grc' dir='ltr'>ὃ,</span> <span class='ocrx_word' id='word_1_634' title='bbox 3685 2121 3752 2188; x_wconf 70' lang='grc'><strong>1).</strong></span> 
     </span>
    </p>
   </div>
   <div class='ocr_carea' id='block_1_81' title="bbox 2188 2210 3754 2280">
    <p class='ocr_par' dir='ltr' id='par_1_81' title="bbox 2188 2210 3754 2280">
     <span class='ocr_line' id='line_1_81' title="bbox 2188 2210 3754 2280; baseline -0.003 -14"><span class='ocrx_word' id='word_1_635' title='bbox 2188 2212 2312 2266; x_wconf 66' lang='grc' dir='ltr'>ιιςυο</span> <span class='ocrx_word' id='word_1_636' title='bbox 2339 2222 2421 2266; x_wconf 88' lang='lat' dir='ltr'><strong>est</strong></span> <span class='ocrx_word' id='word_1_637' title='bbox 2441 2213 2583 2266; x_wconf 85' lang='lat' dir='ltr'><strong>enim</strong></span> <span class='ocrx_word' id='word_1_638' title='bbox 2613 2227 2737 2266; x_wconf 87' lang='lat' dir='ltr'><strong>vera</strong></span> <span class='ocrx_word' id='word_1_639' title='bbox 2755 2213 2879 2276; x_wconf 89' lang='lat' dir='ltr'><strong>vita,</strong></span> <span class='ocrx_word' id='word_1_640' title='bbox 2908 2227 2978 2280; x_wconf 88' lang='lat' dir='ltr'><strong>qu</strong></span> <span class='ocrx_word' id='word_1_641' title='bbox 2999 2228 3066 2264; x_wconf 89' lang='lat' dir='ltr'><strong>un</strong></span> <span class='ocrx_word' id='word_1_642' title='bbox 3083 2211 3342 2280; x_wconf 88' lang='lat' dir='ltr'><strong>jubcutur</strong></span> <span class='ocrx_word' id='word_1_643' title='bbox 3366 2211 3514 2265; x_wconf 87' lang='lat' dir='ltr'><strong>bouis</strong></span> <span class='ocrx_word' id='word_1_644' title='bbox 3532 2210 3754 2280; x_wconf 82' lang='lat' dir='ltr'><strong>Operibus</strong></span> 
     </span>
    </p>
   </div>
   <div class='ocr_carea' id='block_1_82' title="bbox 2184 2302 3757 2373">
    <p class='ocr_par' dir='ltr' id='par_1_82' title="bbox 2184 2302 3757 2373">
     <span class='ocr_line' id='line_1_82' title="bbox 2184 2302 3757 2373; baseline 0 -17"><span class='ocrx_word' id='word_1_645' title='bbox 2184 2303 2589 2373; x_wconf 88' lang='lat' dir='ltr'><strong>apprehendere</strong></span> <span class='ocrx_word' id='word_1_646' title='bbox 2611 2303 2805 2357; x_wconf 90' lang='lat' dir='ltr'><strong>divites</strong></span> <span class='ocrx_word' id='word_1_647' title='bbox 2829 2321 2840 2353; x_wconf 91' lang='lat'><strong>:</strong></span> <span class='ocrx_word' id='word_1_648' title='bbox 2865 2313 2920 2358; x_wconf 91' lang='lat' dir='ltr'><strong>et</strong></span> <span class='ocrx_word' id='word_1_649' title='bbox 2951 2304 3020 2356; x_wconf 87' lang='lat' dir='ltr'><strong>ibi</strong></span> <span class='ocrx_word' id='word_1_650' title='bbox 3053 2313 3136 2356; x_wconf 89' lang='lat' dir='ltr'><strong>est</strong></span> <span class='ocrx_word' id='word_1_651' title='bbox 3161 2317 3354 2356; x_wconf 84' lang='lat' dir='ltr'><strong>verum</strong></span> <span class='ocrx_word' id='word_1_652' title='bbox 3381 2302 3648 2365; x_wconf 84' lang='lat' dir='ltr'><strong>solatium;</strong></span> <span class='ocrx_word' id='word_1_653' title='bbox 3665 2317 3757 2370; x_wconf 87' lang='lat' dir='ltr'><strong>quo</strong></span> 
     </span>
    </p>
   </div>
   <div class='ocr_carea' id='block_1_83' title="bbox 2186 2391 3755 2461">
    <p class='ocr_par' dir='ltr' id='par_1_83' title="bbox 2186 2391 3755 2461">
     <span class='ocr_line' id='line_1_83' title="bbox 2186 2391 3755 2461; baseline -0.003 -13"><span class='ocrx_word' id='word_1_654' title='bbox 2186 2395 2376 2448; x_wconf 86' lang='lat' dir='ltr'><strong>solatio</strong></span> <span class='ocrx_word' id='word_1_655' title='bbox 2407 2408 2544 2448; x_wconf 84' lang='lat' dir='ltr'><strong>nunc</strong></span> <span class='ocrx_word' id='word_1_656' title='bbox 2570 2392 2722 2448; x_wconf 85' lang='lat' dir='ltr'><strong>vidua</strong></span> <span class='ocrx_word' id='word_1_657' title='bbox 2743 2392 3002 2458; x_wconf 87' lang='lat' dir='ltr'><strong>desolata,</strong></span> <span class='ocrx_word' id='word_1_658' title='bbox 3025 2393 3183 2446; x_wconf 89' lang='lat' dir='ltr'><strong>etiam</strong></span> <span class='ocrx_word' id='word_1_659' title='bbox 3208 2407 3332 2461; x_wconf 74' lang='lat' dir='ltr'><strong>qua:</strong></span> <span class='ocrx_word' id='word_1_660' title='bbox 3364 2391 3501 2445; x_wconf 82' lang='lat' dir='ltr'><strong>ﬁlios</strong></span> <span class='ocrx_word' id='word_1_661' title='bbox 3532 2401 3586 2446; x_wconf 92' lang='lat' dir='ltr'><strong>et</strong></span> <span class='ocrx_word' id='word_1_662' title='bbox 3609 2404 3755 2459; x_wconf 86' lang='lat' dir='ltr'><strong>nepo-</strong></span> 
     </span>
    </p>
   </div>
   <div class='ocr_carea' id='block_1_84' title="bbox 2189 2485 3757 2554">
    <p class='ocr_par' dir='ltr' id='par_1_84' title="bbox 2189 2485 3757 2554">
     <span class='ocr_line' id='line_1_84' title="bbox 2189 2485 3757 2554; baseline -0.002 -16"><span class='ocrx_word' id='word_1_663' title='bbox 2189 2495 2268 2541; x_wconf 85' lang='lat' dir='ltr'><strong>tes</strong></span> <span class='ocrx_word' id='word_1_664' title='bbox 2290 2485 2466 2552; x_wconf 89' lang='lat' dir='ltr'><strong>habel,</strong></span> <span class='ocrx_word' id='word_1_665' title='bbox 2496 2495 2551 2540; x_wconf 90' lang='lat' dir='ltr'><strong>et</strong></span> <span class='ocrx_word' id='word_1_666' title='bbox 2571 2485 2784 2539; x_wconf 89' lang='lat' dir='ltr'><strong>domum</strong></span> <span class='ocrx_word' id='word_1_667' title='bbox 2809 2501 2961 2540; x_wconf 84' lang='lat' dir='ltr'><strong>suam</strong></span> <span class='ocrx_word' id='word_1_668' title='bbox 2986 2486 3069 2552; x_wconf 88' lang='lat' dir='ltr'><strong>pie</strong></span> <span class='ocrx_word' id='word_1_669' title='bbox 3097 2493 3314 2550; x_wconf 83' lang='lat' dir='ltr'><strong>tractat,</strong></span> <span class='ocrx_word' id='word_1_670' title='bbox 3338 2499 3502 2554; x_wconf 83' lang='lat' dir='ltr'><strong>agens</strong></span> <span class='ocrx_word' id='word_1_671' title='bbox 3520 2498 3636 2539; x_wconf 89' lang='lat' dir='ltr'><strong>cum</strong></span> <span class='ocrx_word' id='word_1_672' title='bbox 3655 2497 3757 2536; x_wconf 84' lang='lat' dir='ltr'><strong>om-</strong></span> 
     </span>
    </p>
   </div>
   <div class='ocr_carea' id='block_1_85' title="bbox 2188 2574 3758 2644">
    <p class='ocr_par' dir='ltr' id='par_1_85' title="bbox 2188 2574 3758 2644">
     <span class='ocr_line' id='line_1_85' title="bbox 2188 2574 3758 2644; baseline -0.002 -17"><span class='ocrx_word' id='word_1_673' title='bbox 2188 2575 2342 2628; x_wconf 88' lang='lat' dir='ltr'><strong>nibus</strong></span> <span class='ocrx_word' id='word_1_674' title='bbox 2369 2576 2480 2629; x_wconf 89' lang='lat' dir='ltr'><strong>suis</strong></span> <span class='ocrx_word' id='word_1_675' title='bbox 2507 2585 2565 2628; x_wconf 91' lang='lat' dir='ltr'><strong>ut</strong></span> <span class='ocrx_word' id='word_1_676' title='bbox 2593 2583 2788 2643; x_wconf 90' lang='lat' dir='ltr'><strong>ponant</strong></span> <span class='ocrx_word' id='word_1_677' title='bbox 2825 2575 2876 2628; x_wconf 92' lang='lat' dir='ltr'><strong>in</strong></span> <span class='ocrx_word' id='word_1_678' title='bbox 2908 2575 3024 2629; x_wconf 82' lang='lat' dir='ltr'><strong>Deo</strong></span> <span class='ocrx_word' id='word_1_679' title='bbox 3052 2589 3203 2644; x_wconf 88' lang='lat' dir='ltr'><strong>spem</strong></span> <span class='ocrx_word' id='word_1_680' title='bbox 3233 2589 3413 2639; x_wconf 88' lang='lat' dir='ltr'><strong>suam,</strong></span> <span class='ocrx_word' id='word_1_681' title='bbox 3446 2574 3574 2627; x_wconf 91' lang='lat' dir='ltr'><strong>dicit</strong></span> <span class='ocrx_word' id='word_1_682' title='bbox 3599 2581 3758 2626; x_wconf 75' lang='lat' dir='ltr'><strong>tamen</strong></span> 
     </span>
    </p>
   </div>
   <div class='ocr_carea' id='block_1_86' title="bbox 2187 2664 3762 2736">
    <p class='ocr_par' dir='ltr' id='par_1_86' title="bbox 2187 2664 3762 2736">
     <span class='ocr_line' id='line_1_86' title="bbox 2187 2664 3762 2736; baseline 0 -18"><span class='ocrx_word' id='word_1_683' title='bbox 2187 2664 2239 2719; x_wconf 91' lang='lat' dir='ltr'><strong>in</strong></span> <span class='ocrx_word' id='word_1_684' title='bbox 2267 2666 2530 2730; x_wconf 88' lang='lat' dir='ltr'><strong>oratione,</strong></span> <span class='ocrx_word' id='word_1_685' title='bbox 2563 2666 2730 2721; x_wconf 84' lang='lat' dir='ltr'><strong>Sitivit</strong></span> <span class='ocrx_word' id='word_1_686' title='bbox 2763 2666 2849 2720; x_wconf 88' lang='lat' dir='ltr'><strong>tibi</strong></span> <span class='ocrx_word' id='word_1_687' title='bbox 2874 2667 3044 2719; x_wconf 83' lang='lat' dir='ltr'><strong>anima</strong></span> <span class='ocrx_word' id='word_1_688' title='bbox 3077 2683 3187 2719; x_wconf 84' lang='lat' dir='ltr'><strong>mea</strong></span> <span class='ocrx_word' id='word_1_689' title='bbox 3213 2682 3232 2720; x_wconf 92' lang='lat'><strong><em>:</em></strong></span> <span class='ocrx_word' id='word_1_690' title='bbox 3257 2682 3412 2735; x_wconf 83' lang='lat' dir='ltr'><strong>quam</strong></span> <span class='ocrx_word' id='word_1_691' title='bbox 3443 2665 3762 2736; x_wconf 68' lang='lat' dir='ltr'><strong>multipliciter</strong></span> 
     </span>
    </p>
   </div>
   <div class='ocr_carea' id='block_1_87' title="bbox 2185 2755 3764 2821">
    <p class='ocr_par' dir='ltr' id='par_1_87' title="bbox 2185 2755 3764 2821">
     <span class='ocr_line' id='line_1_87' title="bbox 2185 2755 3764 2821; baseline -0.001 -13"><span class='ocrx_word' id='word_1_692' title='bbox 2185 2756 2273 2808; x_wconf 83' lang='lat' dir='ltr'><strong>tibi</strong></span> <span class='ocrx_word' id='word_1_693' title='bbox 2305 2765 2350 2808; x_wconf 88' lang='lat' dir='ltr'><strong>et</strong></span> <span class='ocrx_word' id='word_1_694' title='bbox 2367 2771 2497 2808; x_wconf 68' lang='lat' dir='ltr'><strong>atro</strong></span> <span class='ocrx_word' id='word_1_695' title='bbox 2531 2773 2659 2820; x_wconf 80' lang='lat' dir='ltr'><strong>mea,</strong></span> <span class='ocrx_word' id='word_1_696' title='bbox 2702 2756 2754 2808; x_wconf 83' lang='lat' dir='ltr'><strong>in</strong></span> <span class='ocrx_word' id='word_1_697' title='bbox 2793 2766 2924 2810; x_wconf 81' lang='lat' dir='ltr'><strong>terra</strong></span> <span class='ocrx_word' id='word_1_698' title='bbox 2951 2757 3175 2818; x_wconf 74' lang='lat' dir='ltr'><strong>deserta,</strong></span> <span class='ocrx_word' id='word_1_699' title='bbox 3219 2766 3270 2809; x_wconf 85' lang='lat' dir='ltr'><strong>ct</strong></span> <span class='ocrx_word' id='word_1_700' title='bbox 3308 2756 3418 2810; x_wconf 84' lang='lat' dir='ltr'><strong>sine</strong></span> <span class='ocrx_word' id='word_1_701' title='bbox 3455 2756 3554 2821; x_wconf 78' lang='lat' dir='ltr'><strong>via,</strong></span> <span class='ocrx_word' id='word_1_702' title='bbox 3591 2765 3636 2808; x_wconf 82' lang='lat' dir='ltr'><strong>et</strong></span> <span class='ocrx_word' id='word_1_703' title='bbox 3668 2755 3764 2807; x_wconf 77' lang='lat' dir='ltr'><strong>siue</strong></span> 
     </span>
    </p>
   </div>
   <div class='ocr_carea' id='block_1_88' title="bbox 2182 2845 3764 2917">
    <p class='ocr_par' dir='ltr' id='par_1_88' title="bbox 2182 2845 3764 2917">
     <span class='ocr_line' id='line_1_88' title="bbox 2182 2845 3764 2917; baseline -0.002 -20"><span class='ocrx_word' id='word_1_704' title='bbox 2182 2845 2509 2916; x_wconf 78' lang='lat' dir='ltr'><strong>aqua.(PsuL</strong></span> <span class='ocrx_word' id='word_1_705' title='bbox 2536 2862 2666 2913; x_wconf 75' lang='lat' dir='ltr'><strong>uti,</strong></span> <span class='ocrx_word' id='word_1_706' title='bbox 2696 2847 2750 2911; x_wconf 75' lang='grc'><strong>9.,</strong></span> <span class='ocrx_word' id='word_1_707' title='bbox 2776 2848 2862 2917; x_wconf 81' lang='lat'><strong>5);</strong></span> <span class='ocrx_word' id='word_1_708' title='bbox 2889 2847 3029 2916; x_wconf 89' lang='lat' dir='ltr'><strong>quod</strong></span> <span class='ocrx_word' id='word_1_709' title='bbox 3059 2855 3142 2902; x_wconf 72' lang='lat' dir='ltr'><strong>est</strong></span> <span class='ocrx_word' id='word_1_710' title='bbox 3163 2847 3277 2902; x_wconf 73' lang='lat' dir='ltr'><strong>ista</strong></span> <span class='ocrx_word' id='word_1_711' title='bbox 3299 2847 3619 2901; x_wconf 85' lang='lat' dir='ltr'><strong>moribunda</strong></span> <span class='ocrx_word' id='word_1_712' title='bbox 3647 2847 3764 2910; x_wconf 87' lang='lat' dir='ltr'><strong>vita,</strong></span> 
     </span>
    </p>
   </div>
   <div class='ocr_carea' id='block_1_89' title="bbox 2183 2935 3764 3007">
    <p class='ocr_par' dir='ltr' id='par_1_89' title="bbox 2183 2935 3764 3007">
     <span class='ocr_line' id='line_1_89' title="bbox 2183 2935 3764 3007; baseline -0.001 -18"><span class='ocrx_word' id='word_1_713' title='bbox 2183 2937 2508 3007; x_wconf 73' lang='lat' dir='ltr'><strong>quibuslibet</strong></span> <span class='ocrx_word' id='word_1_714' title='bbox 2536 2938 2849 2992; x_wconf 87' lang='lat' dir='ltr'><strong>mortalibus</strong></span> <span class='ocrx_word' id='word_1_715' title='bbox 2878 2937 3500 3006; x_wconf 75' lang='lat' dir='ltr'><strong>solatiisl&#39;requentetur.</strong></span> <span class='ocrx_word' id='word_1_716' title='bbox 3523 2935 3764 3006; x_wconf 86' lang='lat' dir='ltr'><strong>quibusli-</strong></span> 
     </span>
    </p>
   </div>
   <div class='ocr_carea' id='block_1_90' title="bbox 2183 3025 3763 3097">
    <p class='ocr_par' dir='ltr' id='par_1_90' title="bbox 2183 3025 3763 3097">
     <span class='ocr_line' id='line_1_90' title="bbox 2183 3025 3763 3097; baseline -0.002 -17"><span class='ocrx_word' id='word_1_717' title='bbox 2183 3025 2274 3081; x_wconf 89' lang='lat' dir='ltr'><strong>bet</strong></span> <span class='ocrx_word' id='word_1_718' title='bbox 2307 3027 2678 3082; x_wconf 84' lang='lat' dir='ltr'><strong>itineranu&#39;bus</strong></span> <span class='ocrx_word' id='word_1_719' title='bbox 2710 3028 3011 3094; x_wconf 88' lang='lat' dir='ltr'><strong>comitetur,</strong></span> <span class='ocrx_word' id='word_1_720' title='bbox 3051 3028 3394 3097; x_wconf 86' lang='lat' dir='ltr'><strong>quantalibet</strong></span> <span class='ocrx_word' id='word_1_721' title='bbox 3422 3043 3597 3082; x_wconf 89' lang='lat' dir='ltr'><strong>rerum</strong></span> <span class='ocrx_word' id='word_1_722' title='bbox 3628 3026 3763 3095; x_wconf 86' lang='lat' dir='ltr'><strong>copia</strong></span> 
     </span>
    </p>
   </div>
   <div class='ocr_carea' id='block_1_91' title="bbox 2182 3117 3764 3188">
    <p class='ocr_par' dir='ltr' id='par_1_91' title="bbox 2182 3117 3764 3188">
     <span class='ocr_line' id='line_1_91' title="bbox 2182 3117 3764 3188; baseline 0 -18"><span class='ocrx_word' id='word_1_723' title='bbox 2182 3120 2498 3172; x_wconf 83' lang='lat' dir='ltr'><strong>eumuletur.</strong></span> <span class='ocrx_word' id='word_1_724' title='bbox 2529 3117 2674 3173; x_wconf 78' lang='lat' dir='ltr'><strong>Nosti</strong></span> <span class='ocrx_word' id='word_1_725' title='bbox 2695 3119 2890 3188; x_wconf 90' lang='lat' dir='ltr'><strong>quippe</strong></span> <span class='ocrx_word' id='word_1_726' title='bbox 2911 3119 3007 3173; x_wconf 88' lang='lat' dir='ltr'><strong>ista</strong></span> <span class='ocrx_word' id='word_1_727' title='bbox 3028 3119 3206 3172; x_wconf 83' lang='lat' dir='ltr'><strong>omnia</strong></span> <span class='ocrx_word' id='word_1_728' title='bbox 3224 3119 3614 3188; x_wconf 82' lang='lat' dir='ltr'><strong>quamiucerta</strong></span> <span class='ocrx_word' id='word_1_729' title='bbox 3637 3119 3764 3171; x_wconf 88' lang='lat' dir='ltr'><strong>sint:</strong></span> 
     </span>
    </p>
   </div>
   <div class='ocr_carea' id='block_1_92' title="bbox 2182 3208 3766 3280">
    <p class='ocr_par' dir='ltr' id='par_1_92' title="bbox 2182 3208 3766 3280">
     <span class='ocr_line' id='line_1_92' title="bbox 2182 3208 3766 3280; baseline -0.003 -15"><span class='ocrx_word' id='word_1_730' title='bbox 2182 3219 2235 3265; x_wconf 91' lang='lat' dir='ltr'><strong>et</strong></span> <span class='ocrx_word' id='word_1_731' title='bbox 2261 3211 2311 3263; x_wconf 91' lang='lat' dir='ltr'><strong>in</strong></span> <span class='ocrx_word' id='word_1_732' title='bbox 2329 3210 2782 3280; x_wconf 69' lang='lat' dir='ltr'><strong>illiuspromissm</strong></span> <span class='ocrx_word' id='word_1_733' title='bbox 2805 3209 3071 3264; x_wconf 72' lang='lat' dir='ltr'><strong>felicitatis</strong></span> <span class='ocrx_word' id='word_1_734' title='bbox 3099 3212 3515 3280; x_wconf 79' lang='lat' dir='ltr'><strong>comparatione</strong></span> <span class='ocrx_word' id='word_1_735' title='bbox 3543 3208 3664 3279; x_wconf 90' lang='lat' dir='ltr'><strong>quid</strong></span> <span class='ocrx_word' id='word_1_736' title='bbox 3689 3221 3766 3261; x_wconf 81' lang='lat' dir='ltr'><strong>rs-</strong></span> 
     </span>
    </p>
   </div>
   <div class='ocr_carea' id='block_1_93' title="bbox 2183 3304 3164 3368">
    <p class='ocr_par' dir='ltr' id='par_1_93' title="bbox 2183 3304 3164 3368">
     <span class='ocr_line' id='line_1_93' title="bbox 2183 3304 3164 3368; baseline -0.002 -8"><span class='ocrx_word' id='word_1_737' title='bbox 2183 3315 2320 3368; x_wconf 85' lang='lat' dir='ltr'><strong>scnt,</strong></span> <span class='ocrx_word' id='word_1_738' title='bbox 2351 3306 2557 3360; x_wconf 90' lang='lat' dir='ltr'><strong>etiamsi</strong></span> <span class='ocrx_word' id='word_1_739' title='bbox 2584 3306 2785 3362; x_wconf 85' lang='lat' dir='ltr'><strong>incerta</strong></span> <span class='ocrx_word' id='word_1_740' title='bbox 2809 3321 2917 3359; x_wconf 90' lang='lat' dir='ltr'><strong>non</strong></span> <span class='ocrx_word' id='word_1_741' title='bbox 2945 3304 3164 3359; x_wconf 81' lang='lat' dir='ltr'><strong>essent?</strong></span> 
     </span>
    </p>
   </div>
   <div class='ocr_carea' id='block_1_94' title="bbox 2253 3392 3770 3466">
    <p class='ocr_par' dir='ltr' id='par_1_94' title="bbox 2253 3392 3770 3466">
     <span class='ocr_line' id='line_1_94' title="bbox 2253 3392 3770 3466; baseline -0.003 -15"><span class='ocrx_word' id='word_1_742' title='bbox 2253 3398 2304 3452; x_wconf 85' lang='lat'><strong>6.</strong></span> <span class='ocrx_word' id='word_1_743' title='bbox 2341 3398 2472 3451; x_wconf 81' lang='lat' dir='ltr'><strong>llaec</strong></span> <span class='ocrx_word' id='word_1_744' title='bbox 2509 3398 2644 3460; x_wconf 83' lang='lat' dir='ltr'><strong>dixi,</strong></span> <span class='ocrx_word' id='word_1_745' title='bbox 2672 3399 2925 3466; x_wconf 89' lang='lat' dir='ltr'><strong>quoniam</strong></span> <span class='ocrx_word' id='word_1_746' title='bbox 2955 3410 3265 3450; x_wconf 83' lang='lat' dir='ltr'><strong>sermonem</strong></span> <span class='ocrx_word' id='word_1_747' title='bbox 3309 3411 3494 3452; x_wconf 87' lang='lat' dir='ltr'><strong>meum</strong></span> <span class='ocrx_word' id='word_1_748' title='bbox 3523 3394 3672 3450; x_wconf 85' lang='lat' dir='ltr'><strong>vidua</strong></span> <span class='ocrx_word' id='word_1_749' title='bbox 3697 3392 3770 3447; x_wconf 58' lang='lat' dir='ltr'><strong>die</strong></span> 
     </span>
    </p>
   </div>
   <div class='ocr_carea' id='block_1_95' title="bbox 2181 3485 3774 3552">
    <p class='ocr_par' dir='ltr' id='par_1_95' title="bbox 2181 3485 3774 3552">
     <span class='ocr_line' id='line_1_95' title="bbox 2181 3485 3774 3552; baseline -0.003 -13"><span class='ocrx_word' id='word_1_750' title='bbox 2181 3502 2274 3542; x_wconf 90' lang='lat' dir='ltr'><strong>ves</strong></span> <span class='ocrx_word' id='word_1_751' title='bbox 2311 3497 2365 3542; x_wconf 90' lang='lat' dir='ltr'><strong>et</strong></span> <span class='ocrx_word' id='word_1_752' title='bbox 2399 3487 2612 3551; x_wconf 84' lang='lat' dir='ltr'><strong>nobilis,</strong></span> <span class='ocrx_word' id='word_1_753' title='bbox 2653 3497 2709 3541; x_wconf 91' lang='lat' dir='ltr'><strong>et</strong></span> <span class='ocrx_word' id='word_1_754' title='bbox 2743 3494 2903 3540; x_wconf 62' lang='lat' dir='ltr'><strong>tantm</strong></span> <span class='ocrx_word' id='word_1_755' title='bbox 2944 3486 3157 3538; x_wconf 80' lang='lat' dir='ltr'><strong>familia:</strong></span> <span class='ocrx_word' id='word_1_756' title='bbox 3203 3497 3410 3552; x_wconf 85' lang='lat' dir='ltr'><strong>mater,</strong></span> <span class='ocrx_word' id='word_1_757' title='bbox 3441 3487 3512 3541; x_wconf 85' lang='lat' dir='ltr'><strong>de</strong></span> <span class='ocrx_word' id='word_1_758' title='bbox 3549 3485 3774 3540; x_wconf 80' lang='lat' dir='ltr'><strong>oratione</strong></span> 
     </span>
    </p>
   </div>
   <div class='ocr_carea' id='block_1_96' title="bbox 2180 3575 3772 3647">
    <p class='ocr_par' dir='ltr' id='par_1_96' title="bbox 2180 3575 3772 3647">
     <span class='ocr_line' id='line_1_96' title="bbox 2180 3575 3772 3647; baseline -0.004 -16"><span class='ocrx_word' id='word_1_759' title='bbox 2180 3579 2437 3647; x_wconf 73' lang='lat' dir='ltr'><strong>qttazststi,</strong></span> <span class='ocrx_word' id='word_1_760' title='bbox 2471 3587 2525 3630; x_wconf 92' lang='lat' dir='ltr'><strong>ut</strong></span> <span class='ocrx_word' id='word_1_761' title='bbox 2561 3578 2718 3630; x_wconf 89' lang='lat' dir='ltr'><strong>etiam</strong></span> <span class='ocrx_word' id='word_1_762' title='bbox 2752 3587 2927 3636; x_wconf 87' lang='lat' dir='ltr'><strong>tecum</strong></span> <span class='ocrx_word' id='word_1_763' title='bbox 2973 3576 3026 3629; x_wconf 90' lang='lat' dir='ltr'><strong>in</strong></span> <span class='ocrx_word' id='word_1_764' title='bbox 3067 3575 3167 3629; x_wconf 90' lang='lat' dir='ltr'><strong>hac</strong></span> <span class='ocrx_word' id='word_1_765' title='bbox 3198 3577 3311 3629; x_wconf 87' lang='lat' dir='ltr'><strong>vita</strong></span> <span class='ocrx_word' id='word_1_766' title='bbox 3347 3575 3772 3645; x_wconf 83' lang='lat' dir='ltr'><strong>permanentibus</strong></span> 
     </span>
    </p>
   </div>
   <div class='ocr_carea' id='block_1_97' title="bbox 2174 3666 3774 3738">
    <p class='ocr_par' dir='ltr' id='par_1_97' title="bbox 2174 3666 3774 3738">
     <span class='ocr_line' id='line_1_97' title="bbox 2174 3666 3774 3738; baseline -0.003 -15"><span class='ocrx_word' id='word_1_767' title='bbox 2174 3679 2234 3723; x_wconf 86' lang='lat' dir='ltr'><strong>et</strong></span> <span class='ocrx_word' id='word_1_768' title='bbox 2268 3669 2681 3738; x_wconf 80' lang='lat' dir='ltr'><strong>obsequentiluis</strong></span> <span class='ocrx_word' id='word_1_769' title='bbox 2702 3669 2830 3731; x_wconf 83' lang='lat' dir='ltr'><strong>tuis,</strong></span> <span class='ocrx_word' id='word_1_770' title='bbox 2874 3677 2925 3722; x_wconf 89' lang='lat' dir='ltr'><strong>te</strong></span> <span class='ocrx_word' id='word_1_771' title='bbox 2957 3668 3156 3722; x_wconf 88' lang='lat' dir='ltr'><strong>sentias</strong></span> <span class='ocrx_word' id='word_1_772' title='bbox 3181 3666 3520 3733; x_wconf 85' lang='lat' dir='ltr'><strong>desolatam,</strong></span> <span class='ocrx_word' id='word_1_773' title='bbox 3555 3666 3774 3722; x_wconf 79' lang='lat' dir='ltr'><strong>nondum</strong></span> 
     </span>
    </p>
   </div>
   <div class='ocr_carea' id='block_1_98' title="bbox 2181 3759 3775 3829">
    <p class='ocr_par' dir='ltr' id='par_1_98' title="bbox 2181 3759 3775 3829">
     <span class='ocr_line' id='line_1_98' title="bbox 2181 3759 3775 3829; baseline -0.001 -17"><span class='ocrx_word' id='word_1_774' title='bbox 2181 3762 2360 3826; x_wconf 79' lang='lat' dir='ltr'><strong>utique</strong></span> <span class='ocrx_word' id='word_1_775' title='bbox 2394 3759 2722 3829; x_wconf 88' lang='lat' dir='ltr'><strong>apprehensa</strong></span> <span class='ocrx_word' id='word_1_776' title='bbox 2753 3760 2836 3813; x_wconf 88' lang='lat' dir='ltr'><strong>illa</strong></span> <span class='ocrx_word' id='word_1_777' title='bbox 2868 3760 2994 3822; x_wconf 90' lang='lat' dir='ltr'><strong>vita,</strong></span> <span class='ocrx_word' id='word_1_778' title='bbox 3019 3759 3106 3812; x_wconf 92' lang='lat' dir='ltr'><strong>ubi</strong></span> <span class='ocrx_word' id='word_1_779' title='bbox 3135 3767 3222 3812; x_wconf 87' lang='lat' dir='ltr'><strong>est</strong></span> <span class='ocrx_word' id='word_1_780' title='bbox 3252 3775 3449 3813; x_wconf 83' lang='lat' dir='ltr'><strong>verum</strong></span> <span class='ocrx_word' id='word_1_781' title='bbox 3477 3769 3775 3827; x_wconf 71' lang='lat' dir='ltr'><strong>certumque</strong></span> 
     </span>
    </p>
   </div>
   <div class='ocr_carea' id='block_1_99' title="bbox 2179 3849 3778 3920">
    <p class='ocr_par' dir='ltr' id='par_1_99' title="bbox 2179 3849 3778 3920">
     <span class='ocr_line' id='line_1_99' title="bbox 2179 3849 3778 3920; baseline -0.003 -16"><span class='ocrx_word' id='word_1_782' title='bbox 2179 3851 2445 3917; x_wconf 79' lang='lat' dir='ltr'><strong>solatium,</strong></span> <span class='ocrx_word' id='word_1_783' title='bbox 2496 3851 2583 3904; x_wconf 92' lang='lat' dir='ltr'><strong>ubi</strong></span> <span class='ocrx_word' id='word_1_784' title='bbox 2631 3850 2934 3920; x_wconf 84' lang='lat' dir='ltr'><strong>implebitur</strong></span> <span class='ocrx_word' id='word_1_785' title='bbox 2962 3851 3102 3919; x_wconf 84' lang='lat' dir='ltr'><strong>quod</strong></span> <span class='ocrx_word' id='word_1_786' title='bbox 3149 3850 3204 3903; x_wconf 86' lang='lat' dir='ltr'><strong>in</strong></span> <span class='ocrx_word' id='word_1_787' title='bbox 3256 3849 3553 3920; x_wconf 79' lang='lat' dir='ltr'><strong>prophetia</strong></span> <span class='ocrx_word' id='word_1_788' title='bbox 3590 3849 3778 3907; x_wconf 83' lang='lat' dir='ltr'><strong>dictum</strong></span> 
     </span>
    </p>
   </div>
   <div class='ocr_carea' id='block_1_100' title="bbox 2177 3941 3777 4006">
    <p class='ocr_par' dir='ltr' id='par_1_100' title="bbox 2177 3941 3777 4006">
     <span class='ocr_line' id='line_1_100' title="bbox 2177 3941 3777 4006; baseline -0.001 -9"><span class='ocrx_word' id='word_1_789' title='bbox 2177 3952 2260 3997; x_wconf 88' lang='lat' dir='ltr'><strong>est</strong></span> <span class='ocrx_word' id='word_1_790' title='bbox 2289 3961 2302 3996; x_wconf 92' lang='lat'><strong>:</strong></span> <span class='ocrx_word' id='word_1_791' title='bbox 2333 3943 2520 3997; x_wconf 84' lang='lat' dir='ltr'><strong>Satiati</strong></span> <span class='ocrx_word' id='word_1_792' title='bbox 2553 3959 2728 3996; x_wconf 83' lang='lat' dir='ltr'><strong>sumus</strong></span> <span class='ocrx_word' id='word_1_793' title='bbox 2757 3958 2904 3996; x_wconf 85' lang='lat' dir='ltr'><strong>mane</strong></span> <span class='ocrx_word' id='word_1_794' title='bbox 2920 3942 3285 3996; x_wconf 77' lang='lat' dir='ltr'><strong>misericordia</strong></span> <span class='ocrx_word' id='word_1_795' title='bbox 3314 3951 3449 4006; x_wconf 78' lang='lat' dir='ltr'><strong>tua;</strong></span> <span class='ocrx_word' id='word_1_796' title='bbox 3491 3951 3541 3996; x_wconf 78' lang='lat' dir='ltr'><strong>et</strong></span> <span class='ocrx_word' id='word_1_797' title='bbox 3565 3941 3777 3997; x_wconf 67' lang='lat' dir='ltr'><strong>exsulta-</strong></span> 
     </span>
    </p>
   </div>
   <div class='ocr_carea' id='block_1_101' title="bbox 2178 4031 3781 4106">
    <p class='ocr_par' dir='ltr' id='par_1_101' title="bbox 2178 4031 3781 4106">
     <span class='ocr_line' id='line_1_101' title="bbox 2178 4031 3781 4106; baseline -0.002 -17"><span class='ocrx_word' id='word_1_798' title='bbox 2178 4037 2338 4090; x_wconf 76' lang='lat' dir='ltr'><strong>vimus</strong></span> <span class='ocrx_word' id='word_1_799' title='bbox 2356 4045 2402 4089; x_wconf 76' lang='lat' dir='ltr'><strong>et</strong></span> <span class='ocrx_word' id='word_1_800' title='bbox 2412 4036 2682 4106; x_wconf 80' lang='lat' dir='ltr'><strong>jucuudati</strong></span> <span class='ocrx_word' id='word_1_801' title='bbox 2706 4051 2877 4089; x_wconf 79' lang='lat' dir='ltr'><strong>sumus</strong></span> <span class='ocrx_word' id='word_1_802' title='bbox 2900 4035 2954 4088; x_wconf 79' lang='lat' dir='ltr'><strong>in</strong></span> <span class='ocrx_word' id='word_1_803' title='bbox 2980 4034 3215 4089; x_wconf 83' lang='lat' dir='ltr'><strong>omnibus</strong></span> <span class='ocrx_word' id='word_1_804' title='bbox 3243 4034 3431 4089; x_wconf 70' lang='lat' dir='ltr'><strong>diebus</strong></span> <span class='ocrx_word' id='word_1_805' title='bbox 3457 4035 3664 4089; x_wconf 84' lang='lat' dir='ltr'><strong>nostris.</strong></span> <span class='ocrx_word' id='word_1_806' title='bbox 3685 4031 3781 4086; x_wconf 75' lang='lat' dir='ltr'><strong>lit-</strong></span> 
     </span>
    </p>
   </div>
   <div class='ocr_carea' id='block_1_102' title="bbox 2178 4125 3781 4197">
    <p class='ocr_par' dir='ltr' id='par_1_102' title="bbox 2178 4125 3781 4197">
     <span class='ocr_line' id='line_1_102' title="bbox 2178 4125 3781 4197; baseline -0.001 -18"><span class='ocrx_word' id='word_1_807' title='bbox 2178 4127 2384 4180; x_wconf 87' lang='lat' dir='ltr'><strong>cuudati</strong></span> <span class='ocrx_word' id='word_1_808' title='bbox 2410 4143 2581 4180; x_wconf 83' lang='lat' dir='ltr'><strong>sumus</strong></span> <span class='ocrx_word' id='word_1_809' title='bbox 2605 4143 2694 4197; x_wconf 86' lang='lat' dir='ltr'><strong>pro</strong></span> <span class='ocrx_word' id='word_1_810' title='bbox 2729 4127 2900 4180; x_wconf 83' lang='lat' dir='ltr'><strong>diebus</strong></span> <span class='ocrx_word' id='word_1_811' title='bbox 2942 4125 3119 4196; x_wconf 79' lang='lat' dir='ltr'><strong>quibus</strong></span> <span class='ocrx_word' id='word_1_812' title='bbox 3146 4140 3246 4179; x_wconf 89' lang='lat' dir='ltr'><strong>uos</strong></span> <span class='ocrx_word' id='word_1_813' title='bbox 3292 4127 3607 4192; x_wconf 80' lang='lat' dir='ltr'><strong>Itumiliasti,</strong></span> <span class='ocrx_word' id='word_1_814' title='bbox 3644 4125 3781 4178; x_wconf 73' lang='lat' dir='ltr'><strong>anuis</strong></span> 
     </span>
    </p>
   </div>
   <div class='ocr_carea' id='block_1_103' title="bbox 2177 4217 3506 4291">
    <p class='ocr_par' dir='ltr' id='par_1_103' title="bbox 2177 4217 3506 4291">
     <span class='ocr_line' id='line_1_103' title="bbox 2177 4217 3506 4291; baseline 0 -17"><span class='ocrx_word' id='word_1_815' title='bbox 2177 4223 2352 4291; x_wconf 83' lang='lat' dir='ltr'><strong>quibus</strong></span> <span class='ocrx_word' id='word_1_816' title='bbox 2372 4221 2586 4274; x_wconf 83' lang='lat' dir='ltr'><strong>vidimus</strong></span> <span class='ocrx_word' id='word_1_817' title='bbox 2615 4221 2750 4272; x_wconf 84' lang='lat' dir='ltr'><strong>mala</strong></span> <span class='ocrx_word' id='word_1_818' title='bbox 2775 4217 2949 4288; x_wconf 69' lang='lat' dir='ltr'><strong>(Paul.</strong></span> <span class='ocrx_word' id='word_1_819' title='bbox 2979 4233 3222 4284; x_wconf 75' lang='lat' dir='ltr'><strong>Lxxxtx,</strong></span> <span class='ocrx_word' id='word_1_820' title='bbox 3252 4219 3506 4291; x_wconf 60' lang='lat'><strong>16,15).</strong></span> 
     </span>
    </p>
   </div>
   <div class='ocr_carea' id='block_1_104' title="bbox 2247 4309 3783 4378">
    <p class='ocr_par' dir='ltr' id='par_1_104' title="bbox 2247 4309 3783 4378">
     <span class='ocr_line' id='line_1_104' title="bbox 2247 4309 3783 4378; baseline -0.003 -14"><span class='ocrx_word' id='word_1_821' title='bbox 2247 4310 2472 4366; x_wconf 76' lang='lat' dir='ltr'><strong>CAP-UT</strong></span> <span class='ocrx_word' id='word_1_822' title='bbox 2493 4309 2579 4363; x_wconf 86' lang='lat' dir='ltr'><strong>lll.</strong></span> <span class='ocrx_word' id='word_1_823' title='bbox 2603 4340 2671 4349; x_wconf 91' lang='lat'>—</span> <span class='ocrx_word' id='word_1_824' title='bbox 2693 4310 2745 4363; x_wconf 69' lang='grc' dir='ltr'><strong>π.</strong></span> <span class='ocrx_word' id='word_1_825' title='bbox 2773 4309 3072 4378; x_wconf 80' lang='lat' dir='ltr'><strong>Antequam</strong></span> <span class='ocrx_word' id='word_1_826' title='bbox 3094 4321 3226 4377; x_wconf 69' lang='lat' dir='ltr'><strong>ergo</strong></span> <span class='ocrx_word' id='word_1_827' title='bbox 3247 4309 3355 4362; x_wconf 86' lang='lat' dir='ltr'><strong>ista</strong></span> <span class='ocrx_word' id='word_1_828' title='bbox 3373 4309 3680 4364; x_wconf 85' lang='lat' dir='ltr'><strong>consolatio</strong></span> <span class='ocrx_word' id='word_1_829' title='bbox 3697 4321 3783 4360; x_wconf 84' lang='lat' dir='ltr'><strong>ve-</strong></span> 
     </span>
    </p>
   </div>
   <div class='ocr_carea' id='block_1_105' title="bbox 2177 4399 3788 4471">
    <p class='ocr_par' dir='ltr' id='par_1_105' title="bbox 2177 4399 3788 4471">
     <span class='ocr_line' id='line_1_105' title="bbox 2177 4399 3788 4471; baseline -0.003 -16"><span class='ocrx_word' id='word_1_830' title='bbox 2177 4401 2309 4467; x_wconf 91' lang='lat' dir='ltr'><strong>niat,</strong></span> <span class='ocrx_word' id='word_1_831' title='bbox 2345 4411 2770 4471; x_wconf 87' lang='lat' dir='ltr'><strong>quantacumque</strong></span> <span class='ocrx_word' id='word_1_832' title='bbox 2813 4399 3180 4468; x_wconf 83' lang='lat' dir='ltr'><strong>temporalium</strong></span> <span class='ocrx_word' id='word_1_833' title='bbox 3217 4399 3514 4454; x_wconf 83' lang='lat' dir='ltr'><strong>bonorum</strong></span> <span class='ocrx_word' id='word_1_834' title='bbox 3547 4399 3788 4455; x_wconf 74' lang='lat' dir='ltr'><strong>felicitate</strong></span> 
     </span>
    </p>
   </div>
   <div class='ocr_carea' id='block_1_106' title="bbox 2176 4489 3784 4561">
    <p class='ocr_par' dir='ltr' id='par_1_106' title="bbox 2176 4489 3784 4561">
     <span class='ocr_line' id='line_1_106' title="bbox 2176 4489 3784 4561; baseline -0.002 -15"><span class='ocrx_word' id='word_1_835' title='bbox 2176 4491 2534 4558; x_wconf 80' lang='lat' dir='ltr'><strong>circuiulluas,</strong></span> <span class='ocrx_word' id='word_1_836' title='bbox 2557 4499 2622 4545; x_wconf 11' lang='lat' dir='ltr'><strong>aut</strong></span> <span class='ocrx_word' id='word_1_837' title='bbox 2651 4490 2906 4561; x_wconf 88' lang='lat' dir='ltr'><strong>persislas</strong></span> <span class='ocrx_word' id='word_1_838' title='bbox 2940 4490 2992 4543; x_wconf 91' lang='lat' dir='ltr'><strong>in</strong></span> <span class='ocrx_word' id='word_1_839' title='bbox 3015 4489 3368 4545; x_wconf 84' lang='lat' dir='ltr'><strong>orationibus</strong></span> <span class='ocrx_word' id='word_1_840' title='bbox 3397 4490 3494 4546; x_wconf 89' lang='lat' dir='ltr'><strong>die</strong></span> <span class='ocrx_word' id='word_1_841' title='bbox 3521 4507 3586 4544; x_wconf 85' lang='lat' dir='ltr'><strong>ac</strong></span> <span class='ocrx_word' id='word_1_842' title='bbox 3616 4499 3784 4551; x_wconf 89' lang='lat' dir='ltr'><strong>nocte,</strong></span> 
     </span>
    </p>
   </div>
   <div class='ocr_carea' id='block_1_107' title="bbox 2176 4581 3790 4656">
    <p class='ocr_par' dir='ltr' id='par_1_107' title="bbox 2176 4581 3790 4656">
     <span class='ocr_line' id='line_1_107' title="bbox 2176 4581 3790 4656; baseline -0.001 -18"><span class='ocrx_word' id='word_1_843' title='bbox 2176 4583 2466 4638; x_wconf 85' lang='lat' dir='ltr'><strong>desolatam</strong></span> <span class='ocrx_word' id='word_1_844' title='bbox 2509 4592 2559 4637; x_wconf 92' lang='lat' dir='ltr'><strong>te</strong></span> <span class='ocrx_word' id='word_1_845' title='bbox 2591 4597 2712 4637; x_wconf 88' lang='lat' dir='ltr'><strong>esse</strong></span> <span class='ocrx_word' id='word_1_846' title='bbox 2753 4581 3078 4636; x_wconf 82' lang='lat' dir='ltr'><strong>memineris.</strong></span> <span class='ocrx_word' id='word_1_847' title='bbox 3128 4581 3255 4636; x_wconf 84' lang='lat' dir='ltr'><strong>Non</strong></span> <span class='ocrx_word' id='word_1_848' title='bbox 3302 4585 3462 4638; x_wconf 85' lang='lat' dir='ltr'><strong>enim</strong></span> <span class='ocrx_word' id='word_1_849' title='bbox 3512 4583 3790 4656; x_wconf 60' lang='lat' dir='ltr'><strong>Apostolus</strong></span> 
     </span>
    </p>
   </div>
   <div class='ocr_carea' id='block_1_108' title="bbox 2174 4673 3788 4747">
    <p class='ocr_par' dir='ltr' id='par_1_108' title="bbox 2174 4673 3788 4747">
     <span class='ocr_line' id='line_1_108' title="bbox 2174 4673 3788 4747; baseline 0.002 -21"><span class='ocrx_word' id='word_1_850' title='bbox 2174 4674 2545 4745; x_wconf 88' lang='lat' dir='ltr'><strong>qualicumque</strong></span> <span class='ocrx_word' id='word_1_851' title='bbox 2571 4674 2741 4728; x_wconf 71' lang='lat' dir='ltr'><strong>vidua:</strong></span> <span class='ocrx_word' id='word_1_852' title='bbox 2761 4673 2864 4729; x_wconf 87' lang='lat' dir='ltr'><strong>hoc</strong></span> <span class='ocrx_word' id='word_1_853' title='bbox 2891 4687 3082 4728; x_wconf 86' lang='lat' dir='ltr'><strong>munus</strong></span> <span class='ocrx_word' id='word_1_854' title='bbox 3104 4673 3302 4730; x_wconf 84' lang='lat' dir='ltr'><strong>tribuit</strong></span> <span class='ocrx_word' id='word_1_855' title='bbox 3326 4693 3343 4731; x_wconf 91' lang='lat'><strong>:</strong></span> <span class='ocrx_word' id='word_1_856' title='bbox 3375 4675 3492 4731; x_wconf 80' lang='lat' dir='ltr'><strong>Sed</strong></span> <span class='ocrx_word' id='word_1_857' title='bbox 3511 4692 3630 4747; x_wconf 68' lang='lat' dir='ltr'><strong>qua</strong></span> <span class='ocrx_word' id='word_1_858' title='bbox 3664 4691 3788 4739; x_wconf 75' lang='lat' dir='ltr'><strong>vere,</strong></span> 
     </span>
    </p>
   </div>
   <div class='ocr_carea' id='block_1_109' title="bbox 2175 4765 3793 4837">
    <p class='ocr_par' dir='ltr' id='par_1_109' title="bbox 2175 4765 3793 4837">
     <span class='ocr_line' id='line_1_109' title="bbox 2175 4765 3793 4837; baseline 0.001 -17"><span class='ocrx_word' id='word_1_859' title='bbox 2175 4766 2365 4836; x_wconf 89' lang='lat' dir='ltr'><strong>inquit,</strong></span> <span class='ocrx_word' id='word_1_860' title='bbox 2414 4767 2565 4820; x_wconf 75' lang='lat' dir='ltr'><strong>vidua</strong></span> <span class='ocrx_word' id='word_1_861' title='bbox 2602 4774 2675 4820; x_wconf 87' lang='lat' dir='ltr'><strong>est</strong></span> <span class='ocrx_word' id='word_1_862' title='bbox 2710 4775 2757 4819; x_wconf 80' lang='lat' dir='ltr'><strong>et</strong></span> <span class='ocrx_word' id='word_1_863' title='bbox 2803 4765 3047 4832; x_wconf 76' lang='lat' dir='ltr'><strong>desolata,</strong></span> <span class='ocrx_word' id='word_1_864' title='bbox 3080 4769 3325 4836; x_wconf 67' lang='lat' dir='ltr'><strong>speravit</strong></span> <span class='ocrx_word' id='word_1_865' title='bbox 3366 4769 3427 4824; x_wconf 79' lang='lat' dir='ltr'><strong>in</strong></span> <span class='ocrx_word' id='word_1_866' title='bbox 3471 4769 3716 4837; x_wconf 77' lang='lat' dir='ltr'><strong>Domino,</strong></span> <span class='ocrx_word' id='word_1_867' title='bbox 3751 4776 3793 4822; x_wconf 77' lang='lat' dir='ltr'><strong>et</strong></span> 
     </span>
    </p>
   </div>
   <div class='ocr_carea' id='block_1_110' title="bbox 2173 4855 3796 4929">
    <p class='ocr_par' dir='ltr' id='par_1_110' title="bbox 2173 4855 3796 4929">
     <span class='ocr_line' id='line_1_110' title="bbox 2173 4855 3796 4929; baseline 0.001 -18"><span class='ocrx_word' id='word_1_868' title='bbox 2173 4857 2392 4929; x_wconf 75' lang='lat' dir='ltr'><strong>persistit</strong></span> <span class='ocrx_word' id='word_1_869' title='bbox 2414 4858 2478 4911; x_wconf 84' lang='lat' dir='ltr'><strong>in</strong></span> <span class='ocrx_word' id='word_1_870' title='bbox 2524 4855 2837 4911; x_wconf 80' lang='lat' dir='ltr'><strong>orationibus</strong></span> <span class='ocrx_word' id='word_1_871' title='bbox 2879 4857 2961 4910; x_wconf 83' lang='lat' dir='ltr'><strong>die</strong></span> <span class='ocrx_word' id='word_1_872' title='bbox 2995 4871 3056 4910; x_wconf 83' lang='lat' dir='ltr'><strong>ac</strong></span> <span class='ocrx_word' id='word_1_873' title='bbox 3089 4866 3263 4912; x_wconf 79' lang='lat' dir='ltr'><strong>nocte.</strong></span> <span class='ocrx_word' id='word_1_874' title='bbox 3319 4859 3490 4928; x_wconf 84' lang='lat' dir='ltr'><strong>Quod</strong></span> <span class='ocrx_word' id='word_1_875' title='bbox 3531 4876 3664 4915; x_wconf 88' lang='lat' dir='ltr'><strong>vero</strong></span> <span class='ocrx_word' id='word_1_876' title='bbox 3715 4875 3796 4913; x_wconf 82' lang='lat' dir='ltr'><strong>se-</strong></span> 
     </span>
    </p>
   </div>
   <div class='ocr_carea' id='block_1_111' title="bbox 2165 4947 3796 5021">
    <p class='ocr_par' dir='ltr' id='par_1_111' title="bbox 2165 4947 3796 5021">
     <span class='ocr_line' id='line_1_111' title="bbox 2165 4947 3796 5021; baseline 0 -17"><span class='ocrx_word' id='word_1_877' title='bbox 2165 4950 2384 5021; x_wconf 81' lang='lat' dir='ltr'><strong>quitur,</strong></span> <span class='ocrx_word' id='word_1_878' title='bbox 2437 4949 2836 5019; x_wconf 83' lang='lat' dir='ltr'><strong>vigilaulissime</strong></span> <span class='ocrx_word' id='word_1_879' title='bbox 2877 4963 3045 5014; x_wconf 86' lang='lat' dir='ltr'><strong>cave,</strong></span> <span class='ocrx_word' id='word_1_880' title='bbox 3099 4947 3236 5013; x_wconf 65' lang='lat' dir='ltr'><strong>Quas</strong></span> <span class='ocrx_word' id='word_1_881' title='bbox 3280 4961 3470 5006; x_wconf 79' lang='lat' dir='ltr'><strong>autem</strong></span> <span class='ocrx_word' id='word_1_882' title='bbox 3509 4953 3568 5008; x_wconf 84' lang='lat' dir='ltr'><strong>iu</strong></span> <span class='ocrx_word' id='word_1_883' title='bbox 3608 4950 3796 5007; x_wconf 81' lang='lat' dir='ltr'><strong>deliciis</strong></span> 
     </span>
    </p>
   </div>
   <div class='ocr_carea' id='block_1_112' title="bbox 2173 5038 3794 5115">
    <p class='ocr_par' dir='ltr' id='par_1_112' title="bbox 2173 5038 3794 5115">
     <span class='ocr_line' id='line_1_112' title="bbox 2173 5038 3794 5115; baseline 0.002 -20"><span class='ocrx_word' id='word_1_884' title='bbox 2173 5042 2298 5112; x_wconf 80' lang='lat' dir='ltr'><strong>agit,</strong></span> <span class='ocrx_word' id='word_1_885' title='bbox 2341 5043 2507 5094; x_wconf 77' lang='lat' dir='ltr'><strong>vivens</strong></span> <span class='ocrx_word' id='word_1_886' title='bbox 2545 5049 2743 5094; x_wconf 74' lang='lat' dir='ltr'><strong>mortua</strong></span> <span class='ocrx_word' id='word_1_887' title='bbox 2773 5049 2855 5094; x_wconf 82' lang='lat' dir='ltr'><strong>.est</strong></span> <span class='ocrx_word' id='word_1_888' title='bbox 2893 5039 2936 5108; x_wconf 85' lang='grc'><strong>(1</strong></span> <span class='ocrx_word' id='word_1_889' title='bbox 2976 5038 3107 5094; x_wconf 87' lang='lat' dir='ltr'><strong>Tim.</strong></span> <span class='ocrx_word' id='word_1_890' title='bbox 3151 5055 3209 5104; x_wconf 87' lang='lat' dir='ltr'><strong>v,</strong></span> <span class='ocrx_word' id='word_1_891' title='bbox 3260 5042 3325 5109; x_wconf 84' lang='lat'><strong>5,</strong></span> <span class='ocrx_word' id='word_1_892' title='bbox 3374 5043 3438 5115; x_wconf 83' lang='lat'><strong>6)</strong></span> <span class='ocrx_word' id='word_1_893' title='bbox 3466 5063 3482 5097; x_wconf 91' lang='lat'>:</span> <span class='ocrx_word' id='word_1_894' title='bbox 3507 5046 3624 5115; x_wconf 81' lang='lat' dir='ltr'><strong>agit</strong></span> <span class='ocrx_word' id='word_1_895' title='bbox 3658 5043 3794 5100; x_wconf 86' lang='lat' dir='ltr'><strong>enim</strong></span> 
     </span>
    </p>
   </div>
   <div class='ocr_carea' id='block_1_113' title="bbox 2175 5127 3793 5205">
    <p class='ocr_par' dir='ltr' id='par_1_113' title="bbox 2175 5127 3793 5205">
     <span class='ocr_line' id='line_1_113' title="bbox 2175 5127 3793 5205; baseline 0 -19"><span class='ocrx_word' id='word_1_896' title='bbox 2175 5133 2337 5186; x_wconf 92' lang='lat' dir='ltr'><strong>homo</strong></span> <span class='ocrx_word' id='word_1_897' title='bbox 2370 5133 2422 5186; x_wconf 92' lang='lat' dir='ltr'><strong>in</strong></span> <span class='ocrx_word' id='word_1_898' title='bbox 2451 5131 2515 5185; x_wconf 87' lang='lat' dir='ltr'><strong>iis</strong></span> <span class='ocrx_word' id='word_1_899' title='bbox 2541 5145 2659 5200; x_wconf 76' lang='lat' dir='ltr'><strong>qua:</strong></span> <span class='ocrx_word' id='word_1_900' title='bbox 2680 5127 2873 5200; x_wconf 86' lang='lat' dir='ltr'><strong>diligit,</strong></span> <span class='ocrx_word' id='word_1_901' title='bbox 2893 5144 3012 5200; x_wconf 72' lang='lat' dir='ltr'><strong>qua:</strong></span> <span class='ocrx_word' id='word_1_902' title='bbox 3038 5145 3136 5199; x_wconf 89' lang='lat' dir='ltr'><strong>pro</strong></span> <span class='ocrx_word' id='word_1_903' title='bbox 3161 5145 3381 5201; x_wconf 76' lang='lat' dir='ltr'><strong>magno</strong></span> <span class='ocrx_word' id='word_1_904' title='bbox 3407 5136 3648 5205; x_wconf 86' lang='lat' dir='ltr'><strong>appetit,</strong></span> <span class='ocrx_word' id='word_1_905' title='bbox 3678 5133 3793 5205; x_wconf 87' lang='lat' dir='ltr'><strong>qui-</strong></span> 
     </span>
    </p>
   </div>
   <div class='ocr_carea' id='block_1_114' title="bbox 2173 5221 3800 5297">
    <p class='ocr_par' dir='ltr' id='par_1_114' title="bbox 2173 5221 3800 5297">
     <span class='ocr_line' id='line_1_114' title="bbox 2173 5221 3800 5297; baseline 0.001 -19"><span class='ocrx_word' id='word_1_906' title='bbox 2173 5224 2272 5280; x_wconf 87' lang='lat' dir='ltr'><strong>bus</strong></span> <span class='ocrx_word' id='word_1_907' title='bbox 2311 5225 2525 5280; x_wconf 88' lang='lat' dir='ltr'><strong>beatum</strong></span> <span class='ocrx_word' id='word_1_908' title='bbox 2567 5237 2626 5278; x_wconf 87' lang='lat' dir='ltr'><strong>se</strong></span> <span class='ocrx_word' id='word_1_909' title='bbox 2667 5237 2787 5278; x_wconf 89' lang='lat' dir='ltr'><strong>esse</strong></span> <span class='ocrx_word' id='word_1_910' title='bbox 2828 5223 3016 5278; x_wconf 84' lang='lat' dir='ltr'><strong>credit.</strong></span> <span class='ocrx_word' id='word_1_911' title='bbox 3055 5221 3423 5294; x_wconf 87' lang='lat' dir='ltr'><strong>Quapropter</strong></span> <span class='ocrx_word' id='word_1_912' title='bbox 3469 5228 3622 5297; x_wconf 90' lang='lat' dir='ltr'><strong>quod</strong></span> <span class='ocrx_word' id='word_1_913' title='bbox 3663 5227 3800 5282; x_wconf 84' lang='lat' dir='ltr'><strong>Scri-</strong></span> 
     </span>
    </p>
   </div>
   <div class='ocr_carea' id='block_1_115' title="bbox 2174 5311 3798 5389">
    <p class='ocr_par' dir='ltr' id='par_1_115' title="bbox 2174 5311 3798 5389">
     <span class='ocr_line' id='line_1_115' title="bbox 2174 5311 3798 5389; baseline 0.001 -21"><span class='ocrx_word' id='word_1_914' title='bbox 2174 5322 2326 5385; x_wconf 88' lang='lat' dir='ltr'><strong>ptura</strong></span> <span class='ocrx_word' id='word_1_915' title='bbox 2362 5314 2494 5368; x_wconf 81' lang='lat' dir='ltr'><strong>dixit</strong></span> <span class='ocrx_word' id='word_1_916' title='bbox 2521 5313 2589 5368; x_wconf 90' lang='lat' dir='ltr'><strong>de</strong></span> <span class='ocrx_word' id='word_1_917' title='bbox 2603 5313 2826 5378; x_wconf 82' lang='lat' dir='ltr'><strong>divitiis,</strong></span> <span class='ocrx_word' id='word_1_918' title='bbox 2853 5311 3058 5367; x_wconf 68' lang='lat' dir='ltr'><strong>Divitior</strong></span> <span class='ocrx_word' id='word_1_919' title='bbox 3083 5313 3126 5366; x_wconf 88' lang='lat' dir='ltr'><strong>si</strong></span> <span class='ocrx_word' id='word_1_920' title='bbox 3145 5314 3403 5383; x_wconf 72' lang='lat' dir='ltr'><strong>affluant,</strong></span> <span class='ocrx_word' id='word_1_921' title='bbox 3435 5334 3504 5371; x_wconf 81' lang='lat' dir='ltr'><strong>ne</strong></span> <span class='ocrx_word' id='word_1_922' title='bbox 3529 5317 3798 5389; x_wconf 84' lang='lat' dir='ltr'><strong>apponatis</strong></span> 
     </span>
    </p>
   </div>
   <div class='ocr_carea' id='block_1_116' title="bbox 2173 5404 3797 5478">
    <p class='ocr_par' dir='ltr' id='par_1_116' title="bbox 2173 5404 3797 5478">
     <span class='ocr_line' id='line_1_116' title="bbox 2173 5404 3797 5478; baseline 0.002 -19"><span class='ocrx_word' id='word_1_923' title='bbox 2173 5422 2261 5459; x_wconf 81' lang='lat' dir='ltr'><strong>cor</strong></span> <span class='ocrx_word' id='word_1_924' title='bbox 2294 5404 2465 5478; x_wconf 81' lang='lat' dir='ltr'><strong>(Psal.</strong></span> <span class='ocrx_word' id='word_1_925' title='bbox 2499 5421 2606 5470; x_wconf 78' lang='lat' dir='ltr'><strong>ut,</strong></span> <span class='ocrx_word' id='word_1_926' title='bbox 2656 5405 2770 5473; x_wconf 79' lang='lat' dir='ltr'><strong>ll),</strong></span> <span class='ocrx_word' id='word_1_927' title='bbox 2804 5405 2905 5460; x_wconf 91' lang='lat' dir='ltr'><strong>hoc</strong></span> <span class='ocrx_word' id='word_1_928' title='bbox 2940 5405 3098 5460; x_wconf 85' lang='lat' dir='ltr'><strong>etiam</strong></span> <span class='ocrx_word' id='word_1_929' title='bbox 3135 5404 3208 5459; x_wconf 85' lang='lat' dir='ltr'><strong>de</strong></span> <span class='ocrx_word' id='word_1_930' title='bbox 3249 5407 3483 5464; x_wconf 86' lang='lat' dir='ltr'><strong>deliciis</strong></span> <span class='ocrx_word' id='word_1_931' title='bbox 3519 5412 3616 5466; x_wconf 91' lang='lat' dir='ltr'><strong>tibi</strong></span> <span class='ocrx_word' id='word_1_932' title='bbox 3648 5411 3797 5465; x_wconf 85' lang='lat' dir='ltr'><strong>dico:</strong></span> 
     </span>
    </p>
   </div>
   <div class='ocr_carea' id='block_1_117' title="bbox 2175 5496 3802 5565">
    <p class='ocr_par' dir='ltr' id='par_1_117' title="bbox 2175 5496 3802 5565">
     <span class='ocr_line' id='line_1_117' title="bbox 2175 5496 3802 5565; baseline 0.001 -13"><span class='ocrx_word' id='word_1_933' title='bbox 2175 5497 2388 5552; x_wconf 63' lang='lat' dir='ltr'><strong>Delicias</strong></span> <span class='ocrx_word' id='word_1_934' title='bbox 2421 5497 2466 5551; x_wconf 87' lang='lat' dir='ltr'><strong>si</strong></span> <span class='ocrx_word' id='word_1_935' title='bbox 2502 5496 2740 5559; x_wconf 77' lang='lat' dir='ltr'><strong>afﬂuant,</strong></span> <span class='ocrx_word' id='word_1_936' title='bbox 2769 5511 2836 5550; x_wconf 88' lang='lat' dir='ltr'><strong>ne</strong></span> <span class='ocrx_word' id='word_1_937' title='bbox 2861 5510 3096 5565; x_wconf 85' lang='lat' dir='ltr'><strong>appouas</strong></span> <span class='ocrx_word' id='word_1_938' title='bbox 3119 5510 3245 5549; x_wconf 81' lang='lat' dir='ltr'><strong>cor.</strong></span> <span class='ocrx_word' id='word_1_939' title='bbox 3277 5497 3409 5553; x_wconf 81' lang='lat' dir='ltr'><strong>Non</strong></span> <span class='ocrx_word' id='word_1_940' title='bbox 3447 5500 3578 5557; x_wconf 89' lang='lat' dir='ltr'><strong>ideo</strong></span> <span class='ocrx_word' id='word_1_941' title='bbox 3607 5509 3663 5556; x_wconf 89' lang='lat' dir='ltr'><strong>te</strong></span> <span class='ocrx_word' id='word_1_942' title='bbox 3692 5514 3802 5554; x_wconf 83' lang='lat' dir='ltr'><strong>ma-</strong></span> 
     </span>
    </p>
   </div>
   <div class='ocr_carea' id='block_1_118' title="bbox 2169 5579 3804 5664">
    <p class='ocr_par' dir='ltr' id='par_1_118' title="bbox 2169 5579 3804 5664">
     <span class='ocr_line' id='line_1_118' title="bbox 2169 5579 3804 5664; baseline 0.001 -21"><span class='ocrx_word' id='word_1_943' title='bbox 2169 5587 2482 5661; x_wconf 79' lang='lat' dir='ltr'><strong>gnipendas,</strong></span> <span class='ocrx_word' id='word_1_944' title='bbox 2513 5587 2654 5659; x_wconf 87' lang='lat' dir='ltr'><strong>quod</strong></span> <span class='ocrx_word' id='word_1_945' title='bbox 2677 5601 2782 5642; x_wconf 91' lang='lat' dir='ltr'><strong>non</strong></span> <span class='ocrx_word' id='word_1_946' title='bbox 2805 5586 3015 5650; x_wconf 89' lang='lat' dir='ltr'><strong>desunt,</strong></span> <span class='ocrx_word' id='word_1_947' title='bbox 3044 5585 3191 5658; x_wconf 84' lang='lat' dir='ltr'><strong>quod</strong></span> <span class='ocrx_word' id='word_1_948' title='bbox 3217 5587 3445 5645; x_wconf 74' lang='lat' dir='ltr'><strong>aﬂatim</strong></span> <span class='ocrx_word' id='word_1_949' title='bbox 3483 5579 3804 5664; x_wconf 77' lang='lat' dir='ltr'><strong>suppetunt,</strong></span> 
     </span>
    </p>
   </div>
   <div class='ocr_carea' id='block_1_119' title="bbox 2171 5675 3807 5750">
    <p class='ocr_par' dir='ltr' id='par_1_119' title="bbox 2171 5675 3807 5750">
     <span class='ocr_line' id='line_1_119' title="bbox 2171 5675 3807 5750; baseline 0.002 -17"><span class='ocrx_word' id='word_1_950' title='bbox 2171 5679 2314 5750; x_wconf 88' lang='lat' dir='ltr'><strong>quod</strong></span> <span class='ocrx_word' id='word_1_951' title='bbox 2364 5679 2510 5734; x_wconf 87' lang='lat' dir='ltr'><strong>velut</strong></span> <span class='ocrx_word' id='word_1_952' title='bbox 2561 5693 2627 5733; x_wconf 85' lang='lat' dir='ltr'><strong>ex</strong></span> <span class='ocrx_word' id='word_1_953' title='bbox 2672 5677 2817 5733; x_wconf 79' lang='lat' dir='ltr'><strong>fonte</strong></span> <span class='ocrx_word' id='word_1_954' title='bbox 2860 5675 3158 5748; x_wconf 82' lang='lat' dir='ltr'><strong>largissime</strong></span> <span class='ocrx_word' id='word_1_955' title='bbox 3217 5685 3481 5736; x_wconf 72' lang='lat' dir='ltr'><strong>terrena:</strong></span> <span class='ocrx_word' id='word_1_956' title='bbox 3536 5682 3807 5738; x_wconf 77' lang='lat' dir='ltr'><strong>felicitatis</strong></span> 
     </span>
    </p>
   </div>
   <div class='ocr_carea' id='block_1_120' title="bbox 2172 5768 3805 5844">
    <p class='ocr_par' dir='ltr' id='par_1_120' title="bbox 2172 5768 3805 5844">
     <span class='ocr_line' id='line_1_120' title="bbox 2172 5768 3805 5844; baseline 0.002 -18"><span class='ocrx_word' id='word_1_957' title='bbox 2172 5770 2363 5827; x_wconf 73' lang='lat' dir='ltr'><strong>fluitat.</strong></span> <span class='ocrx_word' id='word_1_958' title='bbox 2393 5768 2621 5827; x_wconf 77' lang='lat' dir='ltr'><strong>nmnino</strong></span> <span class='ocrx_word' id='word_1_959' title='bbox 2659 5768 2773 5826; x_wconf 78' lang='lat' dir='ltr'><strong>lucc</strong></span> <span class='ocrx_word' id='word_1_960' title='bbox 2817 5768 2868 5825; x_wconf 87' lang='lat' dir='ltr'><strong>in</strong></span> <span class='ocrx_word' id='word_1_961' title='bbox 2901 5777 2955 5825; x_wconf 83' lang='lat' dir='ltr'><strong>te</strong></span> <span class='ocrx_word' id='word_1_962' title='bbox 2991 5768 3213 5840; x_wconf 82' lang='lat' dir='ltr'><strong>despice</strong></span> <span class='ocrx_word' id='word_1_963' title='bbox 3257 5779 3443 5844; x_wconf 82' lang='lat' dir='ltr'><strong>atque</strong></span> <span class='ocrx_word' id='word_1_964' title='bbox 3487 5788 3805 5840; x_wconf 88' lang='lat' dir='ltr'><strong>contemne,</strong></span> 
     </span>
    </p>
   </div>
  </div>
