4122 6350
393 361 494 420 497

395 493 493 533 nec
513 476 565 530 in
588 474 654 530 iis
673 473 959 546 quidquam
981 471 1217 542 requiras
1238 480 1429 540 pra‘ter
1462 470 1717 539 integram
1742 465 1981 536 corporis

399 566 783 623 valetudinem.
828 564 951 620 Haec
980 564 1121 619 enim
1164 560 1550 617 contemnenda
1595 574 1700 612 non
1733 567 1816 613 est
1857 573 1981 626 pro-

397 669 516 729 pter
543 657 874 713 necessarios
904 670 1030 709 usus
1052 655 1192 717 vitre,
1217 663 1497 723 antequam
1526 651 1747 705 mortale
1774 653 1875 703 hoc
1905 649 1982 702 in.

396 751 591 805 duatur
621 746 1017 802 immortalitate
1046 746 1064 814 (
1088 744 1105 797 l
1134 742 1253 798 Cor.
1279 759 1374 807 xv,
1399 743 1521 814 54);
1547 740 1648 795 hoc
1672 750 1754 794 est
1781 755 1903 793 vera
1931 749 1983 793 et

399 839 631 910 perfecta
674 849 727 893 et
757 847 1009 907 perpetua
1048 836 1292 898 sanitate,
1322 849 1438 903 qua:
1474 849 1577 886 non
1615 842 1822 887 terrena
1856 830 1986 884 deli-

399 931 545 985 ciens
586 929 911 994 infirmitate,
948 926 1272 995 corruptibili
1298 925 1569 993 voluptate
1594 923 1850 988 reficitur,
1890 920 1987 976 sed

399 1022 603 1077 ctelesti
632 1021 879 1075 firmitate
915 1020 1225 1089 persistens,
1254 1028 1452 1074 interna
1483 1018 1875 1087 incorruptione
1896 1030 1987 1069 vc-

401 1122 628 1182 getatnr.
659 1111 790 1167 Nam
812 1120 862 1166 et
886 1112 998 1179 ipse
1027 1110 1335 1179 Apostolus,
1364 1108 1563 1175 Carnis,
1598 1109 1783 1179 inquit,
1814 1109 1984 1179 provi-

340 1224 347 1229 ί
402 1204 622 1257 dentiam
649 1221 710 1257 ne
732 1204 949 1273 feceritis
980 1202 1032 1255 in
1063 1201 1475 1271 concupiscentiis
1510 1200 1683 1269 (Rom.
1716 1216 1830 1263 xm,
1864 1201 1982 1269 fi);

405 1298 525 1367 quia
553 1297 788 1367 gerimus
811 1312 991 1350 curam
1020 1293 1216 1359 carnis,
1241 1292 1331 1346 sed
1362 1293 1425 1346 ad
1452 1292 1819 1346 necessitatem
1846 1291 1991 1345 salu-

407 1394 494 1441 tis.
551 1385 717 1439 Nemo
760 1386 893 1440 enim
946 1401 1164 1453 unquam
1210 1401 1410 1437 carnem
1463 1400 1607 1437 suam
1657 1383 1773 1436 odio
1817 1382 1987 1436 habuit

408 1478 568 1549 (Eph.
608 1494 659 1545 v,
692 1476 808 1548 29),
843 1478 978 1531 sicut
1016 1473 1195 1530 itidem
1237 1477 1350 1545 ipse
1378 1473 1522 1528 dicit.
1566 1474 1697 1527 llinc
1735 1483 1817 1528 est
1844 1474 1984 1527 enim

408 1572 624 1642 quodet
653 1570 1016 1633 Timotheum,
1051 1568 1293 1632 nimium,
1321 1567 1454 1620 sicut
1480 1575 1719 1635 apparet,
1748 1565 1989 1633 corporis

406 1660 777 1731 castigatorem
806 1660 1064 1714 admouet
1086 1667 1140 1712 ut
1163 1657 1370 1712 modico
1398 1656 1521 1710 vino
1553 1665 1747 1721 utatur,
1772 1665 1988 1724 propter

408 1751 736 1806 stomachum
749 1760 801 1805 et
816 1751 1116 1819 frequentes
1128 1763 1249 1803 suas
1262 1748 1590 1802 infirmitates
1604 1746 1790 1818 (l‘Tim.
1806 1764 1859 1811 v,
1872 1747 1983 1817 25).

477 1843 532 1897 8‘.
574 1842 680 1896 llas
710 1856 836 1911 ergo
874 1840 1113 1904 delicias,
1144 1841 1195 1893 in
1227 1841 1416 1909 quibus
1454 1839 1608 1892 vidua
1645 1837 1689 1891 si
1729 1837 1856 1906 agit,
1887 1835 1987 1890 hoc

406 1941 511 1998 est,
535 1931 945 1987 si'dclcctalioue
973 1930 1177 1985 cordis“
1207 1929 1371 1983 lueret
1387 1938 1540 1998 atque
1564 1928 1781 1990 habitat,
1805 1928 1987 1981 vivens

404 2032 612 2077 mortua
638 2032 740 2085 est,
774 2021 920 2075 multi
950 2021 1118 2075 sancti
1147 2028 1200 2074 et
1219 2028 1416 2073 sanctae
1442 2020 1584 2072 omni
1609 2017 1767 2072 modo
1795 2032 1988 2071 caven-

408 2124 504 2178 tes,
531 2114 673 2183 ipsas
695 2113 836 2167 velut
859 2121 1053 2167 matres
1074 2111 1380 2166 deliciarum
1408 2110 1616 2163 divitias
1636 2108 1987 2178 dispergendo

406 2206 725 2274 pauperibus
745 2204 1072 2274 abjecerunt,
1100 2212 1153 2257 et
1174 2203 1261 2257 tali
1290 2203 1447 2257 modo
1470 2202 1520 2256 in
1547 2202 1849 2256 coelestibus
1868 2201 1986 2255 the-

409 2297 585 2350 sauris
612 2296 773 2350 tutius
801 2295 1169 2350 condiderunt.
1199 2293 1351 2361 Quod
1380 2294 1425 2348 si
1458 2303 1510 2347 tu
1540 2293 1780 2347 devincta
1810 2292 1988 2360 aliquo

404 2388 617 2457 pietatis
641 2387 819 2442 officio
844 2402 947 2441 non
979 2385 1128 2452 facis,
1154 2396 1207 2440 tu
1237 2386 1340 2440 scis
1367 2401 1522 2456 quam
1546 2386 1612 2439 de
1640 2386 1703 2439 iis
1730 2385 1989 2439 rationem

405 2483 597 2537 reddas
629 2483 755 2535 Deo.
787 2481 953 2535 Nemo
994 2480 1135 2534 enim
1162 2480 1261 2535 scit
1288 2479 1411 2548 quid
1449 2489 1632 2548 agatur
1670 2479 1719 2530 in
1748 2476 1984 2543 homine,

407 2574 505 2627 nisi
524 2573 739 2644 spiritus
761 2571 990 2625 hominis
1015 2571 1102 2639 qui
1134 2571 1185 2624 in
1208 2571 1322 2638 ipso
1344 2578 1426 2623 est
1453 2569 1493 2637 (l
1514 2567 1631 2623 Cor.
1658 2585 1712 2629 ιι,
1746 2567 1855 2639 ll).
1881 2568 1987 2622 Nos

406 2680 511 2718 non
537 2663 793 2718 debemus
825 2671 951 2717 ante
990 2670 1197 2732 tempus
1221 2660 1507 2730 quidquam
1530 2660 1785 2727 judicare,
1818 2658 1989 2713 donec

405 2753 583 2808 veniat
620 2753 898 2817 Dominus,
942 2752 1031 2821 qui
1066 2760 1117 2805 et
1157 2750 1481 2805 illuminabit‘
1502 2749 1807 2804 abscondita
1844 2759 1989 2803 tene-

406 2844 640 2908 brarum,
678 2854 726 2898 et
757 2843 1114 2898 manifestabit
1150 2842 1499 2911 cogitationes
1539 2840 1735 2907 cordis,
1774 2851 1828 2895 et
1864 2848 1988 2895 tunc

408 2936 521 2990 laus
566 2935 669 2990 erit
700 2935 979 3004 unicuique
1018 2949 1047 2987 a
1078 2934 1186 2987 Deo
1218 2932 1376 3003 (Ibid.
1418 2948 1493 2998 tv,
1524 2933 1601 3001 5).
1646 2931 1879 2986 Pertinet
1912 2940 1991 2985 ta-

409 3039 541 3079 men
562 3026 635 3079 ad
653 3025 915 3079 vidualcm
949 3040 1129 3079 curam
1162 3033 1324 3087 tuam,
1355 3023 1555 3077 delicia:
1582 3023 1625 3076 si
1649 3022 1887 3083 affluant,
1921 3038 1988 3078 ne

404 3128 644 3184 apponas
683 3131 796 3180 cor,
843 3132 910 3169 ne
950 3116 1001 3168 in
1041 3116 1119 3169 eis
1159 3113 1510 3183 putrescendo
1550 3113 1807 3167 moriatur
1845 3113 1987 3183 quod

404 3219 616 3259 sursum
648 3220 767 3260 esse
786 3206 941 3260 debet
970 3214 1025 3259 ut
1041 3206 1200 3258 vivat.
1237 3204 1312 3257 Te
1340 3204 1389 3258 in
1414 3204 1619 3257 illorum
1648 3219 1870 3257 numero
1895 3203 1988 3258 dc-

405 3304 606 3363 putato,
631 3295 697 3350 de
724 3296 914 3366 quibus
935 3295 1189 3365 scriptum
1210 3303 1331 3349 est]:
1366 3293 1538 3348 Vivent
1563 3293 1717 3346 corda
1740 3309 1911 3348 eorum
1934 3294 1988 3348 in

400 3388 641 3439 naculum
662 3388 834 3441 saeculi
856 3386 1027 3459 (Psal.
1048 3401 1165 3453 XXI,
1194 3386 1306 3457 27).

474 3474 698 3531 CAPUT
729 3475 817 3530 ιν.
844 3506 916 3515 -
939 3476 992 3530 9.
1034 3475 1239 3530 Audisti
1269 3475 1440 3543 qualis
1460 3477 1480 3507 ²
1511 3492 1655 3541 ores,
1692 3492 1833 3532 nunc
1862 3476 1986 3531 audi

403 3566 606 3636 etquid
633 3582 775 3634 ores,
804 3568 943 3622 unde
973 3584 1058 3623 me
1082 3569 1310 3622 maxime
1347 3569 1733 3623 consulendum
1762 3571 1983 3640 putasti,

400 3661 649 3728 quoniam
682 3669 732 3714 te
758 3660 1211 3747 permovet\quod
1249 3662 1321 3714 ait
1354 3662 1986 3729 Apostolus,Quid-enim

401 3764 619 3810 oremus,
660 3751 788 3801 sicut
822 3758 1017 3819 oportet
1061 3750 1307 3803 nescimus
1334 3750 1504 3819 (Rom.
1534 3750 1804 3821 virgati);
1841 3762 1894 3808 et
1924 3754 1987 3806 ti-

402 3840 583 3894 muisti
622 3856 690 3895 ne
723 3842 892 3912 magis
923 3842 1012 3895 tibi
1052 3843 1211 3905 obsit,
1246 3859 1348 3895 non
1391 3843 1527 3896 sicut
1564 3852 1773 3912 oportet
1807 3860 1983 3912 orare,

404 3946 560 3999 quatn
588 3946 693 3985 non
720 3946 892 3985 orare.
923 3932 1073 3997 Quod
1096 3934 1273 4004 itaque
1297 3933 1398 3986 diei
1432 3934 1660 3988 breviter
1679 3944 1868 4003 potest,
1891 3951 1986 3991 ora

404 4022 611 4077 beatam
646 4034 806 4077 vitam
831 4041 845 4077 :
877 4025 1011 4079 hanc
1031 4025 1171 4079 enim
1198 4025 1391 4081 habere
1412 4042 1597 4080 OlllllL‘S
1622 4028 1863 4083 homines
1889 4045 1982 4083 vo-

405 4112 554 4179 lunt;
601 4130 722 4167 nam
762 4123 829 4169 ett
860 4116 965 4185 qui»
993 4116 1221 4184 pessime
1263 4125 1315 4170 et
1359 4117 1563 4184 perdite
1594 4118 1793 4183 vivunt,
1838 4120 1985 4173 nullo

406 4205 564 4259 modo
592 4205 661 4259 ita
689 4206 945 4272 viverent,
974 4206 1073 4260 nisi
1096 4207 1281 4260 eodem
1315 4208 1471 4261 modo
1492 4225 1549 4262 se
1573 4224 1691 4264 esse
1716 4211 1797 4263 vel
1828 4226 1985 4280 posse

404 4297 724 4351 fieribeatos
754 4306 1016 4365 putarent.
1041 4297 1175 4365 Quid
1200 4313 1325 4367 ergo
1347 4298 1486 4351 aliud
1509 4308 1716 4367 oportet
1739 4310 1981 4365 te'orare,

404 4389 503 4443 nisi
522 4390 570 4443 id
596 4389 738 4459 quod
764 4389 984 4459 cupiunt
1012 4404 1061 4443 et
1084 4391 1207 4443 mali
1239 4401 1299 4444 et
1320 4391 1462 4457 boni,
1486 4392 1577 4445 sed
1608 4391 1674 4445 ad
1702 4392 1841 4461 quod
1864 4408 1985 4462 pcr-

400 4483 620 4536 \‘eniunt
651 4498 755 4536 non
787 4483 886 4536 nisi
912 4483 1073 4537 boui?
1950 4492 1959 4497 “

471 4572 697 4629 CAPUT
730 4571 792 4627 V.
821 4603 890 4613 -—
912 4574 999 4628 10.
1036 4574 1131 4629 llic
1159 4574 1513 4643 fortasse-jam
1536 4590 1741 4643 qnmras
1765 4576 1888 4645 quid
1915 4578 1984 4632 sit

400 4666 514 4735 ipsa
553 4665 704 4720 beata
732 4668 857 4721 vita.
893 4665 945 4719 lu
978 4682 1080 4735 qua
1105 4667 1398 4736 quaestione
1436 4668 1719 4721 multorum
1752 4669 1985 4738 philoso-

399 4756 627 4822 phorum
652 4756 1096 4826 ingenia'otiaque
1121 4756 1345 4810 contrita
1376 4766 1517 4821 sunt,
1547 4757 1633 4826 qui
1664 4766 1836 4811 tamen
1865 4774 1982 4812 eam

400 4858 546 4901 lauto
580 4849 756 4903 minus
792 4849 1032 4903 invenire
1074 4858 1380 4919 potuerunt,
1416 4858 1614 4918 quanto
1656 4848 1829 4902 minus
1866 4850 1983 4919 ejus

398 4938 601 4993 fontem
624 4940 1038 5002 honoraverunt,
1061 4940 1215 5009 eique
1235 4940 1428 5008 gmtias
1449 4954 1551 4993 non
1570 4950 1807 5008 egerunt.
1829 4940 1982 4994 Prius

399 5028 578 5098 itaque
612 5028 850 5092 attende,
877 5039 1051 5083 utrum
1090 5028 1530 5099 acquiescendum
1574 5030 1645 5084 sit
1666 5031 1746 5085 eis
1777 5030 1867 5100 qui
1901 5031 1983 5084 di-

398 5130 527 5175 cunt
554 5137 676 5175 eum
718 5122 927 5177 beatum
958 5137 1078 5176 esse
1108 5123 1195 5191 qui
1226 5121 1515 5176 secundum
1556 5137 1704 5176 suam
1734 5124 1859 5177 vivit
1886 5138 1980 5177 vo-

399 5212 678 5267 luntatem.
717 5212 827 5268 Sed
863 5214 1000 5267 absit
1039 5222 1096 5266 ut
1135 5213 1235 5266 hoc
1273 5230 1451 5267 verum
1495 5229 1616 5269 csse
1659 5216 1977 5270 credamus:

396 5305 521 5374 quid
553 5306 597 5358 si
625 5305 766 5358 enim
798 5305 1043 5375 nequiter
1063 5304 1181 5358 velit
1208 5305 1416 5358 vivere?
1442 5303 1626 5360 Nonne
1649 5314 1795 5360 tanto
1824 5306 1983 5361 mise-

399 5401 509 5450 rior
538 5411 667 5450 esse
698 5395 1050 5461 convincitur,
1095 5404 1295 5466 quanto
1333 5394 1534 5448 facilius
1579 5395 1715 5448 mala
1741 5396 1855 5466 ejus
1885 5413 1979 5450 Vtr-

461 5574 484 5640 ξ
504 5580 572 5622 tta
592 5578 711 5640 uasa
907 5578 965 5640 At_.
979 5570 1126 5621 vatic.
1152 5576 1384 5640 quatuor;
1404 5568 1516 5620 siin
1531 5566 1781 5640 dilectione
1794 5570 1980 5640 pardis.

399 5633 488 5704 ιιιιι
511 5634 643 5683 \atic
663 5647 679 5703 _:
707 5632 756 5683 si
795 5631 1047 5683 dilectione
1070 5630 1250 5682 cordis.
1274 5630 1386 5679 add.
1428 5642 1548 5682 vero
1573 5643 1586 5679 :
1612 5630 1669 5679 si.
1689 5630 1741 5680 in
1771 5632 1979 5682 detecta--

396 5701 714 5747 Macarius.

461 5759 483 5790 ³
503 5762 578 5806 Er.
602 5764 653 5807 et
675 5763 766 5807 ιον
792 5789 808 5815 .
831 5754 1053 5823 qualiter.
1082 5754 1165 5805 Alii
1192 5753 1304 5804 Fdd.
1327 5760 1379 5804 et
1399 5760 1527 5813 Mss,
1552 5750 1724 5811 quatis.

1490 354 1493 355 '
1572 347 2050 411 ιῖιηετοωιιυιι
2092 332 2364 405 CLASSIS
2401 350 2487 406 ιιι.

3563 360 3669 418 698

2086 465 2262 519 lentas
2304 465 2587 536 impletur?
2626 468 2811 524 Merito
2841 471 2976 527 hanc
3016 475 3333 530 sententiam
3372 477 3531 534 etiam
3568 480 3675 551 ipsi

2085 556 2173 624 qui
2199 557 2314 611 sine
2335 558 2477 611 cultu
2504 559 2593 612 Dei
2627 559 2977 630 philosophati
3008 574 3148 631 sunt,
3173 580 3510 637 respuerant.
3534 570 3671 627 Nam

2086 649 2297 717 quidam
2338 665 2522 704 eorum
2568 653 2648 705 vir
2687 654 3151 724 eloquentissimus
3194 660 3305 712 ait:
3336 661 3469 716 Ecce
3500 675 3672 717 autem

2087 741 2176 792 alii
2214 757 2311 793 non
2338 742 2627 812 philosophi
2651 746 2870 813 quidem,
2910 747 2999 801 sed
3028 751 3245 820 prompti
3275 760 3438 805 tamen
3461 754 3529 807 ad
3555 754 3667 807 dis-

2090 832 2390 899 putandum,
2433 849 2605 887 omnes
2638 836 2781 887 aiunt
2821 853 2926 889 esse
2956 839 3119 893 beatos
3158 840 3242 909 qui
3277 842 3442 895 vivunt
3480 853 3534 897 ut
3570 845 3667 915 ipsi

2087 919 2260 973 velint.
2288 920 2503 976 Falsum
2527 924 2581 977 id
2605 926 2839 994 quidem:
2862 926 2988 982 velle
3013 931 3143 982 enim
3169 931 3303 1000 quod
3344 950 3443 985 non
3474 934 3666 999 deceat,

2089 1013 2220 1067 idem
2243 1014 2409 1084 ipsum
2430 1017 2797 1081 miserrimum;
2825 1031 3033 1075 nectam
3063 1025 3295 1077 miserum
3325 1037 3396 1079 est
3424 1044 3523 1080 non
3555 1028 3669 1080 adi-

2090 1105 2217 1173 pisci
2244 1107 2379 1175 quod
2405 1106 2544 1172 velis,
2585 1125 2734 1177 quam
2757 1110 2972 1180 adipisci
3009 1114 3129 1168 velle
3156 1114 3291 1183 quod
3316 1134 3412 1170 non
3442 1128 3671 1186 oporteat

2094 1194 2307 1265 (Cicero,
2348 1198 2401 1249 in
2437 1197 2747 1269 Hortensio).
2795 1201 2932 1267 Quid
2969 1203 3060 1257 tibi
3100 1205 3341 1259 videtur?
3370 1207 3483 1261 h:rc
3509 1208 3667 1261 verba

2092 1300 2268 1339 nonne
2308 1286 2375 1339 ab
2404 1287 2515 1355 ipsa
2546 1288 2763 1343 veritate
2793 1307 2885 1359 per
2908 1296 3196 1361 quemlibet
3230 1296 3497 1351 hominem
3529 1299 3675 1352 dicta

2091 1378 2250 1428 sunt?
2288 1376 2575 1431 Possumus
2616 1395 2743 1448 ergo
2774 1380 2859 1434 hic
2887 1382 3064 1436 dicere
3098 1386 3235 1454 quod
3273 1388 3557 1456 Apostolus
3591 1391 3667 1444 ait

2089 1464 2159 1519 de
2182 1466 2408 1535 quodam
2435 1469 2686 1536 prepheta
2712 1470 2975 1537 Cretensi,
3008 1489 3126 1527 cum
3157 1477 3271 1543 ejus
3302 1478 3373 1531 illi
3404 1482 3668 1535 Sententia

2091 1559 2370 1627 placuisset
2398 1579 2408 1614 :
2438 1559 2791 1615 Testimonium
2820 1565 2912 1616 hoc
2938 1582 3108 1618 vcrttnt
3133 1580 3201 1620 cst
3226 1566 3350 1639 (Tit.
3375 1587 3414 1635 t,
3448 1572 3558 1642 15).

2164 1651 2247 1704 li.
2267 1651 2355 1706 Ille
2387 1652 2544 1722 igitur
2566 1654 2748 1709 beatus
2772 1665 2874 1719 cst,
2903 1658 2989 1726 qui
3017 1660 3192 1712 omnia
3219 1677 3335 1729 quae
3358 1664 3465 1716 vult
3489 1665 3666 1728 habet,

2094 1759 2190 1798 nec
2215 1746 2411 1815 aliquid
2434 1748 2544 1800 vult
2568 1748 2705 1817 quod
2735 1764 2837 1802 non
2860 1750 3031 1803 decet.
3060 1752 3283 1816 Quod'si
3316 1754 3383 1807 ita
3415 1769 3514 1819 ρει,
3548 1756 3667 1809 vide

2086 1834 2194 1901 jam
2233 1854 2349 1906 qua:
2396 1837 2637 1893 homines
2678 1855 2781 1893 non
2824 1840 3337 1897 indecenter-Velim.
3382 1845 3530 1899 Alius
3562 1847 3672 1900 vult

2090 1927 2381 1997 conjugari,
2405 1930 2540 1983 alius
2569 1930 2813 1999 eoujngio
2839 1931 3078 1986 viduatus
3107 1934 3359 2004 deinceps
3389 1937 3675 1991 continens

2093 2026 2171 2070 ter
2198 2018 2337 2087 eligit
2362 2020 2556 2082 vivere,
2596 2020 2732 2073 alios
2754 2022 2952 2076 nullum
2981 2024 3313 2078 concubitum
3343 2042 3441 2080 nec
3467 2028 3516 2080 in
3543 2029 3670 2096 ipsis

2091 2109 2287 2176 nuptiis
2312 2111 2560 2178 experiri.
2596 2112 2658 2163 Et
2687 2112 2729 2163 si
2748 2112 2895 2165 aliud
2920 2114 3003 2167 hic
3037 2115 3147 2169 alio.
3172 2117 3357 2170 melius
3387 2120 3666 2186 reperitur,

2090 2199 2293 2251 nullum
2338 2210 2530 2253 tamen.
2558 2200 2775 2253 iswrum
2828 2218 3109 2271 possumus
3147 2205 3325 2259 dicere
3365 2208 3672 2262 indecenter

2089 2288 2285 2357 aliquid
2312 2290 2487 2345 velle:
2531 2292 2607 2344 sic
2643 2302 2694 2345 et
2726 2301 2907 2361 optare
2939 2296 3095 2359 filios,
3142 2298 3441 2364 nuptiarum
3467 2300 3672 2354 scilicet

2089 2376 2339 2444 fructum,
2369 2381 2528 2435 etveis
2549 2382 2635 2448 qui
2662 2384 2891 2452 suscepti
2924 2383 3118 2438 fuerint
3150 2386 3307 2439 vitam
3334 2403 3396 2439 ac
3421 2389 3667 2456 salutem,

2089 2484 2195 2537 quo
2232 2459 2356 2523 voto
2386 2470 2698 2542 plerumque
2727 2486 3016 2542 occupatur
3045 2477 3204 2529 etiam
3239 2481 3558 2533 continentia
3588 2480 3670 2534 vi-

2089 2558 2289 2625 dnalis;
2316 2575 2434 2614 nam
2458 2563 2554 2616 etsi
2576 2574 2756 2631 Spreto
2778 2566 3142 2636 conjugiojam
3171 2586 3275 2621 non
3305 2579 3489 2638 aptant
3509 2572 3668 2625 etiam

2092 2651 2229 2705 filios
2261 2668 2557 2720 procreare.
2581 2664 2765 2723 Optaut
2793 2665 2965 2711 taiiieu
2992 2673 3123 2727 quos
3156 2668 3564 2727 procreaverunt
3593 2664 3671 2716 ius

2090 2742 2327 2797 columes
2360 2745 2560 2799 vivere.
2593 2748 2673 2800 Ah
2701 2748 2798 2801 hac
2837 2752 2979 2802 omni
3017 2767 3141 2804 cura
3176 2753 3426 2807 immunis
3454 2764 3538 2808 est
3563 2757 3676 2808 vir-

2089 2831 2279 2901 giualis
2323 2834 2615 2904 integritas.
2660 2837 2866 2891 [labent
2906 2850 3079 2894 tamen
3129 2857 3313 2896 omnes
3352 2845 3573 2908 charos,
3616 2855 3671 2898 ct

2090 2922 2300 2985 charos,
2328 2925 2520 2994 quibus
2546 2942 2650 2983 non
2684 2927 2987 2982 indecenter
3013 2940 3197 2998 optant
3226 2933 3383 2985 etiam
3413 2944 3671 3001 tempera-

2091 3013 2194 3067 lem
2223 3015 2471 3070 salutem.
2502 3016 2750 3072 Sed-cum
2784 3021 2935 3073 istam
2966 3021 3190 3076 salutem
3231 3024 3281 3076 in
3310 3024 3496 3092 seipsis
3534 3036 3586 3078 et
3614 3026 3665 3079 iu

2090 3104 2167 3159 eis
2194 3121 2327 3175 quos
2354 3106 2578 3176 diligunt
2597 3109 2770 3178 adepti
2799 3110 3049 3169 homines,
3068 3113 3278 3175 fuerint,
3312 3131 3451 3169 uum-
3470 3117 3666 3182 poteri-

2089 3209 2207 3248 mus
2228 3211 2321 3249 eos
2335 3195 2512 3251 dicere
2526 3199 2637 3265 jam
2668 3199 2889 3253 beatos?
2910 3201 3115 3255 Habent
3134 3206 3275 3260 enim
3304 3206 3503 3275 aliquid
3520 3208 3670 3276 quod

2090 3302 2194 3341 non
2240 3287 2469 3344 dedecet
2501 3291 2669 3356 velle;
2713 3294 2805 3346 sed
2853 3294 2893 3347 si
2939 3295 3039 3347 alia
3087 3312 3190 3349 non
3238 3297 3433 3353 habent
3470 3301 3667 3369 majora

2089 3388 2246 3447 atque
2275 3372 2496 3435 meliora
2526 3390 2578 3435 ct
2606 3383 2843 3438 utilitatis
2870 3383 3187 3456 decorisque
3216 3388 3670 3457 pleniora,.adhuc

2088 3470 2302 3525 abeam
2332 3473 2434 3526 vita
2462 3473 2615 3543 longe
2642 3475 2852 3529 absunt.

2158 3561 2385 3618 CAPUT
2414 3561 2501 3617 VL
2519 3593 2590 3603 —
2621 3564 2705 3618 12.
2732 3565 2979 3621 Placetne
3010 3568 3165 3637 igitur
3191 3578 3245 3623 ut
3264 3584 3423 3639 super
3444 3572 3672 3629 salutem

2072 3652 2242 3707 istam
2276 3654 2618 3723 temporalem
2646 3666 2829 3724 epteut
2858 3658 2958 3711 sibi
2989 3674 3051 3713 ac
3079 3661 3186 3713 suis
3227 3660 3454 3716 honores
3491 3672 3544 3717 et
3573 3679 3671 3732 po-

2090 3744 2344 3799 testates?
2370 3745 2507 3800 Sane
2526 3788 2542 3812 ,
2569 3747 2613 3800 si
2646 3756 2700 3800 ut
2726 3762 2820 3816 per
2844 3748 2945 3801 hoc
2968 3751 3243 3805 consulant
3270 3752 3348 3806 eis
3378 3753 3465 3823 qui
3492 3755 3673 3811 vivunt

2088 3835 2187 3889 sub
2228 3835 2337 3900 eis,
2384 3851 2491 3889 non
2538 3846 2749 3905 propter
2796 3837 2908 3893 hinc
2947 3840 3230 3907 sed
3274 3852 3488 3912 propter
3527 3843 3671 3899 aliud

2087 3924 2226 3993 quod
2256 3925 2376 3980 inde
2400 3927 2457 3979 fit
2483 3927 2697 3990 bonum,
2726 3928 2879 3982 decet
2903 3945 2965 3982 ea
2993 3931 3127 3985 velle
3155 3948 3167 3982 :
3196 3932 3434 3985 siautem
3457 3943 3673 4002 propter

2089 4015 2297 4069 inanem
2340 4016 2527 4071 fastum
2562 4019 2804 4072 elationis
2834 4035 3187 4090 pompamque
3225 4021 3541 4090 superfluam
3590 4024 3671 4080 vel

2087 4106 2245 4160 etiam
2274 4108 2482 4161 noxiam
2513 4109 2775 4171 Vanitatis,
2806 4125 2909 4161 nou
2938 4109 3109 4163 decet.
3138 4110 3393 4175 Quocirca
3419 4112 3463 4165 si
3486 4122 3671 4181 optant

2088 4195 2189 4251 sibi
2216 4212 2277 4251 ac
2303 4198 2412 4251 suis
2437 4198 2593 4252 etiam
2624 4200 2989 4253 sufficientiam
3022 4217 3194 4254 rerum
3223 4204 3666 4271 necessariarum,

2087 4287 2154 4341 de
2197 4304 2300 4358 qua
2346 4290 2423 4343 sic
2469 4290 2757 4357 Apostolus
2800 4291 3063 4361 loquitur,
3107 4294 3200 4347 Est
3239 4304 3405 4349 autem
3448 4307 3669 4364 quaestus

2088 4395 2299 4447 magnus
2326 4380 2483 4447 pietas
2510 4397 2621 4433 cum
2651 4382 2960 4451 sufficientia.
2997 4382 3146 4436 Nihil
3170 4386 3301 4438 enim
3329 4386 3587 4440 intulimus
3616 4389 3669 4441 in

2089 4469 2220 4522 hunc
2248 4471 2521 4538 mundum,
2548 4472 2751 4526 sedncc
2775 4476 2976 4545 auferre
3003 4474 3118 4528 hinc
3146 4476 3339 4545 aliquid
3368 4494 3629 4547 possumus
3650 4495 3669 4532 :

2086 4564 2266 4614 victum
2289 4571 2335 4615 et
2363 4571 2691 4633 tegumentum
2714 4563 2965 4630 habentes,
2993 4565 3071 4617 his
3090 4568 3306 4620 contenti
3324 4569 3500 4621 simus.
3529 4567 3669 4623 Nunt

2085 4654 2168 4723 qui
2188 4654 2358 4707 volunt
2376 4654 2551 4709 divites
2570 4655 2699 4722 ﬁeri,
2717 4656 2943 4709 incidunt
2962 4657 3350 4712 intentationem
3369 4668 3417 4713 et
3434 4660 3667 4731 laqueum

2086 4754 2133 4798 et
2156 4745 2403 4799 desideria
2428 4747 2587 4801 multa
2611 4747 2765 4800 suilla
2794 4757 2840 4801 et
2865 4749 3034 4811 noxia,
3066 4766 3179 4818 quw
3197 4760 3422 4821 mergunt
3441 4751 3667 4807 homines

2085 4837 2137 4889 in
2166 4836 2419 4890 interitum
2438 4847 2493 4890 et
2518 4837 2863 4907 perditionem.
2899 4840 3068 4893 Radix
3092 4841 3221 4893 enim
3250 4842 3472 4894 omnium
3501 4843 3666 4896 ntale-

2085 4943 2197 4979 rum
2223 4937 2303 4982 est.
2322 4928 2569 4991 avaritia;
2596 4944 2745 4997 quam
2784 4930 2987 4997 quidam
3027 4940 3311 4999 appetentes
3339 4948 3369 4983 a
3398 4932 3500 5005 ﬁde
3521 4949 3662 4985 erra-

2084 5028 2384 5084 verunthet
2417 5018 2730 5072 inseruerunt
2768 5037 2820 5073 se
2844 5021 3097 5075 doloribus
3126 5023 3295 5076 multis
3326 5023 3377 5093 (Ι
3416 5023 3548 5079 Tim.
3594 5040 3667 5091 vr,

2086 5108 2251 5177 G-lil)
2279 5125 2292 5161 :
2326 5109 2462 5163 hanc
2493 5124 2621 5179 ergo
2663 5110 3031 5166 sufficientiam
3061 5127 3166 5166 non
3197 5113 3507 5170 indecenter
3533 5119 3663 5185 vult,

2084 5200 2323 5270 quisquis
2350 5200 2493 5268 vult,
2524 5216 2625 5256 nec
2652 5203 2880 5271 atiiplius
2906 5202 3049 5268 vnit;
3090 5204 3322 5275 alioquin
3361 5222 3464 5261 non
3496 5208 3663 5277 ipsam

2084 5292 2222 5357 vult,
2251 5299 2306 5346 et
2332 5291 2451 5347 ideo
2476 5306 2576 5347 nec
2603 5292 2854 5347 decenter
2881 5293 3010 5347 vult.
3046 5294 3193 5350 Hanc
3218 5296 3435 5366 optabat
3475 5307 3530 5353 et
3570 5314 3666 5369 pro

2086 5384 2184 5438 hac
2220 5383 2404 5438 orabat
2445 5382 2534 5453 qui
2573 5383 2783 5438 diccbat
2824 5401 2838 5438 :
2882 5383 3095 5440 Divitias
3131 5393 3180 5440 et
3220 5398 3575 5459 paupertatem
3604 5407 3666 5444 ne

2083 5475 2280 5530 dederis
2309 5475 2467 5538 mihi;
2494 5475 2737 5529 constitue
2763 5487 2935 5531 autem
2958 5478 3080 5531 mihi
3244 5482 3525 5535 necessaria
3550 5491 3666 5536 sunt

2082 5568 2400 5636 suﬁicienter,
2425 5576 2482 5621 ut
2502 5566 3027 5622 nesatiatusutendax
3043 5569 3313 5638 ψεκτῶν-,βε
3332 5570 3516 5639 dicam,
3541 5572 3667 5638 Quis

2084 5677 2164 5714 me
2186 5662 2356 5716 videt?
2393 5669 2480 5715 aut
2520 5677 2713 5731 pauper
2747 5665 2909 5730 [actus
2930 5664 3104 5731 furer,
3135 5671 3182 5716 et
3203 5664 3666 5733 periuremuomcts

2090 5751 2183 5806 Dei
2211 5753 2307 5809 mei
2340 5752 2514 5825 (Prae.
2548 5768 2685 5816 λιιι,
2711 5752 2862 5823 8,.9).
2904 5751 3055 5810 Vides
3074 5764 3221 5812 certe
3255 5764 3305 5812 ct
3335 5756 3489 5813 istam
3518 5756 3667 5815 suftiv
