4122 6350
459 337 560 392 ιοῃ
1657 322 1696 377 S
1755 315 2116 374 AUGUSTIN
2159 317 2457 377 EPISL‘UPI
3637 334 3743 393 500

456 449 703 506 cientiam
748 462 852 502 non
895 445 1070 515 appeti
1115 451 1332 514 propter
1372 441 1602 510 seipsam
1625 479 1642 505 ,
1687 435 1780 494 sed
1829 441 2045 506 propter
2157 429 2254 497 sit,
2286 433 2375 504 qui
2407 437 2551 492 nevit
2575 438 2700 509 quid
2730 440 2883 497 nobis
2913 443 3270 499 necessarium
3298 444 3402 512 sit,
3433 447 3739 520 priusquam

457 541 680 594 salutem
711 537 984 606 corporis,
1025 544 1079 590 et
1115 542 1491 603 congruentem
1537 529 1770 583 habitum
1803 542 2046 598 personae
2153 534 2396 594 petamus
2436 529 2504 584 ab
2532 545 2630 596 eo,
2661 540 2717 587 ut
2743 532 2973 599 diceret,
3010 533 3219 606 Oportet
3256 553 3453 609 semper
3485 555 3660 606 orare,
3692 553 3739 597 et

415 640 434 689 «ξ
461 630 724 703 hominis,
765 644 868 698 quo
913 628 1090 682 habitu
1135 641 1238 681 non
1284 625 1354 678 sit
1397 622 1773 678 inconveniens
1813 624 1892 676 eis
1921 634 2042 674 cum
2152 632 2251 671 non
2272 619 2524 689 deﬁcere;
2549 623 2720 678 vidum
2742 625 3015 696 cujusdam
3037 629 3306 697 proposito
3328 631 3590 702 exemplo,
3619 649 3738 703 qua:

423 696 651 793 'q'uihus
679 696 902 776 honeste
935 719 1277 787 officioseque
1307 715 1587 771 vivendum
1617 725 1718 770 est.
2150 704 2219 766 de
2242 723 2339 766 suo
2361 713 2667 770 adversario
2693 718 2914 786 cupiens
2936 718 3213 786 vindicari,
3237 719 3469 790 judicem
3497 723 3738 794 iniquum

414 796 443 875 ,³
529 814 618 870 15.
659 812 717 866 In
748 812 830 866 his
856 813 1032 882 itaque
1068 810 1315 865 omnibus
1353 808 1684 863 incolumitas
1721 806 1952 862 hominis
1989 815 2045 862 et
2148 814 2292 870 saepe
2319 802 2706 873 interpellando
2730 807 2879 862 ﬂexit
2915 808 2983 864 ad
3019 809 3373 877 audiendum,
3406 827 3508 866 non
3531 812 3739 882 justitia

453 905 687 959 amicitia
718 914 935 974 pr0pter
969 903 1143 972 seipsa
1172 911 1524 972 appetuntur;
1565 899 1883 956 sufﬁcientia
1915 914 2042 954 vero

453 1012 633 1052 rerum
671 996 1090 1052 necessariarum
1131 1011 1235 1050 non
1263 1001 1478 1063 propter
1501 993 1728 1062 seipsam
1749 1033 1764 1056 ,
1794 991 1887 1048 sed
1913 1006 2042 1061 pro-

451 1097 575 1160 pter
598 1087 707 1142 duo
734 1087 1006 1155 superiora
1037 1086 1198 1155 quzeri
1229 1085 1387 1150 solet,
1419 1100 1539 1139 cum
1565 1084 1820 1140 decenter
1846 1083 2048 1154 quaeri-

454 1189 561 1233 tur.
610 1177 948 1233 lncolumitas
977 1193 1136 1246 porro
1162 1177 1212 1230 in
1245 1177 1354 1245 ipsa
1383 1176 1519 1240 vita,
1551 1190 1613 1229 ac
1638 1175 1842 1240 salute,
1879 1184 2040 1244 atque

451 1267 759 1338 integritate
787 1267 947 1321 animi
978 1277 1032 1322 et
1057 1265 1296 1335 corporis
1332 1267 1616 1320 constituta
1657 1273 1757 1320 est.
1802 1264 2039 1335 Itemque

454 1359 687 1412 amicitia
715 1374 819 1412 non
850 1357 1086 1428 angustis
1121 1357 1308 1412 tinibus
1338 1357 1665 1411 terminanda
1693 1364 1778 1412 est
1806 1375 1819 1411 :
1849 1371 2038 1411 omnes

450 1451 592 1505 enim
635 1451 825 1520 quibus
864 1466 1014 1505 amor
1055 1459 1110 1505 et
1147 1450 1360 1504 dilectio
1387 1449 1642 1516 debetur,
1674 1449 2030 1516 amplectitur,

447 1545 690 1612 quamvis
719 1545 770 1599 in
797 1544 931 1598 alios
959 1545 1271 1614 propensius
1290 1585 1305 1610 ,
1346 1544 1400 1597 in
1440 1545 1572 1598 alios
1611 1544 1920 1613 suspensius
1949 1544 2033 1598 in-

445 1633 707 1697 clinetur;
736 1635 976 1704 pervenit
1000 1644 1175 1689 autem
1204 1650 1370 1703 usque
1393 1634 1460 1689 ad
1488 1634 1727 1689 inimicos
1747 1677 1762 1701 ,
1792 1650 1887 1704 pro
1913 1635 2033 1704 qui-

445 1723 546 1778 bus
575 1725 734 1779 etiam
765 1740 920 1779 orare
956 1726 1310 1794 praecipimur.
1345 1727 1417 1779 ita
1456 1741 1613 1781 neruo
1651 1736 1732 1779 est
1762 1726 1810 1780 in
1839 1741 2034 1796 genere

445 1813 680 1870 humano
699 1815 909 1870 cuinon
931 1815 1164 1882 dilectio,
1185 1817 1282 1871 etsi
1305 1832 1409 1870 non
1435 1832 1532 1885 pro
1552 1827 1729 1871 mutua
1752 1817 2028 1884 charitate,

445 1920 542 1974 pro
571 1905 684 1974 ipsa
713 1913 892 1962 tamen
921 1907 1220 1962 communis
1247 1915 1448 1961 naturae
1473 1908 1724 1962 societate
1751 1907 2027 1964 debeatur.

514 1995 742 2054 CAPUT
757 1997 1050 2053 Vll.—-—Sed
1074 1997 1108 2052 ii
1127 2014 1222 2052 nos
1240 1999 1459 2053 multum
1477 1997 1726 2068 justeque
1742 1999 2027 2068 delectant,

443 2103 473 2141 a
501 2089 693 2158 quibus
716 2089 950 2146 vicissim
980 2099 1163 2145 sancte
1186 2100 1439 2160 casteque
1462 2089 1748 2159 diligimur.
1779 2091 1882 2146 ista
1906 2107 2028 2147 cum

443 2176 738 2248 habentur,
767 2189 826 2234 ut
852 2189 1165 2246 teneantur,
1206 2195 1327 2234 cum
1372 2189 1548 2235 autem
1594 2196 1699 2235 non
1742 2181 2027 2252 habentur,

442 2277 503 2321 ut
528 2269 840 2338 habeantur,
863 2271 1122 2343 orandum
1144 2281 1246 2327 est.

521 2367 606 2419 ιι.
637 2365 868 2420 Hoccine
890 2373 1080 2430 totum,
1101 2375 1154 2420 et
1175 2366 1287 2420 haec
1308 2375 1430 2420 sunt
1450 2368 1625 2421 omnia
1648 2355 1840 2439 quibus
1859 2369 2029 2424 beatze

442 2473 649 2513 summa
675 2459 799 2513 vitae
823 2459 1126 2528 colligitur?
1154 2475 1220 2512 an
1251 2460 1446 2529 aliquid
1476 2460 1616 2514 aliud
1648 2462 1843 2515 veritas
1871 2462 2027 2516 docet

440 2549 584 2618 quod
607 2548 689 2603 his
709 2549 956 2604 omnibus
979 2550 1322 2619 praeferatur?
1347 2550 1476 2604 Nam
1503 2561 1557 2606 et
1578 2553 1661 2606 illa
1689 2553 2022 2617 sufﬁcientia.

440 2646 496 2694 et
519 2638 632 2708 ipsa
661 2639 1017 2706 incolumitas,
1045 2641 1126 2694 vel
1156 2642 1366 2711 prepria
1392 2643 1474 2696 vel
1503 2644 1813 2710 amicorum,
1841 2661 2023 2716 quam-

438 2727 531 2783 diu
557 2731 866 2800 temporalis
891 2741 975 2785 est
992 2772 1006 2794 ,
1051 2746 1145 2800 pro
1183 2741 1399 2787 aeternae
1433 2734 1554 2788 vita:
1581 2735 1866 2804 adeptione
1893 2738 2028 2806 abji—

439 2819 628 2874 eienda
666 2827 749 2874 est
777 2837 790 2874 :
818 2835 1117 2892 quanquam
1147 2821 1372 2877 fortasse
1399 2839 1594 2893 corpus
1612 2864 1628 2890 ,
1655 2826 1863 2882 animus
1894 2843 2024 2882 vero

436 2912 584 2966 nullo
611 2912 772 2967 modo
800 2928 960 2968 sanus
989 2915 1373 2970 existimandus
1409 2925 1493 2971 est
1511 2959 1528 2984 ,
1567 2917 1656 2987 qui
1685 2933 1792 2972 non
1820 2927 2024 2989 tempo-

437 3002 636 3058 ralibus
678 3011 875 3059 aeterna
920 3007 1212 3074 praeponit;
1263 3022 1438 3076 neque
1483 3009 1623 3063 enim
1675 3010 1727 3063 in
1783 3018 2023 3080 tempore

434 3097 635 3153 utiliter
658 3097 870 3164 vivitur,
901 3099 1000 3154 nisi
1028 3099 1094 3154 ad
1120 3100 1533 3170 comparandum
1562 3103 1804 3157 meritum
1835 3119 1941 3174 quo
1969 3106 2020 3159 in

434 3188 735 3244 aeternitate
764 3190 986 3244 vivatur.
1029 3190 1109 3244 Ad
1151 3191 1294 3245 illam
1334 3205 1461 3261 ergo
1495 3207 1650 3246 unam
1683 3193 1877 3258 vitam,
1917 3210 2018 3264 qua

433 3295 555 3336 cum
586 3281 698 3337 Deo
735 3291 789 3337 et
821 3282 890 3337 de
931 3283 1040 3337 Deo
1076 3284 1301 3346 vivitur,
1343 3294 1535 3338 cmtcra
1579 3301 1698 3353 qua:
1744 3287 1942 3340 utiliter
1968 3297 2022 3341 et

433 3373 686 3429 decenter
715 3383 998 3444 optantur,
1028 3376 1144 3430 sine
1177 3377 1337 3430 dubio
1365 3375 1643 3431 referenda
1681 3385 1824 3432 sunt.
1872 3379 1926 3432 in
1951 3381 2020 3433 eo

432 3465 630 3536 quippe
656 3469 1011 3536 nosmetipsos
1034 3466 1332 3536 diligimus,
1364 3468 1408 3520 si
1440 3469 1602 3522 Deum
1629 3468 1897 3538 diligimus
1925 3487 1939 3524 :
1967 3479 2021 3526 et

433 3571 499 3610 ex
525 3557 631 3612 alio
658 3569 924 3628 prmeepto
949 3559 1226 3628 proximos
1261 3569 1474 3614 nostros
1500 3561 1636 3614 sicut
1665 3562 2020 3630 nosmetipsos

433 3645 505 3698 ita
532 3659 658 3699 vere
683 3644 968 3714 diligimus,
1001 3647 1046 3700 si
1069 3661 1162 3702 eos
1191 3648 1256 3701 ad
1284 3649 1374 3702 Dei
1405 3649 1628 3702 similem
1655 3649 2014 3715 dilectionem,

433 3744 687 3804 quantum
719 3734 772 3789 in
800 3735 952 3792 nobis
980 3746 1094 3800 est,
1123 3738 1490 3806 perducamus.
1523 3739 1687 3794 Deum
1720 3740 1878 3810 igitur
1901 3741 2019 3794 tlili-

431 3828 604 3897 gimus
631 3835 847 3897 propter
874 3828 1136 3896 seipsum,
1186 3838 1240 3884 et
1284 3844 1382 3883 nos
1409 3844 1473 3884 ac
1501 3831 1770 3898 proximos
1803 3841 2018 3901 propter

428 3919 602 3988 ipsum
631 3933 646 3972 :
677 3934 774 3974 nec
803 3933 922 3974 cum
950 3919 1022 3974 ita
1050 3919 1308 3987 vivimus,
1345 3919 1454 3990 jam
1498 3934 1596 3974 nos
1635 3922 1688 3974 in
1723 3921 1832 3991 ipsa
1861 3922 2014 3978 beata

428 4011 534 4065 vita
561 4010 875 4066 constitutos
902 4011 1266 4068 existimemus
1287 4052 1303 4078 ,
1335 4013 1485 4081 quasi
1529 4011 1658 4066 nihil
1690 4013 1758 4066 sit
1786 4014 2014 4082 amplius

425 4102 569 4173 quod
590 4118 824 4158 oremus.
853 4103 1131 4170 Quomodo
1153 4105 1294 4158 enim
1314 4103 1423 4172 jam
1450 4103 1603 4158 beate
1624 4104 1866 4167 vivimus,
1891 4119 2012 4159 eum

424 4194 555 4250 illud
583 4195 754 4251 adhuc
782 4195 951 4261 desit,
981 4205 1199 4267 prepter
1229 4197 1365 4266 quod
1397 4212 1558 4250 unum
1593 4197 1724 4251 bene
1752 4198 2014 4253 vivimus?

499 4285 725 4342 CAPUT
759 4286 890 4341 Vili.
911 4287 1088 4340 -15.
1120 4286 1316 4356 thuid
1339 4303 1465 4357 ergo
1491 4303 1586 4356 per
1612 4289 1772 4342 multa
1801 4290 2011 4358 disper-

426 4377 624 4446 gimur,
655 4388 707 4432 et
737 4380 1020 4448 qumrimus
1049 4379 1175 4448 quid
1217 4395 1432 4434 oremus
1453 4423 1468 4446 ,
1502 4381 1748 4435 timentes
1781 4399 1846 4434 ne
1877 4381 2013 4437 forte

424 4467 561 4520 sicut
590 4483 694 4522 non
721 4479 928 4538 oportet
955 4484 1190 4530 oremus,
1222 4485 1286 4523 ac
1317 4485 1418 4524 non
1451 4471 1623 4541 potius
1650 4487 1770 4524 cum
1800 4472 2011 4526 Psalmo

422 4549 650 4616 dicimus
683 4580 696 4616 :
731 4561 898 4616 Unam
944 4563 1062 4631 petii
1099 4580 1131 4615 a
1160 4561 1411 4625 Domino,
1456 4563 1585 4616 hanc
1623 4567 1915 4634 requiram;
1954 4575 2011 4618 ut

422 4649 640 4703 habitem
669 4650 721 4703 in
751 4651 899 4704 domo
930 4651 1136 4705 Domini
1162 4668 1332 4705 omnes
1356 4652 1461 4706 dies
1486 4654 1600 4705 vita?
1626 4670 1781 4716 metu;
1814 4665 1866 4706 ut
1892 4672 2005 4707 con-

422 4743 635 4812 templer
677 4743 1055 4796 delectationem
1102 4742 1230 4808 Dei,
1279 4755 1325 4796 et
1377 4743 1569 4797 visitem
1613 4745 1852 4813 templum
1902 4747 2010 4814 ejus

425 4830 595 4903 (Psal.
625 4848 774 4898 xxvi,
799 4833 892 4905 4)?
917 4834 987 4888 ibi
1013 4849 1238 4903 namque
1262 4849 1447 4889 omnes
1474 4835 1589 4891 dies
1615 4853 1718 4890 non
1749 4838 2009 4892 veniendo

422 4931 477 4978 et
509 4923 831 4978 transeundo
863 4927 991 4977 fiunt
1019 4941 1205 4979 omnes
1227 4968 1242 4991 ,
1275 4941 1376 4980 nec
1421 4927 1626 4980 initimn
1673 4929 1891 4983 alterius
1927 4938 2009 4984 est

421 5015 542 5069 ﬁnis
571 5016 825 5080 alterius;
861 5030 1048 5071 omnes
1091 5018 1205 5071 sine
1256 5021 1356 5071 line
1404 5020 1556 5073 simul
1602 5032 1718 5074 sunt
1743 5063 1757 5086 ,
1791 5021 1876 5075 ubi
1911 5037 2007 5077 nec

420 5108 534 5174 ipsa
577 5107 682 5160 vita
727 5107 887 5162 habet
934 5108 1126 5172 linem,
1166 5109 1315 5179 cujus
1345 5109 1419 5165 illi
1450 5110 1564 5165 dies
1595 5122 1736 5166 sunt.
1785 5113 2006 5183 PrOpter

419 5197 556 5251 hanc
581 5197 975 5268 adipiscendam
1003 5201 1166 5254 vitam
1189 5201 1396 5255 beatam
1425 5203 1535 5270 ipsa
1562 5219 1684 5256 vera
1707 5203 1825 5258 Vita
1852 5206 2003 5258 beata

419 5305 517 5343 nos
542 5304 698 5345 orare
723 5290 923 5357 docuit,
953 5306 1057 5345 non
1089 5291 1140 5345 in
1163 5293 1520 5363 multiloquio,
1555 5277 1892 5362 tanquam'eo
1919 5297 2027 5347 tiat-

418 5389 477 5433 ut
504 5379 847 5435 cxaudiamur
872 5397 976 5450 quo
1002 5382 1334 5452 loquaciores
1358 5399 1563 5450 sumus,
1592 5399 1710 5437 cum
1739 5400 1858 5437 eum
1885 5400 2004 5438 ore-

419 5483 538 5522 mus
563 5470 652 5540 qui
683 5472 862 5537 novit,
907 5472 1042 5525 sicut
1084 5471 1198 5541 ipse
1238 5472 1491 5527 Dominus
1537 5474 1640 5536 ait,
1682 5474 1806 5543 quid
1852 5475 2003 5529 nobis

424 5560 779 5614 necessarium
823 5563 924 5628 sit,
956 5562 1262 5632 priusquam
1295 5571 1536 5631 petamus
1577 5563 1644 5618 ab
1681 5579 1747 5618 eo
1789 5563 1996 5638 (Matth.

423 5667 497 5715 γι,
527 5652 578 5717 7,
606 5653 682 5722 8).
714 5651 864 5708 Unde
895 5653 1084 5708 mirum
1114 5652 1282 5707 videri
1313 5663 1520 5720 potest,
1550 5656 1790 5727 quamvis
1821 5657 2001 5713 multi-

423 5743 654 5814 loquium
707 5743 1066 5814 prohibuerit.
1116 5759 1212 5800 cur
1253 5759 1345 5799 no-
1402 5743 1474 5800 sic
1513 5760 1665 5801 orare
1691 5755 2000 5803 annortatus

2147 892 2230 946 vel
2271 892 2636 952 misericordia
2677 908 3012 969 permotum,
3058 901 3152 956 sed
3197 901 3353 956 taedio
3391 912 3734 973 superatum:

2147 995 2206 1040 ut
2246 985 2370 1041 hinc
2409 988 2851 1059 admoneremur,
2899 1009 3057 1064 quam
3104 996 3302 1052 certius
3347 1014 3446 1054 nos
3487 1001 3739 1056 exaudiat

2146 1078 2457 1135 misericors
2482 1081 2727 1152 etjustus
2754 1085 3008 1141 Dominus
3035 1087 3174 1141 Deus
3199 1088 3315 1142 sine
3341 1089 3737 1147 intermissione

2144 1178 2396 1235 orantes,
2442 1173 2656 1244 quando
2702 1175 2786 1229 illa
2837 1192 2942 1233 nec
2985 1177 3052 1232 ab
3082 1177 3262 1248 iniquo
3291 1187 3346 1234 et
3373 1180 3736 1252 impiojudice

2143 1263 2315 1330 potuit
2362 1263 2573 1319 assidua
2627 1265 3054 1336 interpellatione
3096 1269 3400 1335 contemni;
3463 1281 3515 1326 et
3573 1287 3735 1342 quam

2140 1352 2314 1408 libens
2341 1361 2500 1424 atque
2530 1357 2765 1426 placatus
2794 1358 2931 1414 bona
2963 1360 3228 1417 desideria
3269 1363 3486 1433 impleat
3523 1380 3730 1432 eorum,

2141 1458 2170 1496 a
2197 1445 2388 1515 quibus
2413 1447 2585 1502 aliena
2617 1459 2831 1519 peccata
2858 1452 3006 1507 novit
3032 1452 3253 1523 ignosci,
3282 1455 3324 1509 si
3353 1471 3458 1526 quo
3484 1458 3735 1526 cupiebat

2140 1533 2226 1588 illa
2249 1538 2634 1609 pervenit'qua:
2661 1540 2828 1596 voluit
2847 1541 3102 1598 vindicari
3131 1543 3280 1612 (Luc.
3303 1561 3454 1612 xvnt,
3478 1546 3613 1618 1-8).
3637 1547 3734 1604 ille

2139 1639 2349 1694 quoque
2377 1627 2462 1681 cui
2491 1627 2695 1685 amicus
2719 1629 2787 1686 de
2815 1631 2901 1686 via
2931 1642 3170 1699 venerat,
3203 1649 3302 1689 nec
3326 1635 3464 1704 quod
3491 1636 3541 1691 ei
3565 1653 3731 1708 appo-

2139 1725 2293 1770 neret
2313 1716 2563 1786 habebat,
2590 1719 2658 1774 ab
2683 1721 2855 1777 amico
2883 1721 2985 1778 sibi
3013 1731 3120 1777 tres
3148 1739 3310 1794 panes
3333 1725 3552 1795 cupiens
3577 1743 3730 1782 com-

2137 1804 2341 1860 modari
2362 1847 2378 1873 ,
2410 1808 2600 1877 quibus
2629 1809 2857 1866 fortasse
2886 1812 2999 1880 ipsa
3031 1812 3261 1869 Trinitas
3291 1814 3447 1869 unius
3475 1815 3730 1872 substan-

2135 1893 2225 1948 tia:
2265 1893 2487 1965 ﬁgurata
2527 1907 2644 1966 est,
2687 1899 2801 1970 jam
2845 1915 2966 1956 cum
3009 1901 3118 1956 suis
3162 1903 3332 1958 servis
3371 1904 3727 1961 dormientem

2133 1986 2331 2056 petitor
2369 1989 2784 2047 instantissimus
2829 2001 2882 2048 et
2911 1994 3317 2050 molestissimus
3347 1999 3625 2063 excitavit,
3670 2011 3728 2054 ut

2135 2079 2286 2141 daret
2327 2083 2374 2136 ei
2417 2092 2644 2152 quantos
2671 2085 2916 2153 volebat,
2949 2087 3118 2157 magis
3146 2096 3200 2142 et
3225 2088 3339 2157 ipse
3373 2091 3588 2144 vitando
3627 2101 3726 2146 tae-

2134 2168 2282 2224 dium
2309 2187 2465 2242 quam
2494 2173 2919 2230 benevolentiam
2946 2177 3227 2247 cogitando
3257 2196 3270 2230 :
3300 2191 3356 2234 ut
3387 2181 3507 2236 hinc
3530 2182 3729 2236 intelli-

2134 2278 2405 2332 geremus,
2437 2267 2479 2320 si
2511 2267 2640 2323 dare
2667 2269 2873 2339 cogitur
2901 2269 3136 2340 quicum
3163 2270 3425 2339 dormiat,
3455 2288 3483 2326 a
3514 2285 3725 2342 petente

2132 2353 2394 2409 excitatur
2423 2356 2639 2424 invitus,
2669 2369 2870 2428 quanto
2895 2359 2985 2414 det
3013 2360 3292 2430 benignius
3332 2363 3421 2433 qui
3457 2379 3556 2418 nec
3593 2365 3722 2419 dor-

2131 2445 2265 2498 mire
2297 2447 2461 2513 novit,
2494 2457 2546 2504 et
2574 2449 2899 2505 dormientes
2929 2467 3026 2506 nos
3051 2453 3248 2508 excitat
3277 2464 3334 2508 ut
3361 2465 3622 2525 petamus.

2203 2537 2289 2591 16.
2333 2539 2466 2594 lline
2507 2549 2590 2595 est
2628 2551 2680 2595 et
2720 2541 2850 2596 illud
2882 2560 2894 2596 :
2926 2540 3091 2597 Petite
3118 2553 3164 2598 et
3193 2546 3482 2615 accipietis;
3515 2548 3725 2616 qnwrite

2129 2636 2176 2680 et
2205 2628 2494 2694 invenietis;
2521 2631 2718 2700 pulsate
2742 2641 2789 2685 et
2813 2633 3064 2702 aperietur
3087 2633 3243 2688 vobis.
3277 2635 3455 2689 Omnis
3478 2637 3612 2690 enim
3635 2637 3722 2703 qui

2129 2721 2252 2789 petit
2287 2721 2499 2792 accipit,
2531 2731 2575 2775 et
2603 2738 2833 2792 quaerens
2860 2724 3074 2790 invenit,
3107 2735 3154 2780 et
3193 2727 3416 2797 pulsanti
3443 2729 3717 2797 aperietur.

2129 2812 2230 2865 Ant
2268 2815 2381 2883 quis
2422 2823 2497 2868 est
2540 2831 2603 2869 ea:
2639 2817 2775 2871 nobis
2814 2817 2997 2883 homo,
3030 2835 3062 2870 a
3089 2834 3186 2888 quo
3221 2819 3359 2888 ﬁlius
3385 2836 3509 2873 snas
3537 2837 3718 2890 panem

2129 2903 2273 2971 petit,
2304 2906 2548 2974 numquid
2577 2906 2798 2977 lapidem
2827 2909 3037 2980 porrigit
3068 2910 3158 2964 ei?
3186 2920 3273 2963 aut
3297 2911 3340 2965 si
3365 2911 3552 2982 piscem
3575 2913 3715 2983 petit,

2127 2998 2369 3066 namquid
2410 3009 2690 3068 serpentem
2738 3002 2948 3070 porrigit
2997 3000 3117 3054 illi?
3160 3011 3246 3055 aut
3293 3003 3334 3056 si
3381 3020 3530 3056 ovum
3574 3005 3718 3074 petit,

2126 3091 2369 3160 numquid
2411 3091 2620 3160 porrigit
2666 3092 2711 3144 ci
2751 3093 3046 3162 scorpium?
3081 3092 3141 3146 Si
3167 3109 3284 3163 ergo
3310 3109 3426 3160 vos,
3464 3111 3579 3148 cum
3605 3096 3718 3149 sitis

2126 3180 2281 3245 mali,
2312 3182 2469 3234 nostis
2498 3181 2626 3234 bona
2655 3181 2775 3234 data
2802 3181 2924 3235 dare
2953 3181 3078 3251 ﬁliis
3103 3184 3275 3236 vestris
3295 3223 3311 3248 ,
3337 3194 3524 3250 quanto
3555 3185 3718 3256 magis

2131 3270 2284 3326 Pater
2323 3284 2482 3328 uester
2509 3276 2719 3330 ctelestis
2756 3275 2894 3330 dabit
2923 3277 3052 3332 bona
3089 3278 3364 3347 petentibus
3399 3297 3453 3333 se
3481 3278 3603 3351 (Id.
3634 3297 3712 3347 ιι,

2124 3365 2320 3436 5-15γέ
2340 3366 2474 3421 Cum
2505 3383 2631 3438 ergo
2660 3368 2954 3422 secundum
2988 3369 3084 3423 tria
3117 3369 3203 3423 illa
3234 3386 3350 3439 qua:
3376 3371 3718 3428 commendat

2124 3459 2446 3527 Apostolus,
2499 3460 2632 3514 ﬁdes
2675 3460 3002 3531 significetur
3049 3461 3100 3516 in
3150 3465 3316 3532 pisce,
3367 3464 3447 3517 vel
3497 3476 3718 3534 propter

2123 3565 2315 3619 aquam
2330 3551 2630 3620 'Baptismi,
2675 3553 2756 3606 vel
2799 3552 2940 3622 quod
2980 3554 3030 3606 in
3067 3553 3222 3623 hujus
3251 3555 3431 3609 saeculi
3461 3555 3712 3612 fluctibus

2123 3639 2326 3709 integra
2365 3652 2482 3707 est;
2527 3643 2612 3695 cui
2651 3643 2949 3696 contrarius
2991 3652 3074 3698 est
3114 3644 3202 3697 ille
3245 3660 3505 3714 serpens,
3534 3646 3624 3715 qui
3656 3657 3715 3702 ut

2123 3747 2228 3786 non
2255 3733 2563 3789 crederetur
2589 3735 2719 3799 Deo,
2751 3749 3016 3790 venenosa
3047 3731 3231 3792 fraude
3261 3739 3562 3807 persuasit:
3589 3754 3715 3808 spes

2122 3824 2172 3878 in
2200 3840 2326 3890 ovo,
2358 3825 2480 3895 quia
2519 3826 2629 3880 vita
2671 3826 2799 3895 pulli
2831 3825 3066 3881 nondum
3108 3837 3226 3894 est,
3267 3829 3362 3883 sed
3402 3828 3576 3884 futura
3606 3841 3710 3898 est,

2121 3931 2220 3974 nec
2239 3916 2347 3985 jam
2376 3917 2606 3985 videtur,
2637 3918 2731 3973 sed
2762 3918 2935 3973 adhuc
2961 3930 3233 3988 speratur;
3267 3936 3390 3991 Spes
3415 3923 3558 3977 enim
3588 3938 3712 3993 qua:

2121 4007 2360 4075 videtur,
2392 4023 2494 4064 non
2525 4019 2608 4064 est
2633 4024 2757 4079 spes
2790 4009 2965 4083 (Rom.
2993 4027 3110 4077 vnt,
3137 4010 3264 4084 2i);
3296 4011 3382 4068 cui
3411 4016 3712 4069 contrarius

2118 4110 2202 4155 est
2225 4101 2486 4171 scorpius,
2512 4102 2761 4172 quoniam
2790 4103 2876 4172 qui
2903 4114 3081 4172 sperat
3105 4112 3358 4158 aeternam
3384 4106 3565 4172 vitam,
3589 4122 3712 4176 quae

2120 4201 2264 4246 retro
2291 4200 2414 4245 sunt
2452 4192 2819 4260 obliviscitur,
2854 4203 2907 4247 et
2949 4195 3002 4247 in
3043 4195 3308 4250 anteriora
3345 4210 3402 4250 se
3433 4198 3706 4263 extendit;

2118 4281 2204 4337 cui
2243 4283 2459 4338 noxium
2500 4295 2582 4338 est
2624 4295 2768 4340 retro
2811 4286 3116 4355 respicere;
3155 4289 3395 4357 scorpius
3432 4299 3610 4346 autem
3641 4307 3708 4346 ex

2118 4388 2180 4428 ea
2201 4381 2350 4442 parte
2376 4375 2642 4429 cavendus
2669 4386 2771 4438 est,
2803 4391 2958 4446 quam
2986 4386 3298 4432 venenatam
3328 4387 3384 4433 et
3407 4381 3704 4436 aculeatam

2116 4475 2408 4518 retrorsum
2441 4465 2598 4519 habet
2631 4485 2644 4520 :
2679 4466 2909 4521 charitas
2938 4466 2988 4520 in
3019 4484 3183 4536 pane;
3213 4469 3383 4538 major
3416 4471 3558 4525 enim
3603 4471 3707 4526 ho-

2117 4570 2234 4608 rum
2262 4554 2492 4609 charitas
2520 4555 2568 4627 (Ι
2593 4545 2713 4609 Cor;
2735 4573 2853 4616 χιιι.
2880 4555 2991 4629 i5),
3024 4566 3078 4612 et
3101 4559 3153 4612 in
3179 4559 3312 4612 cibis
3337 4561 3517 4628 utique
3538 4563 3706 4617 vincit

2116 4654 2307 4699 caetera
2340 4647 2489 4714 panis
2519 4645 2748 4711 utilitas;
2780 4647 2864 4700 cui
2907 4649 3206 4704 contrarius
3248 4660 3329 4704 est
3375 4651 3502 4720 lapis
3525 4691 3540 4716 ,
3572 4669 3723 4721 tltt0-.

2115 4739 2256 4790 niam
2305 4736 2436 4790 dura
2483 4737 2642 4792 corda
2691 4749 2947 4806 respuunt
2991 4739 3302 4796 charitatem
3350 4759 3362 4795 :
3409 4746 3524 4798 sive
3559 4747 3704 4800 aliud

2113 4829 2310 4899 aliquid
2339 4830 2714 4900 congruentius
2744 4830 2843 4884 ista
2873 4831 3203 4902 signiﬁcent,
3233 4843 3407 4888 tamen
3439 4836 3526 4905 qui
3555 4839 3705 4892 novit

2116 4920 2249 4975 bona
2280 4923 2400 4976 data
2428 4923 2556 4977 dare
2585 4923 2706 4977 tiliis
2729 4924 2875 4987 suis,
2921 4935 3103 4994 petere
3145 4942 3244 4981 nos
3280 4938 3334 4982 et
3367 4945 3610 4999 quinrerc
3649 4940 3703 4986 et

2113 5017 2327 5085 pulsare
2354 5017 2643 5084 compellit.

2187 5107 2273 5160 17.
2314 5107 2464 5173 Quod
2487 5123 2652 5176 quare
2680 5107 2864 5175 faciat,
2894 5109 2981 5178 qui
3009 5115 3156 5165 novit
3181 5112 3306 5182 quid
3337 5114 3490 5170 nobis
3514 5132 3701 5174 neces-

2111 5200 2310 5252 sarium
2332 5200 2420 5262 sit,
2446 5201 2749 5269 priusquam
2775 5210 3012 5269 petamus
3031 5203 3100 5256 ab
3118 5219 3203 5267 eo,
3228 5219 3440 5260 movere
3459 5207 3697 5264 animum

2114 5300 2307 5358 potest,
2337 5290 2437 5344 nisi
2461 5291 2818 5360 inteiligamus
2837 5293 2978 5362 quod
2999 5293 3256 5350 Dominus
3282 5307 3334 5350 et
3359 5298 3494 5352 Deus
3516 5311 3701 5356 noster

2114 5394 2219 5434 neu
2247 5381 2572 5438 voluntatem
2599 5393 2833 5438 nostram
2861 5383 2960 5439 sibi
2991 5387 3118 5442 velit
3144 5388 3476 5446 innotescere
3494 5434 3508 5455 ,
3536 5408 3696 5462 quam

2112 5490 2217 5528 non
2250 5483 2424 5544 potest
2451 5475 2727 5545 ignorare;
2766 5477 2861 5530 sed
2887 5479 3125 5533 exerceri
3155 5479 3207 5533 in
3238 5483 3565 5538 orationibus
3595 5485 3696 5539 de-

2110 5566 2364 5621 siderium
2391 5576 2650 5630 nostrum,
2679 5584 2786 5638 quo
2812 5571 3073 5639 possimus
3101 5588 3295 5643 capere
3319 5576 3462 5646 quod
3485 5593 3695 5650 praepa-

2110 5665 2188 5712 rat
2227 5658 2376 5713 dare.
2413 5658 2543 5716 Illud
2588 5659 2729 5713 enim
2769 5660 2920 5714 valde
2959 5676 3206 5732 magnum
3235 5675 3345 5732 est,
3377 5667 3469 5722 sed
3499 5683 3597 5724 nos
3621 5670 3688 5725 ad

2108 5749 2422 5804 capiendum
2446 5751 2590 5820 parvi
2613 5760 2664 5804 et
2684 5752 2891 5820 angusti
2912 5766 3111 5808 sumus.
3141 5754 3265 5810 Ideo
3291 5758 3442 5812 nobis
3462 5759 3691 5815 dicitur:
