4014 6338
250 322 344 379 50f

252 436 587 499 Dilatantini;
634 453 699 489 ne
738 436 847 489 sitis
878 436 1065 504 jugum
1112 435 1342 486 ducentes
1383 449 1498 484 cunt
1545 429 1830 498 inﬁdelibus

256 528 327 599 (ll
354 526 470 581 Cur.
501 543 553 581 vi
577 569 593 592 ,
627 530 728 592 i5,
758 529 869 597 Η).
903 528 1070 580 Tanto
1100 526 1294 595 quippe
1336 525 1462 579 illud
1501 523 1637 593 quod
1679 523 1831 576 valde

256 632 495 687 magnum
540 628 653 683 est,
700 616 841 686 quod
883 631 979 670 nec
1019 616 1203 670 oculus
1240 616 1403 680 vidit,
1444 616 1565 681 quia
1607 630 1711 666 non
1750 622 1835 667 est

254 707 430 771 color;
466 722 568 761 nec
593 708 742 761 auris
767 705 971 759 audivit
989 747 1002 766 .
1031 707 1152 774 quia
1179 722 1281 759 non
1310 715 1392 759 est
1415 720 1610 768 sonus;
1653 718 1751 758 nec
1778 704 1831 757 in

256 812 343 852 cor
368 796 602 851 hominis
630 796 868 851 ascendit
897 795 953 867 (ι
975 794 1093 849 Cor.
1122 811 1180 859 tt,
1213 796 1268 864 9)
1290 837 1305 859 ,
1333 796 1454 865 quia
1483 810 1577 849 cor
1601 793 1833 848 hominis

256 889 375 943 illuc
404 888 567 942 debet
594 886 917 951 ascendere,
950 902 1221 941 sumemus
1243 887 1522 955 capacius,
1552 893 1750 955 quanto
1779 884 1832 939 id

256 989 310 1035 et
346 979 554 1034 ﬁdelius
599 978 903 1045 credimus,
950 989 1005 1033 et
1044 992 1319 1048 speramus
1348 978 1582 1042 firmius,
1612 986 1665 1032 et
1686 976 1832 1031 desi-

253 1072 497 1127 deramus
524 1071 814 1125 ardentius.

322 1160 549 1217 CAPUT
572 1160 841 1216 lX.—18.
872 1160 928 1215 lii
960 1162 1070 1228 ipsa
1098 1172 1228 1229 ergo
1254 1159 1355 1213 fide
1383 1168 1437 1213 et
1458 1174 1555 1229 spe
1583 1168 1637 1214 et
1659 1159 1836 1213 chari-

258 1260 360 1306 tate
400 1252 714 1306 continuato
745 1252 1011 1306 desiderio
1046 1267 1260 1323 semper
1286 1266 1520 1305 oramus.
1562 1249 1666 1305 Sed
1712 1250 1834 1305 ideo

256 1358 349 1411 per
371 1352 516 1398 certa
544 1342 819 1397 intervalla
844 1343 1097 1398 horarum
1123 1352 1175 1397 et
1203 1352 1496 1412 temporum
1522 1343 1682 1397 etiam
1707 1358 1831 1397 ver-

258 1433 613 1502 biserogamus
644 1434 808 1489 Deum
826 1472 858 1499 ,.
890 1442 945 1488 ut
987 1434 1107 1488 illis
1136 1450 1311 1490 rerum
1350 1434 1514 1504 signis
1551 1451 1648 1488 nos
1691 1435 1834 1503 ipsos

256 1524 663 1591 admoneamus,
694 1534 1055 1595 quantumque
1084 1526 1136 1580 in
1167 1524 1265 1580 hoc
1294 1526 1833 1594 desiderio~profeee-

256 1615 416 1669 rimus
443 1616 598 1670 nobis
628 1616 756 1684 ipsis
785 1617 1177 1671 innotescamus
1196 1657 1210 1678 ,
1240 1626 1294 1671 et
1319 1616 1386 1671 ad
1411 1616 1511 1671 hoc
1533 1615 1831 1686 augendum

255 1720 349 1759 nos
386 1706 533 1774 ipsos
569 1707 746 1762 acrius
787 1709 1113 1763 excitemus-
1145 1708 1364 1777 Dignior
1402 1709 1543 1762 enim
1585 1719 1835 1778 sequetur

256 1796 503 1862 ell‘ectus,
547 1813 705 1866 quem
749 1797 1045 1853 ferventior
1080 1798 1331 1868 praecedit
1365 1798 1603 1853 affectus.
1638 1799 1715 1852 Ac
1742 1812 1835 1866 per

256 1887 354 1943 hoc
393 1897 463 1941 et-
488 1888 627 1957 quod
662 1890 737 1942 ait
764 1890 1084 1958 Apostolus,
1128 1889 1252 1944 Sine
1291 1890 1654 1944 intermissione
1697 1900 1836 1944 orate

253 1978 302 2045 (Ι
332 1978 510 2032 Thess.
538 1996 588 2039 ν,
620 1982 708 2049 l7)
728 2021 755 2045 ,,
771 1981 895 2050 quid
926 1990 1006 2035 est
1033 1980 1173 2034 aliud
1200 1996 1379 2050 quam,
1409 1980 1622 2035 Beatam
1650 1981 1832 2047 vitam,

249 2086 367 2138 qute
394 2072 541 2125 nulla
566 2072 671 2125 nisi
701 2082 898 2126 teterna
936 2081 1050 2136 est,
1080 2072 1149 2126 ab
1176 2088 1241 2127 eo
1269 2072 1501 2142 quicum
1536 2073 1683 2128 solus
1706 2073 1837 2127 dare

251 2171 461 2231 potest,
508 2165 627 2219 sine
655 2164 1046 2219 intermissione
1074 2165 1410 2220 desiderate?
1447 2166 1669 2235 Semper
1707 2180 1847 2235 ergo

253 2254 386 2309 hanc
414 2272 445 2308 a
474 2257 699 2313 Domino
728 2258 835 2311 Deo
862 2257 1254 2323 desideremus,
1283 2266 1338 2313 et
1359 2274 1573 2314 oremus
1598 2274 1830 2328 semper.

249 2356 351 2412 Sed
379 2355 505 2411 ideo
530 2357 598 2411 ab
622 2356 741 2409 aliis
768 2353 915 2409 curis
935 2361 1097 2424 atque
1128 2352 1383 2422 negotiis,
1428 2352 1617 2421 quibus
1661 2352 1833 2421 ipsum

249 2447 571 2502 desiderium
619 2444 1017 2516 quodammodo
1054 2443 1316 2511 tepescit,
1364 2444 1525 2497 certis
1572 2444 1717 2496 horis
1765 2442 1833 2496 ad

250 2540 521 2611 negotium
545 2539 731 2593 orandi
760 2548 991 2593 mentem
1018 2550 1353 2599 revocamus,
1381 2536 1555 2589 verbis
1580 2536 1847 2590 orationis

249 2648 343 2685 nos
369 2632 521 2700 ipsos
547 2629 895 2683 admonentes
922 2630 971 2682 in
1000 2627 1051 2682 id
1075 2627 1217 2697 quod
1246 2616 1630 2689 insidet-amns,
1664 2625 1837 2680 inten-

248 2720 371 2774 dere
390 2761 407 2782 ,
455 2734 525 2774 ne
561 2718 702 2787 quod
732 2727 1000 2787 tepescere
1024 2726 1291 2785 coipcrat,
1320 2717 1535 2769 omnino
1564 2715 1837 2785 frigescat,

252 2814 552 2881 θιιψλιὶιιις
589 2812 985 2880 exstinguatur,
1034 2810 1135 2863 nisi
1175 2808 1414 2863 crebrius
1458 2806 1832 2863 inllammetur.

254 2904 402 2959 Unde
432 2912 488 2957 et
514 2903 644 2956 illud
671 2902 809 2971 quod
844 2901 979 2955 idem
1014 2901 1285 2970 apostolus
1320 2899 1427 2963 ait,
1462 2897 1838 2953 Postulationes

253 3008 430 3050 rastra:
457 2997 771 3049 innotescunt
811 2994 948 3063 apud
985 2993 1149 3046 Deum
1195 2991 1452 3061 (Philipp.
1482 3007 1563 3056 tv,
1593 2991 1684 3061 6),
1729 3006 1836 3045 non

252 3088 326 3159 sic
354 3086 725 3155 accipiendum
756 3095 868 3147 est,
903 3092 1152 3151 tanquam
1194 3082 1301 3136 Deo
1345 3081 1707 3146 innotescunt,
1747 3080 1835 3148 qui

250 3193 339 3232 eas
364 3188 421 3234 et
444 3188 730 3247 antequam
758 3186 937 3230 essent
961 3176 1138 3244 utique
1164 3184 1382 3229 noverat
1402 3214 1417 3236 ,
1450 3174 1544 3228 sed
1574 3173 1726 3227 nobis
1754 3175 1835 3227 in-

255 3278 534 3323 notescant
579 3267 717 3336 apud
766 3268 929 3321 Deum
976 3281 1072 3335 per
1122 3264 1489 3328 tolerantiam,
1543 3279 1648 3317 non
1697 3263 1835 3331 apud

255 3359 499 3414 homines
527 3374 622 3427 per
644 3358 971 3427 jactantiam.
1015 3356 1122 3410 Aut
1161 3356 1290 3409 forte
1316 3356 1475 3409 etiam
1504 3354 1839 3408 innotescant

256 3451 470 3519 Angelis
512 3449 602 3517 qni
636 3447 935 3516 sunt.apud
976 3447 1177 3510 Deum,
1220 3456 1276 3499 ut
1316 3445 1707 3514 quodammodo
1748 3460 1843 3499 eas

258 3543 480 3597 ollerant
509 3541 641 3605 Deo,
669 3550 723 3594 et
747 3539 814 3593 de
839 3540 921 3593 his
943 3538 1251 3602 consulant,
1282 3546 1336 3591 ct
1362 3536 1501 3605 quod
1532 3552 1597 3589 eo
1621 3536 1839 3604 jnbente

257 3632 581 3703 implendum
613 3645 732 3687 esse
769 3629 1147 3699 cognoverint,
1178 3629 1314 3683 sicut
1351 3638 1597 3696 oportere
1636 3628 1705 3681 ibi
1743 3642 1838 3681 co-

258 3722 538 3793 gnoverint
556 3763 569 3785 ,
595 3722 698 3776 hoc
724 3722 874 3774 nobis
896 3722 976 3775 vel
998 3719 1271 3773 evidenter
1294 3721 1376 3775 vel
1398 3720 1621 3773 latenter
1645 3734 1838 3788 appor-

259 3825 363 3869 tent
393 3833 406 3867 :
439 3814 578 3869 dixit
622 3814 765 3868 enim
811 3814 1032 3879 angelus
1078 3811 1310 3865 homini:
1354 3810 1417 3863 Et
1465 3826 1603 3864 nunc
1638 3810 1840 3880 quando

259 3905 435 3960 arabas
465 3916 521 3957 tu
548 3913 595 3957 et
622 3903 778 3967 Sara,
811 3919 901 3972 ego
929 3902 1086 3956 obtm’i
1113 3904 1387 3956 orationem
1412 3912 1624 3956 vestram
1647 3903 1701 3956 in
1723 3919 1851 3956 con-

258 3994 705 4064 spectuvrlaritatis
738 3993 827 4046 Dei
859 3992 1008 4064 (’I'ob.
1038 4008 1134 4053 xit,
1166 3992 1273 4062 l2).

328 4089 558 4144 CAPUT
586 4086 655 4141 Χ,
672 4118 744 4127 --
762 4087 845 4141 l9.
876 4086 1003 4153 Quae
1022 4102 1142 4139 cum
1174 4086 1242 4138 ita
1273 4086 1398 4149 sint,
1426 4085 1586 4139 etiam
1611 4101 1732 4140 cum
1752 4086 1847 4140 diu

262 4194 413 4233 orare
447 4186 624 4241 vacat,
645 4177 696 4230 id
713 4185 795 4230 est
819 4190 936 4229 cum
954 4175 1060 4228 alia
1084 4176 1337 4228 bonarum
1358 4184 1409 4229 et
1426 4176 1843 4231 necessariarum

264 4272 532 4325 actionum
576 4284 681 4321 non
712 4266 1069 4336 impediuntur
1087 4266 1282 4332 officia,
1310 4267 1553 4335 quamvis
1572 4279 1625 4321 et
1652 4267 1703 4322 in
1728 4269 1841 4333 eis,

268 4373 321 4414 ut
339 4363 468 4422 dixi,
487 4360 757 4415 desiderio
783 4360 873 4413 illo
892 4374 1105 4427 semper
1123 4358 1380 4413 orandum
1405 4360 1491 4422 sit,
1521 4374 1625 4413 non
1650 4369 1731 4414 est
1747 4360 1848 4413 im-

268 4453 490 4519 probum
521 4465 620 4505 nec
648 4450 855 4503 inutile.
889 4448 1069 4518 Neque
1090 4450 1252 4509 enim.
1287 4460 1342 4502 ut
1370 4450 1606 4503 nonnulli
1638 4458 1842 4519 putant,

264 4542 367 4597 hoc
394 4551 483 4596 est
497 4556 654 4595 orare
690 4541 742 4593 in
776 4540 1132 4607 multiloquio,
1168 4542 1212 4594 si
1234 4541 1429 4595 diutius
1456 4551 1656 4595 oretur.
1689 4543 1848 4597 Aliud

263 4643 348 4687 est
367 4648 551 4687 sermo
580 4632 798 4692 multus,
819 4631 958 4683 aliud
981 4632 1261 4685 diuturnus
1282 4631 1520 4685 allectus.
1543 4632 1673 4686 Nam
1702 4643 1756 4686 et
1780 4633 1847 4687 de

266 4725 380 4791 ipso
436 4722 683 4776 Domino-
716 4722 969 4789 scriptum
1022 4732 1104 4775 est
1155 4722 1295 4792 quod
1351 4724 1741 4791 pernoctaverit
1792 4723 1847 4777 in

268 4814 470 4867 orando
502 4811 653 4882 (Luc.
687 4828 761 4872 γι,
797 4812 911 4880 1:2),
938 4821 989 4865 et
1014 4812 1154 4880 quod
1193 4813 1446 4880 prolixius
1472 4816 1703 4869 oraverit
1735 4813 1845 4883 (Id.

269 4920 406 4970 uti,
434 4905 528 4974 45)
551 4922 565 4955 :
586 4903 674 4957 ubi
702 4903 825 4971 quid
849 4902 988 4956 aliud
1018 4919 1174 4971 quam
1207 4904 1357 4957 nobis
1385 4904 1652 4973 praebebat
1670 4921 1851 4960 citem-

272 4995 435 5061 plum,
461 4994 515 5047 in
544 5003 784 5062 tempore
811 5001 1052 5061 precator
1067 5003 1415 5062 opportunus,
1446 5010 1565 5049 cum
1594 4995 1749 5051 Patre
1767 5011 1850 5050 ex-

270 5086 480 5140 auditor
494 5084 760 5141 aeternus?

339 5175 429 5229 20.
465 5175 725 5229 Dicuntur
746 5176 934 5229 fratres
954 5176 1005 5229 in
1031 5174 1263 5245 Egypto
1289 5176 1504 5231 crebras
1521 5178 1730 5247 quidem
1754 5179 1849 5231 lia-

274 5264 400 5320 bere
427 5267 727 5332 orationes,
754 5267 846 5320 sed
876 5282 966 5321 eas
988 5276 1161 5320 tamen
1198 5268 1555 5333 brevissimas,
1581 5278 1636 5323 et
1662 5271 1849 5338 raptim

271 5357 668 5425 quodammodo
693 5358 971 5425 jaculatas,
1008 5375 1074 5411 ne
1102 5359 1186 5411 illa
1212 5360 1489 5429 vigilanter
1506 5368 1705 5423 erecta,
1734 5376 1853 5430 qua:

273 5451 441 5504 oranti
472 5450 758 5517 plurimum
790 5450 1085 5505 necessaria
1116 5459 1219 5518 est,
1245 5467 1338 5519 per
1360 5451 1720 5520 productiores
1736 5468 1852 5507 mo-

275 5554 362 5592 ras
392 5547 682 5595 evanescat
720 5548 879 5607 atque
907 5538 1183 5594 hebetetur
1220 5540 1459 5594 intentio.
1505 5542 1584 5595 Ac
1622 5559 1714 5610 per
1753 5543 1855 5597 hoc

276 5631 431 5687 etiam
459 5632 559 5700 ipsi
576 5631 1027 5695 satisostcmlunt,
1049 5631 1183 5686 lianc
1201 5633 1566 5694 intentionem,
1592 5635 1723 5687 sicut
1748 5651 1851 5689 non

272 5731 357 5774 est
391 5720 756 5786 obtundentia,
796 5722 837 5775 si
882 5723 1171 5792 perdurare
1197 5738 1302 5778 non
1336 5731 1533 5791 potest.
1559 5725 1627 5777 ita
1659 5727 1701 5780 si
1728 5744 1846 5781 tier-

1417 314 1892 372 EPIS'I'UIARIIM
1929 315 2199 370 CLASSIS
2237 315 2319 369 Ill.

3412 326 3521 381 502

1936 427 2221 489 duraverit.
2252 442 2355 482 non
2385 430 2493 484 cito
2525 446 2642 485 esse
2682 434 3054 502 rumpendam.
3097 437 3247 492 Absit
3277 440 3418 493 enim
3448 445 3523 497 ab

1934 531 2173 575 oratmne
2198 522 2358 575 multa
2388 523 2601 586 locutio,
2629 525 2722 579 sed
2757 541 2858 580 non
2890 525 3026 579 desit
3065 528 3225 581 multa
3255 532 3520 597 precatio,

1935 617 1979 665 si
2012 612 2218 667 fervens
2249 625 2554 682 perseverat
2575 616 2812 669 intentio.
2849 616 2978 670 Nam
3011 618 3230 671 multum
3253 619 3519 689 loqui,est

1938 702 1989 755 in
2028 705 2231 758 orando
2257 720 2369 759 rem
2412 706 2766 762 necessariam
2810 709 3092 776 superﬂuis
3121 724 3277 779 agere
3319 712 3508 766 verbis.

1935 792 2155 848 Multum
2194 805 2375 849 autem.
2410 799 2635 864 precari,
2675 797 2848 852 estad
2874 815 2996 852 eutn
3030 814 3187 869 quem
3218 816 3515 869 precamur,

1935 884 2182 939 diuturna
2215 895 2269 941 et
2306 887 2391 955 pia
2432 887 2609 941 contis
2637 888 2955 951 excitatione
2984 891 3214 959 pulsare.
3240 890 3373 946 Nam
3404 893 3519 960 ple-

1937 993 2162 1048 rumque
2194 978 2295 1033 hoc
2320 980 2587 1049 negotium
2618 982 2734 1049 plus
2751 981 3033 1049 gemitibus
3062 997 3220 1051 quam
3255 982 3521 1038 sermoni-

1940 1071 2047 1123 bus
2061 1070 2255 1139 agitur,
2285 1070 2403 1138 plus
2429 1069 2554 1125 ﬂetu
2580 1088 2735 1140 quam
2758 1072 2936 1127 aifatu.
2966 1072 3119 1128 Ponit
3150 1076 3521 1145 autemlacry—

1939 1175 2053 1215 mas
2084 1169 2295 1215 nostras
2322 1162 2372 1214 in
2400 1170 2685 1230 conspectu
2715 1178 2830 1226 suo,
2860 1173 2915 1219 et
2949 1165 3179 1234 gemitus
3206 1175 3517 1221 nosternon

1935 1258 2020 1306 est
2046 1251 2387 1305 absconditus
2415 1250 2483 1304 ab
2518 1266 2587 1305 eo
2617 1253 2704 1323 qui
2747 1252 2923 1307 omnia
2954 1268 3059 1324 per,
3076 1254 3309 1311 Verbum
3330 1257 3489 1313 condi
3508 1289 3520 1299 -

1937 1340 2036 1406 dit,
2067 1352 2120 1396 et
2148 1341 2378 1395 humana
2405 1342 2565 1397 verba
2591 1357 2696 1396 non
2718 1344 2928 1411 qumrit.

2009 1432 2236 1487 CAPUT
2265 1430 2522 1487 XL—Ql.
2542 1432 2705 1487 Nobis
2720 1448 2851 1504 ergo
2873 1433 3032 1488 verba
3051 1438 3347 1492 necessaria
3369 1448 3519 1499 sunt,

1937 1524 2128 1592 quibus
2163 1538 2599 1578 commoneamnr
2635 1531 2686 1578 et
2729 1524 3070 1593 inSpiciamus
3094 1526 3218 1597 quid
3256 1536 3517 1596 petamus,

1938 1628 2043 1667 non
2074 1614 2264 1683 quibus
2299 1614 2583 1668 Dominum
2611 1629 2704 1669 seu
2733 1613 3032 1669 docendum
3076 1630 3169 1670 seu
3197 1616 3520 1671 ﬂectendum

1938 1720 2056 1760 esse
2093 1705 2396 1759 credamus.
2433 1704 2563 1760 Cum
2602 1720 2730 1775 ergo
2760 1705 3007 1773 dicimus,
3037 1704 3394 1776 Sanctiﬁcemr
3419 1725 3516 1761 n0-

1938 1813 2052 1851 men
2073 1806 2233 1861 tuum,
2257 1812 2353 1852 nos
2382 1797 2525 1865 ipsos
2549 1797 2897 1855 admonemus
2922 1796 3226 1854 desiderare
3246 1808 3511 1852 utnomen

1938 1890 2055 1956 ejus
2080 1888 2239 1959 quod
2260 1898 2741 1958 semper-sanctum
2781 1896 2883 1951 est,
2913 1888 3073 1942 etiam
3099 1887 3240 1957 apud
3273 1888 3517 1942 homines

1938 1991 2181 2036 sanctum
2211 1980 2489 2047 habeatur,
2536 1981 2637 2036 hoc
2676 1988 2760 2035 est
2797 1995 2901 2045 non
2932 1990 3336 2047 contemnatur;
3381 1980 3521 2050 quod

1940 2089 2045 2127 non
2079 2074 2207 2138 Deo,
2237 2072 2330 2128 sed
2361 2072 2667 2127 hominibus
2698 2072 2932 2142 prodest.
2972 2073 3039 2126 Et
3068 2072 3118 2126 iu
3138 2088 3203 2127 eo
3219 2072 3361 2142 quod
3385 2073 3520 2127 diei-

1939 2178 2079 2225 mus,
2108 2163 2354 2217 Adveniat
2392 2180 2602 2234 regnum
2644 2174 2803 2226 tuum,
2832 2163 2973 2232 quod
3011 2177 3107 2218 seu
3142 2164 3385 2227 velimus,
3428 2179 3522 2217 seu

1940 2254 2188 2321 nolimus,
2222 2254 2404 2324 utique
2433 2254 2631 2317 veniet,
2663 2253 2984 2307 desiderium
3030 2262 3271 2307 nostrum
3296 2252 3362 2306 ad
3384 2252 3515 2306 illud

1938 2360 2158 2415 regnum
2188 2344 2503 2411 excitamus,
2537 2353 2596 2399 ut
2630 2345 2783 2399 nobis
2824 2345 3020 2410 veniat,
3052 2352 3210 2412 atque
3246 2358 3343 2397 nos
3374 2342 3428 2397 in
3457 2359 3525 2398 co

1939 2452 2165 2507 regnare
2207 2452 2531 2492 mereamur.
2573 2435 2708 2492 Cum
2745 2436 3000 2501 dicimus,
3038 2434 3155 2487 Fiat
3179 2435 3410 2488 voluntas
3436 2444 3523 2487 tua

1938 2528 2067 2584 sicut
2090 2528 2143 2582 in
2168 2529 2293 2581 calo
2319 2537 2365 2582 et
2389 2528 2443 2580 in
2467 2538 2622 2593 terra,
2651 2528 2805 2582 uobis
2833 2528 2900 2581 ab
2926 2528 3019 2582 illo
3051 2541 3332 2596 precamur
3358 2525 3524 2595 ipsam

1939 2617 2322 2685 obedientiam,
2343 2627 2399 2671 ut
2422 2618 2500 2673 sic
2525 2632 2554 2670 a
2595 2617 2748 2671 nobis
2779 2618 2869 2671 ﬁat
2890 2617 3136 2671 voluntas
3162 2616 3300 2686 ejus,
3331 2631 3522 2686 quem-

1940 2709 2226 2764 admodum
2259 2711 2316 2762 lit
2354 2710 2404 2762 in
2432 2708 2743 2764 caelestibus
2766 2708 2834 2762 ab
2862 2708 3075 2777 Angelis
3105 2709 3240 2777 ejus.
3273 2708 3403 2761 Cum
3433 2709 3518 2763 di—

1939 2800 2131 2864 cimus,
2159 2798 2354 2854 Panem
2374 2811 2603 2854 nostrum
2617 2799 2965 2870 quatidianum
2986 2799 3051 2851 da
3068 2800 3208 2853 nobis
3229 2800 3411 2863 hodie;
3432 2815 3526 2868 per

1942 2893 1994 2947 id
2033 2892 2172 2962 quod
2204 2892 2399 2947 dicitur
2435 2892 2606 2957 hodie,
2637 2890 2965 2963 significatur
3001 2891 3101 2945 hoc
3132 2901 3390 2961 tempore,
3433 2893 3522 2946 tibi

1943 2984 2030 3039 vel
2056 2984 2195 3037 illam
2221 2982 2588 3038 sufficientiam
2621 2982 2868 3051 petimus,
2896 2998 2923 3033 a
2957 2990 3103 3050 parte
3136 2998 3256 3050 qua:
3283 2981 3517 3042 excellit,

1942 3075 1992 3129 id
2036 3082 2119 3128 est
2146 3073 2360 3128 nomine
2394 3074 2545 3141 panis
2585 3082 2750 3126 totam
2795 3072 3185 3140 signiﬁcantes;
3220 3072 3303 3124 vel
3333 3071 3525 3126 Sacra-

1942 3173 2178 3218 mentum
2218 3164 2447 3218 lidelium
2468 3204 2483 3229 ,
2515 3163 2657 3231 quod
2688 3165 2746 3216 in
2769 3162 2871 3217 hoc
2900 3172 3138 3232 tempore
3164 3163 3525 3221 necessarium

1942 3268 2042 3323 est,
2067 3273 2169 3310 non
2194 3267 2367 3310 tzunen
2393 3255 2460 3309 ad
2489 3255 2647 3323 hujus
2674 3255 2947 3324 temporis,
2978 3252 3072 3308 sed
3102 3254 3167 3307 ad
3201 3254 3341 3307 illam
3365 3263 3523 3307 arter-

1944 3365 2065 3403 nam
2093 3347 2397 3402 felicitatem
2424 3345 2832 3415 assequendam.
2869 3344 3001 3398 Cum
3032 3344 3288 3409 dicimus,
3319 3342 3527 3397 Dimitte

1944 3441 2084 3495 nobis
2110 3440 2278 3494 debita
2306 3450 2499 3503 nostra,
2529 3439 2658 3492 sicut
2675 3454 2765 3491 nos
2785 3437 3082 3490 dimittimus
3107 3435 3409 3489 debitoribus
3435 3452 3527 3488 no-

1943 3534 2082 3599 stris,
2098 3546 2195 3586 nos
2206 3530 2555 3585 admonemus
2565 3539 2617 3583 et
2633 3528 2755 3598 quid
2773 3536 3033 3597 petamus,
3048 3538 3101 3581 ct
3114 3527 3239 3597 quid
3254 3528 3525 3593 faciamus,

1946 3635 2005 3679 ut
2022 3624 2266 3694 accipere
2291 3638 2608 3678 mereamur.
2628 3620 2758 3675 Cum
2784 3621 3028 3683 dicimus,
3056 3618 3139 3673 Ne
3159 3636 3249 3672 nos
3268 3620 3454 3691 inferas
3475 3620 3526 3671 in

1946 3716 2388 3778 tentationemmos
2404 3713 2751 3767 admonemus
2768 3712 2869 3765 hoc
2882 3720 3084 3779 petere,
3106 3726 3169 3764 ne
3190 3710 3388 3764 deserti
3410 3711 3526 3778 ejus

1946 3809 2212 3878 adjutorio
2244 3806 2399 3862 alicui
2429 3805 2707 3861 tentationi
2734 3804 2818 3858 vel
2851 3805 3248 3858 consentiamus
3282 3803 3490 3872 decepti
3511 3844 3526 3865 ,

1948 3900 2030 3953 vel
2051 3899 2305 3954 cedamus
2344 3896 2546 3951 afﬂicti.
2574 3897 2705 3949 Cum
2731 3895 2978 3960 dicimus,
3000 3894 3180 3948 Libera
3212 3910 3303 3948 nos
3339 3912 3371 3948 a
3395 3896 3533 3951 malo

1948 3988 2158 4059 (Matth.
2176 4005 2245 4053 vi,
2265 3986 2431 4057 945),
2451 4002 2547 4041 nos
2559 3987 2907 4040 admonemus
2918 3986 3168 4054 cogitare,
3185 3984 3416 4039 nondum
3434 4001 3533 4039 nos

1947 4095 2069 4136 esse
2094 4079 2147 4133 iu
2176 4094 2242 4135 eo
2280 4080 2420 4133 bono
2448 4077 2535 4131 ubi
2562 4076 2763 4130 nullum
2793 4075 3051 4144 patiemur
3070 4073 3291 4127 malum.
3332 4074 3401 4129 Et
3431 4076 3532 4129 hoc

1948 4171 2163 4243 quidem
2193 4171 2435 4225 ultimum
2464 4167 2605 4237 quod
2647 4167 2701 4220 in
2727 4164 2988 4218 dominica
3014 4163 3257 4218 oratione
3297 4165 3529 4235 positum

1950 4272 2049 4326 est,
2083 4272 2190 4318 tam
2226 4263 2332 4315 late
2360 4268 2524 4328 patet,
2556 4267 2614 4312 ut
2642 4257 2802 4311 homo
2838 4253 3162 4309 Christianus
3202 4255 3255 4309 in
3295 4256 3533 4325 qualibet

1954 4353 2289 4411 tribulatione
2308 4350 2624 4405 constitutus
2648 4347 2699 4400 in
2725 4346 2824 4399 hoc
2842 4345 3067 4414 gemitus
3086 4343 3229 4410 edat,
3257 4344 3308 4399 in
3337 4345 3438 4400 hoc
3459 4346 3532 4399 la-

1949 4459 2159 4516 crymas
2186 4442 2389 4505 fundat,
2412 4440 2536 4494 hinc
2551 4438 2878 4502 exordiatur,
2903 4437 2954 4490 in
2986 4435 3085 4490 hoc
3110 4435 3441 4503 immoretur,
3464 4441 3530 4491 ad

1954 4538 2057 4591 hoc
2101 4536 2349 4590 terminet
2400 4532 2719 4587 orationem.
2754 4530 2844 4583 His
2875 4528 3016 4584 enim
3056 4530 3233 4583 verbis
3266 4545 3353 4585 res
3390 4530 3534 4601 ipsas

1955 4627 2225 4683 memoriae
2255 4635 2449 4679 nostra:
2475 4621 2834 4676 commendari
2852 4622 3147 4689 oportebat.

2023 4724 2249 4781 CAPU'I‘
2280 4724 2390 4777 XII.
2412 4752 2485 4762 —
2503 4722 2593 4775 22.
2620 4721 2751 4776 Nam
2777 4720 3030 4789 quaelibet
3060 4717 3163 4771 alia
3194 4715 3353 4771 verba
3398 4713 3534 4768 diea-

1955 4835 2095 4882 mus,
2122 4834 2241 4888 quac
2278 4818 2499 4871 allectus
2534 4815 2737 4870 orantis
2764 4816 2845 4869 vel
2875 4811 3221 4883 praecedendo
3264 4809 3455 4863 format
3477 4816 3536 4861 ut

1954 4912 2173 4973 clareat,
2216 4910 2297 4964 vel
2343 4907 2718 4975 consequendo
2760 4905 2984 4960 attendit
3027 4911 3085 4957 ut
3125 4910 3361 4965 crescat;
3402 4899 3536 4953 nihil

1955 5004 2098 5059 aliud
2125 5004 2353 5057 dicimus
2391 5016 2548 5070 quam
2579 4999 2720 5069 quod
2757 4998 2811 5052 in
2854 4998 2951 5052 ista
3001 4994 3265 5051 dominica
3295 4991 3535 5044 oratione

1956 5096 2185 5165 positum
2210 5103 2310 5157 est,
2339 5092 2386 5146 si
2413 5100 2558 5145 recte
2580 5098 2634 5144 et
2654 5096 3005 5158 congruenter
3031 5099 3264 5139 oramus.
3286 5081 3533 5148 Quisquis

1956 5196 2132 5240 autem
2152 5184 2203 5237 id
2222 5184 2351 5237 dicit
2366 5181 2508 5252 quod
2524 5181 2590 5235 ad
2626 5181 2778 5234 istam
2799 5178 3155 5247 evangelicum
3177 5188 3386 5242 precem
3416 5188 3531 5241 per-

1958 5279 2130 5332 tinere
2158 5290 2263 5328 non
2290 5274 2477 5343 possit,
2500 5272 2705 5325 etiamsi
2735 5287 2838 5323 non
2871 5268 3051 5322 illicite
3085 5272 3221 5329 orat,
3252 5263 3535 5317 carnaliter

1926 5354 1927 5357 i
1957 5376 2107 5422 orat:
2134 5364 2276 5435 quod
2304 5363 2484 5417 nescio
2504 5359 2944 5431 quemadmodum
2971 5373 3076 5410 non
3105 5355 3313 5409 dicatur
3333 5354 3531 5417 illicite,

1958 5453 2383 5525 quandoquidem
2401 5451 2588 5520 spiritu
2611 5459 2821 5504 renatos
2842 5447 3050 5501 nonnisi
3075 5444 3417 5514 spiritualiter
3442 5444 3535 5497 de-

1958 5555 2045 5601 cet
2068 5560 2241 5598 orare.
2270 5544 2367 5610 Qui
2399 5543 2540 5596 enim
2583 5540 2728 5602 dicit,
2762 5538 2909 5598 verbi
2941 5536 3126 5606 gratia,
3156 5534 3449 5603 Clari/icare
3480 5535 3534 5588 in

1959 5636 2188 5689 omnibus
2212 5634 2605 5704 gentibus,,sicut
2627 5631 2930 5697 clariﬁcnlus
2955 5644 3005 5681 cs
3028 5628 3079 5679 in
3109 5626 3249 5678 nobis
3270 5635 3377 5689 :ct,
3406 5623 3535 5677 Pro-

1962 5729 2122 5797 pheta:
2173 5728 2245 5779 tui
2284 5724 2798 5795 ﬁtlez’csinvcniantur
2845 5722 3027 5791 (Et-cli.
3078 5735 3271 5785 xxxvi,
3306 5719 3366 5785 4,
3406 5718 3531 5788 18);
