4122 6350
485 309 589 366 503

484 423 608 493 quid
638 421 783 477 aliud
807 421 936 478 dicit
968 437 1146 493 quam,
1171 422 1524 490 Sancti/iretur
1555 435 1736 474 nomen
1761 420 1940 474 tuum?
1962 419 2064 486 Qui

480 513 628 575 dicit,
684 513 822 568 Deus
863 515 1120 578 uirtutum,
1160 523 1387 568 converte
1425 529 1536 577 nos,
1576 522 1623 565 et
1654 511 1857 565 ostende
1882 512 2066 583 faciem

483 615 641 670 tuam,
659 614 707 659 et
724 604 853 659 salvi
874 606 1063 661 erimus
1087 605 1257 676 (Psal.
1293 622 1476 669 mox,
1499 606 1557 675 4)
1582 621 1596 671 ;
1628 605 1753 675 quid
1773 605 1914 660 aliud
1933 605 2067 660 dicit

479 713 658 766 quam,
699 697 877 753 Veniat
901 715 1111 771 regnum
1139 700 1317 754 tuum?
1341 699 1440 767 Qui
1461 698 1608 762 dicit,
1636 696 1829 752 Itinera
1852 715 1963 754 mea
1977 699 2063 752 di-

476 789 586 860 rige
603 789 878 844 secundum
897 790 1098 846 verbum
1118 789 1278 855 tuum,
1310 801 1358 845 et
1377 807 1441 845 ne
1467 791 1752 846 dominetur
1777 791 1876 845 mei
1899 792 2063 846 omnis

476 877 715 952 iniquitas
733 882 753 951 (
765 879 906 936 Psal.
923 883 1273 952 cxvnt,153);
1291 882 1415 953 qttid
1436 882 1576 938 aliud
1599 884 1727 939 dicit
1741 897 1922 954 quam,
1944 883 2065 938 Fiat

476 969 709 1024 voluntas
730 980 815 1024 tua
830 971 960 1026 sicut
979 972 1034 1025 in
1049 972 1175 1026 caelo
1193 980 1240 1026 et
1254 973 1307 1026 in
1334 983 1468 1028 terra
1484 973 1622 1040 iQui
1649 973 1800 1040 dicit,
1830 971 2061 1044 Pauper-

476 1072 626 1118 tatem
659 1072 705 1118 et
730 1064 929 1118 diuitias
957 1081 1021 1120 ne
1051 1065 1249 1121 dederis
1275 1066 1402 1120 mihi
1427 1066 1611 1138 (Prov.
1641 1083 1780 1132 xxx,
1813 1066 1904 1140 8);
1934 1067 2060 1137 quid

474 1155 615 1210 aliud
641 1155 769 1210 dicit
795 1171 974 1224 quam,
1022 1155 1216 1211 Panem
1245 1168 1472 1213 nostrum
1500 1159 1848 1227 quotidianum
1871 1157 1940 1210 da
1962 1174 2058 1212 no-

474 1246 550 1300 bis
579 1247 766 1303 hodie?
788 1249 888 1316 Qui
915 1249 1064 1316 dicit,
1094 1250 1367 1316 Memento,
1393 1251 1628 1315 Domine,
1661 1251 1848 1314 David,
1877 1259 1922 1305 et
1951 1268 2060 1305 om-

472 1339 552 1391 nis
579 1340 979 1396 mansuetudinis
1007 1343 1116 1411 ejus
1139 1341 1311 1409 (Psal.
1347 1358 1536 1404 CXXXI,
1570 1343 1622 1410 1)
1652 1351 1795 1406 :aut,
1820 1341 2060 1407 Domine,

469 1431 518 1484 si
544 1432 640 1503 feci
675 1433 840 1500 istud,
887 1435 933 1488 si
960 1443 1032 1488 est
1066 1434 1306 1505 iniquitas
1339 1435 1392 1488 in
1424 1435 1652 1488 manibus
1681 1436 1833 1500 meis,
1874 1436 1918 1488 si
1941 1435 2053 1489 red-

469 1524 580 1577 didi
596 1525 977 1580 retribuentibus
1002 1527 1126 1580 mihi
1154 1529 1289 1580 mala
1311 1526 1485 1595 (Psol.
1519 1543 1610 1590 vn,
1644 1527 1734 1592 4);
1763 1526 1889 1596 quid
1913 1526 2058 1580 aliud

469 1616 598 1671 dicit
622 1634 804 1687 quam,
840 1618 1044 1673 Dimitte
1063 1618 1204 1674 nobis
1234 1621 1400 1673 debito
1423 1629 1612 1685 nostra,
1643 1621 1777 1674 sicut
1800 1629 1844 1673 et
1866 1636 1957 1673 nos
1976 1618 2057 1671 di-L

467 1709 712 1762 mittimus
739 1708 1044 1764 debitoribus
1075 1711 1298 1764 nostris?
1321 1710 1420 1776 Qui
1439 1709 1587 1774 dicit,
1610 1711 1767 1779 Aufer
1792 1725 1920 1762 ante
1937 1725 2056 1761 con-

465 1799 802 1868 eupisceutias
846 1801 1048 1864 ventris,
1092 1810 1138 1854 ct
1181 1801 1487 1854 desiderium
1533 1801 1822 1854 concubitus
1861 1815 1924 1853 ne
1955 1808 2054 1869 ap-~

465 1889 742 1958 prehendat
766 1908 846 1944 me
872 1890 1059 1959 (Eccli.
1093 1907 1242 1954 xxm,
1273 1892 1362 1959 6);
1391 1891 1514 1958 quid
1543 1891 1682 1944 aliud
1705 1890 1832 1944 dicit
1870 1905 2050 1960 quam.

467 1980 554 2034 Ne
589 1999 681 2036 nos
711 1983 902 2052 inferas
930 1985 981 2036 in
1007 1984 1372 2037 tentationem?
1405 1982 1504 2050 Qui
1537 1982 1686 2046 dicit,
1724 1980 1858 2034 Erue
1884 1997 1962 2034 me
1990 1981 2054 2033 ab

464 2073 680 2128 inimicis
706 2073 846 2138 meis,
878 2072 1033 2139 Deus,
1063 2084 1110 2128 et
1134 2075 1196 2127 ob
1220 2065 1766 2143 iusurgentibtts'super
1791 2088 1870 2126 me
1895 2071 2054 2125 libera

463 2163 731 2234 me(Psal.
761 2165 1014 2235 Lvut,2);
1046 2165 1170 2235 quid
1201 2164 1342 2218 aliud
1378 2165 1504 2220 dicit
1526 2180 1682 2234 quam
1703 2207 1717 2229 ,
1752 2164 1935 2218 Libera
1961 2180 2055 2218 nos

462 2274 493 2306 ιι
519 2255 691 2310 male!
715 2255 784 2310 Et
811 2257 855 2310 si
888 2271 983 2325 per
1013 2257 1191 2310 omnia
1223 2256 1585 2324 precationttm
1609 2267 1912 2312 sanctarum
1939 2273 2052 2310 ver-

461 2345 526 2400 ba
554 2344 842 2412 discurras,
871 2355 1126 2424 quantum
1154 2345 1424 2412 existimo,
1469 2346 1602 2400 nihil
1637 2346 1878 2401 invenies
1905 2345 2048 2416 quod

461 2437 516 2492 in
549 2437 649 2492 ista
692 2436 956 2490 dominica
989 2451 1092 2490 non
1119 2437 1452 2491 contineatur
1478 2446 1533 2492 et
1563 2437 1910 2491 concludatur
1929 2451 2051 2490 ora-

459 2529 626 2583 tione.
647 2527 799 2583 Unde
824 2527 1049 2582 liberum
1073 2537 1156 2582 cst
1176 2528 1294 2582 aliis
1317 2536 1478 2598 atque
1505 2527 1623 2582 aliis
1643 2527 1837 2587 verbis.
1861 2527 2048 2582 eadem

460 2631 636 2676 tamen
664 2622 715 2675 in
743 2620 945 2676 orando
970 2619 1186 2687 dicere;
1218 2620 1313 2676 sed
1345 2635 1450 2676 non
1477 2620 1636 2677 debet
1663 2636 1784 2677 esse
1819 2619 2046 2676 liberum

459 2711 558 2766 alia
587 2711 789 2766 dicere.
2047 2719 2050 2722 ‘

528 2802 620 2857 25.
650 2803 774 2857 llzrc
799 2811 852 2858 et
872 2818 968 2873 pro
992 2802 1168 2870 nobis,
1187 2811 1241 2858 et
1263 2818 1360 2874 pro
1386 2805 1602 2869 nostris,
1634 2812 1689 2860 et
1708 2819 1804 2875 pro
1831 2805 2042 2870 alienis,

457 2902 616 2962 atque
643 2909 738 2963 pro
761 2893 890 2962 ipsis
906 2894 1134 2949 ini-micis
1154 2894 1270 2950 sine
1292 2893 1453 2950 ﬂuctu
1476 2893 1822 2950 dubitationis
1846 2896 2044 2950 oranda

458 2991 582 3038 sunt
610 2999 624 3037 :
657 2984 900 3054 quamvis
936 2985 1073 3039 alius
1099 3000 1195 3053 pro
1223 2985 1341 3049 isto,
1376 2987 1516 3041 alius
1545 3002 1644 3055 pro
1681 2987 1793 3053 illo,
1821 2989 1959 3043 sicut
1987 3003 2045 3044 se

458 3074 661 3131 habent
688 3076 1109 3146 propinquitates
1143 3077 1224 3130 vel
1253 3076 1668 3146 longinquitates
1695 3078 2048 3132 necessitudi-

455 3183 604 3234 nttm,
643 3168 695 3222 in
738 3168 898 3223 corde
939 3169 1140 3222 orantis
1179 3170 1381 3223 oriatur
1421 3178 1512 3223 aut
1551 3171 1774 3225 excellat
1800 3169 2042 3226 affectus.

453 3260 554 3327 Qui
601 3271 781 3316 autent
830 3261 957 3316 dicit
1000 3263 1051 3316 in
1071 3263 1333 3327 oratione,
1371 3262 1518 3316 verbi
1557 3263 1749 3331 gratia,
1794 3263 2038 3329 Domine,

456 3352 748 3422 multiplica
774 3351 982 3406 divitias
1008 3367 1154 3406 meas
1178 3369 1193 3416 ;
1220 3360 1329 3412 aut.
1357 3352 1428 3405 Da
1463 3351 1591 3406 mihi
1619 3360 1790 3406 tantas
1815 3360 2043 3423 quantas

453 3443 526 3496 illi
549 3444 632 3498 vel
661 3442 733 3497 ilii
765 3441 997 3507 dedisti;
1027 3451 1136 3506 aut,
1178 3442 1420 3496 Honores
1457 3457 1606 3496 meos
1640 3457 1794 3512 auge,
1843 3440 1924 3497 lac
1954 3457 2042 3497 me

453 3537 504 3588 in
537 3534 640 3589 hoc
673 3535 869 3588 saeculo
910 3543 1289 3603 pratpotcntem
1325 3542 1483 3602 atque
1515 3533 1829 3597 clarcntem,
1872 3534 1955 3587 vel
1995 3533 2042 3588 si

452 3625 576 3696 quid
601 3624 901 3694 hujusmodi
931 3631 1047 3685 est;
1076 3633 1129 3678 et
1155 3623 1273 3677 haec
1301 3623 1449 3689 dicit,
1478 3638 1662 3677 eorum
1689 3623 1889 3678 habens
1910 3637 2040 3678 con-

450 3715 854 3786 cupiscentiam,
885 3729 992 3769 non
1026 3714 1078 3769 id
1103 3713 1404 3778 attendens,
1442 3723 1500 3768 ut
1535 3730 1598 3769 ex
1641 3713 1724 3768 Itis
1744 3715 2039 3770 secundum

452 3807 620 3862 Deum
660 3806 832 3876 prosit
877 3805 1178 3859 hominibus
1212 3822 1225 3857 :
1255 3814 1381 3874 puto
1411 3819 1532 3860 eum
1575 3819 1679 3860 non
1709 3805 1946 3860 invenire
1986 3806 2040 3860 in

451 3900 696 3954 oratione
747 3896 1017 3952 dominica
1061 3911 1166 3967 quo
1219 3898 1386 3966 possit
1427 3899 1540 3952 luce
1588 3906 1707 3952 vota
1763 3907 2036 3966 cooptare.

448 3987 803 4057 Quamobrem
829 3987 1026 4058 pudeat
1051 3988 1250 4042 saltem
1274 3997 1454 4057 petere
1487 4003 1605 4058 qua:
1631 4003 1736 4042 non
1766 3987 1928 4058 pudet
1947 4003 2041 4042 cu-

447 4095 603 4149 pere;
630 4089 720 4133 aut
745 4080 788 4134 si
819 4088 873 4134 et
899 4079 999 4133 hoc
1022 4079 1204 4149 pudet,
1233 4079 1326 4134 sed
1343 4080 1604 4148 cupiditas
1621 4081 1803 4143 vincit,
1833 4089 2037 4150 quanto

447 4172 640 4227 melius
669 4171 770 4227 hoc
793 4171 1006 4241 petitur,
1049 4180 1103 4224 ut
1128 4172 1285 4226 etiam
1324 4171 1392 4225 ab
1422 4173 1524 4225 isto
1553 4171 1857 4242 cupiditatis
1896 4172 2036 4225 malo

445 4263 653 4325 liberet.
684 4263 767 4318 cui
796 4263 1042 4327 dicimus,
1073 4263 1250 4318 Libera
1280 4281 1371 4318 nos
1401 4281 1432 4317 a
1456 4264 1630 4319 malo!

520 4354 746 4411 CAPUT
777 4355 911 4409 .\'lll.
935 4387 1006 4395 —
1029 4354 1119 4409 9.4.
1156 4355 1347 4418 llabes,
1374 4363 1626 4425 quantum
1654 4355 1903 4422 arbitror,
1927 4371 2032 4409 non

445 4449 617 4502 solum
646 4447 819 4517 qualis
850 4463 992 4514 ores,
1031 4462 1214 4501 verum
1258 4448 1416 4501 etiam
1467 4447 1592 4517 quid
1630 4462 1785 4512 ores;
1813 4462 1916 4500 non
1948 4463 2034 4501 me

447 4541 694 4606 docente,
722 4541 814 4595 sed
847 4530 934 4594 illo
959 4541 1046 4610 qtti
1079 4555 1268 4594 omnes
1308 4555 1406 4594 nos
1433 4540 1626 4595 docere
1653 4539 1898 4608 dignatus
1926 4549 2028 4594 est.

450 4635 608 4686 licata
639 4632 744 4685 vita
765 4631 1049 4702 qtucrenda
1077 4642 1180 4698 est,
1215 4631 1327 4685 hmc
1354 4647 1383 4684 a
1412 4631 1636 4685 Domino
1664 4631 1776 4685 Deo
1807 4631 2030 4700 petenda

443 4733 544 4778 est.
573 4723 708 4791 Quid
735 4723 804 4777 sit
822 4723 1030 4776 beatum
1059 4737 1196 4786 esse,
1221 4737 1252 4776 a
1277 4721 1457 4776 multis
1498 4721 1663 4776 multa
1691 4731 1816 4776 sunt
1843 4721 2023 4791 dispu-

446 4826 580 4878 tata;
619 4815 711 4869 sed
743 4830 841 4870 nos
879 4814 946 4870 ad
993 4814 1190 4870 multos
1228 4824 1283 4870 et
1326 4814 1393 4869 ad
1425 4815 1587 4869 multa
1618 4815 1803 4884 utquid
1853 4815 2031 4869 imus?

444 4907 685 4964 Breviter
721 4907 773 4963 itt
819 4906 1091 4977 Scriptura
1124 4907 1215 4961 Dei
1255 4906 1620 4976 veraciterqne
1660 4905 1858 4960 dictum
1903 4916 2030 4962 est:

443 4997 629 5052 Beatus
659 4997 878 5068 populus
902 4999 1049 5069 cujus
1085 5005 1158 5051 est
1204 4995 1456 5052 Dominus
1497 4995 1634 5051 Deus
1668 4997 1830 5067 ipsius
1854 4995 2028 5064 (Psat.

441 5103 622 5155 cxutt,
663 5089 774 5161 {5).
816 5088 874 5144 ltt
905 5088 1022 5160 ipso
1050 5089 1247 5159 populo
1274 5096 1333 5143 ut
1367 5089 1556 5158 simus,
1601 5097 1762 5160 atque
1797 5087 1864 5142 ad
1904 5102 2026 5143 eum

441 5180 912 5253 contemplandum
939 5191 1127 5237 etcum
1157 5197 1223 5237 eo
1243 5182 1360 5236 sine
1391 5182 1495 5237 line
1524 5181 1808 5236 vivendum
1841 5195 2030 5250 perve-

441 5274 556 5328 nire
573 5274 856 5343 possimus,
877 5274 993 5343 finis
1012 5274 1251 5344 pracepti
1278 5282 1350 5328 est
1375 5274 1594 5328 charitas
1613 5274 1678 5327 de
1700 5273 1852 5327 corde
1875 5287 2024 5342 puro,

441 5373 488 5417 et
513 5363 821 5418 conscientia
848 5363 1000 5430 bona,
1040 5373 1086 5418 et
1115 5364 1352 5432 ﬁde‘non
1381 5363 1501 5432 ﬁcta
1535 5361 1578 5435 (l
1621 5361 1750 5416 Tini.
1785 5377 1826 5427 ι,
1856 5359 1936 5433 5).
1970 5359 2026 5415 In

445 5455 641 5510 eisdem
673 5455 862 5524 tribus,
883 5470 981 5527 pro
1013 5455 1340 5510 conscientia
1382 5454 1520 5508 bona
1543 5467 1668 5522 spes
1711 5453 1880 5521 posita
1920 5459 2024 5505 est.

440 5547 600 5603 Fides
644 5561 772 5618 ergo
809 5555 864 5602 et
891 5561 1014 5619 spes
1042 5555 1097 5600 et
1133 5545 1369 5601 citat-itas
1412 5545 1478 5599 ad
1525 5545 1690 5599 Deum
1729 5543 2026 5616 perducunt

439 5647 704 5700 orantem.
732 5637 834 5693 hoc
863 5648 945 5693 est
981 5635 1308 5700 credentem,
1352 5642 1678 5704 sperantem,
1717 5631 2027 5688 desideran-

441 5739 568 5798 tem,
604 5737 660 5786 et
708 5741 826 5801 quat
863 5737 1006 5800 petat
1045 5742 1074 5782 a
1115 5723 1342 5782 Domino
1383 5725 1437 5782 in
1477 5724 1742 5781 dominica
1785 5723 2026 5780 oratione

1679 304 1736 360 S.
1777 302 2145 362 AUGUSTlNl
2185 303 2484 360 El‘lSCOl‘l

3647 317 3756 376 ειη

2177 419 2623 474 considerantem.
2670 420 2875 491 Jejunia
2902 431 2954 478 et
2989 423 3060 480 ab
3095 423 3215 480 aliis
3239 425 3595 497 voluptatibus
3636 431 3757 488 sine

2178 508 2362 564 salutis
2404 509 2647 580 neglectu
2682 513 2910 566 carnalis
2941 515 3386 583 concupiscentiat
3425 518 3752 590 refrenatio,

2170 600 2407 656 maxime
2421 617 2524 672 que
2540 601 2897 674 eleemosyutc
2917 605 3138 658 multum
3161 606 3412 676 adjuvant
3429 612 3769 680 orationem,.

2170 701 2227 748 ut
2255 694 2518 762 possimus
2539 695 2752 751 dicere:
2777 695 2843 750 In
2871 697 2954 750 die
2972 697 3306 754 tribulationis
3331 717 3456 755 mete
3482 700 3645 758 Deum
3665 721 3756 760 ea:-

2167 784 2364 854 quisivi,
2395 787 2629 841 manibus
2653 787 2794 848 meis,
2821 796 2965 842 nocte
2995 804 3167 842 coram
3194 806 3295 854 eo;
3327 801 3374 844 et
3399 809 3500 846 non
3528 810 3643 849 sum
3665 797 3757 850 de-

2167 886 2340 945 ceptus
2355 874 2526 946 (Psul.
2555 893 2624 931 ιι
2635 893 2742 940 tm,
2771 878 2847 948 '5).
2865 878 3144 945 Quomodo
3162 881 3304 935 enim
3325 881 3467 939 Deus
3493 884 3752 955 incorpo-

2166 966 2297 1021 ralis
2315 977 2372 1022 et
2397 967 2751 1038 impalpabilis
2768 971 3013 1026 manibus
3035 971 3349 1042 exquiritur,
3370 975 3470 1030 nisi
3494 976 3752 1046 operibus

2167 1057 2518 1127 exquiratur?

2236 1147 2460 1204 CAPUT
2482 1147 2792 1206 XlV.-—25.
2813 1151 3000 1207 Adhuc
3015 1163 3098 1207 est
3117 1155 3338 1210 fortasse
3354 1155 3495 1226 quod
3512 1172 3746 1227 quaeras,

2164 1255 2260 1294 cur
2287 1240 2573 1310 Apostolus
2595 1242 2810 1324 dixerit,
2842 1243 2980 1309 Quid
3006 1247 3141 1300 enim
3159 1264 3358 1302 oremus
3377 1250 3506 1303 sicut
3529 1261 3746 1322 oportet,

2164 1330 2411 1386 nescitttus
2441 1331 2619 1401 (Rom.
2639 1350 2752 1397 vut,
2783 1334 2874 1405 26)
2902 1355 2914 1389 :
2947 1351 3120 1406 neque
3141 1339 3284 1392 enim
3316 1341 3426 1394 ullo
3451 1342 3610 1398 modo
3627 1358 3751 1399 cre-

2162 1422 2394 1477 dendum
2421 1434 2503 1479 est
2528 1427 2609 1480 vel
2639 1427 2831 1495 ipsum,
2860 1429 2943 1483 vel
2979 1430 3172 1498 quibus
3201 1431 3300 1486 ista
3317 1431 3548 1500 dicebat,
3568 1435 3743 1490 domi-

2163 1517 2333 1570 nicum
2356 1518 2590 1572 nescisse
2606 1519 2926 1574 orationem.
2957 1520 3065 1576 Cur
3079 1537 3208 1592 ergo
3231 1533 3476 1593 putamus
3497 1525 3598 1581 hoc
3619 1542 3749 1582 eum

2161 1606 2360 1660 dixisse
2397 1607 2539 1676 quod
2579 1623 2677 1663 nec
2724 1618 2927 1665 temere
2957 1613 3126 1680 potuit
3166 1629 3267 1668 nee
3302 1615 3630 1672 mendaciter
3657 1616 3748 1671 di-

2159 1711 2301 1763 cere,
2339 1698 2438 1752 uisi
2475 1699 2595 1769 quia
2632 1701 2890 1756 molestiae
2920 1703 3390 1774 tribulatiouesque
3419 1707 3745 1776 temporales

2162 1788 2475 1858 plerumque
2501 1801 2744 1858 prosunt,
2795 1793 2879 1847 vel
2915 1793 2984 1847 ad
3028 1795 3322 1849 sanandum
3361 1805 3621 1852 tumorem
3647 1813 3746 1853 su-

2160 1878 2373 1946 perbize,
2395 1880 2475 1935 vel
2509 1881 2575 1934 ad
2616 1882 2940 1952 probandam
2964 1885 3382 1941 exercendamve
3410 1887 3742 1956 patientiam,

2158 1970 2244 2023 cui
2273 1970 2512 2039 probatae
2538 1981 2592 2025 ct
2619 1974 2923 2028 exercitata:
2957 1976 3152 2030 clarior
3178 1992 3384 2032 merces
3425 1979 3745 2049 uberiorque

2157 2070 2424 2128 servatur,
2463 2063 2544 2117 vel
2575 2065 2638 2118 ad
2669 2081 3016 2137 quteeumque
3052 2068 3359 2138 ﬂagellauda
3385 2077 3443 2125 et
3481 2071 3745 2127 abolenda

2158 2164 2409 2222 peccata;
2439 2163 2617 2210 tamen
2651 2173 2752 2211 nos
2791 2159 3090 2213 nescientes
3114 2161 3238 2229 quid
3267 2161 3365 2215 ista
3406 2163 3628 2231 prosint,
3673 2163 3745 2218 ab

2156 2245 2304 2300 omni
2329 2247 2672 2303 tribulatione
2700 2258 2948 2318 optamus
2977 2250 3230 2305 liberari?
3251 2251 3333 2306 Ab
3360 2251 3461 2306 hac
3488 2253 3742 2321 ignoran-

2157 2338 2225 2392 tia
2249 2353 2347 2394 nee
2365 2339 2597 2408 seipsum
2625 2341 2914 2410 Apostolus
2937 2341 3173 2398 ostendit
3196 2344 3450 2408 alienum,
3478 2345 3578 2400 nisi
3603 2344 3745 2398 forte

2154 2428 2278 2497 quid
2310 2439 2510 2496 oraret,
2531 2431 2670 2484 sicut
2701 2441 2934 2499 oportet.
2956 2433 3180 2498 sciebat,
3205 2435 3420 2503 quando
3447 2435 3500 2489 iu
3528 2434 3740 2490 revela-

2157 2519 2358 2574 tionutn
2383 2521 2744 2588 magnitudine
2786 2538 2850 2576 ne
2870 2523 3216 2579 extolleretur
3239 2523 3393 2580 datus
3421 2533 3506 2581 est
3535 2524 3608 2580 illi
3637 2526 3742 2580 sti-

2155 2613 2330 2666 mulus
2353 2615 2551 2678 carnis,
2579 2605 2800 2684 auans
2826 2625 3044 2681 saltante,
3077 2617 3166 2686 qui
3193 2633 3318 2673 eum
3345 2618 3740 2687 colapltizaret;

2153 2715 2370 2774 propter
2389 2705 2527 2774 quod
2552 2716 2630 2760 ter
2657 2707 2934 2762 Dominum
2955 2709 3160 2777 rogavit
3190 2717 3248 2762 ut
3274 2725 3392 2762 cunt
3415 2709 3647 2765 auferret
3669 2711 3742 2766 ab

2152 2811 2236 2860 eo,
2261 2797 2465 2866 utique,
2495 2796 2876 2866 sicutoportet,
2911 2799 3155 2854 nesciens
3181 2799 3307 2868 quid
3331 2810 3530 2855 oraret.
3573 2801 3738 2856 Deni-

2152 2904 2255 2958 que
2283 2889 2376 2944 Dei
2407 2905 2722 2959 responsum
2748 2907 2846 2946 cur
2869 2907 2976 2946 non
3000 2891 3150 2948 ﬁeret
3172 2893 3312 2964 quod
3337 2895 3419 2948 vir
3435 2903 3608 2949 tantus
3622 2911 3739 2950 ora-

2151 2980 2261 3045 bat,
2287 2991 2339 3036 ct
2367 2997 2530 3050 quire
2558 2982 2670 3036 fieri
2695 2998 2799 3036 non
2823 2983 3116 3051 expediret,
3147 2985 3347 3040 audivit
3375 3004 3388 3039 :
3423 2987 3623 3058 Suﬂieit
3645 2988 3738 3042 tibi

2150 3073 2313 3142 gratia
2342 3088 2484 3137 mea;
2512 3089 2630 3126 nam
2656 3073 2811 3127 virtus
2838 3073 2890 3127 in
2918 3075 3212 3143 inﬁrmitate
3232 3077 3581 3149 per/Scituri“
3611 3076 3736 3134 Cor.

2152 3182 2246 3230 xu,
2269 3164 2410 3235 7-9).

2217 3259 2308 3314 26.
2348 3258 2404 3313 In
2434 3259 2519 3314 his
2541 3273 2671 3330 ergo
2696 3259 3126 3316 tribulationibus
3143 3277 3260 3331 qum
3282 3271 3506 3331 possunt
3528 3271 3582 3318 et
3611 3277 3730 3332 pro-

2149 3351 2306 3407 desse
2324 3360 2378 3406 et
2395 3366 2607 3417 nocere,
2625 3352 2749 3422 quid
2767 3366 3004 3419 oremus,
3025 3354 3162 3410 sicut
3178 3364 3408 3420 oportet,
3430 3355 3732 3411 nescimus:

2147 3452 2202 3498 et
2224 3451 2403 3498 tamen
2428 3444 2549 3513 quia
2573 3444 2725 3510 dura,
2749 3445 2869 3512 quia
2894 3445 3145 3510 molesta,
3162 3446 3282 3512 quia
3306 3457 3488 3501 contra
3512 3461 3734 3502 sensum

2148 3544 2348 3589 nostrae
2374 3535 2695 3588 inﬁrmitatis
2719 3543 2861 3598 sunt,
2887 3536 3169 3590 universali
3191 3535 3420 3590 humana
3439 3537 3731 3604 voluntate,

2149 3633 2256 3678 uta
2281 3625 2435 3680 nobis
2459 3624 2572 3678 lure
2592 3625 2933 3690 auferantur,
2964 3641 3199 3680 oramus.
3231 3627 3334 3682 Sed
3368 3628 3469 3683 hoc
3499 3627 3735 3682 devotio-

2149 3717 2229 3770 nis
2254 3716 2510 3772 debemus
2532 3716 2755 3771 Domino
2777 3717 2888 3772 Deo
2910 3728 3114 3782 nostro,
3146 3728 3202 3772 ttt
3226 3719 3269 3772 si
3301 3735 3365 3772 ea
3386 3734 3490 3773 non
3507 3719 3735 3774 abstule-

2148 3807 2236 3871 rit,
2270 3821 2374 3860 non
2405 3807 2524 3861 ideo
2555 3808 2742 3862 nos'ab
2767 3823 2832 3862 eo
2857 3810 3046 3878 negligi
3074 3809 3472 3875 existimemus,
3505 3811 3601 3864 sed
3633 3825 3734 3878 po<

2147 3898 2250 3950 tius
2271 3897 2354 3966 pia
2375 3898 2624 3966 patientia
2653 3899 2934 3964 malorum,
2970 3899 3115 3953 bona-
3130 3915 3406 3969 speremus
3434 3901 3690 3970 ampliora
3714 3919 3730 3954 :

2144 3989 2222 4043 sic
2257 3989 2397 4044 enim
2440 3990 2608 4045 virtus
2652 3991 2706 4044 in
2749 3991 3054 4046 inﬁrmitate
3108 3991 3400 4060 perficitur.
3451 3991 3734 4047 Nonnullis

2144 4082 2338 4150 quippe
2380 4081 2779 4150 impatientibus
2821 4082 3072 4135 Dominus
3109 4081 3250 4136 Deus
3298 4081 3438 4150 quod
3482 4082 3734 4151 petebant

2143 4170 2410 4226 concessit
2437 4172 2622 4238 iratus,
2645 4173 2780 4226 sicut
2816 4181 3001 4227 contra
3027 4172 3282 4237 Apostolo
3307 4173 3519 4242 negavit
3546 4172 3730 4242 propis

2146 4265 2270 4318 tius.
2299 4263 2430 4318 Nam
2454 4263 2678 4333 legimus
2705 4262 2958 4318 Israelita:
2982 4262 3106 4333 quid
3133 4274 3188 4316 et
3211 4263 3480 4332 quomodo
3503 4278 3731 4332 rogave-

2145 4355 2249 4407 rint
2269 4361 2324 4408 et
2346 4354 2684 4423 acceperint;
2711 4353 2805 4408 sed
2827 4353 3034 4422 expleta
3063 4353 3517 4422 concupiscentia,
3553 4354 3728 4423 impa-

2143 4446 2324 4500 tientia
2369 4454 2451 4501 est
2499 4446 2731 4515 graviter
2777 4447 3028 4514 castigata
3088 4445 3272 4517 (Num.
3330 4446 3427 4514 XI).
3474 4445 3628 4499 Dedit
3673 4452 3730 4498 et

2143 4553 2322 4607 regem
2350 4537 2653 4606 petentibus
2667 4535 2957 4590 secundum
2977 4549 3072 4589 cor
3086 4550 3296 4600 eorum,
3316 4535 3453 4590 sicut
3469 4535 3726 4604 scriptum

2142 4636 2245 4690 est,
2276 4641 2380 4681 non
2406 4625 2694 4681 secundum
2724 4640 2817 4679 cor
2840 4640 2993 4680 suum
3036 4625 3076 4696 (Ι
3120 4625 3248 4696 Reg.
3282 4641 3397 4691 vut,
3431 4627 3486 4693 5,
3511 4628 3586 4696 Ἰ).
3620 4627 3724 4680 De-

2139 4720 2215 4774 dit
2241 4721 2401 4775 etiam
2428 4718 2570 4789 quod
2598 4717 2841 4773 diabolus
2869 4718 3172 4787 postulavit,
3203 4726 3261 4772 ut
3283 4719 3586 4787 probandus
3608 4719 3727 4787 ejus

2141 4813 2366 4867 famulus
2401 4818 2695 4866 tentaretur
2743 4809 2885 4881 (Job.
2936 4825 2985 4873 ι,
3039 4810 3135 4875 12,
3163 4819 3211 4863 ει
3243 4825 3312 4872 ιι,
3336 4810 3412 4880 6).
3442 4810 3728 4866 Exaudivit

2138 4913 2386 4974 rogantes
2411 4914 2465 4958 et
2489 4901 2790 4956 immundos
2810 4902 3049 4971 spiritus,
3067 4911 3123 4957 ut
3150 4902 3204 4956 in
3230 4901 3425 4956 multos
3443 4917 3566 4958 sues
3589 4902 3726 4972 legio

2136 4995 2440 5050 daemonum
2484 4994 2786 5048 mitteretur
2832 4993 2982 5065 (Luc.
3050 5009 3177 5060 vut,
3213 4993 3322 5064 32).
3363 4994 3488 5049 llaec
3525 4997 3724 5064 scripta

2139 5092 2294 5150 sunt,
2353 5099 2422 5138 ne
2466 5083 2600 5138 forte
2646 5097 2705 5136 se
2746 5083 2970 5153 quisque
3018 5082 3414 5153 maguipeudat,
3467 5083 3513 5138 si
3565 5083 3728 5138 fuerit

2136 5172 2416 5228 exauditus
2438 5215 2460 5244 ,ἱ
2482 5187 2604 5228 eum
2629 5171 2825 5243 aliquid
2861 5174 3198 5243 impatienter
3225 5174 3390 5244 petit,
3427 5173 3570 5242 quod
3616 5188 3723 5228 non

2137 5266 2424 5334 impetrare
2459 5264 2578 5334 plus
2615 5265 2809 5334 prosit;
2852 5273 2942 5319 aut
2975 5275 3035 5320 se
3077 5264 3326 5334 abjiciat,
3366 5274 3422 5319 et
3449 5264 3518 5319 de
3544 5262 3725 5318 divina

2135 5370 2260 5424 erga
2289 5368 2348 5408 se
2374 5355 2716 5412 miseratione
2737 5354 3004 5426 desperet,
3029 5355 3073 5409 si
3103 5368 3207 5410 non
3237 5353 3570 5421 exaudiatur,
3597 5369 3722 5410 cum
3803 5349 3809 5357 ’

2136 5448 2272 5502 forte
2297 5445 2496 5516 aliquid
2521 5447 2651 5516 petit
2669 5488 2686 5513 ,
2711 5461 2820 5517 quo
2839 5445 3149 5516 accipiendo
3175 5443 3440 5516 umigatur
3465 5447 3723 5514 atrocius,

2134 5538 2218 5615 vel
2247 5553 2280 5592 a
2305 5539 2659 5609 prosperitate
2687 5547 2971 5608 corruptus
2997 5538 3214 5607 penitus
3237 5545 3521 5594 evertatur.
3557 5538 3613 5593 lu
3642 5547 3724 5593 ta-

2136 5631 2276 5686 libus
2296 5646 2424 5701 ergo
2451 5631 2579 5701 quid
2600 5645 2835 5689 oremus,
2864 5631 2998 5686 sicut
3025 5639 3255 5698 oportet,
3287 5630 3581 5687 nescimus.
3610 5629 3724 5704 lin-
3769 5673 3771 5676 .

2133 5720 2275 5777 dest
2303 5720 2498 5792 aliquid
2523 5732 2708 5776 (mura
2733 5736 2890 5792 quam
2918 5734 3143 5776 oramus
3157 5718 3426 5791 acciderit,
3453 5720 3723 5793 patienter
