4122 6350
337 332 440 385 505

336 444 574 512 ferendo,
612 456 667 501 et
704 446 755 499 in
785 443 1032 499 omnibus
1081 443 1279 514 gratias
1320 440 1546 511 agendo,
1595 441 1695 493 hoc
1744 438 1917 506 potius

334 540 631 612 oportuisse
674 538 817 610 quod
843 539 972 604 Dei,
1005 553 1110 593 non
1145 536 1286 607 quod
1321 543 1500 589 nostra
1540 534 1784 587 voluntas
1823 531 1919 584 ha-

332 634 479 698 buit,
505 632 726 687 minime
764 632 1004 685 dubitare
1044 630 1321 685 debemus.
1340 628 1472 682 Nam
1515 636 1570 681 et
1614 624 1917 693 hujusmodi

331 725 635 793 exemplum
662 722 889 793 pnnbuit
917 721 1071 776 nobis
1102 721 1192 775 ille
1231 719 1511 785 mediator,
1551 718 1640 787 qui
1680 731 1801 771 cum
1834 715 1917 769 di-

330 814 513 878 xisset,
551 812 727 878 Pater,
769 814 815 867 si
850 813 962 882 ﬁeri
992 822 1185 883 potest,
1213 818 1434 865 transeat
1465 827 1498 863 a
1534 826 1614 863 me
1639 808 1775 861 calix
1802 808 1912 871 iste,

331 904 619 958 humanam
654 905 707 959 in
752 919 813 958 se
846 903 1173 958 voluntatem
1209 918 1275 957 ex
1310 901 1540 956 hominis
1579 901 1916 969 susceptione

331 993 720 1049 transformans
744 1035 760 1058 ,
802 994 1054 1048 continuo
1092 991 1361 1061 subjecit:
1401 989 1587 1045 Verum
1629 1006 1731 1043 non
1780 989 1917 1057 quod

326 1101 420 1152 ego
444 1086 578 1148 uolo,
606 1084 696 1137 sed
713 1084 847 1154 quod
886 1068 1071 1147 tuuis,
1114 1080 1274 1135 Pater
1325 1078 1536 1151 (Matth.
1597 1095 1752 1146 xxvr,
1797 1080 1912 1150 39).

330 1175 483 1231 Unde
519 1194 624 1230 non
648 1176 912 1231 immerito
939 1192 1034 1245 per
1057 1176 1212 1230 unius
1238 1174 1594 1230 obedientiam
1625 1174 1753 1244 justi
1785 1188 1915 1229 con-

325 1268 621 1322 stituuntur
650 1268 801 1321 multi
849 1268 1024 1335 (Rom.
1053 1267 1239 1338 v,19).

397 1358 486 1413 27.
517 1359 768 1430 Quisquis
794 1367 969 1414 autem
1006 1359 1147 1413 illam
1188 1373 1345 1413 unam
1379 1359 1508 1429 petit
1534 1372 1564 1412 a
1588 1357 1833 1423 Domino,
1860 1365 1917 1411 et

324 1450 464 1506 hanc
480 1452 702 1521 requirit
752 1450 920 1521 (Psnl.
948 1468 1090 1517 xxvi,
1141 1450 1221 1521 4),
1250 1460 1428 1505 certus
1460 1465 1524 1505 ac
1555 1464 1773 1505 securus
1817 1464 1914 1519 pe-

324 1543 409 1603 tit,
437 1557 535 1596 nec
567 1542 717 1596 timet
751 1557 817 1596 ne
845 1541 978 1595 forte
1003 1541 1144 1595 obsit
1180 1555 1301 1595 cum
1328 1540 1632 1609 acceperit,
1667 1539 1782 1593 sine
1808 1554 1913 1607 qua

321 1631 457 1685 nihil
494 1631 711 1701 prodest
744 1631 997 1701 quidquid
1045 1631 1190 1685 aliud
1232 1629 1454 1696 orando,
1502 1630 1641 1684 sicut
1682 1637 1912 1698 oportet,

320 1722 609 1790 acceperit.
644 1721 760 1790 Ipsa
799 1731 879 1775 est
904 1722 1046 1775 enim
1083 1736 1185 1774 una
1210 1736 1334 1776 vera
1360 1731 1415 1774 et
1437 1719 1548 1773 sola
1575 1720 1727 1775 beata
1758 1719 1863 1773 vita
1894 1760 1911 1785 ,

321 1822 382 1866 ut
408 1813 834 1881 contemplemur
860 1812 1067 1865 Domini
1100 1811 1503 1867 delectationem
1534 1810 1586 1864 in
1631 1819 1912 1876 aeternum,

321 1906 654 1960 immortales
693 1914 852 1975 atque
882 1903 1309 1974 incorruptibiles
1349 1917 1573 1971 corpore
1609 1910 1664 1956 et
1699 1902 1911 1973 spiritu.

322 1997 548 2067 Propter
573 1998 708 2052 hanc
732 2012 890 2051 unam
931 2006 1123 2050 cmlera
1150 1995 1491 2065 requiruntur
1509 2035 1524 2059 ,
1553 2003 1607 2048 et
1633 2008 1737 2048 non
1767 1993 1917 2048 iude-

324 2097 517 2144 center
545 2097 813 2158 petuntur.
848 2088 1007 2142 istam
1038 2086 1277 2157 quisquis
1299 2085 1560 2153 habuerit,
1588 2086 1765 2139 omnia
1793 2100 1913 2154 qua:

320 2180 439 2234 vult
468 2179 700 2247 habebit,
724 2195 823 2233 nec
848 2178 1043 2247 aliquid
1071 2177 1142 2232 ibi
1169 2178 1304 2232 velle
1331 2177 1528 2232 habere
1558 2176 1752 2245 poterit
1770 2176 1910 2246 quod

318 2288 426 2325 non
455 2271 683 2326 decebit.
713 2272 783 2325 lbi
829 2272 1026 2341 quippe
1068 2279 1149 2324 est
1192 2269 1310 2324 fons
1350 2270 1490 2334 vitae,
1540 2284 1697 2340 quem
1750 2270 1908 2324 sitire

321 2378 467 2416 nunc
505 2370 716 2431 oportet
744 2363 798 2417 in
828 2363 1087 2427 oratione,
1116 2362 1367 2430 quamdiu
1387 2363 1437 2416 in
1464 2378 1559 2431 Spe
1586 2362 1829 2427 vivimus,
1856 2370 1913 2418 et

317 2454 465 2523 quod
493 2468 768 2521 speramus
798 2452 1031 2506 nondum
1058 2453 1325 2518 videmus,
1357 2453 1408 2505 in
1440 2452 1767 2522 protectione
1795 2454 1909 2506 ala-

318 2560 440 2596 rum
468 2543 584 2611 ejus
606 2584 620 2607 ,
659 2553 782 2597 ante
810 2558 966 2612 quem
995 2551 1089 2605 est.
1110 2557 1269 2597 omne
1297 2542 1619 2596 desiderium
1646 2551 1907 2607 nostrum,

317 2634 721 2689 utiuebriemur
738 2635 806 2688 ab
832 2635 1070 2689 ubertate
1094 2634 1286 2688 domus
1313 2634 1449 2703 ejus,
1478 2644 1532 2688 ct
1553 2642 1790 2689 torrente
1816 2650 1909 2688 vo-

316 2725 536 2793 luptatis
574 2725 690 2794 ejus
731 2733 1007 2793 potemur;
1039 2725 1288 2795 quoniam
1336 2725 1475 2794 apud
1517 2741 1639 2779 cum
1668 2734 1749 2780 est
1792 2725 1910 2781 fons

316 2815 442 2868 vita:
473 2855 489 2878 ,
539 2825 591 2869 et
641 2814 692 2867 in
743 2814 943 2868 lumine
989 2814 1104 2883 ejus
1149 2815 1446 2869 videbimus
1500 2816 1679 2869 lumen
1732 2814 1906 2885 (Psal.

318 2921 495 2972 xxxv,
526 2904 703 2973 8-10),
736 2904 947 2974 quando
985 2905 1264 2959 satiabitur
1302 2906 1353 2959 in
1389 2905 1544 2959 bonis
1580 2904 1906 2959 desiderium

315 3007 583 3065 nostrum,
611 3007 667 3052 et
694 2997 823 3051 nihil
843 3000 946 3052 erit
976 2998 1109 3051 ultra
1138 2997 1277 3067 quod
1297 2997 1559 3067 gemendo
1580 3012 1903 3066 quazramus,

315 3090 414 3145 sed
441 3090 581 3160 quod
603 3090 884 3160 gaudendo
911 3098 1206 3143 teneamus.
1243 3088 1616 3143 Verumtamen
1641 3088 1763 3158 quia
1792 3088 1905 3157 ipsa

313 3194 403 3237 est
424 3199 525 3253 pax
547 3199 664 3255 qute
681 3182 1164 3252 praecellitomnem
1188 3181 1535 3243 intellectum,
1558 3179 1718 3233 etiam
1737 3180 1906 3249 ipsam

316 3275 375 3328 in
410 3275 651 3329 oratione
690 3271 977 3343 poscendo,
1024 3272 1151 3342 quid
1203 3286 1439 3334 oremus,
1481 3272 1618 3326 sicut
1664 3281 1905 3341 oportet,

316 3364 606 3419 nescimus.
638 3364 790 3430 Quod
832 3364 972 3417 enim
1011 3364 1163 3419 sicuti
1203 3372 1283 3418 est
1321 3363 1556 3433 cogitare
1581 3378 1686 3416 non
1716 3377 1906 3431 possu-

258 3490 261 3495 -
315 3472 462 3521 mus,
493 3458 670 3526 utique
700 3456 994 3520 nescimus;
1026 3455 1117 3509 sed
1145 3455 1396 3524 quidquid
1437 3454 1686 3523 cogitanti
1714 3468 1906 3507 occur-

315 3548 471 3607 rerit,
507 3547 804 3615 abjicimus,
839 3544 1142 3615 respuimus
1164 3586 1177 3609 ,
1221 3544 1613 3613 improbamus,
1659 3558 1766 3596 non
1806 3544 1907 3597 hoc

315 3654 439 3694 esse
464 3639 605 3709 quod
632 3639 921 3709 quterimus
944 3638 1188 3691 novimus
1217 3676 1231 3701 ,
1254 3636 1495 3707 quamvis
1516 3635 1639 3689 illud
1667 3634 1905 3690 nondum

314 3732 473 3802 quale
502 3731 566 3783 sit
599 3731 921 3784 noverimus.

391 3821 620 3876 CAPUT
658 3820 864 3875 XV.—
903 3819 993 3875 28.
1037 3820 1130 3873 Est
1152 3832 1279 3888 ergo
1300 3818 1351 3872 in
1376 3818 1529 3872 nobis
1554 3817 1818 3887 quaedam,
1847 3825 1906 3872 ut

315 3915 388 3969 ita
417 3914 612 3978 dicam,
642 3913 795 3967 docta
827 3912 1145 3982 ignorantia,
1178 3910 1270 3964 sed
1297 3910 1450 3963 docta
1472 3909 1658 3978 Spiritu
1692 3910 1782 3963 Dei
1812 3909 1904 3978 qui

315 4004 536 4074 adjuvat
566 4002 928 4056 inﬁrmitatem
957 4013 1212 4056 nostram.
1239 3998 1369 4053 Nam
1390 4014 1509 4053 cum
1526 3998 1906 4068 dixissetApoc

314 4098 515 4161 stolus,
545 4095 607 4150 Si
634 4105 801 4148 autem
827 4094 962 4164 quod
990 4110 1089 4147 non
1117 4093 1340 4145 uidemus
1369 4108 1661 4162 speramus,
1691 4109 1779 4161 per
1810 4109 1905 4162 pa-

314 4189 540 4242 tientiam
569 4196 912 4256 exspectamus
943 4201 964 4250 ;
1010 4185 1081 4239 ibi
1129 4182 1354 4253 suhjecit
1385 4199 1398 4235 :
1432 4182 1679 4238 Similiter
1705 4192 1751 4238 et
1780 4183 1906 4253 Spi-

312 4282 442 4334 ritus
471 4281 680 4351 adjuvat
706 4280 1050 4348 inﬁrmitatem
1078 4286 1300 4331 nostram
1331 4290 1350 4330 :
1374 4274 1496 4346 quid
1523 4274 1652 4328 enim
1682 4291 1898 4339 oremus,

313 4374 446 4426 sicut
465 4380 680 4443 Oportet,
708 4372 989 4434 nescimus;
1017 4371 1103 4424 sed
1123 4371 1231 4439 ipse
1255 4368 1479 4437 Spiritus
1499 4367 1781 4435 interpellat
1810 4384 1902 4436 pro

316 4465 460 4518 nobis
504 4462 767 4536 gemitibus
813 4462 1247 4516 iuenarrabilibus.
1304 4460 1401 4524 Qui
1445 4469 1610 4511 autent
1651 4468 1905 4511 scrutatur

314 4557 498 4620 corda,
544 4557 635 4609 scit
662 4557 785 4626 quid
820 4555 1046 4623 Spiritus
1074 4554 1264 4623 sapiat,
1295 4552 1413 4621 quia
1437 4551 1709 4605 secundum
1738 4549 1907 4604 Deum

312 4649 599 4718 interpellat
630 4664 719 4716 pro
754 4647 938 4701 sanctis
988 4646 1167 4717 (Rom.
1215 4659 1308 4698 vm
1328 4684 1344 4710 ,
1373 4642 1591 4714 25-27).
1614 4642 1764 4707 Quod
1795 4657 1909 4696 non

314 4740 398 4793 sic
428 4746 511 4792 est
538 4736 952 4807 intelligendum,
988 4743 1045 4789 ut
1073 4735 1437 4790 existimemus
1466 4741 1706 4788 sanctum
1733 4730 1901 4802 Spiri-

314 4840 428 4885 tum
467 4831 594 4895 Dei,
629 4831 717 4900 qui
757 4830 809 4883 in
849 4829 1109 4883 Trinitate
1149 4826 1594 4883 incommutabilis
1621 4826 1760 4881 Deus
1796 4833 1901 4891 est,

311 4932 509 4978 etcum
533 4922 688 4977 Patre
728 4933 779 4977 et
820 4920 954 4976 Filio
996 4936 1133 4975 unus
1168 4920 1337 4986 Deus,
1382 4928 1629 4989 tanquam
1670 4917 1901 4986 aliquem

312 5015 404 5083 qui
428 5030 532 5069 non
563 5014 634 5068 sit
667 5012 809 5083 quod
840 5013 978 5068 Deus
1016 5022 1118 5077 est,
1158 5012 1495 5081 interpellare
1539 5026 1634 5079 pro
1663 5008 1898 5063 sanctis:

312 5104 513 5158 dictum
533 5105 729 5175 quippe
756 5112 871 5169 est,
902 5100 1200 5172 Interpellat
1218 5119 1310 5173 pro
1339 5102 1559 5166 sanctis,
1591 5100 1714 5171 quia
1738 5099 1904 5153 inter-

314 5194 517 5263 pellare
542 5200 757 5248 sanctos
784 5191 938 5258 facit;
961 5192 1099 5247 sicut
1120 5189 1321 5247 dictum
1342 5202 1444 5259 est,
1473 5191 1651 5247 Tentat
1676 5207 1762 5245 vos
1788 5188 1901 5243 Do-

314 5286 480 5340 minus
501 5284 637 5339 Deus
655 5294 832 5350 vester,
860 5293 913 5338 ut
931 5285 1056 5339 sciat
1080 5284 1123 5337 si
1148 5284 1371 5355 diligatis
1395 5300 1508 5338 eum
1553 5282 1736 5353 (Deut.
1782 5296 1897 5346 xm,

314 5375 371 5442 3)
399 5415 416 5439 ,
448 5375 552 5429 hoc
586 5384 670 5429 est
698 5383 754 5429 ut
786 5374 924 5429 scire
967 5389 1063 5429 vos
1113 5374 1287 5429 faciat.
1340 5374 1683 5443 Interpellare
1725 5372 1902 5442 itaque

314 5472 529 5520 sanctos
550 5463 676 5519 facit
700 5465 982 5534 gemitibus
1020 5464 1487 5531 inenarrabilibus,
1519 5463 1786 5534 inspirans
1822 5463 1902 5518 eis

313 5555 637 5610 desiderium
673 5556 835 5611 etiam
881 5554 1057 5610 adhuc
1102 5556 1381 5626 incognitae
1423 5562 1583 5610 tantze
1626 5555 1703 5610 rei
1740 5569 1902 5624 quam

314 5660 412 5714 per
435 5645 743 5716 patientiam
770 5655 1160 5717 exspectamus.
1177 5646 1611 5714 Quomodoenim
1635 5655 1898 5710 narratur,

316 5740 531 5810 quando
566 5739 900 5797 desideratur
920 5776 940 5807 ,
967 5740 1109 5811 quod
1137 5740 1412 5812 ignoratur
1438 5741 1463 5794 ?
1490 5754 1610 5795 nam
1651 5741 1829 5809 utique
1853 5738 1897 5792 si

1479 316 1956 378 EPISTULARUM
1999 316 2274 371 CL.\SS|S
2328 317 2413 372 ΙΙΙ.

3509 332 3614 387 506

2029 435 2339 491 omnimodo
2366 437 2719 508 ignoraretur,
2748 454 2853 495 non
2881 440 3306 512 desideraretur;
3334 455 3387 502 et
3405 464 3611 516 rursus,

2023 528 2067 583 si
2090 530 2376 597 videretur,
2406 546 2510 587 non
2535 532 2948 603 desideraretur,
2975 550 3074 592 nec
3093 539 3375 608 gemitibus
3399 556 3611 610 quaac-

2024 632 2195 675 retur.
2970 650 2971 653 ‘
3387 681 3411 700 .

2093 711 2341 768 CAPUT.
2382 713 2523 769 XVI.
2545 745 2616 755 —
2635 716 2725 771 29.
2770 717 2894 772 "asc
2929 718 3106 773 omnia
3146 719 3489 776 considerans
3510 762 3526 786 ,
3553 729 3610 779 et

2022 802 2069 859 si
2103 804 2230 874 quid
2271 805 2413 861 aliud
2461 807 2528 863 de
2574 808 2672 864 hac
2711 824 2771 864 re
2808 810 2902 865 tibi
2946 810 3200 865 Dominus
3238 810 3605 877 insinuaverit,

2021 895 2167 965 quod
2191 896 2275 952 vel
2297 896 2426 952 mihi
2452 912 2555 953 non
2585 901 2836 966 occurrit,
2860 899 2943 954 vel
2969 899 3071 954 dici
3096 914 3127 954 a
3151 916 3237 955 me
3258 902 3469 970 longum
3487 900 3605 964 fuit,

2021 998 2270 1044 concerta
2298 989 2349 1043 in
2372 990 2612 1045 oratione
2634 991 2849 1046 vincere
2868 991 2975 1046 hoc
2989 992 3278 1057 saeculum;
3301 1007 3393 1047 ora
3415 992 3466 1046 in
3487 1006 3604 1062 Spe,

2019 1094 2113 1135 ora
2130 1080 2369 1136 ﬁdeliter
2392 1090 2447 1136 et
2468 1091 2727 1148 amanter,
2756 1098 2849 1137 ora
2870 1083 3128 1138 instanter
3146 1093 3303 1155 atque
3320 1084 3603 1153 patienter,

2020 1187 2115 1227 ora
2136 1172 2276 1227 sicut
2303 1172 2458 1225 vidua
2488 1170 2703 1227 Christi.
2733 1172 2982 1240 Quamvis
3002 1175 3143 1229 enim
3160 1175 3226 1228 ad
3246 1174 3420 1228 omnia
3438 1190 3609 1229 mem-

2019 1261 2115 1317 bra
2149 1263 2283 1332 ejus,
2317 1263 2418 1317 hoc
2457 1273 2540 1317 est
2571 1264 2639 1317 ad
2677 1280 2864 1318 omnes
2899 1266 2987 1333 qui
3022 1266 3074 1319 in
3103 1282 3225 1320 eum
3258 1265 3518 1332 credunt,
3549 1275 3605 1320 et

2019 1355 2136 1425 ejus
2176 1356 2385 1425 corpori
2414 1357 2703 1423 sociantur,
2746 1357 3099 1423 sicutdocuit,
3140 1374 3291 1412 orare
3321 1360 3600 1428 pertineat,

2019 1447 2320 1516 specialiter
2347 1458 2522 1502 tamen
2559 1448 2862 1517 diligentior
2896 1465 3023 1503 cura
3048 1450 3344 1504 orationum
3372 1451 3422 1503 in
3460 1450 3605 1506 Scri-

2019 1536 2188 1606 pturis
2217 1536 2336 1605 ejus
2373 1536 2546 1591 viduis
2584 1538 2850 1592 invenitur
2881 1538 3135 1606 iniuncta.
3178 1538 3308 1593 Nam
3338 1539 3455 1593 dua:
3479 1540 3599 1595 fue-

2019 1633 2143 1679 runt
2181 1626 2349 1681 Anna:
2389 1625 2771 1683 honorabiliter
2814 1629 3117 1695 nominatae,
3174 1645 3276 1683 una
3324 1630 3602 1701 conjugata

2014 1731 2137 1784 quae
2166 1725 2405 1770 sanctum
2434 1716 2735 1772 Samuelem
2768 1719 2993 1788 peperit,
3016 1718 3118 1773 alia
3132 1719 3298 1773 ‘vidua
3320 1735 3437 1789 qum
3466 1721 3603 1775 San-

2017 1814 2159 1859 ctum
2171 1816 2501 1874 sanctorum,
2517 1824 2638 1863 cum
2658 1808 2830 1864 adhuc
2850 1808 3021 1864 infans
3038 1819 3200 1875 esset,
3218 1811 3447 1880 agnovit.
3466 1811 3601 1866 Ora-

2016 1898 2170 1954 vitet
2196 1900 2472 1971 eonjugata
2502 1904 2552 1955 in
2586 1902 2770 1957 dolore
2801 1903 2962 1957 animi
2997 1913 3048 1957 et
3073 1902 3358 1959 afﬂictione
3384 1904 3560 1959 cordis
3582 1944 3598 1969 ,

2017 1990 2137 2059 quia
2175 1990 2312 2045 lilios
2356 2008 2462 2046 non
2508 1992 2734 2048 habebat
2766 2012 2781 2049 :
2811 2003 2935 2049 tunc
2963 1994 3132 2064 ipsum
3166 1993 3467 2050 Samuelem
3498 1996 3599 2050 im-

2017 2085 2275 2153 petravit,
2307 2095 2362 2140 et
2386 2095 2659 2156 acceptum
2692 2087 2799 2143 Deo
2821 2087 3070 2151 reddidit,
3096 2088 3216 2157 quia
3260 2104 3378 2142 cum
3416 2103 3602 2156 posce-

2018 2184 2121 2239 ret,
2154 2175 2295 2229 vovit
2337 2175 2389 2245 (l
2429 2176 2558 2247 Reg.
2596 2177 2680 2247 ι).
2713 2176 2817 2232 Sed
2864 2178 3036 2231 oratio
3072 2178 3187 2247 ejus
3222 2180 3489 2248 quomodo
3527 2178 3596 2233 ad

2015 2267 2309 2321 orationem
2342 2268 2481 2321 illam
2510 2268 2829 2324 dominicam
2870 2270 3164 2338 pertineat,
3195 2286 3299 2325 non
3337 2270 3486 2324 facile
3507 2286 3595 2324 re-

2016 2359 2220 2426 peritur
2239 2398 2253 2419 ,
2283 2359 2383 2413 nisi
2412 2359 2533 2428 quia
2564 2360 2617 2414 in
2644 2375 2710 2415 eo
2734 2361 2874 2431 quod
2908 2361 2977 2415 ibi
3011 2362 3238 2430 positum
3268 2370 3384 2424 est,
3415 2360 3596 2415 Libera

2015 2468 2107 2505 nos
2131 2468 2163 2504 a
2191 2453 2346 2517 malo,
2376 2468 2481 2506 non
2508 2467 2728 2521 parvum
2756 2454 2950 2508 malum
2976 2454 3273 2515 videbatur.
3296 2463 3349 2509 et
3376 2462 3594 2523 nuptam

2014 2557 2151 2605 esse,
2189 2552 2243 2597 et
2270 2542 2444 2597 fructu
2472 2559 2657 2599 carere
2685 2546 3012 2615 nuptiarum,
3052 2561 3174 2600 cum
3224 2546 3337 2599 sola
3378 2554 3598 2600 excuset

2014 2634 2225 2702 nuptias
2266 2634 2713 2702 procreandorum
2753 2651 2913 2690 causa
2948 2636 3199 2692 ﬁliorum.
3237 2637 3312 2690 De
3348 2638 3435 2691 illa
3466 2652 3596 2691 vero

2014 2723 2165 2776 Anna
2190 2723 2346 2776 vidua
2372 2724 2489 2779 vide
2510 2724 2633 2794 quid
2654 2726 2907 2795 scriptum
2935 2726 3003 2779 sit
3030 2742 3043 2778 :
3076 2725 3208 2791 Quia
3236 2742 3337 2780 non
3366 2726 3594 2781 discede-

2015 2812 2096 2865 bat
2122 2813 2185 2865 dc
2215 2812 2420 2881 templo,
2442 2815 2659 2884 jejuniis
2682 2826 2727 2870 et
2744 2815 3165 2870 obsecrationibus
3196 2818 3413 2871 serviens
3450 2827 3594 2871 nocte

2012 2918 2073 2956 ac
2098 2903 2179 2956 die
2205 2903 2356 2976 (Luc.
2379 2920 2436 2967 ll,
2468 2906 2557 2969 '56,
2577 2907 2687 2976 57).
2714 2905 2821 2960 Nec
2834 2906 3047 2961 aliunde
3064 2907 3366 2975 Apostolus,
3384 2907 3524 2977 quod
3538 2912 3596 2962 et

2012 3008 2170 3061 supra
2186 2996 2597 3049 commemoravi
2622 3014 2635 3049 :
2659 2995 2787 3061 Qua:
2804 3007 2971 3049 autem
2988 3013 3097 3049 vero
3116 2996 3265 3049 vidua
3285 3006 3376 3060 est,
3396 2997 3590 3066 inquit,

2013 3094 2056 3137 et
2077 3085 2323 3151 desolata,
2345 3088 2561 3155 speravit
2583 3087 2635 3141 in
2660 3086 2900 3154 Domino,
2922 3098 2968 3142 et
2985 3088 3201 3159 persistit
3222 3089 3274 3141 in
3286 3088 3595 3143 orationibus

2012 3186 2156 3230 nocte
2187 3194 2245 3230 ac
2287 3179 2369 3231 die
2417 3177 2459 3249 (Ι
2488 3178 2618 3232 Tim.
2640 3194 2696 3245 v,
2723 3180 2778 3250 5)
2807 3198 2821 3233 :
2850 3187 2906 3233 et
2934 3180 3182 3233 Dominus
3221 3194 3341 3234 cum
3382 3194 3596 3250 semper

2010 3269 2076 3322 ad
2105 3270 2362 3324 orandum
2386 3311 2398 3333 ,
2425 3279 2482 3324 et
2504 3287 2607 3325 non
2638 3271 2989 3326 deliciendum
3022 3288 3117 3326 nos
3144 3271 3448 3327 hortaretur
3466 3314 3481 3337 ,
3509 3272 3591 3326 vi-

2009 3361 2166 3415 duam
2196 3364 2657 3429 commemoravit,
2688 3380 2808 3433 qua:
2849 3364 2974 3419 licet
3009 3364 3243 3433 iniquum
3280 3372 3334 3419 et
3371 3363 3591 3432 impium

2004 3452 2236 3521 judicem
2258 3495 2273 3517 ,
2304 3470 2367 3508 ac
2400 3454 2488 3509 Dei
2519 3463 2574 3509 et
2607 3456 2883 3509 hominum
2911 3464 3364 3525 contemptorem,
3398 3456 3464 3510 ad
3493 3471 3595 3510 au-i

2009 3544 2257 3599 diendam
2287 3560 2502 3599 causam
2530 3560 2682 3600 suam
2709 3545 2924 3600 assidue
2955 3545 3339 3615 interpellando
3363 3562 3591 3601 conver—
3634 3588 3641 3595 .

2011 3636 2089 3689 tit.
2113 3636 2281 3704 Quam
2302 3652 2430 3706 ergo
2461 3653 2568 3705 pra:
2594 3637 2806 3692 exteris
2833 3636 3003 3692 vidua
3027 3637 3223 3692 debent
3257 3652 3446 3693 vacare
3466 3653 3591 3692 ora-

2010 3729 2243 3783 tionibus
2262 3769 2278 3795 ,
2307 3729 2439 3783 satis
2461 3729 2583 3784 hinc
2610 3730 2827 3799 intelligi
2855 3739 3049 3801 potest,
3081 3731 3219 3799 quod
3249 3731 3498 3785 omnibus
3522 3730 3591 3786 ad

2008 3818 2401 3887 suscipiendum
2446 3819 2633 3873 orandi
2675 3820 2907 3875 studium
2954 3819 3023 3875 de
3060 3820 3230 3876 viduis
3261 3820 3592 3891 propositum

2007 3919 2088 3963 est
2114 3909 2500 3965 exhortationis
2525 3912 2847 3979 exemplum.

2079 4000 2165 4055 50.
2207 4000 2344 4068 Quid
2387 4011 2567 4056 autem
2615 4002 2666 4055 in
2707 4003 2810 4058 hoc
2857 4004 3033 4073 cperis
3079 4018 3277 4073 genere
3321 4004 3373 4059 in
3418 4005 3592 4060 viduis

2006 4089 2233 4144 electum
2266 4099 2385 4155 est,
2421 4092 2522 4145 nisi
2557 4090 2831 4145 destitutio
2856 4102 2909 4147 et
2932 4092 3230 4147 desolatio?
3258 4093 3592 4163 Quapmpter

2006 4182 2049 4235 si
2082 4197 2141 4237 se
2169 4183 2349 4239 omnis
2375 4184 2551 4238 anima
2579 4185 2837 4254 intelligat
2863 4185 2911 4239 in
2938 4186 3039 4239 hoc
3068 4185 3267 4240 Steculo
3284 4185 3590 4242 destitutam

2005 4283 2165 4339 atque
2207 4271 2530 4336 desolatam,
2563 4274 2812 4343 quamdiu
2850 4274 3215 4344 peregrinatur
3252 4289 3283 4328 a
3330 4275 3585 4340 Domino,

2006 4363 2241 4432 profecto
2284 4364 2567 4433 quamdam
2606 4364 2915 4420 viduitatem
2955 4380 3105 4419 suam
3154 4365 3265 4420 Deo
3320 4364 3588 4421 defensori

2005 4456 2213 4510 assidua
2241 4464 2295 4511 et
2330 4456 2719 4525 impensissima
2756 4456 3061 4526 precatione
3095 4456 3453 4511 commendat.
3480 4455 3587 4512 Ora

2006 4561 2134 4615 ergo
2159 4554 2216 4600 ut
2242 4546 2395 4601 vidua
2423 4546 2653 4611 Christi,
2692 4548 2925 4601 nomium
2966 4547 3167 4602 habens
3209 4547 3324 4617 ejus
3359 4562 3588 4617 conspe-

2005 4643 2173 4699 ctum,
2204 4636 2357 4705 cujus
2383 4637 2617 4706 precaris
2655 4638 2926 4691 auxilium.
2960 4638 3026 4692 Et
3054 4638 3178 4692 licet
3200 4639 3274 4692 sis
3302 4637 3589 4705 ditissima,

2006 4727 2143 4780 sicut
2185 4743 2379 4796 pauper
2409 4743 2500 4782 ora
2533 4746 2545 4781 :
2582 4727 2816 4782 nondum
2844 4728 2985 4783 enim
3033 4743 3187 4783 veras
3218 4729 3376 4783 futuri
3409 4730 3589 4784 swculi

2005 4817 2217 4873 divitias
2242 4819 2429 4881 habes,
2448 4818 2535 4873 ubi
2559 4820 2701 4874 nulla
2723 4819 2913 4874 damna
2932 4819 3201 4874 formides.
3229 4820 3375 4875 Licet
3391 4820 3598 4874 habeas

2006 4908 2143 4963 ﬁlios
2180 4918 2235 4963 et
2272 4916 2512 4978 nepotes,
2559 4923 3005 4978 numerosamque
3039 4909 3312 4975 familiam,
3342 4909 3486 4979 quud
3532 4918 3593 4964 et

2006 5015 2164 5067 supra
2210 4999 2410 5054 dictum
2459 5008 2563 5065 est,
2604 5001 2745 5055 sicut
2787 5000 3023 5056 desolata
3054 5018 3145 5056 ora
3178 5017 3192 5053 :
3223 5003 3421 5057 incerta
3463 5012 3587 5057 sunt

2005 5090 2147 5144 enim
2188 5090 2366 5145 omnia
2408 5091 2739 5160 temporalia,
2779 5091 2942 5146 etiam
2979 5107 3149 5161 usque
3182 5092 3236 5146 in
3274 5092 3433 5146 linem
3463 5094 3587 5147 vitae

2006 5181 2162 5251 hujus
2189 5182 2245 5237 in
2281 5191 2515 5237 nostram
2542 5182 2963 5239 consolationem
3004 5199 3273 5239 mansura.
3302 5184 3379 5238 'l‘u
3407 5194 3587 5240 autem

2004 5277 2049 5329 si
2074 5290 2139 5331 ea
2157 5290 2276 5345 quae
2297 5290 2510 5330 sursum
2535 5284 2661 5330 sunt
2686 5275 2882 5345 quaaris
2906 5284 2963 5330 et
2985 5277 3149 5344 sapis,
3177 5288 3374 5331 acterna
3399 5285 3453 5331 et
3476 5292 3589 5331 cer-

2006 5376 2058 5420 ta
2099 5365 2390 5429 desideras,
2447 5381 2565 5436 quae
2616 5365 2871 5437 quamdiu
2907 5367 3138 5420 nondum
3188 5366 3370 5431 habes,
3422 5368 3583 5421 etiam

2007 5457 2168 5513 salvis
2190 5457 2440 5512 omnibus
2456 5466 2617 5528 atque
2636 5458 3047 5527 obscqucntibus
3071 5459 3191 5524 tuis,
3218 5467 3465 5528 tauquam
3489 5459 3587 5513 de-

2006 5552 2230 5607 solatam
2258 5549 2513 5619 deputare
2557 5559 2611 5605 te
2642 5549 2833 5606 debes.
2866 5550 2933 5603 Et
2958 5550 3003 5605 si
3047 5560 3123 5615 tu,
3153 5550 3389 5620 profecto
3424 5551 3587 5607 etiam

2005 5649 2100 5697 tuo
2127 5642 2373 5711 exemplo
2403 5641 2801 5711 religiosissima
2832 5658 2995 5697 nurus
3023 5650 3134 5708 tua,
3161 5652 3216 5698 et
3244 5643 3360 5698 alia:
3388 5650 3587 5698 sancta

2006 5734 2178 5791 viduae
2202 5735 2541 5807 virginesque
2569 5735 2672 5793 sub
2702 5745 2872 5793 vestra
2902 5750 3027 5792 cura
3058 5737 3296 5813 securius
3323 5736 3583 5799 constitui
