4122 6350
510 317 612 373 507

431 439 444 451 ⁸
510 443 577 488 ιω
605 451 618 486 :
644 439 842 502 quanto
868 443 1009 486 enim
1032 441 1199 499 magis
1224 440 1436 484 uomunt
1463 434 1690 478 vestram
1713 423 1797 492 pie
1823 419 2078 483 tractatis,

508 533 656 580 tanto
693 521 982 592 impensius
1022 518 1346 574 orationibus
1388 516 1584 570 instare
1627 513 1853 575 debetis,
1904 526 2080 565 rerum

509 614 848 685 praesentium
873 627 979 665 non
1005 619 1272 680 occupata:
1301 606 1546 676 negotiis,
1588 604 1691 659 nisi
1727 620 1846 674 qua:
1883 602 2099 673 ﬂagitat"

506 719 662 759 causa
693 703 922 773 pietatis.

575 796 663 850 51.
704 793 845 848 Sane
875 789 1222 846 memineritis
1248 795 1426 858 ct'pro
1446 786 1596 840 nobis
1619 800 1730 839 non
1754 784 2081 854 negligenter

505 903 679 944 orare.
708 886 966 941 Nolumus
993 883 1131 938 enim
1158 881 1234 935 sic
1257 880 1411 934 nobis
1438 879 1718 942 honorem,
1747 893 1902 948 quem
1937 876 2081 944 peri-

503 981 746 1036 culosum
773 971 1028 1048 gerimus,
1053 974 1322 1037 deferalis,
1353 983 1410 1026 ut
1438 971 1786 1041 adjutorinm,
1817 968 1958 1039 quod
1987 983 2098 1023 uer

505 1072 791 1127 cessarium
819 1068 1097 1132 novimus,
1131 1064 1402 1120 auferatis.
1437 1067 1481 1119 Α
1511 1063 1706 1117 familia
1737 1062 1930 1118 Christi
1960 1078 2082 1116 ora-

504 1174 614 1217 tum
641 1170 720 1216 est
749 1176 845 1230 pro
874 1161 1049 1223 Petro,
1077 1167 1284 1213 oratum
1315 1166 1398 1213 est
1427 1173 1523 1227 pro
1547 1157 1749 1220 Paulo;
1782 1166 1835 1211 et
1858 1171 1953 1210 vos
1981 1156 1996 1187 ⁸
2024 1155 2076 1209 in

503 1253 616 1323 ejus
639 1251 834 1306 familia
861 1266 983 1306 esse
1005 1250 1298 1321 gaudemus
1323 1288 1345 1314 ,
1371 1258 1426 1303 et
1452 1247 1933 1316 incomparabiliter
1960 1247 2088 1315 plus

502 1353 658 1413 quam
685 1342 872 1397 Petrus
892 1350 945 1396 et
965 1341 1158 1396 Paulus
1178 1339 1474 1394 orationum
1500 1338 1847 1393 fraternarum
1869 1338 2080 1393 auxiliis

502 1433 818 1506 indigemus.
850 1433 1011 1489 Orate
1047 1433 1287 1489 certatim
1315 1433 1563 1486 concordi
1590 1440 1878 1500 sanctoque
1903 1441 2076 1486 certa-

501 1527 646 1580 mine
681 1540 824 1580 :non
872 1526 1011 1578 enim
1060 1524 1314 1579 adversus
1366 1522 1676 1577 alterutrum
1709 1522 1950 1588 certatis,
1982 1521 2086 1577 sed?

502 1616 758 1671 adversus
805 1616 1104 1681 diabolum,
1152 1616 1348 1669 sanctis
1387 1613 1637 1667 omnibus
1683 1613 1975 1667 inimicum.
2018 1611 2074 1667 In

498 1705 717 1776 j‘ejuniis
737 1715 791 1761 et
811 1706 1020 1775 vigiliis,
1039 1714 1092 1760 et
1112 1706 1255 1759 omni
1277 1703 1621 1769 castigatione
1641 1703 1882 1772 corporis
1896 1718 2076 1772 quam-

499 1797 789 1869 plurimum
805 1796 1080 1865 adiuvatur
1095 1796 1264 1849 oratio
1284 1794 1430 1866 (Tob.
1451 1811 1546 1858 xn,
1566 1795 1641 1866 8)
1659 1794 1838 1848 Faciat
1855 1811 2076 1864 qumque

499 1899 734 1943 vestrum
753 1887 891 1956 quod
915 1889 1108 1958 poterit
1134 1904 1145 1938 :
1174 1885 1313 1955 quod
1340 1885 1502 1939 altera
1529 1886 1700 1938 minus
1721 1895 1920 1954 potest,
1939 1887 1988 1938 in
2012 1901 2081 1939 ea

499 1995 618 2048 quae
640 1988 813 2047 potest
834 1980 974 2042 facit,
998 1977 1041 2030 si
1063 1977 1114 2030 in
1136 1979 1300 2032 altera
1321 1976 1491 2046 diligit
1515 1977 1660 2048 quod
1681 1977 1802 2030 ideo
1825 1977 1944 2045 quia
1969 1992 2076 2030 non

498 2078 672 2138 potest
701 2068 811 2138 ipsa
836 2085 938 2123 non
968 2068 1124 2132 facit;
1153 2069 1374 2136 proinde
1405 2085 1523 2135 quae
1559 2069 1731 2120 minus
1759 2069 1922 2130 vaict,
1970 2084 2072 2122 non

499 2157 749 2225 impediat
776 2158 892 2225 pius
918 2157 1206 2222 valentem,
1224 2167 1277 2210 et
1297 2174 1412 2226 qua:
1442 2160 1558 2225 plus
1580 2159 1746 2222 valet,
1769 2174 1870 2210 non
1895 2167 2078 2226 urgeat

498 2249 674 2302 minus
721 2248 1004 2302 valentem.
1045 2249 1432 2302 Conseicntiam
1483 2250 1677 2318 quippe
1705 2258 1934 2303 vestram
1966 2249 2076 2302 Deo

497 2335 733 2403 debetis;
785 2342 986 2394 nemini
1014 2348 1189 2396 autem
1214 2350 1448 2395 vestrum
1477 2342 1671 2410 aliquid
1693 2342 1949 2406 debeatis,
1975 2341 2084 2395 nisi:

498 2442 550 2486 ut
583 2433 807 2486 invicem
838 2433 1087 2500 diligatis.
1119 2432 1379 2487 Exaudiat
1403 2443 1454 2486 te
1477 2433 1749 2493 Dominus,
1772 2434 1860 2501 qui
1886 2440 2076 2502 potens

497 2531 581 2577 est
647 2523 821 2579 facere
888 2539 1046 2592 supra
1100 2539 1256 2593 quam
1315 2524 1544 2593 petimus
1593 2533 1684 2578 aut
1734 2523 2082 2594 intelligimus

498 2612 716 2683 (Ep/tes.
741 2629 814 2676 nt,
847 2611 961 2684 20).

896 2725 1219 2782 ENSTOLA
1261 2723 1474 2783 cxxxr
1511 2730 1534 2751 ο
1575 2728 1672 2801 (α),

496 2858 804 2931 Augustinus
846 2857 1068 2912 Probum
1099 2859 1374 2921 resalutat,
1413 2869 1462 2914 et
1489 2861 1677 2929 gratias
1701 2861 1805 2931 agit
1842 2861 1985 2933 quod
2013 2861 2077 2918 de

895 2952 1056 3006 salute
1076 2952 1236 3020 ipsius
1266 2953 1414 3020 fuerit
1439 2952 1671 3004 sollicita.

497 3063 735 3118 Dominae
765 3063 955 3130 insigni
984 3049 1038 3118 et
1066 3064 1256 3117 merito
1289 3063 1500 3126 illustri,
1545 3073 1599 3117 et
1628 3065 2078 3132 praestantissitnze‘

509 3153 512 3157 ’
620 3156 738 3209 filim
765 3155 974 3219 Paetus,
1003 3158 1350 3218 AUGUSTINUS,
1380 3157 1438 3208 in
1466 3157 1686 3208 Domino
1711 3157 1958 3212 salutem.

567 3246 662 3301 Est
687 3245 901 3315 quidem
933 3246 1025 3310 ita,
1059 3254 1115 3298 ut
1143 3246 1294 3309 dicis,
1324 3245 1462 3315 quod
1491 3247 1541 3299 in
1573 3262 1796 3315 corpore
1823 3248 2076 3316 corrupti-

494 3338 582 3392 bili
630 3337 803 3390 anima
852 3338 1174 3400 constituta,
1224 3347 1432 3391 terrena
1483 3338 1708 3407 quadam
1761 3340 2074 3407 contagione

494 3428 869 3496 constringitur
892 3467 905 3490 ,
951 3435 1006 3480 et
1044 3427 1134 3479 tati
1182 3441 1346 3481 onere
1386 3427 1782 3496 quodammodo
1821 3428 2078 3497 depressa

494 3524 742 3568 curvatur
765 3555 781 3580 ,
829 3525 884 3568 ut
930 3516 981 3568 in
1032 3517 1136 3568 imo
1165 3518 1350 3582 multa,
1381 3534 1537 3587 quam
1571 3518 1621 3572 in
1651 3533 1858 3573 summo
1887 3536 2068 3584 unum,

496 3605 695 3657 facilius
725 3605 1064 3672 concupiscat
1092 3598 1388 3674 etﬁogitet.
1416 3607 1547 3661 Nam
1579 3608 1680 3662 hoc
1705 3610 1865 3664 etiam
1891 3621 2082 3666 saneta

493 3693 761 3762 Scriptum
793 3697 860 3747 ita
891 3696 1052 3749 dicit:
1082 3697 1277 3767 Corpus
1300 3700 1430 3751 enim
1459 3701 1595 3770 quod
1631 3704 1967 3771 corrumpitur
1981 3722 2073 3776 ag-

493 3797 666 3858 gravat
695 3789 915 3840 animam
936 3829 948 3847 .
989 3798 1033 3842 et
1064 3789 1297 3856 deprimit
1324 3801 1518 3845 terrena
1554 3794 1850 3848 inhabitatio
1872 3813 2072 3850 sensum

494 3881 652 3934 multa
677 3883 974 3950 cogitantem
1004 3881 1155 3953 (ειη).
1187 3898 1264 3941 ix,
1299 3883 1407 3952 15).
1437 3883 1538 3938 Sed
1573 3885 1690 3940 ideo
1720 3889 1861 3941 venit
1890 3888 2072 3942 Salva-

495 3980 579 4024 tor
604 3982 802 4036 noster,
843 3973 929 4040 qui
959 3973 1232 4026 mulierem
1265 3973 1408 4026 illam
1435 3975 1486 4027 in
1517 3975 1804 4045 Evangelio
1841 3993 1936 4046 per
1971 3978 2067 4032 de-

491 4077 608 4116 cem
637 4071 689 4115 et
717 4073 837 4115 octo
864 4077 1030 4114 annos
1055 4077 1268 4116 curvam
1290 4105 1304 4128 ,
1343 4079 1460 4132 quae
1490 4064 1711 4119 fortasse
1738 4066 1837 4120 hoc
1865 4069 2068 4137 signifi-

492 4152 668 4214 cabat,
697 4152 863 4206 verbo
889 4152 1073 4205 salutis
1098 4154 1266 4206 erexit
1295 4151 1444 4223 (Luc.
1475 4169 1590 4219 xm,
1625 4157 1834 4224 “45),
1871 4167 1928 4211 ut
1956 4160 2069 4212 ani-

494 4259 578 4298 ma
609 4243 892 4296 christiana
920 4257 1026 4295 non
1072 4242 1261 4296 frustra
1308 4243 1519 4306 audiat,
1563 4245 1779 4299 Sursum
1805 4263 1928 4311 cor;
1970 4265 2066 4305 nec

493 4333 685 4388 frustra
714 4334 1060 4401 respondeat,
1093 4349 1146 4386 se
1177 4333 1356 4386 habere
1381 4335 1447 4385 ad
1467 4333 1758 4388 Dominum.
1796 4338 1946 4404 Quod
1983 4339 2068 4393 in-

493 4433 649 4478 tuens
673 4432 818 4477 recte
840 4423 988 4485 facis,
1017 4425 1150 4477 mala
1177 4424 1331 4491 lmjus
1348 4425 1528 4478 mundi
1557 4426 1845 4482 tolerabilia
1870 4429 2066 4484 ducere

491 4529 586 4584 5pc
617 4514 796 4568 futuri.
845 4515 934 4568 Sic
965 4515 1105 4567 cnim
1132 4531 1228 4567 usu
1256 4515 1481 4583 quodam
1519 4515 1658 4570 bono
1686 4530 2068 4574 convertuntur

489 4606 542 4661 in
571 4607 787 4668 bonum,
816 4605 940 4658 dmn
964 4620 1066 4656 non
1092 4614 1533 4674 augeutnostram
1559 4610 2064 4678 concupiscentiam,

490 4698 585 4753 sed
614 4705 865 4752 exercent
895 4698 1233 4766 patientiam;
1265 4697 1334 4752 de
1371 4713 1473 4768 qua
1520 4715 1578 4753 re
1626 4702 1910 4769 Apostolus
1950 4704 2062 4758 ait:

490 4789 693 4843 Scimus
730 4790 965 4858 quoniam
1010 4787 1330 4857 diligentibus
1353 4787 1518 4842 Deum
1542 4792 1711 4844 omnia
1733 4804 2065 4864 cooperantur

487 4880 541 4932 in
568 4881 748 4932 bonum
776 4879 948 4951 (fiam.
981 4894 1098 4943 vm,
1125 4879 1240 4948 28).
1273 4878 1489 4943 Omnia,
1519 4880 1726 4949 inquit;
1755 4898 1858 4938 non
1889 4886 2061 4940 solum

488 4984 618 5039 ergo
647 4971 733 5023 illa
761 4985 881 5039 qua:
907 4977 1229 5040 appetuntur
1253 4977 1310 5024 ut
1342 4972 1542 5034 suavia,
1575 4988 1758 5027 verum
1787 4976 1943 5029 etiam
1974 4977 2062 5031 illa

487 5078 607 5131 qua:
636 5071 694 5116 ut
720 5063 939 5116 molesta
966 5061 1224 5125 vitantur;
1252 5063 1464 5132 quando
1481 5063 1584 5119 alia
1608 5065 1685 5120 sic
1708 5067 1966 5121 sumimus
1995 5084 2062 5124 ne

485 5152 778 5221 capiamur,
801 5151 899 5206 alia
927 5151 1004 5205 sic
1023 5151 1237 5205 ferimus
1263 5167 1330 5206 ne
1351 5151 1670 5223 frangamur,
1693 5165 1747 5211 ct
1769 5157 2062 5213 secundum

487 5253 750 5316 praecepta
778 5243 955 5298 divina
984 5244 1038 5298 in
1062 5245 1304 5299 omnibus
1329 5247 1525 5314 gratias
1550 5248 1752 5318 agimus
1775 5250 1844 5315 ei,
1873 5251 1939 5304 de
1957 5267 2064 5320 quo

549 5377 564 5408 ¹
585 5383 692 5425 διες.
711 5383 904 5438 septem
929 5385 981 5425 et
994 5381 1092 5423 Am.
1112 5347 1220 5425 Bad.
1241 5382 1314 5424 Er.
1330 5377 1537 5432 habent.
1561 5391 1660 5428 nos.

546 5458 563 5475 ‘
589 5454 764 5526 collata
790 5465 996 5526 est_cnm
1019 5471 1065 5526 α.
1090 5457 1176 5519 bg.
1209 5455 1277 5506 bl.
1310 5459 1392 5506 bu.
1417 5472 1460 5508 c.
1487 5471 1556 5508 cc.
1581 5461 1658 5508 ch.
1687 5460 1736 5508 tl'.
1761 5477 1810 5524 g.
1836 5477 1915 5526 gr.
1943 5477 1990 5512 η.
2015 5477 2057 5513 r.

482 5530 543 5630 ἒ.
545 5519 806 5628 ι.¹(1υοὺιιε
840 5519 916 5567 sb.
955 5518 1145 5568 duobus
1176 5532 1251 5569 ve.
1287 5527 1494 5582 quatuor
1517 5535 1562 5570 v.
1606 5530 1660 5572 et
1695 5518 1802 5572 cum
1827 5518 1924 5572 Im.
1951 5527 2058 5571 and.

549 5618 560 5629 .
607 5593 696 5630 .ov.

487 5663 620 5774 “(a)
886 5677 899 5711 ;
919 5675 1027 5726 qua:
1046 5670 1207 5712 autem
1233 5663 1307 5712 151
1335 5669 1456 5725 erat,
1477 5678 1600 5714 nunc
1627 5666 1723 5716 101.
1745 5672 1920 5730 Scripta
1939 5672 2060 5720 circa

537 5737 615 5774 em
756 5757 760 5763 .
824 5758 838 5772 .

537 5737 615 5774 em
634 5737 838 5774 temrus.

1697 305 1755 362 S.
1795 299 2162 360 AUGUSTIN!
2199 300 2499 363 EPiSCOPI

3667 322 3777 380 508

2191 418 2415 475 dicimus
2444 441 2459 477 :
2490 422 2788 505 licuedicmn
2813 425 3087 482 Dominum
3115 429 3166 483 in
3189 433 3326 485 omm‘
3355 444 3613 504 tempore;
3635 455 3770 492 sem-

2191 527 2280 580 per
2305 512 2418 567 laus
2451 531 2559 586 ejus
2580 517 2636 569 in
2658 533 2746 570 ore
2773 534 2882 571 meo
2913 518 3084 588 (Psat.
3114 522 3414 594 xxx:tt,2);
3457 533 3541 590 et,
3571 526 3770 582 Bonum

2189 613 2262 656 est
2281 605 2408 657 mihi
2430 607 2564 674 quod
2599 608 2880 664 hnntitiusti
2916 627 3024 676 me,
3069 622 3119 664 ut
3157 614 3349 667 discam
3377 617 3776 686 justiﬁcationes

2188 701 2299 745 tuas
2325 693 2496 763 (Psal.
2529 711 2710 760 cxvm,
2745 697 2854 770 71).
2886 699 3068 770 Neque
3091 703 3232 756 enim
3259 720 3465 772 revera,
3494 708 3540 762 si
3565 708 3782 765 fallacis

2187 785 2554 852 prosperitatis
2569 802 2781 857 semper
2801 789 2885 844 hic
2911 792 3262 861 tranquillitas
3285 794 3564 861 arrideret,
3591 800 3768 854 anima

2188 874 2416 931 lmmana
2448 872 2657 946 portum
2689 880 2834 934 illum
2863 891 3298 954 .vem‘certteque
3326 888 3626 943 securitatis
3667 905 3769 960 ap-

2153 1030 2162 1042 ,
2187 975 2416 1034 peteret,
2461 967 2676 1023 domina
2715 969 2936 1040 insignis
2970 983 3030 1027 et
3062 974 3253 1029 merito
3277 975 3516 1041 illustris,
3543 989 3600 1034 et
3627 995 3768 1048 pra:-

2185 1056 2508 1111 stantissima
2535 1058 2660 1112 filia.
2694 1059 2941 1116 Reddcns
2967 1062 3145 1132 itaque
3170 1064 3404 1120 debitum
3440 1068 3770 1126 Praestantize

2186 1154 2288 1200 tim:
2326 1148 2656 1206 salutationis
2706 1152 3052 1223 obsequium,
3092 1170 3362 1226 agensque
3395 1159 3595 1228 gratias
3621 1163 3766 1231 quod

2185 1238 2370 1293 salutis
2400 1248 2596 1293 nostra:
2618 1240 3066 1309 religiosissimum
3091 1260 3272 1300 curam
3293 1249 3453 1317 geris,
3482 1264 3642 1319 posco
3672 1252 3775 1307 tibi

2183 1345 2212 1383 a
2244 1331 2468 1387 Domino
2491 1333 2681 1390 futuras
2709 1337 2830 1390 vita:
2861 1339 3107 1406 prmmia,
3125 1345 3506 1412 praesentisque
3535 1345 3722 1399 solatia
3746 1362 3764 1411 ;

2182 1425 2524 1497 onmiumque
2551 1438 2784 1484 vestrum
2804 1470 2820 1496 ,
2860 1432 2912 1486 in
2941 1448 3168 1502 quorum
3207 1435 3459 1491 cordibus
3482 1453 3580 1507 per
3603 1439 3786 1496 fidem.

2185 1514 2390 1570 habitas
2435 1518 2716 1585 Christus,
2770 1536 2856 1575 me
2905 1521 3170 1578 dilectioni
3237 1527 3569 1598 orationique
3613 1545 3780 1585 com--

2183 1607 2396 1660 mendo.
2429 1607 2498 1661 Et
2520 1609 2624 1663 alia
2651 1608 2805 1664 manu
2828 1627 2856 1665 εί
2876 1613 3014 1666 Deus
3041 1630 3195 1668 verus
3223 1623 3288 1670 et
3306 1631 3464 1672 verax
3507 1620 3774 1676 vemcite:

2181 1700 2484 1753 consoletur
2510 1716 2607 1755 eor
2634 1711 2782 1757 tuum
2801 1744 2814 1766 .
2844 1712 2899 1759 et
2925 1715 3162 1776 protegat
3189 1708 3417 1763 salutem
3451 1718 3594 1765 tuam
3615 1753 3631 1777 ,
3663 1711 3767 1767 do-

2183 1789 2326 1843 mina
2339 1791 2558 1861 insignis
2573 1802 2627 1848 et
2645 1796 2838 1850 merito
2854 1796 3094 1862 illustris,
3107 1813 3170 1852 ac
3189 1801 3625 1868 praestantissima
3637 1801 3776 1858 tilia.

2573 1927 2894 1983 EPISTULA
2937 1929 3190 2010 CXXXII-
3213 1934 3232 1954 θ
3273 1930 3372 2003 (a).

2179 2037 2487 2109 Angustimis
2516 2040 2812 2105 Volusiano,
2840 2044 3111 2098 exhortans
3130 2046 3277 2100 illum
3298 2057 3350 2101 ut
3369 2064 3630 2103 sacrarum
3647 2051 3769 2104 seri;

2252 2140 2518 2198 plurmum
2540 2131 2738 2186 lectioni
2764 2143 2924 2199 vacet,
2942 2134 3133 2204 sibique
3152 2137 3393 2192 rescribat
3417 2143 3462 2192 si
3483 2139 3603 2210 quid
3628 2141 3680 2194 in
3695 2143 3773 2196 eis

2251 2218 2559 2288 diﬁicultatis
2588 2221 2768 2290 legenti
2792 2225 3082 2278 occurrerit.

2182 2310 2407 2366 Domino
2436 2311 2627 2365 illustri
2669 2321 2724 2367 et
2758 2315 2953 2369 merito
2986 2317 3437 2385 prmstantissimo
3457 2319 3564 2374 filio
3588 2319 3766 2377 γοω-

2488 2417 2640 2457 sntao
2669 2403 2766 2474 (b),
2793 2405 3127 2462 AUGUSTINUS
3153 2411 3454 2478 episcopus.

2250 2511 2330 2566 De
2351 2513 2526 2568 salute
2551 2522 2662 2576 tua.
2683 2530 2844 2583 quam
2870 2525 2924 2570 et
2950 2517 3002 2571 in
3032 2515 3134 2570 hoc
3154 2518 3372 2585 saeculo,
3394 2529 3450 2574 et
3476 2520 3528 2573 in
3552 2520 3767 2576 Christo

2181 2619 2301 2659 esse
2320 2608 2496 2673 cupio,
2521 2615 2719 2661 sancte
2742 2608 2927 2662 matris
2947 2617 3050 2662 tuae
3072 2610 3347 2664 votis-sum
3367 2612 3589 2667 fortasse
3603 2613 3773 2667 etiam

2181 2695 2296 2763 ipse
2317 2712 2420 2750 non
2443 2697 2634 2766 impar.
2665 2697 2814 2754 Unde
2836 2699 3038 2754 meritis
3060 2700 3161 2753 tuis
3183 2699 3411 2755 reddens
3431 2702 3765 2757 salutationis

2180 2788 2514 2857 obsequium,
2550 2789 2752 2856 hortor,
2784 2799 2842 2844 ιιι
2862 2792 3034 2857 valeo,
3067 2801 3124 2845 ut
3153 2791 3473 2847 Litterarum
3503 2810 3625 2849 vere
3648 2810 3769 2850 cer-

2181 2890 2338 2950 teque
2364 2891 2665 2936 sanctartnn
2695 2883 2871 2937 studio
2903 2891 2957 2936 te
2984 2898 3165 2938 curam
3201 2899 3308 2939 non
3350 2885 3522 2954 pigeat
3560 2885 3768 2954 impen-

2179 2972 2326 3028 dere.
2355 2973 2574 3029 Sincera
2614 2973 2754 3026 enim
2787 2985 2840 3028 et
2875 2975 3045 3028 solida
3073 2989 3160 3029 res
3183 2984 3290 3039 est,
3313 2991 3410 3029 nec
3438 2975 3622 3032 fucatis
3647 2978 3766 3030 clo—

2178 3065 2315 3132 quiis
2337 3065 2501 3117 ambit
2526 3063 2592 3118 ad
2615 3065 2872 3130 animum,
2902 3079 2999 3119 nec
3017 3065 3124 3118 ullo
3149 3065 3339 3132 lingua:
3367 3068 3586 3120 tectorio
3608 3067 3772 3121 inane

2179 3157 2374 3226 aliquid
2418 3172 2482 3210 ac
2529 3157 2817 3225 pendulum
2861 3157 3103 3226 crepitat.
3155 3156 3374 3210 Multum
3420 3167 3616 3222 movet,
3656 3174 3762 3211 non

2178 3247 2483 3310 verborum,
2505 3247 2609 3300 sed
2630 3263 2806 3300 rerum
2836 3247 3086 3309 avidum;
3122 3256 3176 3301 ct
3205 3247 3426 3301 multum
3465 3257 3647 3312 terret,
3676 3247 3760 3301 fa-

2178 3347 2327 3390 ctura
2355 3351 2622 3390 securum.
2648 3337 3316 3406 PrmcipueApostolorurn
3343 3338 3548 3408 linguas
3566 3339 3765 3394 exhor-

2180 3434 2264 3478 tor
2292 3433 2350 3478 ut
2373 3425 2550 3493 legas;
2579 3440 2641 3478 ex
2676 3425 2756 3479 bis
2785 3427 2925 3479 enim
2955 3427 3019 3479 ad
3046 3426 3446 3494 cognoscendos
3469 3427 3764 3495 Prophetas

2178 3515 2527 3581 exeitaberis,
2571 3531 2794 3586 quorum
2827 3519 3144 3572 testimoniis
3171 3527 3390 3572 utuntur
3414 3520 3673 3589 Apostoli.
3703 3521 3773 3575 Si.

2177 3605 2304 3675 quid
2332 3617 2528 3670 autem,
2557 3607 2638 3660 vel
2666 3623 2785 3661 cum
2813 3608 2964 3676 legis,
2987 3609 3071 3662 vel
3095 3625 3214 3664 cum
3231 3611 3451 3679 cogitas,
3478 3612 3572 3666 tibi
3593 3613 3765 3668 oritur

2177 3697 2524 3766 qurcstionis,
2565 3697 2615 3750 in
2661 3712 2767 3766 quo
2803 3697 3143 3753 dissolvendo
3187 3700 3369 3756 videar
3408 3704 3758 3769 necessarius,

2176 3791 2350 3845 scribe
2376 3799 2434 3843 ut
2461 3791 2769 3845 rescribam.
2793 3791 2956 3860 Magis
2979 3791 3128 3846 enim
3149 3792 3249 3846 hoc
3273 3794 3407 3848 forte
3425 3794 3646 3848 Domino
3667 3796 3735 3848 ad
3758 3821 3766 3828 -

2171 3880 2392 3950 juvante
2415 3888 2620 3949 potero,
2648 3896 2804 3950 quam
2832 3897 3068 3950 praisens
3096 3883 3217 3936 talia
3243 3883 3385 3952 loqui
3413 3892 3584 3939 tecum
3608 3903 3622 3949 ;
3652 3902 3758 3938 non

2175 3972 2345 4026 solum
2392 3979 2608 4040 propter
2646 3973 3020 4042 occupationes
3057 3974 3231 4029 varias
3276 3984 3330 4028 et
3377 3990 3523 4030 meas
3561 3985 3615 4030 et
3642 3985 3770 4029 tuas

2175 4061 2446 4131 (quoniam
2477 4077 2582 4116 non
2604 4077 2723 4116 cum
2751 4063 2878 4116 mihi
2914 4072 3093 4129 vacat,
3118 4065 3352 4119 occurrit
3379 4075 3436 4118 ut
3459 4074 3514 4119 et
3542 4065 3634 4119 tibi
3661 4082 3756 4118 va-

2174 4152 2280 4221 cet)
2300 4193 2316 4216 ,
2350 4167 2533 4206 verum
2559 4153 2718 4207 etiam
2749 4162 2966 4223 propter
2993 4169 3177 4210 eorum
3203 4156 3492 4210 irruentem
3526 4172 3761 4226 prazsen-

2174 4244 2298 4296 tiam
2321 4285 2337 4308 ,
2378 4243 2468 4312 qui
2495 4244 2808 4313 plerumque
2835 4259 2940 4299 non
2971 4255 3095 4299 sunt
3127 4245 3233 4313 apti
3261 4246 3349 4298 tali
3379 4248 3612 4316 negotio,
3638 4264 3755 4301 ma-A

2172 4335 2358 4404 gisque
2385 4335 2576 4405 lingua:
2601 4336 2999 4400 certaminibus,
3020 4351 3183 4404 quam
3203 4337 3440 4391 scientia:
3468 4339 3757 4396 luminibus

2172 4425 2542 4480 delectantur:
2575 4424 2715 4494 quod
2755 4435 2932 4479 autem
2965 4426 3217 4494 scriptum
3249 4427 3502 4492 habetur,
3540 4443 3756 4498 semper

2171 4527 2326 4572 vacat
2366 4517 2432 4571 ad
2473 4518 2781 4586 legendum,
2825 4531 2944 4570 eum
2987 4526 3140 4572 vacat
3167 4519 3359 4588 legenti
3385 4537 3400 4580 ;
3431 4535 3530 4575 nec
3555 4536 3755 4575 onero-

2235 4689 2254 4708 "
2277 4690 2536 4799 necqgnita
2559 4689 2618 4738 ad
2641 4703 2685 4738 a.
2711 4702 2758 4737 a.
2783 4690 2867 4752 bg.
2893 4689 2960 4738 bl.
2978 4704 3022 4739 c.
3043 4705 3114 4763 oc.
3141 4691 3189 4739 ﬂ‘.
3214 4705 3264 4754 g.
3291 4707 3372 4756 gr.
3393 4693 3431 4754 j.
3451 4691 3484 4741 ι.
3509 4707 3558 4742 ιι.
3583 4707 3626 4743 r.
3652 4709 3694 4744 s.
3714 4704 3752 4744 t.

2255 4764 2330 4799 vc.
2359 4765 2384 4798 ι’
2424 4787 2434 4798 .
2477 4751 2599 4799 duos
2621 4753 2703 4799 ιω.
2742 4751 2863 4799 duos
2899 4753 2973 4799 sb.
2999 4767 3214 4799 (Inmane
3249 4768 3292 4799 ι’.
3334 4762 3386 4799 et
3405 4755 3465 4799 ad
3500 4764 3600 4799 Am-
3640 4756 3752 4799 md-

2167 4758 2228 4859 lt‘t.
2255 4764 2330 4858 ἴε.
2359 4751 2434 4799 vd.
2477 4751 2599 4799 duos
2621 4753 2703 4799 bn.
2742 4751 2863 4800 duos
2899 4753 2973 4800 sb.
2999 4751 3319 4815 quinqne'v.’
3334 4751 3466 4804 et'ad
3499 4764 3600 4804 Am.
3638 4756 3752 4808 Bad.

2185 4825 2242 4860 .r.
2285 4825 2375 4862 .ov.

2230 4931 2300 4994 (a)
2323 4932 2442 4981 Alias
2462 4931 2484 4979 1
2509 4945 2520 4980 :
2541 4944 2653 5000 qtth
2669 4939 2850 5000 autem
2870 4933 2959 4982 152
2977 4940 3113 4995 erat,
3146 4932 3274 4984 nunc
3290 4935 3397 4985 266.
3417 4937 3596 5000 Scripta
3626 4940 3756 4990 circa

2165 4992 2418 5042 ineuntem
2436 4992 2611 5042 annum
2627 4992 2736 5042 412.

2228 5055 2299 5118 (b)
2319 5055 2596 5122 volusianus
2612 5055 2824 5122 inclamat:
2848 5057 3053 5117 junioris
3067 5056 3331 5107 avunculus
3351 5057 3500 5109 fuisse
3517 5061 3752 5122 creditur,

2329 5117 2478 5186 ipsius
2495 5117 2661 5186 matris
2679 5115 3022 5186 alliiuae'trater
3039 5132 3174 5186 ;‘non
3194 5126 3356 5168 autem
3386 5128 3603 5186 patruus,
3638 5115 3756 5186 quia

2167 5175 2406 5246 Publicola
2424 5175 2644 5246 Melania;
2654 5179 2872 5246 ejusdem
2893 5186 3031 5242 pater
3041 5175 3246 5246 fratrem
3264 5193 3360 5229 non
3387 5175 3559 5246 habuit
3581 5175 3754 5246 super-

2165 5241 2349 5312 stitem,
2369 5251 2435 5312 es
2455 5239 2598 5299 epist.
2618 5239 2697 5288 941
2717 5239 3323 5312 Quapropter_tlteios,.qu:e
3341 5256 3434 5292 vox
3453 5244 3512 5292 ad
3527 5239 3752 5312 patruum

2167 5307 2220 5348 ct
2233 5299 2520 5349 avunculum
2533 5299 3007 5366 communisestﬁton
3019 5305 3148 5351 bene
3163 5303 3224 5351 ab
3233 5299 3509 5366 interprete
3522 5299 3751 5366 vertitur,

2166 5368 2384 5429 patruus,
2405 5368 2506 5429 tum
2527 5360 2653 5429 apud
2677 5363 2907 5429 Photiutn,
2930 5364 3010 5429 53,
3027 5372 3130 5429 tum
3147 5364 3274 5426 apud
3291 5360 3680 5429 Metapbrastem,
3699 5360 3756 5418 lli

2165 5423 2380 5473 uelaniae
2397 5423 2511 5488 vita.
2532 5428 2727 5488 uastant
2745 5424 2894 5474 nuntii
2913 5426 2977 5488 de
2990 5423 3204 5488 eodem,
3223 5434 3278 5476 ut
3295 5423 3480 5488 putarit,
3498 5423 3754 5480 Volusiano

2166 5498 2364 5548 versus,
2383 5484 2559 5548 quibus
2587 5484 2714 5548 hunc
2733 5486 3027 5546 proconsulis
3059 5484 3224 5536 Africa:
3257 5484 3430 5538 munus
3461 5484 3753 5540 sustinuisse

2165 5545 2326 5613 docet.
2365 5545 2508 5613 Porro
2539 5545 2754 5613 Melaniae
2788 5549 2954 5613 neptis.
2983 5548 3211 5613 et‘Procli
3245 5553 3756 5613 Constantinopolitaui

2168 5608 2392 5675 θρίεροῃι
2409 5619 2527 5657 cura
2554 5607 2931 5675 \olusianum‘ad
2960 5610 3265 5675 christianatn
3292 5607 3580 5675 religionem
3614 5615 3755 5675 profi-

2167 5668 2430 5778 teigiaansi‘iu
2457 5671 2692 5720 extremis
2709 5668 2960 5718 adductum
2981 5671 3127 5720 fuisse
3148 5670 3352 5734 ιιι-οιίιι.ιι
3372 5668 3562 5724 ﬂiolius
3587 5668 3638 5724 et
3659 5684 3753 5724 tte-

2167 5739 2230 5778 tai
2281 5745 2298 5777 r
2380 5743 2453 5778 es.
3550 5761 3555 5766 -

2167 5737 2453 5788 mimrastes.
3550 5761 3555 5766 .
