4122 6350
174 387 398 444 ⁸’509

293 520 407 560 sum
437 503 493 557 lit
520 515 783 573 prmsens,
810 498 950 571 quod
978 513 1097 552 cum
1130 498 1280 552 voles
1308 495 1553 559 sumitur,
1577 509 1698 547 cum
1731 489 1876 545 voles

295 596 524 666 ponitur.

683 701 1013 758 EPISTULA
1050 697 1312 756 CXXXIII
1342 704 1357 721 '
1386 695 1485 769 (α).

291 819 608 892 Augustinus
640 816 945 872 Marcellino
975 815 1173 870 tribuno
1195 856 1212 882 ,
1251 822 1305 867 ut
1348 810 1642 866 Donatistas
1668 806 1719 862 in
1743 821 1880 879 qum-

358 912 526 966 stione
550 913 806 980 confessos
830 908 1025 962 atrocia
1049 908 1298 979 facinora,
1331 905 1509 976 puniat
1531 901 1659 957 citra
1688 898 1881 969 suppli-

362 1004 494 1056 cium
525 1002 729 1072 capitis,
754 1002 830 1055 uti
857 999 1089 1071 congruit
1116 996 1360 1053 Ecclesia:
1384 991 1779 1049 mansuetudini.

292 1115 521 1170 Domino
556 1114 755 1170 eximio
791 1122 846 1167 et
888 1113 1081 1167 merito
1110 1106 1301 1182 insigni
1322 1151 1337 1174 ,
1376 1118 1535 1180 atque
1567 1104 1884 1162 charissim

328 1208 439 1262 filio
459 1207 827 1269 Μλκεηιικο,
851 1206 1183 1260 AUGUSTINUS
1202 1203 1244 1269 ¹,
1268 1202 1319 1255 in
1342 1199 1567 1255 Domino
1594 1197 1840 1252 salutem.

368 1298 422 1352 Ι.
463 1296 932 1353 Circumcelliones
968 1294 1089 1349 illos
1130 1300 1188 1347 et
1221 1292 1446 1347 clericos
1476 1290 1640 1359 partis
1666 1287 1877 1349 Donati,

293 1403 432 1459 quos
469 1387 536 1443 de
578 1386 905 1456 llipponensi
942 1386 964 1416 ³
999 1383 1067 1438 ad
1106 1382 1363 1451 judicium
1394 1395 1492 1449 pro
1521 1378 1672 1432 factis
1693 1391 1878 1432 eorum

294 1480 524 1550 publica:
551 1478 848 1547 disciplina:
876 1491 1004 1531 cura
1032 1474 1363 1538 deduxerat,
1407 1486 1436 1524 a
1482 1482 1569 1525 tua
1597 1468 1881 1523 Nobilitate

291 1570 531 1639 comperi
575 1567 822 1631 auditos,
868 1575 923 1621 et
967 1565 1221 1634 plurimos
1258 1575 1443 1618 eorum
1478 1560 1546 1614 de
1593 1556 1881 1612 homicidio

292 1661 437 1731 quod
468 1662 520 1715 in
553 1659 895 1723 Restitutum,
922 1656 1241 1711 catholicum
1267 1652 1632 1723 presbyterum
1658 1648 1882 1703 commi-

291 1760 513 1817 serunt,
540 1760 596 1805 et
623 1749 689 1804 de
714 1748 861 1803 czede
890 1744 1203 1809 Innocentii,
1235 1743 1453 1797 alterius
1480 1739 1727 1796 catholici
1756 1753 1880 1807 pre-

291 1844 516 1912 sbyteri,
542 1851 701 1911 atque
726 1840 792 1895 de
816 1838 972 1894 oculo
1000 1837 1117 1906 ejus
1144 1835 1362 1899 eli‘osso,
1385 1841 1441 1887 et
1467 1831 1531 1886 de
1558 1831 1722 1900 digito
1748 1844 1881 1897 prze-

289 1935 405 1988 ciso
429 1932 595 1987 fuisse
622 1929 922 1986 confessos.
968 1927 1120 1984 Unde
1150 1926 1277 1980 mihi
1304 1922 1608 1979 sollicitudo
1647 1920 1877 1974 maxima

291 2026 507 2079 incussa
534 2032 636 2089 est,
669 2038 734 2076 nc
760 2021 900 2076 forte
925 2018 1234 2076 Sublimitas
1266 2027 1351 2071 tua
1378 2023 1592 2070 censeat
1616 2026 1708 2066 eos
1736 2019 1876 2065 tanta

292 2117 470 2186 legum
498 2115 781 2168 severitate
807 2109 1138 2182 plectendos,
1166 2116 1224 2163 ut
1255 2107 1430 2177 qualia
1463 2104 1725 2167 fecerunt,
1758 2101 1877 2155 talia

291 2210 581 2279 patiantur.
628 2205 861 2274 Ideoque
901 2203 982 2257 his
1021 2201 1211 2256 litteris
1255 2199 1491 2253 obtestor
1538 2196 1692 2249 iidem
1735 2203 1877 2248 tuam

288 2318 454 2371 quam
486 2300 650 2355 habes
673 2299 723 2352 in
755 2296 989 2362 Christo,
1017 2310 1111 2364 per
1136 2292 1302 2361 ipsius
1328 2290 1533 2344 Domini
1563 2286 1758 2342 Christi
1782 2286 1881 2338 tui-

290 2392 661 2456 scricordiam,
694 2398 755 2444 ut
784 2391 885 2442 hoc
916 2402 1014 2441 nec
1040 2385 1226 2449 facias,
1254 2397 1353 2437 nec
1376 2380 1487 2435 fieri
1515 2378 1732 2431 omnino
1754 2392 1876 2444 per-

291 2483 494 2536 mittas.
536 2480 787 2548 Quamvis
824 2477 966 2531 enim
994 2476 1061 2530 ab
1087 2489 1273 2529 eorum
1301 2470 1516 2525 interitu
1543 2466 1879 2522 dissimulare

290 2587 593 2642 pnssemus,
628 2571 715 2639 qui
747 2584 851 2622 non
881 2566 1252 2622 accusantibus
1281 2563 1503 2623 nostris,
1542 2560 1634 2614 sed
1668 2559 1875 2612 illorum

290 2664 508 2718 Notoria
550 2662 569 2693 ³
610 2661 677 2716 ad
721 2676 857 2731 quos
898 2658 1106 2713 tuendae
1152 2656 1372 2726 publica:
1417 2655 1560 2725 pacis
1607 2651 1876 2721 vigilantia

289 2755 622 2824 pertinebat,
668 2750 970 2820 przeseutati
1008 2748 1291 2802 videantur
1333 2746 1595 2807 examini;
1631 2743 1878 2796 nolumus

292 2855 470 2898 tamen
516 2844 789 2913 passiones
830 2855 1105 2894 servorum
1148 2837 1278 2901 Dei,
1330 2835 1479 2905 quasi
1508 2835 1619 2888 vice
1643 2833 1873 2897 talionis,

289 2936 510 3003 paribus
531 2932 802 3003 suppliciis
822 2930 1097 2985 vindicari.
1121 2929 1234 2983 Non
1259 2942 1362 2995 quo
1389 2924 1630 2980 scelestis
1651 2924 1879 2977 homini-

290 3025 393 3078 bus
442 3023 708 3078 licentiam
754 3020 1045 3075 faciuorum
1092 3017 1465 3088 prohibeamus
1513 3014 1738 3078 auferri;
1782 3014 1876 3067 sed

292 3113 401 3169 hoc
446 3114 615 3181 magis
644 3112 889 3165 sufﬁcere
918 3110 1161 3163 volumus
1187 3118 1244 3160 ut
1265 3106 1369 3159 vivi
1395 3112 1450 3157 et
1474 3104 1612 3156 nulla
1639 3103 1879 3170 corporis

290 3218 445 3277 parte
471 3203 717 3265 truncati,
752 3201 833 3256 vel
856 3201 921 3253 ab
941 3197 1304 3269 inquietudine
1326 3197 1510 3251 insana
1537 3195 1602 3247 ad
1634 3194 1877 3247 sanitatis

290 3301 461 3353 otium
513 3297 686 3366 legum
735 3294 1059 3349 coercitione
1100 3291 1413 3359 dirigantur,
1451 3287 1533 3341 vel
1569 3303 1598 3339 a
1634 3285 1877 3354 malignis

289 3390 543 3460 operibus
566 3388 719 3442 alicui
744 3386 856 3441 utili
882 3384 1031 3455 operi
1052 3385 1386 3452 deputentur.
1413 3381 1641 3435 Vocatur
1664 3379 1875 3450 quidem

289 3493 351 3534 et
378 3482 480 3535 ista
509 3480 801 3542 damnatio;
826 3476 918 3532 sed
939 3477 1057 3546 quis
1083 3491 1186 3529 non
1213 3474 1468 3542 intelligat
1490 3472 1653 3540 magis
1683 3470 1880 3525 benefi-

292 3574 437 3629 cium
480 3588 637 3643 quam
682 3570 994 3641 supplicium
1037 3566 1478 3636 nuncupandum,
1518 3565 1605 3618 ubi
1647 3578 1744 3617 nec
1773 3578 1874 3615 sa:—

293 3665 472 3720 viendi
500 3665 766 3719 relaxetur
792 3660 1012 3716 audacia
1037 3701 1050 3724 ,
1082 3676 1179 3713 nec
1218 3657 1506 3728 pmnitendi
1538 3654 1879 3710 subtrahatur

293 3757 558 3811 medicina
574 3756 599 3808 ?

363 3850 422 3905 2.
464 3850 651 3918 Imple,
680 3846 967 3902 christiane
986 3844 1147 3914 judex
1169 3885 1182 3907 ,
1215 3843 1283 3911 pii
1318 3841 1480 3912 patris
1506 3842 1769 3903 ofﬁcium;
1801 3841 1880 3896 sic

292 3958 552 3997 succense
582 3940 862 4010 iniquitati,
892 3947 948 3991 ut
972 3938 1250 3993 consulere
1278 3934 1587 3988 humanitati
1616 3933 1878 3987 memine—

294 4038 371 4091 ris
403 4054 415 4089 :
462 4049 560 4111 nec
597 4034 650 4087 in
681 4042 1020 4101 peccatorum
1057 4027 1418 4082 atrocitatibus
1458 4039 1710 4080 exerceas
1750 4024 1881 4077 ulci-

294 4128 476 4184 scvndi
507 4125 812 4190 libidinem;
840 4123 934 4178 sed
967 4129 1302 4191 peccatorum
1329 4116 1639 4171 vulneribus
1661 4115 1879 4170 curandi

295 4219 553 4273 adhibeas
580 4216 924 4269 voluntatem.
956 4212 1071 4266 Noli
1100 4210 1325 4281 perdere
1356 4217 1627 4277 paternam
1659 4206 1881 4274 diligen-

297 4311 447 4375 tiam,
476 4322 634 4377 quam
662 4305 713 4358 in
746 4305 858 4373 ipsa
886 4301 1231 4371 inquisitione
1255 4297 1494 4353 servasti,
1525 4295 1735 4365 quando
1767 4304 1883 4347 tan-

297 4409 473 4451 torum
516 4395 776 4451 scelerum
813 4389 1349 4450 CODfOSSIOllCtll,llOll
1375 4385 1698 4440 extendente
1718 4398 1883 4452 equu-

298 4490 403 4550 leo,
440 4502 547 4542 non
579 4484 907 4539 sulcantibus
935 4481 1164 4549 ungulis,
1194 4494 1298 4533 non
1326 4478 1601 4531 urentibus
1632 4476 1877 4539 flammis,

296 4580 391 4634 sed
422 4579 689 4647 virgarum
713 4573 1019 4629 verberibus
1044 4571 1247 4626 eruisti.
1274 4569 1371 4637 Qui
1395 4568 1584 4621 modus
1612 4567 1883 4620 coercitio-

297 4674 380 4726 uis
411 4687 440 4726 a
468 4669 734 4739 magistris
757 4666 949 4721 artium
975 4664 1292 4728 liberalium,
1320 4671 1374 4715 et
1401 4661 1469 4716 ab
1498 4662 1626 4729 ipsis
1652 4659 1883 4729 parenti-

296 4766 431 4828 bus,
478 4770 534 4817 et
575 4776 720 4828 saepe
763 4759 924 4813 etiam
973 4757 1025 4811 in
1068 4755 1282 4825 judiciis
1327 4756 1463 4809 solet
1505 4755 1572 4808 ab
1620 4753 1882 4822 cpiscOpis

295 4852 556 4909 adhiberi.
603 4850 721 4905 Noli
766 4864 893 4920 ergo
935 4848 1166 4902 atrocius
1206 4845 1510 4909 vindicare,
1547 4844 1684 4914 quod
1718 4844 1883 4898 lenius

297 4944 566 5000 invenisti.
593 4940 899 5012 Inquirendi
932 4954 1087 5007 quam
1118 4937 1365 5007 puniendi
1395 4936 1684 4990 necessitas
1716 4934 1884 5003 major

298 5048 382 5090 est
406 5054 421 5090 :
449 5036 515 5090 ad
541 5036 643 5090 hoc
672 5035 813 5089 enim
844 5042 896 5087 et
923 5030 1188 5085 mitissimi
1210 5028 1454 5082 homines
1478 5028 1679 5082 facinus
1701 5026 1882 5080 occul-

300 5137 467 5182 tatum
491 5126 769 5197 diligenter
798 5133 955 5191 atque
988 5122 1246 5175 instanter
1275 5119 1617 5183 examinant,
1655 5126 1712 5171 ut
1738 5118 1884 5172 inve-

365 5280 383 5311 ί
411 5287 515 5328 uss.
536 5286 831 5328 Auens-mos
850 5279 1124 5338 episcopus.

364 5343 384 5371 ²
410 5346 538 5398 tam,
563 5340 626 5389 de
646 5334 937 5402 Hipponaisi
973 5334 1192 5402 ecclesia.
1217 5342 1277 5402 At
1305 5348 1333 5385 a
1357 5344 1460 5386 Mss.
1486 5338 1629 5402 abest
1649 5334 1851 5402 ecclesia
1867 5373 1881 5396 ν

300 5413 447 5463 quam
472 5396 667 5463 vocem,
691 5396 813 5463 sive
843 5401 1118 5462 quampiam
1154 5396 1362 5447 similem
1384 5397 1700 5460 supplendam
1739 5399 1887 5449 relin-

300 5461 460 5525 quere
478 5461 605 5511 solet
622 5461 927 5525 Augustinus.

413 5534 517 5575 MSS.
544 5532 666 5583 tres,
686 5521 896 5574 Saturio.
923 5522 1009 5571 Alii
1026 5521 1140 5582 duo,
1165 5525 1424 5570 Notatorta.

302 5590 307 5593 ⁷
366 5609 383 5627 “
410 5616 539 5658 uane
562 5606 853 5658 contulimus
873 5620 984 5656 cum
1006 5619 1054 5657 a.
1076 5605 1162 5668 bg.
1187 5602 1256 5653 bl.
1282 5616 1325 5652 c.
1352 5616 1423 5652 ec.
1441 5602 1565 5668 ηε.
1590 5617 1672 5667 gv.
1707 5618 1755 5653 n.
1775 5618 1817 5653 r.
1844 5617 1884 5654 s.

302 5679 341 5721 ι.
362 5685 435 5721 vc.
459 5670 649 5719 duobus
669 5684 710 5719 s.
737 5677 941 5731 quatuor
963 5683 1012 5718 v.
1034 5673 1086 5717 et
1107 5665 1217 5716 cum
1240 5675 1337 5713 Am.
1364 5665 1473 5715 Bad.
1494 5665 1567 5714 Er.
1593 5665 1700 5714 [ος.

366 5751 441 5812 (a)
460 5750 585 5798 Alias
604 5751 693 5800 l59
714 5764 727 5799 :
746 5763 856 5812 qua:
873 5758 1037 5800 autem
1060 5749 1149 5797 155
1167 5753 1289 5807 mat,
1312 5760 1437 5796 nunc
1453 5745 1534 5797 09.
1557 5747 1736 5810 Scripta
1762 5749 1886 5797 circa

305 5811 435 5862 idem
453 5819 663 5874 tempus.

1469 372 1951 432 EPISTULARUM
1992 371 2266 428 CLASSIS
2308 372 2397 428 IlI.

3462 377 3567 435 5l0

1990 490 2137 543 uiant
2174 490 2364 559 quibus
2406 500 2641 559 pareant.
2689 488 2839 544 Unde
2869 488 3178 561 plerumque
3215 505 3434 549 necesse
3459 504 3563 561 est,

1987 588 2297 633 exerceatur
2316 582 2489 634 acrius
2515 580 2804 649 inquisitio.
2837 590 2890 632 ut
2916 580 3250 635 manifestato
3274 581 3476 637 scelere
3498 583 3569 637 sit

1990 670 2076 724 ubi
2109 680 2361 740 appareat
2389 672 2760 725 mansuetudo.
2792 671 2979 725 Untuia
3010 673 3205 741 quippe
3230 673 3367 727 bona
3405 688 3565 742 opera

1986 776 2163 817 amant
2192 763 2244 817 in
2271 764 2387 819 luce
2411 765 2692 828 constitui;
2739 781 2842 818 non
2886 774 3103 834 propter
3140 765 3423 818 humanam
3450 768 3567 836 glo-

1986 855 2144 918 riam,
2175 854 2269 908 sed
2300 864 2353 907 ut
2380 855 2579 908 videant
2599 896 2615 922 ,
2646 856 2721 909 ait
2746 855 3019 923 Dominus,
3048 856 3175 909 bona
3204 872 3359 925 opera
3384 865 3568 922 uestra,

1986 955 2031 999 et
2071 946 2356 1015 gloriﬁcent
2396 944 2605 999 Patrem
2644 956 2860 999 vestrum
2884 948 2967 1019 qui
3001 948 3053 1000 in
3077 947 3213 1001 caelis
3246 957 3319 1001 est
3349 945 3566 1016 (Matth.

1986 1052 2038 1102 v,
2074 1037 2183 1107 I6).
2220 1036 2286 1091 Et
2311 1038 2430 1092 ideo
2454 1052 2561 1091 non
2590 1037 2800 1093 sull‘ecit
2826 1038 3079 1107 Apostolo
3099 1053 3316 1091 monere
3340 1048 3397 1092 ttt
3420 1054 3570 1092 mau-

1986 1127 2320 1182 suetudinem
2369 1142 2744 1194 servaremus,
2791 1128 2885 1182 sed
2927 1136 2985 1181 ut
3022 1142 3138 1182 eam
3187 1129 3343 1182 etiam
3389 1139 3567 1181 notam

1985 1218 2233 1273 omnibus
2263 1218 2595 1273 faceremus:
2624 1218 2993 1285 Mansuetudo,
3042 1218 3233 1289 inquit,
3264 1229 3424 1272 vestra
3450 1230 3569 1272 nota

1986 1310 2050 1363 sit
2076 1309 2305 1364 omnibus
2334 1308 2617 1363 hominibus
2656 1308 2913 1379 (Philipp.
2942 1324 3012 1372 tv,
3045 1308 3135 1379 5);
3175 1318 3230 1363 et
3265 1309 3369 1363 alio
3410 1309 3528 1363 loco
3548 1350 3566 1375 ,

1989 1399 2431 1455 Mansuetudinem
2478 1410 2780 1454 ostentantes
2827 1399 2895 1451 ad
2940 1416 3110 1452 omnes
3157 1398 3381 1453 homines
3432 1398 3567 1470 (Tit.

1986 1504 2061 1556 tu,
2088 1489 2169 1561 Ξ).
2188 1490 2342 1546 Unde
2366 1506 2462 1545 nec
2491 1491 2573 1544 illa
2600 1492 2766 1543 sancti
2790 1489 2970 1551 David,
3001 1491 3213 1559 quando
3234 1491 3445 1545 inimico
3467 1490 3567 1543 sibi

1985 1580 2038 1634 in
2067 1595 2254 1653 manus
2282 1576 2473 1635 tradito
2503 1581 2793 1635 clementer
2822 1580 3052 1650 pepercit
3082 1578 3130 1649 (ι
3158 1579 3282 1649 Reg.
3307 1596 3458 1643 xxiv,
3487 1581 3562 1650 7),

1985 1670 2389 1739 prmclarissima
2420 1670 2608 1725 lenitas
2637 1669 2897 1723 emineret
2918 1710 2932 1733 ,
2965 1668 3067 1721 nisi
3097 1675 3333 1736 potestas
3373 1668 3568 1736 pariter

1984 1770 2283 1831 appareret.
2313 1760 2432 1814 Non
2463 1771 2512 1815 te
2534 1775 2659 1831 ergo
2689 1767 2968 1828 eanperet
2992 1758 3292 1812 vindicandi
3314 1743 3566 1827 potestas,

1984 1855 2068 1907 cui
2107 1854 2376 1907 leuitatem
2419 1869 2521 1906 non
2581 1852 2817 1907 excussit
2877 1849 3213 1905 examinandi
3256 1848 3565 1905 necessitas.

1984 1945 2098 2000 Noli
2131 1945 2364 1999 facinore
2393 1948 2608 1999 invento
2643 1958 2886 2014 quaerere
2927 1957 3327 2012 percussorem,
3372 1941 3570 2010 inquo

1985 2038 2300 2093 inveniendo
2331 2038 2541 2091 noluisti
2572 2036 2826 2091 adhibere
2858 2044 3133 2089 tortorem.

2055 2131 2107 2184 ὅ.
2148 2130 2428 2184 Postremo
2460 2145 2555 2198 pro
2586 2129 2839 2183 Ecclesia:
2877 2128 3100 2181 utilitate
3126 2127 3318 2181 missus
3347 2141 3425 2181 es.
3454 2125 3568 2179 Hoc

1985 2222 2237 2276 Ecclesia:
2267 2222 2543 2277 catholica:
2568 2263 2583 2287 ,
2631 2229 2759 2281 aut,
2810 2230 2868 2273 ut
2916 2220 3130 2273 modum
3160 2217 3568 2287 dispensationis

1984 2331 2116 2368 mea:
2142 2330 2246 2369 non
2278 2312 2587 2383 supergredi
2614 2312 2818 2376 videar,
2854 2312 2952 2364 hoc
2982 2311 3236 2365 Ecclesire
3265 2310 3330 2362 ad
3370 2308 3569 2377 Hippo-

1984 2405 2542 2475 nensium-Begiorum
2570 2403 2842 2459 dioecesim
2863 2403 3144 2470 pertinenti
3172 2402 3444 2471 prodesse,
3466 2399 3568 2455 hoc

1982 2498 2234 2566 expedire
2260 2505 2555 2552 contestor.
2593 2495 2648 2551 Si
2687 2510 2792 2550 non
2833 2493 2984 2546 audis
3012 2494 3241 2546 amicum
3275 2499 3567 2560 petentem,

1983 2588 2107 2642 audi
2134 2590 2442 2658 episcopum
2472 2586 2862 2641 consulentem.
2891 2583 3139 2650 Quamvis
3163 2584 3408 2651 quoniam
3430 2582 3571 2635 chri-

1983 2680 2156 2733 stiano
2186 2678 2376 2747 loquor
2395 2719 2410 2742 ,
2442 2677 2671 2730 maxime
2702 2676 2753 2729 in
2786 2674 2875 2729 tali
2905 2688 3095 2737 causa,
3128 2687 3232 2726 non
3261 2678 3572 2741 arroganter

1964 2770 2227 2831 dixerim,
2259 2768 2445 2823 audire
2473 2776 2527 2822 te
2557 2769 2862 2836 episcopum
2885 2766 3135 2820 convenit
3151 2764 3446 2833 jubentem,
3474 2764 3570 2816 do-

1984 2860 2126 2913 mine
2158 2859 2353 2913 eximie
2381 2867 2435 2912 et
2463 2857 2656 2912 merito
2686 2856 2926 2925 insignis,
2955 2865 3113 2924 atque
3134 2854 3442 2908 charissime
3470 2853 3564 2906 ﬁli.

1985 2951 2136 3006 Unde
2183 2951 2294 3005 scio
2334 2950 2546 3019 quidem
2588 2963 2778 3003 causas
2806 2947 3199 3002 ecclesiasticas
3227 2944 3568 3000 Exeelleutia:

1986 3053 2085 3096 tuze
2109 3042 2441 3112 potissimum
2462 3041 2747 3110 injunrtas,
2774 3039 2865 3095 sed
2889 3040 3007 3108 quia
3029 3038 3189 3093 credo
3210 3038 3361 3091 istam
3386 3051 3570 3091 curam

1984 3134 2046 3187 ad
2076 3134 2244 3187 virum
2265 3132 2618 3188 clarissimum
2646 3142 2803 3200 atque
2827 3130 3171 3199 spectabilem
3197 3129 3566 3197 proconsulem

1986 3225 2271 3293 pertinere,
2299 3223 2364 3276 ad
2396 3238 2517 3277 cum
2549 3236 2757 3290 quoque
2788 3221 2989 3274 litteras
3022 3218 3179 3284 dedi;
3210 3234 3341 3286 quas
3365 3233 3493 3287 rogo
3516 3226 3570 3270 ut

1985 3320 2097 3387 ipsc
2126 3319 2198 3372 illi
2232 3317 2438 3371 tradere
2463 3325 2518 3371 et
2543 3315 2792 3385 allegare,
2818 3315 2860 3367 si
2884 3327 3016 3380 opus
3045 3322 3145 3375 est,
3176 3328 3279 3367 non
3301 3310 3566 3379 graveris:

1982 3413 2141 3470 atque
2182 3403 2367 3456 ambos
2415 3403 2669 3462 obsecro,
2718 3414 2786 3452 nc
2829 3399 3184 3465 importunam
3211 3393 3562 3456 arbitremini,

1983 3495 2066 3548 vel
2095 3492 2555 3556 intercessionem,
2583 3490 2670 3544 vel
2700 3488 3117 3559 suggestionem,
3147 3485 3230 3539 vel
3254 3483 3568 3538 sollicitudi-

1985 3605 2106 3643 nem
2142 3595 2414 3648 nostram;
2462 3594 2515 3639 et
2554 3583 2827 3653 passiones
2866 3579 3246 3634 catholicorum
3294 3590 3569 3629 servorum

1986 3680 2102 3743 Dei,
2136 3694 2253 3747 qua:
2278 3677 2504 3730 infirmis
2528 3675 2593 3729 ad
2622 3673 3026 3728 aedificationem
3058 3667 3384 3736 spiritualem
3414 3665 3571 3719 utiles

1984 3787 2102 3826 esse
2132 3772 2357 3833 debent,
2404 3768 2544 3823 haud
2588 3769 2859 3837 reciproca
2902 3765 3266 3826 inimicorum,
3305 3776 3335 3814 a
3378 3759 3575 3828 quibus

1988 3867 2124 3936 passi
2154 3874 2296 3928 sunt,
2330 3880 2483 3933 paena
2514 3861 2833 3916 decoloretis
2853 3901 2868 3920 ,
2912 3856 3007 3911 sed
3041 3860 3214 3925 potius
3242 3853 3467 3908 refracta
3486 3851 3573 3920 ju-

1985 3956 2199 4011 diciaria
2245 3954 2527 4008 severitate
2548 3993 2562 4017 ,
2592 3961 2645 4006 et
2681 3962 2912 4003 νυμιιτηη
2943 3947 3099 4001 [idem
3124 3986 3137 4007 ,
3167 3945 3292 4014 quia
3325 3942 3417 3995 lilii
3443 3943 3572 3998 estis

1987 4046 2239 4100 Ecclesiae
2258 4085 2274 4109 ,
2314 4052 2369 4099 et
2398 4042 2563 4112 ipsius
2590 4040 2773 4095 matris
2801 4034 3259 4092 mansuetudinem
3300 4047 3575 4086 commen-

1986 4136 2112 4190 dare
2155 4136 2375 4189 minime
2412 4131 2709 4201 negligatis.
2752 4130 2890 4183 Deus
2934 4125 3272 4192 omnipotens
3306 4122 3573 4175 Praestan-

1989 4227 2111 4279 liam
2144 4237 2285 4279 tuam
2316 4224 2471 4277 bouis
2507 4220 2751 4275 omnibus
2778 4224 2962 4285 augeat
2991 4256 3004 4278 ,
3038 4212 3254 4268 domine
3290 4210 3485 4265 eximie
3515 4219 3570 4264 ct

1987 4316 2176 4370 merito
2199 4313 2438 4382 insignis,
2473 4320 2629 4379 atque
2657 4307 2968 4363 charissime
2997 4303 3089 4358 fili.

2401 4443 2732 4501 EPISTOLA
2767 4439 3028 4496 CXXXIV
3050 4444 3068 4461 ο
3092 4436 3190 4508 (α).

1988 4561 2295 4632 Augustinus
2338 4558 2637 4629 Apringium
2685 4554 3029 4626 proconsulem
3068 4562 3210 4622 rogat
3237 4566 3297 4603 ac
3328 4556 3492 4602 mouet
3519 4556 3570 4601 ut

2057 4654 2496 4711 Circumcelliones
2521 4650 2714 4705 atrocia
2748 4650 3001 4717 confessos
3029 4645 3200 4698 mitius
3222 4644 3431 4714 puniat,
3462 4658 3565 4694 me-

2057 4762 2168 4798 mor
2190 4743 2537 4798 ecclesiastica.’
2564 4735 2981 4793 mansuetudinis.

1993 4835 2215 4890 Domino
2245 4833 2433 4902 insigni
2466 4839 2519 4885 et
2545 4829 2736 4883 merito
2775 4825 3010 4883 sublimi,
3041 4838 3103 4875 ac
3136 4819 3571 4888 praestantissimo

2384 4922 2493 4975 lilio
2521 4923 2795 4982 APRINGIO,
2829 4920 3182 4970 AUGUSTINUS.

2060 5038 2112 5090 1.
2141 5035 2253 5089 Non
2283 5033 2466 5087 dubito
2501 5032 2552 5085 in
2582 5030 2678 5083 hac
2710 5035 2971 5097 potestate
3006 5040 3161 5093 quam
3192 5022 3279 5075 tibi
3309 5021 3446 5073 Deus
3474 5019 3570 5073 ho-

1987 5129 2114 5182 mini
2142 5127 2194 5181 in
2222 5125 2465 5180 homines
2491 5122 2672 5187 dedit,
2700 5121 2934 5189 cogitare
2961 5126 3010 5171 te
3037 5116 3270 5170 divinum
3288 5112 3569 5181 judicium,

1988 5221 2076 5273 ubi
2114 5229 2166 5273 et
2200 5218 2406 5284 judices
2431 5216 2641 5269 stabunt
2674 5215 2931 5267 rationem
2959 5209 3025 5262 de
3055 5222 3151 5260 suo
3174 5205 3373 5276 judicio
3398 5204 3568 5258 reddi-

1991 5311 2114 5363 turi.
2160 5308 2459 5363 Chrisﬁana
2494 5305 2692 5374 quippe
2724 5303 2828 5357 fide
2858 5311 2910 5355 te
2940 5299 3196 5353 imbutum
3233 5300 3380 5359 scio;
3432 5295 3573 5350 unde

1991 5401 2118 5454 mihi
2149 5398 2214 5453 ad
2256 5396 2638 5452 Excellentiam
2691 5403 2831 5447 tuam
2873 5393 3044 5458 major
3073 5389 3261 5442 fiducia
3293 5387 3568 5451 tribuitur,

1993 5507 2096 5545 non
2137 5490 2307 5545 solunt
2355 5486 2595 5557 petendi,
2629 5500 2813 5538 verum
2858 5483 3016 5537 etiatn
3069 5476 3315 5534 monendi
3362 5486 3575 5545 propter

2056 5604 2072 5619 '
2102 5599 2445 5649 neceusuimus
2460 5597 2584 5647 hanc
2604 5596 2663 5646 ad
2680 5608 2725 5644 (ι.
2744 5596 2826 5657 hg.
2860 5592 2927 5641 bl.
2941 5606 2990 5657 _c.
3016 5605 3086 5641 ec.
3107 5590 3185 5639 cb.
3205 5588 3256 5637 ff.
3286 5601 3335 5651 g.
3362 5602 3442 5651 gv.
3464 5602 3511 5636 ιι.
3530 5601 3574 5639 r.

1992 5676 2029 5713 s.
2054 5664 2128 5713 sb.
2156 5671 2191 5711 t.
2214 5675 2286 5710 vc.
2307 5669 2511 5723 quatuor
2531 5674 2578 5708 v.
2597 5659 2655 5706 ad
2675 5666 2724 5707 et
2743 5655 2841 5705 Ain.
2863 5655 2971 5704 Bad.
2991 5660 3063 5703 Fr.
3093 5659 3201 5701 Lov.
3278 5698 3281 5701 λ

2054 5746 2125 5804 (a)
2145 5743 2271 5814 alias
2291 5744 2377 5797 160
2397 5758 2409 5793 ;
2430 5756 2540 5813 qtae
2559 5749 2720 5793 autem
2743 5739 2829 5790 ιδι
2856 5745 2979 5799 erat,
3012 5749 3138 5786 nunc
3171 5734 3248 5785 58.
3268 5734 3448 5798 scripta
3469 5744 3578 5789 cum

1996 5819 2262 5869 superiore.
