4014 6338
533 330 590 384 Μ
608 329 625 384 Ι

533 445 677 497 illum
727 441 1042 503 Dominum,
1078 439 1129 494 in
1159 439 1311 508 cujus
1342 436 1535 491 familia
1581 435 1858 490 nobiscum
1905 433 2113 488 caelesti

528 532 649 603 jure
676 533 931 596 censeris,
965 533 1016 586 in
1047 546 1153 601 quo
1186 546 1334 599 spem
1377 529 1500 583 vita:
1544 538 1757 583 internae
1787 527 1988 595 pariter
2013 527 2114 579 ha—

534 626 751 690 bemus,
801 634 856 679 et
878 639 1036 694 quem
1067 637 1164 691 pro
1191 622 1340 675 vobis
1378 621 1430 674 in
1465 618 1822 674 sacrosanctis
1848 615 2117 688 mysteriis

533 717 861 771 invocamus.
899 714 1161 777 Proinde,
1193 711 1409 767 domine
1446 710 1666 780 insignis
1707 718 1766 764 et
1789 710 1988 764 merito
2023 722 2112 762 su-

533 808 732 872 blimis,
762 822 825 862 ac
846 804 1285 878 praestantissime
1312 803 1408 869 fili,
1438 801 1666 872 primum
1695 814 1877 870 quaeso
1913 805 1971 853 ut
2009 812 2124 852 non

532 897 628 951 tibi
655 896 834 952 \idear
863 896 1194 964 importunus
1220 892 1423 947 irruere
1448 891 1654 946 actibus
1680 889 1801 954 tuis,
1833 903 1895 942 ea
1916 886 2124 941 sollici--

535 989 716 1044 tudine
739 1004 896 1058 quam
928 1003 1012 1042 me
1033 985 1297 1056 praecipue
1321 1000 1507 1053 gerere
1527 992 1738 1053 Oportet
1761 997 1856 1051 pro
1876 978 2125 1035 Ecclesia.

535 1078 665 1133 mihi
695 1079 914 1142 credita,
947 1077 1104 1146 cujus
1123 1074 1445 1130 utilitatibus
1491 1072 1700 1137 servio,
1740 1071 1825 1125 cui
1861 1086 1968 1125 non
2011 1080 2122 1124 tam

535 1185 767 1240 pra-esse
791 1185 948 1240 quam
979 1168 1236 1239 prodesse
1271 1166 1515 1223 desidem
1543 1182 1556 1219 :
1588 1163 1780 1220 deinde
1812 1162 2039 1216 obsecro
2065 1168 2128 1216 ut

535 1260 675 1330 quod
715 1275 910 1315 moneo
935 1259 1021 1315 vel
1051 1275 1201 1329 rogo,
1230 1274 1336 1313 non
1361 1255 1670 1326 dedigneris
1701 1252 1942 1324 accipere
1963 1293 1987 1320 ,
2012 1266 2124 1307 non

533 1352 799 1407 cuncteris
818 1352 1177 1422 acquiescere.

603 1445 658 1498 2.
689 1444 1160 1500 Circumcelliones
1197 1439 1452 1511 quosdam
1481 1447 1536 1494 et
1559 1436 1782 1494 clericos
1803 1435 2121 1501 donatistas,

533 1551 660 1590 cura
690 1550 874 1589 eorum
905 1535 994 1604 qui
1032 1532 1324 1602 disciplina:
1359 1530 1582 1600 publica:
1616 1528 1938 1593 inserviunt,
1981 1542 2132 1596 prm-

537 1627 698 1680 missa
725 1624 962 1689 Notoria,
991 1623 1058 1677 ad
1089 1623 1286 1693 judicia
1327 1621 1578 1691 legesque
1615 1617 1879 1688 perduxit.
1907 1616 1970 1670 Hi
1997 1630 2122 1670 cum

534 1717 847 1772 audirentur
874 1731 905 1770 a
944 1716 1060 1770 viro
1087 1714 1384 1769 clarissimo
1421 1720 1474 1766 et
1516 1708 1791 1779 spectabili
1828 1708 2044 1762 tribuno
2068 1714 2125 1760 et

536 1805 746 1860 notario
775 1804 937 1860 fratre
962 1813 1074 1870 tuo,
1101 1803 1212 1858 filio
1234 1818 1353 1857 meo
1377 1799 1702 1863 Marcellino,
1721 1813 1824 1852 non
1847 1795 2136 1852 tormentis.

538 1897 850 1968 ungularum
878 1907 1036 1966 atque
1065 1895 1418 1956 flammarum,
1450 1892 1544 1947 sed
1573 1892 1838 1961 virgarum
1869 1888 2121 1954 coerciti,

538 1987 801 2042 horrenda
832 1988 1064 2041 facinora
1094 1985 1148 2040 in
1176 1984 1369 2039 fratres
1395 1991 1450 2038 et
1478 1981 1943 2051 compresbyleros
1974 1995 2124 2034 meos

534 2096 566 2134 a
611 2095 671 2135 se
719 2086 1021 2150 perpetrata
1057 2077 1286 2132 confessi
1327 2083 1484 2136 sunt;
1527 2072 1668 2143 quod
1707 2072 1914 2126 scilicet
1959 2086 2124 2124 unum

537 2186 722 2224 eorum
775 2177 1055 2238 exceptum
1101 2167 1311 2222 insidiis
1353 2164 1769 2228 trucidaverunt,
1814 2161 2041 2216 alterum
2094 2177 2137 2216 e-

534 2258 698 2312 dumo
725 2267 952 2328 raptum,
979 2257 1136 2312 oculo
1163 2256 1358 2312 effosso
1383 2255 1654 2325 digitoque
1681 2261 1953 2322 amputato
1975 2261 2125 2306 trun-

536 2358 811 2407 caverunt.
840 2348 965 2403 [huc
991 2364 1110 2404 cum
1151 2347 1528 2415 comperissem
1569 2345 1688 2399 illos
1726 2343 1888 2398 fuisse
1911 2342 2126 2398 confes—

539 2455 650 2507 sos,
682 2439 910 2517 ideoque
940 2441 1156 2495 minime
1182 2439 1481 2494 dubitarem
1510 2437 1611 2493 sub
1632 2437 1754 2507 jura
1793 2444 1894 2490 tua:
1921 2435 2128 2490 securis

538 2547 658 2588 esse
683 2541 957 2598 venturos,
987 2532 1083 2587 has
1109 2532 1176 2586 ad
1203 2541 1346 2586 tuam
1368 2531 1708 2586 Nobilitatem
1743 2529 1944 2582 litteras
1971 2541 2126 2582 acce-

538 2622 726 2690 leravi,
748 2623 939 2692 quibus
951 2613 1247 2692 deprecor,
1277 2632 1328 2676 et
1354 2637 1448 2692 per
1474 2619 1890 2675 misericordiam
1927 2616 2134 2672 Christi.

539 2711 793 2777 obsecro,
843 2712 922 2766 sic
946 2711 1014 2768 de
1049 2720 1135 2766 tua
1166 2712 1367 2780 majore
1414 2721 1574 2780 atque
1609 2709 1837 2764 certiore
1878 2708 2128 2762 felicitate

539 2803 882 2873 gaudeamus,
916 2811 972 2857 ut
997 2803 1075 2856 eis
1097 2802 1236 2870 paria
1262 2817 1377 2855 non
1398 2800 1793 2863 retrihuantur;
1821 2813 2136 2867 quanquam.

541 2891 731 2962 lapidis
745 2891 935 2947 ictibus
949 2891 1168 2960 digitum
1193 2889 1477 2960 praecidere
1491 2889 1808 2957 oculumque
1820 2887 2138 2942 convellere

507 2999 514 3008 ’
545 2982 691 3052 leges
717 2981 983 3053 puniendo
1009 2999 1112 3037 non
1137 2981 1358 3052 possint,
1376 2979 1517 3049 quod
1545 2979 1630 3032 isti
1655 2977 1923 3033 saeviendo
1945 2987 2130 3046 potue-

542 3085 688 3130 runt.
733 3075 884 3132 Unde
925 3088 1146 3130 securus
1190 3090 1308 3128 sum
1349 3072 1416 3128 de
1463 3071 1527 3126 iis
1577 3071 1667 3141 qui
1705 3070 1808 3124 hoc
1845 3086 1903 3124 se
1941 3070 2130 3124 fecisse

543 3167 775 3222 confessi
803 3176 946 3229 sunt,
981 3166 1119 3237 quod
1150 3165 1288 3220 hanc
1313 3164 1736 3220 vicissitudinem
1765 3179 1869 3217 non
1892 3171 2134 3231 reporta-

548 3257 718 3322 bunt;
761 3257 855 3312 sed
897 3273 966 3312 ne
999 3259 1079 3312 vel
1115 3257 1245 3326 ipsi,
1287 3257 1377 3310 vel
1415 3257 1489 3309 illi
1527 3271 1752 3325 quorum
1786 3252 2130 3308 homicidium

550 3350 871 3419 patefactum
905 3359 1005 3413 est,
1039 3365 1134 3419 per
1149 3359 1251 3403 tua:
1273 3348 1548 3419 potestatis
1565 3348 1880 3402 sententiam
1903 3347 2131 3401 multeu-

553 3448 671 3502 tur,
715 3441 815 3495 hoc
844 3441 1024 3502 timeo,
1059 3441 1161 3495 hoc
1198 3457 1264 3494 ne
1310 3439 1401 3494 fiat
1441 3448 1496 3494 et
1541 3439 1862 3494 christianus
1896 3438 2137 3508 judicem

544 3547 696 3600 rogo,
727 3540 782 3586 et
805 3533 1150 3587 christianum
1178 3533 1458 3601 episcopus
1486 3547 1698 3585 moneo.

615 3623 669 3676 ὅ.
729 3623 802 3677 De
845 3623 998 3677 vobis
1039 3623 1249 3692 quidem
1304 3623 1502 3677 dixisse
1550 3622 1859 3690 Apostolum
1904 3622 2132 3692 legimus

545 3711 688 3782 quod
721 3727 824 3766 non
862 3713 978 3768 sine
1003 3727 1161 3766 causa
1190 3712 1423 3782 gladium
1455 3713 1667 3782 geratis,
1701 3721 1754 3766 et
1783 3712 2010 3766 ministri
2037 3712 2130 3766 Dei

545 3803 692 3869 sitis,
721 3803 955 3858 vindices
999 3804 1049 3856 in
1082 3818 1177 3858 eos
1205 3803 1293 3872 qui
1325 3804 1460 3857 male
1489 3812 1653 3871 agunt
1695 3803 1868 3872 (Rom.
1895 3818 2006 3868 xm,
2031 3802 2084 3871 4)
2110 3819 2126 3866 ς

546 3895 640 3950 sed
665 3895 764 3949 alia
789 3909 949 3951 allisa
975 3904 1057 3950 est
1090 3895 1394 3964 provincia‘,
1427 3895 1533 3949 alia
1561 3904 1642 3948 est
1676 3894 1925 3948 Ecclesia:
1949 3911 1962 3946 :
1990 3894 2136 3950 illius

547 3984 854 4040 terribiliter
869 3984 1102 4056 gerenda
1128 3995 1211 4041 est
1231 3984 1616 4040 administratio
1634 4001 1648 4050 ;
1670 3985 1826 4054 hujus
1843 3985 2131 4040 clementer

543 4075 965 4130 commendanda
999 4086 1078 4130 est
1109 4074 1478 4130 mansuetudo.
1507 4074 1566 4130 Si
1591 4075 1728 4144 apud
1755 4074 1986 4145 judicem
2023 4092 2128 4130 non

543 4165 895 4224 christianum
942 4167 1073 4222 mihi
1118 4183 1298 4222 seruio
1336 4177 1504 4231 esset,
1545 4168 1699 4223 aliter
1737 4183 1950 4238 agerem
1986 4185 1999 4220 :
2030 4183 2129 4224 nec

545 4267 721 4312 tamen
747 4259 903 4313 etiam
923 4259 998 4312 sic
1021 4258 1272 4313 Ecclesia:
1291 4273 1505 4312 causam
1527 4258 1852 4321 desererem,
1879 4268 1932 4313 et
1955 4275 2127 4330 quan-

548 4358 658 4402 tum
684 4349 963 4404 admittere
988 4350 1315 4418 dignaretur,
1347 4348 1598 4403 instarent
1623 4364 1690 4402 ne
1711 4350 1983 4418 passiones
2009 4364 2128 4404 ser-

545 4454 733 4493 vorum
779 4439 870 4494 Dei
913 4439 1291 4493 catholicorum
1317 4479 1332 4503 ,
1371 4455 1488 4508 qua:
1532 4438 1787 4507 prodesse
1827 4439 2012 4494 debent
2059 4439 2126 4494 ad

545 4519 788 4599 esentpla
821 4531 1109 4601 patientiae,
1140 4532 1470 4585 inimicorum
1498 4547 1716 4585 suorum
1739 4533 1996 4602 sanguine
2024 4531 2129 4588 fm-

545 4622 830 4686 darentur;
859 4631 913 4678 et
932 4624 974 4676 si
999 4622 1162 4678 nollet
1189 4623 1548 4692 acquiescere,
1569 4623 1784 4678 inimico
1809 4625 1984 4678 animo
2005 4641 2126 4680 eum

546 4715 797 4770 resistere
844 4715 1163 4783 suSpiearer.
1211 4714 1360 4769 Nunc
1397 4696 1524 4769 vero
1553 4714 1766 4785 quando
1791 4715 1928 4785 apud
1961 4726 2009 4770 te
2039 4732 2126 4772 res

513 4873 520 4879 _
547 4807 740 4874 agitur,
770 4805 870 4859 alia
900 4803 1029 4858 mihi
1059 4805 1192 4858 ratio
1214 4813 1314 4868 est,
1345 4805 1446 4858 alia
1477 4805 1814 4861 consultatio.
1846 4807 2124 4862 [lectorem

547 4907 598 4950 te
640 4895 853 4966 quidem
897 4895 1167 4966 prmcelsa:
1212 4896 1493 4965 potestatis
1538 4895 1815 4961 videmus,
1845 4897 1937 4951 sed
1968 4898 2124 4950 etiam

547 4989 712 5043 lilium
739 4988 1041 5044 chriStiaum
1061 4989 1268 5057 pietatis
1292 4988 1648 5058 agnoscimus.
1673 4989 1945 5044 Suhdatur
1962 4989 2128 5043 subli-

547 5081 706 5134 mitas
748 5089 856 5144 tua,
895 5078 1151 5134 subdatur
1189 5077 1320 5132 fides
1364 5087 1488 5144 tua;
1519 5093 1734 5134 causam
1760 5089 1935 5134 tecum
1959 5088 2128 5133 tracto

545 5182 902 5235 communem,
918 5167 1010 5224 sed
1035 5175 1088 5223 tu
1113 5168 1162 5221 in
1192 5182 1253 5221 ea
1277 5176 1426 5237 potes
1450 5167 1591 5237 quod
1620 5183 1720 5236 ego
1735 5184 1838 5222 non
1871 5183 2084 5238 possum
2109 5185 2124 5222 :

545 5259 730 5314 confer
759 5259 1032 5314 nobiscum
1059 5259 1362 5320 consilium,
1392 5268 1449 5313 et
1476 5259 1686 5328 porrige
1713 5261 1988 5314 auxilium.

618 5353 671 5405 4.
699 5351 987 5421 Diligenter
1009 5363 1184 5406 actum
1205 5361 1288 5406 est
1313 5360 1370 5406 ut
1393 5351 1591 5405 inimici
1615 5351 1889 5418 Ecclesia‘,
1919 5353 2008 5422 qui
2035 5367 2129 5406 so-

550 5440 664 5496 lent
683 5442 984 5512 vaniloquio
1007 5442 1332 5497 seductiouis
1356 5443 1644 5496 sollicitare
1671 5444 1880 5497 animos
1909 5441 2128 5511 imperi-

551 5540 635 5588 tos
685 5540 934 5604 tanquam
983 5534 1052 5588 de
1105 5533 1474 5603 persecutione
1522 5531 1812 5604 gloriantes
1862 5548 2019 5602 quam
2070 5547 2130 5588 se

552 5623 754 5691 perpeti
800 5622 1028 5690 iactant,
1068 5622 1332 5679 horrenda
1378 5622 1611 5678 facinora
1640 5639 1734 5678 sua
1763 5625 1814 5677 in
1842 5623 2131 5681 catholicos

548 5706 770 5771 clericos
803 5722 1102 5787 perpetrata
1146 5713 1521 5773 faterentur'ot
1555 5715 1667 5774 sols
1691 5717 1868 5776 verbis
1893 5718 2129 5803 iunpli'ca-
2175 5747 2178 5752 -

1747 321 1804 378 S.
1845 319 2210 376 AUGUSTINI
2248 319 2554 377 EPISCOPI

2225 442 2427 488 rentur.
2460 433 2709 504 Legenda
2733 444 2856 490 sunt
2875 435 3036 492 Gesta
3061 435 3128 491 ad
3147 437 3402 496 sanandas
3414 443 3756 520 anima,quss

2222 523 2469 593 pestifera
2498 525 2747 580 suasione
2775 536 3202 582 venenaverunt:
3225 531 3468 600 numquid
3491 533 3650 603 placet
3662 539 3754 594 tibi

2221 627 2278 671 ut
2305 617 2372 671 ad
2405 617 2565 672 finem
2595 616 2898 680 Gestorum,
2931 618 2986 673 si.
3005 628 3279 674 cruentum
3323 621 3530 678 istorum
3576 631 3751 698 suppli-

2222 704 2362 759 cium
2391 705 2724 772 continebit,
2767 706 2992 776 legendo
3038 709 3312 777 pervenire
3349 711 3637 782 timeamus,
3677 720 3752 774 ubi

2221 798 2468 868 ponimus
2495 806 2551 853 et
2575 798 2742 867 ipsam
2769 799 3172 866 conscientiam,
3205 816 3270 855 ne
3297 801 3484 856 malum
3509 819 3598 873 pro
3615 809 3749 874 malo,

2223 889 2315 960 qui
2341 889 2484 960 passi
2521 897 2664 955 sunt,
2706 889 3001 945 reddidisse
3039 889 3314 946 videantur
3329 890 3368 944 ?~'
3398 892 3452 946 Si
3494 909 3610 964 ergo
3645 897 3756 956 nihil

2223 980 2369 1035 aliud
2417 981 2834 1036 constitueretur
2873 981 3145 1036 frcnandze
3179 981 3392 1036 malitiae
3437 983 3754 1052 perditorum,

2225 1079 2473 1127 extrema
2491 1072 2717 1127 fortasse
2743 1067 3035 1128 necessilas
3064 1081 3122 1127 ut
3153 1073 3285 1128 tales
3308 1073 3655 1130 occiderentur
3679 1094 3756 1132 ur-

2228 1173 2410 1233 geret;
2441 1179 2744 1235 quanquam
2773 1165 2913 1235 quod
2942 1165 3014 1220 ad
3035 1181 3136 1220 nos
3163 1166 3367 1230 attinet,
3395 1166 3437 1220 si
3460 1166 3583 1220 nihil
3608 1169 3759 1224 mitius

2226 1253 2306 1308 eis
2336 1255 2448 1309 fieri
2477 1263 2675 1324 posset,
2703 1255 2980 1310 mallemus
3003 1269 3098 1310 eos
3121 1255 3318 1310 liberos
3353 1257 3586 1321 relaxari,
3624 1274 3758 1326 quam

2229 1346 2504 1414 passiones
2546 1344 2768 1400 fratrum
2811 1356 3126 1401 nostrorum.
3152 1344 3274 1400 fuso
3315 1361 3493 1400 eorum
3539 1349 3762 1417 sanguine

2227 1439 2480 1492 vindicari
2515 1457 2528 1491 :
2557 1455 2702 1493 nunc
2729 1454 2856 1494 vero
2883 1453 3003 1493 cum
3031 1438 3228 1508 aliquid
3258 1439 3367 1492 fieri
3397 1438 3572 1507 possit,
3603 1456 3694 1508 quo
3719 1449 3763 1495 et

2228 1530 2370 1585 mitis
2394 1531 2799 1585 commendetur
2825 1531 3080 1596 Ecclesia,
3107 1537 3163 1585 et
3191 1529 3465 1583 immitium
3489 1529 3777 1584 cohibeatur

2227 1621 2476 1687 audacia;
2505 1637 2604 1675 cur
2642 1636 2748 1676 non
2787 1620 2969 1676 ﬂectas
2997 1623 3049 1676 in
3076 1631 3280 1690 partem
3320 1619 3729 1688 providentiorcm
3748 1661 3776 1687 ν

2228 1713 2591 1783 lenioremque
2619 1713 2968 1778 sententiam,
2997 1711 3136 1782 quod
3171 1712 3298 1765 licet
3329 1709 3582 1780 judicihns
3621 1708 3770 1764 facere

2227 1805 2386 1859 etiam
2427 1820 2531 1859 non
2574 1805 2626 1859 in
2661 1805 2840 1860 causis
2880 1803 3166 1860 Ecclesia?
3201 1803 3354 1857 Time
3380 1816 3504 1870 ergo
3527 1800 3772 1855 nobiscum

2223 1896 2481 1966 judicium
2513 1897 2605 1952 Dei
2648 1897 2820 1952 Patris
2845 1937 2860 1963 ,
2903 1905 2960 1951 et
2997 1893 3329 1952 commenda
3353 1893 3779 1947 mansuetudinem.

2229 1987 2414 2040 matris
2443 2005 2456 2041 :
2485 1999 2605 2041 cum
2635 1987 2779 2041 enim
2826 1995 2882 2040 tu
2923 1985 3052 2040 facis
3075 2024 3091 2050 ,
3143 1983 3378 2038 Ecclesia
3410 1981 3544 2044 facit,
3587 1989 3769 2050 propter.

2229 2092 2386 2147 quam
2426 2077 2571 2142 facis,
2606 2086 2660 2131 et
2685 2076 2834 2147 cujus
2874 2076 3010 2130 filius
3060 2073 3212 2129 facis.
3263 2073 3532 2128 Contende
3570 2071 3771 2124 bonitate

2229 2181 2351 2220 cum
2395 2166 2547 2221 malis
2581 2185 2594 2221 :
2629 2166 2700 2221 illi
2741 2167 2944 2221 scelere
2983 2163 3197 2218 immani
3228 2162 3465 2218 membra
3493 2161 3555 2215 de
3580 2175 3773 2228 corpore

2230 2258 2353 2312 vivo
2378 2258 2717 2324 avulseruut;
2749 2269 2806 2312 tu
2842 2272 3004 2326 opere
3048 2255 3382 2309 misericordi
3425 2252 3570 2308 effice
3608 2260 3659 2306 ut
3699 2250 3785 2304 illa.

2230 2369 2348 2426 qua:
2392 2352 2633 2408 nefandis
2672 2351 2921 2421 operibus
2949 2348 3309 2414 exercebant,
3341 2347 3494 2400 alicui
3521 2343 3623 2398 utili
3649 2341 3774 2411 Operi

2231 2448 2433 2516 integra
2460 2459 2646 2499 eorum
2679 2441 2916 2497 membra
2943 2441 3270 2496 deserviant.
3301 2438 3380 2494 llli
3421 2452 3522 2491 non
3555 2449 3774 2505 peperce-

2235 2546 2360 2592 runt
2395 2535 2782 2590 correctionem
2809 2533 2911 2588 sibi
2947 2530 3358 2602 praedicantibus
3392 2528 3483 2582 Dei
3524 2526 3706 2590 servis;
3731 2539 3784 2576 tu

2237 2645 2394 2701 parce
2408 2626 2827 2698 comprehensis,
2851 2639 3008 2694 parce
3033 2623 3228 2688 ductis,
3262 2637 3420 2691 parce
3436 2618 3690 2675 convictis.
3712 2615 3777 2670 Illi

2233 2721 2396 2791 impio
2423 2721 2574 2774 ferro
2601 2717 2858 2772 fuderunt
2891 2714 3199 2783 sanguinem
3237 2712 3586 2767 Christianum
3616 2727 3628 2762 :
3655 2718 3702 2761 tu
3723 2707 3789 2760 ab

2233 2831 2419 2871 eorum
2448 2813 2702 2882 sanguine
2729 2808 3192 2878 etiam-juridicum
3220 2805 3459 2876 gladium
3480 2801 3654 2858 cohibe
3678 2813 3784 2869 pro-

2234 2919 2350 2979 pter
2378 2907 2668 2961 Christum.
2701 2903 2778 2956 llli
2808 2902 3052 2956 ministro
3078 2898 3340 2955 Ecclesia:
3381 2895 3554 2952 occiso
3576 2901 3781 2948 extorse-

2233 3008 2359 3054 runt
2384 2997 2613 3068 spatium
2641 2993 2885 3048 vivendi:
2910 3001 2963 3046 tu
2993 2992 3221 3046 inimicis
3246 2988 3497 3046 Ecclesia:
3519 2982 3791 3040 viventibus.

2233 3091 2414 3145 relaxa
2457 3087 2683 3157 spatium
2729 3083 3041 3154 paenitendi.
3072 3083 3258 3137 Talem
3286 3091 3339 3136 te
3375 3087 3576 3149 oportet
3601 3090 3707 3131 esse
3739 3073 3792 3126 iu.

2233 3197 2389 3237 causa
2416 3180 2663 3234 Ecclesim
2680 3177 2912 3246 judicem
2939 3175 3314 3236 christianum,
3345 3169 3656 3242 petentibus,
3683 3179 3780 3218 mo-

2233 3271 2504 3335 nentibus,
2521 3267 2970 3323 intercedentibus
2991 3265 3166 3318 nubis.
3180 3263 3369 3318 Solent
3394 3259 3624 3314 homines
3643 3269 3793 3326 quam

2234 3365 2304 3420 do
2331 3379 2450 3419 cum
2478 3361 2705 3415 inimicis
2728 3374 2913 3414 eurum
2941 3357 3198 3412 convictis
3225 3355 3402 3411 lenius
3431 3355 3622 3423 agitur,
3650 3364 3676 3401 a
3699 3345 3784 3399 mi-

2235 3459 2369 3512 tiore
2408 3453 2671 3510 sententia
2713 3465 3002 3520 provocare
3046 3467 3059 3503 :
3101 3447 3194 3504 sed
3227 3447 3475 3500 inimicos
3512 3451 3705 3496 nostros
3726 3435 3784 3490 ita

2232 3548 2521 3617 diligimus,
2553 3554 2609 3599 ut
2636 3543 2736 3598 nisi
2766 3543 2833 3598 de
2864 3551 2953 3596 tua
2978 3540 3270 3594 christiana
3296 3533 3594 3591 obedientia
3616 3541 3792 3600 praesu-

2235 3653 2478 3702 mamus,
2526 3652 2557 3690 a
2610 3647 2696 3689 tua
2745 3649 2928 3689 severa
2972 3631 3234 3686 sententia
3285 3639 3646 3698 provocemus.
3671 3619 3788 3673 Deus

2232 3729 2570 3798 omnipotens
2599 3725 2982 3781 Excellentiam
3013 3733 3153 3777 luant
3183 3722 3479 3775 auctiorem
3501 3713 3787 3770 feliciorem-

2232 3838 2336 3893 que
2360 3829 2661 3885 conservet,
2690 3820 2905 3873 domine
2928 3816 3150 3887 insignis
3168 3824 3222 3869 et
3253 3814 3448 3869 merito
3473 3807 3790 3869 sublimis,.ac

2232 3913 2668 3986 prmstantissinie
2700 3911 2792 3966 fili.

2629 4001 2954 4058 EPISTOLA
2995 3997 3236 4054 CXXXV
3277 4001 3298 4020 ‘
3329 3994 3431 4069 (α).

2243 4097 2549 4152 Volusianus
2579 4095 2851 4164 Augustino
2870 4135 2884 4158 ,
2918 4105 3199 4164 proponens
3223 4088 3304 4141 illi
3329 4084 3622 4164 questions
3643 4096 3660 4134 :
3678 4093 3792 4161 gnto-

2305 4168 2457 4222 modo
2486 4167 2626 4220 Deus
2655 4159 2934 4218 immensus
2965 4159 3134 4214 claudi
3163 4159 3382 4228 potuerit
3409 4166 3546 4208 utero
3573 4159 3791 4228 uirginis,

2302 4250 2349 4293 et
2394 4239 2610 4308 infantis
2648 4234 2984 4308 corpusculo;
3015 4225 3285 4308 annmndi
3331 4242 3514 4308 curam.
3551 4225 3794 4308 deseruerit

2302 4294 2524 4372 interim,
2555 4317 2676 4370 etc.,°
2711 4294 2833 4357 rium
2863 4294 3012 4356 etiam
3040 4299 3298 4353 miraculis
3328 4296 3453 4352 satis
3481 4294 3720 4347 declarata
3740 4294 3794 4341 sit

2249 4376 2252 4377 ν
2303 4382 2412 4450 ejus
2436 4378 2690 4432 divinitas.

2233 4472 2456 4528 Domino
2499 4486 2609 4524 vere
2645 4476 2849 4531 sancto,
2895 4481 2953 4518 ac
2992 4463 3170 4517 merito
3217 4461 3492 4515 rencrabitt
3535 4455 3662 4528 patri
3700 4453 3796 4507 Att-

2587 4574 2817 4616 cusruvo-
2834 4557 3090 4627 episcopo,
3119 4552 3477 4608 VOLUSIANUS.

2307 4653 2358 4710 l.
2392 4651 2531 4706 Petis
2560 4668 2656 4714 me,
2685 4651 2759 4703 rir
2787 4647 3050 4719 probitatis
3069 4645 3391 4716 justititeque
3421 4644 3796 4699 documentum,

2232 4753 2287 4799 ut
2335 4744 2506 4810 aliqua
2540 4758 2602 4796 ea:
2633 4740 2880 4810 ambiguis
2909 4731 3594 4804 lectionis‘peritte‘disccnda
3613 4740 3801 4802 perennc

2235 4848 2329 4891 ter.
2360 4835 2646 4906 Amplector
2681 4834 2897 4905 gratiam
2924 4830 3143 4884 muneris
3170 4828 3430 4896 imperati,
3461 4840 3635 4894 meque
3665 4821 3802 4874 libens

2232 4932 2286 4984 in
2317 4929 2612 4999 disciplinas
2641 4937 2754 4979 tuas
2778 4923 2956 4991 offero,
2988 4922 3164 4976 veteris
3187 4921 3454 4974 sententia:
3475 4914 3800 4969 auctoritatem

2231 5033 2462 5086 secutus,
2503 5034 2617 5089 qute
2645 5019 2841 5072 nullam
2868 5016 2936 5069 ad
2964 5011 3353 5086 perdiscendum
3384 5010 3644 5064 abundare
3667 5001 3804 5059 credit

2233 5123 2453 5166 (etatem.
2480 5109 2657 5181 Neque
2674 5108 2922 5162 immerito
2937 5107 3158 5177 sapiens,
3182 5103 3473 5174 prudentia:
3490 5100 3652 5154 studia
3670 5093 3804 5150 nullis

2237 5205 2478 5266 terminis,
2513 5220 2672 5273 neque
2697 5203 2796 5271 ﬁne
2819 5201 3100 5264 conclusit,
3144 5197 3350 5269 quando
3392 5193 3681 5265 primordiis
3715 5184 3806 5241 sui!

2233 5309 2429 5354 remota
2469 5297 2628 5350 virtus
2658 5295 2676 5326 ί
2702 5309 2956 5366 nunquam
2983 5294 3110 5346 adeo
3132 5299 3388 5346 reseratur
3423 5283 3733 5344 adeuntibus,
3760 5284 3806 5328 ιιι

2301 5415 2473 5487 ιορηιιδ
2493 5413 2640 5461 vatio.
2665 5408 2822 5458 codex
2837 5407 3033 5458 caeteris
3050 5403 3416 5467 refragantibus
3425 5399 3640 5464 praefert,
3651 5395 3810 5444 manta

2233 5483 2425 5528 omnis.
2729 5533 2738 5536 Α
2822 5529 2836 5536 _
3113 5529 3124 5536 .
3201 5527 3230 5536 η

2299 5512 2629 5586 ιπιξῖέιιείιιιιιιιι
2663 5529 2870 5596 epiStola
2892 5543 3086 5589 enm,
3111 5529 3161 5578 in
3199 5523 3375 5576 iisdem
3396 5522 3513 5573 old.
3538 5530 3679 5584 supra
3696 5512 3812 5565 deﬂ-

2235 5607 2515 5776 Ξῗᾷἶδλὶὴδ
2534 5658 2728 5770 gguine
2747 5663 2909 5708 autem
2945 5655 3033 5705 £35
3066 5658 3191 5712 erat,
3225 5660 3358 5728 nunc.
3392 5647 3501 5730 HQ.
3536 5645 3711 5706 εει-1912
3729 5635 3812 5686 αδ

2305 5732 2426 5776 tum
2442 5734 2552 5773 sum
2667 5757 2680 5770 .
2891 5739 2898 5745 ·
3349 5731 3376 5754 -~
3700 5759 3706 5765 Δ

2305 5731 2426 5777 item
2442 5731 2552 5773 sum
2572 5731 2680 5770 sta.
2891 5739 2898 5745 ·
3349 5731 3376 5754 ι’
3700 5759 3706 5765 .
3779 5771 3781 5775 ,
