4122 6350
334 362 441 416 513

335 476 502 531 omnis
538 474 766 544 protinus
808 471 878 525 ad
913 470 1217 543 agnitionem
1252 480 1492 541 patescat.
1534 472 1751 528 Domine
1797 491 1913 530 vere

332 575 506 619 sancte
525 606 541 629 ,
586 579 645 617 ac
682 563 857 616 merito
898 561 1192 615 venerabilis
1220 571 1381 630 pater,
1414 570 1485 616 est
1504 576 1669 631 opera:
1695 564 1908 633 pretium

330 670 631 726 cognoscere
653 652 873 706 habitam
899 653 1029 706 inter
1058 668 1148 706 nos
1175 652 1400 721 proxime
1428 652 1905 724 confabulationem.

331 748 645 814 Quibusdam
670 746 943 798 amicorum
968 744 1287 798 conventibus
1315 745 1603 811 aderamus,
1626 745 1908 815 frequentes

329 838 720 908 proferebantur
755 836 860 889 illic
926 851 1020 905 pro
1061 834 1276 905 ingeniis
1332 836 1586 901 studisque
1628 836 1907 889 sen‘tentite.

329 930 457 985 Erat
491 940 657 981 tamen
696 944 858 981 sermo
902 926 1153 979 rhetorica
1194 926 1395 995 partitio
1423 942 1441 979 :
1465 926 1604 995 apud
1629 943 1907 996 agnoscen-

323 1029 422 1073 tem
471 1019 680 1082 loquor;
726 1032 843 1069 nam
879 1016 1031 1069 etiam
1062 1016 1161 1068 ista
1200 1015 1351 1085 paulo
1378 1026 1495 1069 ante
1529 1014 1761 1069 docuisti.
1807 1016 1909 1068 Ad-

320 1110 611 1164 struebatur
635 1116 755 1177 quid
780 1116 904 1160 esset
928 1106 1141 1158 inventio
1159 1145 1174 1170 ,
1220 1120 1332 1174 qua:
1363 1105 1658 1160 inventionis
1687 1106 1907 1157 acrimo-

321 1203 407 1255 nia
431 1203 479 1263 ',
497 1211 712 1271 quantus
730 1197 1030 1267 disponendi
1045 1196 1205 1262 labor,
1229 1212 1340 1265 qua:
1363 1197 1704 1251 translationis
1718 1196 1902 1268 gratia,

321 1308 434 1365 qua:
467 1293 816 1345 iconismatum
842 1287 1185 1359 pulchritudo,
1218 1297 1263 1340 et
1290 1304 1381 1357 pro
1410 1287 1610 1357 ingenio
1631 1297 1908 1357 naturaque

250 1371 256 1375 ’
320 1384 551 1436 materia:
597 1382 826 1451 apposita
865 1380 1015 1433 etiam
1059 1378 1259 1433 dicendi
1306 1379 1548 1450 facultas.
1595 1378 1694 1432 Alii
1729 1396 1907 1433 rursus

319 1475 574 1544 poeticam
590 1473 844 1527 elevabant
865 1472 1105 1540 faventes.
1134 1469 1219 1524 Ne
1238 1474 1369 1523 hanc
1393 1472 1594 1541 quidem
1616 1472 1907 1542 eloquentia:

312 1574 521 1633 portent
543 1563 747 1616 tacitam
771 1570 856 1614 aut
872 1561 1171 1614 inhonoram
1194 1561 1215 1591 '
1245 1560 1509 1631 relinquis,
1536 1569 1592 1613 ut
1612 1562 1907 1615 convenieno

304 1665 392 1709 ,ων
422 1665 577 1725 poeta
606 1654 786 1707 dixerit
813 1668 832 1706 :

470 1773 607 1817 Inter
629 1766 853 1816 victrices
869 1763 1107 1813 hederam
1131 1764 1217 1814 tibi
1238 1777 1444 1827 serpere
1466 1763 1646 1815 lauros.

1054 1847 1077 1910 (
1088 1847 1219 1910 Virg.
1239 1848 1405 1897 Bucol.
1429 1846 1519 1898 ecl.
1540 1848 1612 1911 8.)

312 1954 594 2008 Dicebatur
641 1968 759 2023 ergo
803 1960 1018 2022 quantus
1039 1955 1336 2005 monomia:
1363 1962 1487 2005 esset
1517 1960 1757 2018 ornatus,
1791 1968 1905 2023 qum

314 2045 737 2115 metaphorarum
782 2052 1036 2106 venustas,
1070 2052 1261 2112 quanta
1304 2042 1356 2095 in
1402 2043 1777 2111 comparatione
1816 2059 1902 2096 su-

314 2138 540 2191 blimitas
557 2152 575 2199 ,'
588 2137 701 2208 jam
728 2135 855 2189 leves
880 2134 1157 2203 euodesque
1175 2150 1362 2195 versus,
1393 2144 1559 2204 atque,
1584 2144 1638 2188 ut
1660 2135 1731 2188 ita
1760 2136 1902 2188 dixe-

308 2230 438 2294 rim,
469 2243 774 2281 cwsurarum
804 2225 1062 2279 modulata
1087 2225 1314 2277 variatio.
1345 2223 1490 2277 Tunc
1512 2228 1580 2278 ad
1595 2227 1901 2297 familiarem

312 2330 458 2371 tuam
490 2316 862 2388 philosOphiam
889 2332 1052 2368 sermo
1073 2315 1311 2383 deflectit,
1347 2331 1499 2383 quam
1522 2316 1630 2385 ipse
1653 2316 1901 2369 Aristote-

312 2409 415 2463 lico
456 2425 598 2462 more
654 2418 892 2478 tanquam
948 2405 1277 2461 lsocraticam
1330 2411 1495 2478 fovere
1550 2424 1895 2463 consueveras.

315 2499 680 2566 Qua'rcbamus
707 2509 755 2553 et
783 2497 907 2569 quid
942 2498 1095 2568 egerit
1140 2508 1419 2567 praeceptor
1458 2515 1521 2552 ex
1548 2497 1748 2569 Lyceo;
1777 2500 1899 2569 quid

310 2590 603 2645 Academia:
629 2589 895 2659 multiplex
934 2596 981 2641 et
1023 2589 1314 2641 continuata
1349 2589 1638 2655 cunctatio;
1665 2589 1785 2656 quid
1812 2591 1900 2643 ille

307 2685 599 2751 disputator
634 2696 699 2734 ex
730 2679 969 2743 Porticu;
1008 2678 1129 2750 quid
1177 2677 1504 2749 Physicorum
1530 2681 1749 2751 peritia;
1778 2683 1897 2747 quid

310 2772 680 2844 Epicureorum
705 2770 968 2840 voluptas;
994 2770 1115 2838 quid
1142 2771 1271 2823 inter
1297 2787 1465 2824 omnes
1491 2771 1693 2839 inﬁnita
1716 2772 1895 2841 dispu-

310 2862 456 2915 tandi
488 2862 665 2924 libido,
698 2869 912 2932 tuncque
951 2861 1110 2931 magis
1146 2862 1375 2930 ignorata
1401 2862 1601 2927 veritas,
1627 2871 1894 2932 postquam

304 2964 672 3026 prtesumptum
701 2964 773 3008 est
800 2954 934 3024 quod
957 2954 1111 3024 possit
1134 2955 1358 3024 agnosci.

378 3047 436 3101 2.
465 3046 604 3100 Dum
636 3049 691 3100 in
730 3048 808 3101 his
843 3047 1184 3117 confabulatio
1223 3057 1393 3099 nostra
1427 3055 1727 3111 remoratur,
1762 3065 1894 3102 unus

306 3156 333 3193 e
361 3140 534 3192 multis
564 3155 583 3193 :
613 3138 679 3192 Et
717 3139 857 3209 quis,
908 3138 1103 3207 inquit,
1137 3148 1207 3193 est
1236 3139 1481 3207 sapientia
1511 3140 1579 3192 ad
1619 3143 1893 3209 perfectum

308 3230 703 3285 Christianitatis
738 3230 990 3295 imbutus,
1026 3230 1113 3299 qui
1150 3230 1386 3300 ambigua
1415 3232 1466 3283 in
1507 3230 1687 3299 quibus
1728 3232 1892 3285 laureo

302 3323 468 3393 possit
497 3321 714 3391 aperire,
746 3321 1019 3390 dubiosque
1051 3337 1283 3374 assensus
1310 3338 1444 3374 meos
1473 3337 1587 3374 vera
1616 3322 1691 3375 vel
1720 3323 1892 3376 verisi-

305 3413 423 3466 mili
456 3413 753 3466 credulitate
790 3413 1034 3480 ﬁrmare?
1073 3412 1346 3482 Stupemus
1381 3422 1616 3468 tacentes.
1658 3413 1801 3467 Tunc
1836 3417 1889 3468 in

306 3503 419 3557 lure
454 3514 633 3573 sponte
674 3503 956 3573 prorumpit
984 3518 1003 3556 :
1029 3502 1191 3555 Miror
1222 3514 1390 3556 utrum
1428 3505 1605 3557 mundi
1642 3504 1889 3560 Dominus

304 3602 355 3647 et
382 3605 543 3647 rector
572 3594 879 3647 intemerata:
915 3594 1115 3664 femina:
1150 3610 1334 3663 corpus
1378 3594 1684 3666 impleverit,
1711 3606 1886 3666 pertu-

305 3685 420 3738 lerit
450 3684 620 3738 decem
649 3684 891 3738 mensium
920 3683 1071 3754 longa
1094 3684 1183 3737 illa
1212 3686 1417 3754 fastidia
1443 3695 1620 3750 mater,
1647 3696 1691 3738 et
1719 3697 1886 3739 tamen

304 3776 444 3846 virgo
471 3778 622 3829 enixa
651 3777 714 3829 sit
749 3776 1060 3829 solemnitate
1090 3776 1346 3845 pariendi,
1380 3787 1425 3831 et
1451 3788 1561 3849 post
1592 3778 1698 3831 ha'c
1728 3779 1885 3849 virgi-

301 3867 435 3918 nitas
478 3866 667 3919 intacta
705 3866 1053 3937 permanserit.
1088 3865 1183 3920 llis
1224 3876 1269 3919 et
1308 3868 1410 3920 alia
1434 3869 1676 3922 subnectit
1700 3886 1717 3923 :
1740 3868 1887 3922 Intra

303 3957 661 4025 corpusculum
688 3955 928 4025 vagientis
956 3956 1188 4025 infantia:
1214 3956 1351 4019 latet,
1390 3958 1470 4009 cui
1508 3975 1601 4027 par
1625 3959 1709 4012 vix
1738 3958 1759 3990 ³
1789 3976 1885 4029 pu-

300 4056 441 4099 tatur
479 4047 814 4108 universitas;
854 4049 1042 4114 patitur
1081 4045 1381 4115 puerilztutis
1403 4065 1582 4110 minos,
1609 4049 1882 4117 adolescit,

301 4140 561 4211 iuventute
593 4138 871 4201 solidatur;
907 4148 1008 4190 tam
1053 4138 1139 4191 diu
1177 4156 1207 4190 a
1236 4139 1435 4193 sedibus
1476 4141 1580 4193 suis
1621 4140 1759 4194 abest
1797 4140 1886 4195 ille

300 4239 560 4299 regnator,
588 4240 735 4297 atque
755 4228 824 4281 ad
845 4245 1000 4281 unum
1020 4230 1372 4298 corpusculum
1394 4230 1541 4283 totius
1567 4233 1741 4283 mundi
1764 4249 1887 4285 cura

305 4323 637 4391 transfertur;
666 4319 845 4372 deinde
872 4319 926 4371 in
968 4336 1171 4373 somnos
1208 4321 1506 4387 resolvitur,
1544 4322 1653 4375 cibo
1689 4324 1844 4377 alitur
1866 4366 1883 4391 ,

298 4428 473 4465 onntes
500 4412 791 4465 mortalium
805 4412 951 4465 sentit
974 4410 1183 4477 affectus
1203 4430 1222 4477 ;
1248 4430 1337 4465 nec
1358 4414 1477 4467 ullis
1495 4417 1884 4485 competentibus

300 4504 455 4573 signis
481 4512 635 4556 tanta:
660 4504 936 4575 majestatis
962 4503 1149 4556 indicia
1173 4504 1450 4559 clarescunt
1469 4547 1484 4568 ,
1514 4509 1751 4577 quoniam
1780 4510 1884 4563 lur-

303 4596 424 4648 eatis
454 4594 474 4625 ⁸
500 4594 593 4647 illa
622 4596 875 4665 purgatio,
899 4594 1137 4648 debilium
1166 4611 1323 4661 curre,
1356 4595 1552 4649 reddita
1574 4598 1674 4651 vita
1702 4599 1883 4670 defun-

303 4687 409 4749 ctis,
440 4689 569 4751 hate,
600 4688 645 4741 si
672 4696 721 4740 et
751 4686 879 4740 alios
906 4686 928 4717 ⁸
953 4687 1165 4757 cogites,
1207 4684 1311 4740 Deo
1341 4704 1494 4757 parva
1532 4700 1670 4744 sunt.
1710 4689 1884 4745 Inter-

302 4777 526 4830 senimus
569 4776 781 4830 ulterius
831 4775 1099 4847 inquirenti
1121 4816 1136 4840 ,
1182 4776 1438 4847 solutoque
1486 4788 1765 4847 conventu,
1813 4782 1883 4834 ad

360 4930 456 5000 i_tn
478 4934 585 5000 uss.
604 4926 984 4990 septemdecim:
997 4924 1306 4978 Astrttebatur
1325 4928 1444 4992 quid
1464 4936 1585 4981 esset
1604 4929 1883 4985 inventionis

359 5001 887 5115 mwiidwmratmn
904 5047 1093 5115 reliqui.
1124 5049 1441 5115 Memphi-es,
1458 5050 1770 5115 reliquissent.
1790 5056 1881 5104 sed

298 5110 698 5178 legendumant:
726 5111 944 5178 melioris
987 5110 1115 5160 noue
1148 5110 1287 5178 pridi,
1305 5174 1314 5178 _
1329 5110 1610 5178 inhonorain
1632 5116 1877 5178 relinquis.

301 5173 473 5246 Laudat
493 5174 676 5246 quippe
698 5173 1013 5246 Augustinum
1035 5173 1163 5245 quod
1186 5174 1424 5236 poeticam
1446 5174 1727 5237 nobilitarit,
1747 5173 1882 5227 libris

301 5234 528 5284 videlicet
548 5234 831 5297 conscriptis
849 5234 914 5283 de
936 5234 1132 5283 musim.
1186 5234 1203 5236 ⁷
1713 5234 1722 5237 ’

361 5297 382 5367 ξ
406 5296 555 5367 inde};
562 5295 643 5345 cui
666 5309 831 5367 parva.
858 5302 913 5367 ,ῃ
935 5295 1233 5367 uss._viginti
1256 5302 1362 5367 tres
1380 5303 1483 5346 tum
1504 5298 1554 5347 in
1575 5299 1682 5360 hac,
1707 5307 1808 5351 tum
1831 5302 1880 5351 in

300 5357 440 5418 Epist.
468 5358 555 5405 137
580 5357 857 5407 constanter
879 5357 1080 5415 habent,
1104 5357 1183 5427 cui
1199 5369 1295 5465 [Lar
1316 5357 1415 5406 vix.
1448 5418 1460 5429 .
1670 5357 1677 5360 ⁷

300 5418 385 5496 μζ
401 5426 533 5496 ΡΨ
549 5416 1197 5496 ,ῗὶῖίῗεὶςκὶίὲδςιέειέῖξέίίὲὶέί
1217 5492 1236 5496 _
1268 5426 1585 5496 HE"???'2:§‘
1606 5422 1693 5496 3‘“.
1708 5436 1880 5496 οξυυθε

299 5478 510 5550 haheat,
543 5478 773 5540 larvalis;
799 5480 844 5529 id
870 5488 947 5530 est
970 5479 1193 5529 liberatio
1214 5492 1242 5528 a
1264 5478 1589 5543 daemonibus,
1613 5487 1698 5546 qui
1735 5484 1879 5537 larva:

356 5549 669 5676 Ῠῗαιευῗὶρνς
694 5599 1198 5676 e‘iasgurﬁéégﬁate
1220 5607 1265 5653 ει
1285 5599 1383 5676 die
1403 5600 1459 5675 εί.
1476 5603 1668 5676 certe
1701 5606 1803 5676 sed.
1828 5607 1878 5657 in

294 5668 400 5730 Im.
423 5662 505 5712 liic
522 5669 575 5730 et
596 5662 719 5730 intra
741 5665 790 5713 in
812 5662 1061 5730 l-‘pistJfﬂ
1074 5662 1401 5730 legitur,_htec
1414 5664 1459 5715 si
1478 5672 1524 5715 et
1533 5662 1663 5730 'alios
1683 5666 1875 5730 cogites.

293 5727 367 5797 §ic
388 5736 530 5797 porro
544 5724 755 5797 legebat
776 5724 1290 5797 Augustinusncumgad
1314 5725 1404 5797 h_oc_
1423 5728 1718 5789 respondeat
1782 5738 1875 5780 pa-

292 5785 825 5849 «mirquidc'mctnos
847 5785 962 5838 talia
981 5785 1179 5851 gessisse
1206 5786 1478 5852 Prophetas,
1500 5785 1595 5841 etc.

1514 358 1991 418 EPISTULAHUI
2031 365 2301 427 CLASSIS
2340 371 2422 428 Ill.

2017 482 2227 547 potioris
2266 487 2459 553 peritia:
2505 493 2680 547 merita
2731 496 3037 565 distulimus,
3089 520 3153 560 ne
3187 505 3308 561 dum
3346 509 3596 568 incautius

2016 583 2205 626 secreta
2233 587 2558 647 temerantur,
2580 584 2633 637 in
2652 588 2858 657 culpant
2883 592 3159 661 deflecteret
3174 614 3312 651 error
3328 601 3592 660 innocuus.

2016 661 2283 734 Accepisti,
2316 670 2391 723 vir
2415 674 2564 727 totius
2592 677 2769 745 gloria:
2791 698 2973 748 capax,
3005 685 3270 753 imperitia:
3311 695 3587 763 confessio-

2014 768 2163 817 nem;
2198 759 2321 827 quid
2354 778 2387 813 a
2424 767 2655 833 partibus
2684 772 2855 824 vestris
2882 775 3187 831 desideretur
3214 785 3462 851 agnoscis.
3506 786 3596 840 ln-

2014 853 2161 945 terest
2186 853 2337 919 fama:
2360 863 2477 919 tute,
2492 865 2544 909 ut
2563 861 2769 923 qua'sita
2796 866 3094 921 noverimus.
3118 869 3394 941 Utcumque
3412 874 3594 945 absque

2009 934 2306 995 detrimento
2350 945 2516 999 cultus
2544 948 2700 1003 divini
2730 953 2781 1004 in
2814 956 2929 1007 aliis
2970 962 3310 1017 sacerdotibus
3356 968 3595 1022 toleratur

2010 1027 2242 1094 inscitia;
2273 1043 2325 1085 at
2353 1053 2469 1088 cum
2493 1040 2562 1090 ad
2588 1043 2859 1097 antistitem
2888 1048 3227 1117 Augustinum
3256 1057 3464 1123 venitur,
3496 1060 3595 1128 legi

2012 1118 2148 1173 deest
2176 1124 2419 1195 quidquid
2452 1134 2710 1202 contigerit
2748 1136 2988 1205 ignorari.
3020 1140 3334 1200 Incolumem
3373 1118 3593 1204 Venerii-

2011 1210 2194 1266 tionem
2243 1224 2380 1268 tuam
2433 1220 2666 1279 divinitas
2717 1244 2913 1283 summa
2962 1242 3183 1304 tueatur,
3233 1238 3435 1295 domine
3481 1260 3593 1297 vere

2010 1314 2199 1373 sancte,
2230 1324 2290 1361 ac
2314 1314 2487 1365 merito
2514 1317 2807 1373 venerabilis
2832 1331 2991 1389 pater.

2401 1420 2727 1480 EPISTOLA
2768 1429 3032 1488 CXXXVI
3071 1438 3090 1458 ¹
3127 1435 3228 1506 (a).

2008 1521 2340 1582 Marcellinus
2366 1530 2663 1603 Augustino,
2688 1554 2872 1607 rogans
2893 1553 2948 1593 ut
2978 1542 3250 1599 Volusiano
3276 1548 3430 1617 faciat
3444 1554 3583 1615 satis,

2078 1628 2125 1671 et
2159 1637 2371 1676 narrans
2412 1628 2657 1695 quosdam
2685 1632 2987 1687 calumniari
3024 1638 3159 1703 quod
3197 1638 3332 1693 Deus
3376 1653 3588 1698 veterem

2080 1708 2263 1780 Legem
2290 1730 2397 1783 pra:
2423 1718 2571 1771 taedio
2600 1737 2686 1773 seu
2714 1724 3039 1780 consiliorum
3066 1730 3404 1786 inconstantia
3436 1736 3588 1788 abro-

2075 1802 2227 1869 garit,
2253 1805 2482 1875 quodque
2513 1809 2741 1864 doctrina
2767 1817 3049 1885 evangelica
3073 1820 3137 1872 sit
3164 1823 3449 1891 reipublica:
3477 1826 3590 1878 inn-

2076 1893 2213 1958 tilis;
2242 1895 2455 1967 denique
2480 1900 2777 1958 christianos
2806 1908 3059 1979 principes
3091 1914 3303 1967 multum
3340 1918 3586 1971 malorum

2075 1982 2322 2041 invexisse
2350 1990 2656 2059 reipublicae.

2005 2092 2223 2149 Domino
2265 2099 2573 2172 nimiumque
2602 2108 2890 2169 venerabili,
2923 2120 2969 2163 et
3005 2114 3235 2169 onmibus
3266 2118 3389 2170 mihi
3414 2119 3587 2188 officiis

2093 2190 2238 2242 unice
2267 2194 2564 2259 pereolendo
2590 2200 2724 2266 patri
2748 2202 3069 2271 Aucus'nxo,
3102 2207 3492 2266 MARCELLINUS.

2076 2302 2127 2355 1.
2171 2302 2260 2357 Vir
2284 2307 2495 2363 illustris
2532 2310 2836 2369 Volusianus
2867 2316 3199 2376 Beatitudinis
3228 2332 3329 2377 tua:
3354 2326 3477 2379 mihi
3498 2324 3582 2379 lit-

2003 2401 2133 2447 teras
2172 2396 2307 2467 legit,
2351 2401 2451 2454 imo
2490 2419 2568 2456 me
2594 2406 2791 2474 quidem
2822 2420 3025 2477 cogente
3050 2410 3278 2479 pluribus
3304 2415 3439 2485 legit,
3473 2434 3586 2480 qute

2001 2485 2188 2539 scilicet
2234 2491 2403 2543 omnia
2441 2508 2554 2561 qua:
2594 2512 2626 2546 a
2670 2504 2717 2548 te
2759 2498 3014 2564 dicuntur,
3057 2517 3170 2554 cum
3210 2518 3318 2557 vere
3353 2486 3585 2560 miranda

2000 2575 2121 2641 sint,
2156 2593 2507 2651 usquequaque
2542 2584 2750 2640 miratus
2778 2604 2907 2641 sum.
2952 2589 3211 2647 Sermonis
3251 2595 3385 2648 enim
3428 2597 3585 2651 divini

1998 2669 2166 2736 gratia
2195 2671 2450 2726 humiliter
2476 2684 2689 2742 tumens,
2713 2679 2862 2745 facile
2889 2690 2941 2733 ut
2964 2682 3183 2751 placeret
3202 2687 3427 2739 emeruit.
3455 2686 3585 2741 Hinc

2000 2758 2130 2809 enim
2158 2759 2432 2829 plurimum
2458 2764 2667 2832 placuit,
2700 2772 2836 2838 quod
2861 2770 3080 2825 hominis
3104 2789 3303 2842 gressus
3322 2776 3583 2844 aliquanto

2002 2850 2269 2905 titubantes
2299 2854 2415 2907 boni
2440 2858 2685 2924 propositi
2710 2858 3053 2914 exhortatione
3074 2872 3291 2918 statuere
3309 2875 3355 2919 et
3378 2867 3583 2934 ﬁrmare

1998 2944 2277 2996 contendis.
2314 2944 2405 2999 Est
2448 2950 2579 3001 enim
2624 2951 2763 3003 nobis
2800 2968 2913 3005 cum
2952 2954 3123 3007 cadent
3167 2958 3460 3028 quotidiana
3490 2976 3581 3028 pro

1998 3036 2184 3089 viribus
2226 3040 2432 3104 nostris,
2479 3050 2525 3093 et
2570 3059 2660 3110 pro
2704 3044 2889 3113 ingenii
2933 3056 3231 3116 paupertate
3282 3050 3577 3118 disputatio.

1998 3126 2203 3182 Sancta:
2221 3131 2464 3199 siquidem
2490 3134 2663 3187 matris
2684 3136 2793 3201 eius
2822 3140 3105 3206 precatione
3129 3141 3433 3209 compulsus.
3457 3159 3579 3195 cura

1997 3219 2119 3271 mihi
2149 3230 2218 3273 est
2244 3239 2355 3274 eum
2382 3226 2687 3293 frequentius
2709 3228 2965 3280 salutandi
2983 3231 3146 3299 gratia
3167 3234 3444 3294 convenire,
3467 3235 3579 3289 licet

1994 3313 2147 3365 vicem
2176 3314 2229 3366 in
2258 3316 2353 3368 hac
2378 3326 2520 3384 parte
2546 3318 2754 3371 reddere
2775 3321 2923 3373 etiam
2948 3323 3055 3391 ipse
3079 3322 3328 3393 dignetur.
3361 3325 3578 3394 Accepta

1992 3414 2159 3456 autem
2202 3404 2598 3462 Venerabilitatis
2625 3420 2726 3463 tute
2753 3413 2984 3481 epistola,
3013 3413 3160 3467 homo
3185 3416 3269 3485 qui
3292 3432 3324 3468 a
3354 3417 3453 3470 veri
3480 3414 3578 3470 Dei

1992 3493 2283 3560 stabilitate,
2313 3496 2581 3551 multorum
2609 3516 2821 3569 quorum
2849 3504 2899 3554 in
2930 3504 3023 3555 hac
3049 3505 3171 3556 urbe
3192 3506 3337 3573 copia
3366 3516 3437 3559 est
3463 3523 3577 3577 per-

1994 3586 2228 3639 suasione
2254 3599 2536 3653 revocatur,
2567 3591 2639 3643 ita
2665 3604 2829 3645 motus
2867 3603 2959 3657 est,
3007 3604 3060 3647 ut
3098 3596 3161 3660 si,
3203 3606 3445 3665 quantum
3470 3598 3576 3666 ipse

1993 3677 2281 3742 conﬁrmat,
2313 3679 2593 3732 litterarum
2625 3682 2960 3749 prolixitatem
3001 3685 3204 3738 minime
3234 3687 3551 3755 formidasset

1991 3780 2138 3817 omne
2164 3766 2472 3821 Beatitudini
2502 3779 2601 3822 tua:
2642 3773 2775 3839 quod
2813 3772 2991 3826 habere
3051 3784 3209 3843 potest
3272 3777 3571 3831 insinuasset

1990 3857 2298 3927 ambiguum.
2348 3859 2453 3912 Sed
2481 3870 2646 3913 tamen
2684 3864 2826 3927 satis,
2873 3865 2999 3917 sicut
3027 3868 3175 3919 etiam
3217 3868 3326 3936 ipse
3363 3869 3574 3939 probare

1972 3947 2277 4016 dignaberis
2295 3990 2309 4014 ,
2338 3950 2472 4003 culto
2507 3965 2837 4023 accuratoque
2858 3971 3101 4017 sermone,
3131 3966 3178 4009 et
3206 3958 3451 4012 Romana:
3470 3960 3575 4013 clo-

1990 4041 2207 4105 quentia:
2232 4042 2395 4095 nitore
2419 4044 2683 4112 perspicuo
2704 4085 2720 4109 ,
2759 4046 2928 4115 aliqua
2953 4046 3049 4099 sibi
3087 4046 3279 4100 exsolvi
3316 4049 3572 4117 impendio

1990 4133 2276 4201 postulavit.
2304 4131 2431 4197 Qua:
2447 4134 2645 4202 quidem
2666 4137 2873 4204 qutestio
2902 4153 3248 4207 usquequaque
3272 4139 3453 4191 detrita
3473 4150 3567 4205 est,

1989 4234 2035 4276 et
2057 4222 2401 4293 eorum'super
2421 4226 2515 4279 hac
2540 4237 2683 4296 parte
2699 4228 2821 4281 satis
2837 4238 2956 4281 nota
2973 4230 3244 4295 calliditas,
3264 4232 3349 4300 qui
3368 4232 3572 4299 dispen-

1988 4317 2232 4369 sationem
2276 4317 2541 4371 dominicae
2582 4319 2943 4373 incarnationis
2978 4321 3247 4390 infamant.
3276 4321 3380 4377 Sed
3404 4332 3571 4377 tamen

1988 4406 2138 4460 etiam
2165 4423 2255 4476 ego
2280 4407 2330 4459 in
2356 4407 2450 4460 hac
2474 4418 2650 4478 parte,
2686 4411 2804 4480 quia
2842 4411 3073 4479 plurimis
3107 4411 3352 4483 quidquid
3386 4415 3569 4468 rescri-

1991 4499 2151 4567 pseris
2181 4499 2506 4568 profuturum
2531 4518 2637 4555 esse
2661 4502 2884 4571 conﬁdo,
2912 4514 3141 4573 precator
3166 4506 3477 4573 accesserim,
3517 4517 3572 4559 ut

1986 4586 2056 4640 ad
2080 4604 2139 4640 ea
2169 4589 2456 4659 vigilantius
2497 4592 2801 4661 respondere
2845 4593 3085 4663 digneris,
3134 4595 3187 4648 in
3228 4595 3407 4665 quibus
3443 4596 3572 4650 nihil

1986 4679 2209 4751 amplius
2234 4680 2527 4747 Dominum,
2550 4700 2701 4753 quam
2729 4684 2819 4737 alii
2844 4684 3068 4738 homines
3094 4686 3257 4754 facere
3282 4694 3567 4756 potuerunt.

1987 4771 2198 4840 gessisse
2223 4772 2549 4825 mentiuntur.
2571 4772 2895 4843 Apollonium
2915 4774 3161 4843 siquidem
3186 4792 3333 4828 suum
3357 4775 3499 4828 nobis
3520 4785 3568 4830 et

1986 4860 2277 4929 Apuleium,
2309 4862 2533 4930 aliosque
2574 4864 2784 4933 magica:
2827 4864 2949 4917 artis
2993 4865 3219 4919 homines
3256 4865 3308 4919 in
3350 4867 3567 4919 medium

1987 4957 2267 5021 proferunt,
2288 4970 2501 5022 quorum
2518 4956 2714 5023 majora
2734 4956 3039 5010 contendunt
3062 4958 3281 5011 extitisse
3300 4956 3563 5011 miracula.

2055 5043 2108 5096 2.
2139 5043 2167 5096 l
2174 5061 2262 5112 pse
2285 5055 2451 5097 autem
2474 5046 2549 5098 vir
2564 5045 2777 5102 illustris
2801 5050 3032 5118 superius
3057 5061 3377 5115 memoratus,
3405 5050 3565 5103 multa

1987 5152 2093 5189 esse
2116 5136 2243 5189 dixit
2264 5136 2589 5205 prtesentibus
2617 5137 2910 5206 aliquantis,
2932 5157 3047 5207 qua:
3064 5141 3180 5193 huic
3203 5148 3402 5209 possent
3412 5140 3564 5209 jungi

1987 5243 2088 5280 non
2114 5227 2362 5280 immerito
2390 5227 2653 5296 qutestioni
2681 5228 2697 5259 ί
2718 5270 2734 5294 ,
2759 5230 2832 5295 si,
2855 5238 2912 5282 ut
2939 5241 3057 5283 ante
3081 5230 3207 5294 dixi,
3240 5246 3340 5283 non
3361 5229 3424 5282 ab
3451 5230 3562 5298 ejus

2051 5379 2067 5410 ι
2090 5386 2193 5449 viss.
2214 5378 2455 5450 undecim,
2481 5377 2655 5450 nutltas
2670 5392 2773 5431 esse
2795 5378 2937 5441 diril,
2964 5393 3073 5445 qua
3093 5380 3205 5431 Ιηιίε
3220 5378 3562 5445 Ροδδεηυκηθί

1984 5452 2078 5490 non
2098 5448 2334 5490 immerito
2355 5448 2649 5503 qnmstiones.

2048 5527 2066 5544 ‘
2089 5525 2274 5591 Adodd.
2299 5539 2346 5574 a.
2372 5526 2452 5589 bg.
2479 5524 2546 5591 bl.
2572 5526 2654 5574 bu.
2679 5539 2722 5575 c.
2746 5539 2818 5575 cc.
2838 5525 2888 5577 fi.
2908 5543 2958 5591 g.
2982 5541 3063 5590 εν.
3083 5529 3121 5591 j.
3147 5527 3181 5591 l.
3212 5540 3260 5576 n.
3286 5540 3327 5575 r.
3353 5528 3427 5591 sb:
3451 5540 3494 5577 s.
3520 5534 3557 5577 t.

1981 5600 2064 5697 lg.
2092 5587 2172 5637 vd.
2207 5589 2328 5637 duos
2349 5599 2393 5637 a.
2414 5587 2650 5651 'quinque
2672 5602 2720 5638 ν.
2754 5587 3029 5653 τθωεῦηεῐ,
3054 5587 3105 5639 et
3127 5589 3186 5638 ad
3209 5597 3309 5638 Am.
3334 5588 3444 5640 ΒΜ.
3482 5595 3559 5639 Β.

2042 5663 2090 5697 v.

1981 5730 2261 5857 magici.”
2276 5733 2309 5781 ϐ
2330 5745 2474 5805 ςῳε
2488 5738 2654 5793 autem
2672 5731 2765 5783 136
2784 5741 2918 5794 erat,
2938 5745 3067 5784 nunc
3079 5734 3155 5783 77.
3180 5733 3359 5797 Scripta
3378 5732 3555 5801 perdet!
