4122 6350
564 407 673 464 515

564 521 792 591 portibus
830 520 1115 592 epistolaris
1160 518 1476 574 considerata
1520 518 1731 572 brevitas
1779 518 1971 590 fuisset.
2024 517 2154 582 Quae

563 623 729 667 tamen
760 614 872 666 licet
903 613 1116 665 scribere
1142 611 1379 673 noluerit,
1403 621 1565 663 tacere
1593 627 1692 663 non
1723 620 1796 664 est
1827 626 2024 679 passus.
2050 609 2150 661 Di-

561 708 700 759 cebat
736 705 865 758 enim
894 705 1029 772 quod
1059 704 1148 756 etsi
1176 703 1269 756 sibi
1296 702 1443 755 hodie
1480 702 1841 755 incarnationis
1887 702 2151 755 dominica:

560 800 690 851 ratio
721 796 1009 850 redderetur
1029 836 1042 855 ,
1072 795 1216 847 reddi
1253 794 1336 846 via:
1378 795 1445 846 ad
1481 793 1724 863 liquidunt
1770 793 1924 862 possit
1952 810 2042 845 cur
2069 793 2150 846 hic

565 887 724 948 Deus,
762 887 847 956 qui
889 897 936 939 et
988 885 1172 938 Veteris
1199 883 1504 937 Testamenti
1550 883 1687 936 Deus
1731 899 1836 937 esse
1877 883 2145 951 firmatur,

470 981 473 986 ’
561 980 743 1048 spretis
786 977 1026 1031 veteribus
1062 977 1325 1044 sacrificiis
1373 975 1646 1029 delectatus
1689 985 1759 1028 est
1793 975 1950 1028 novis.
2002 975 2150 1029 Nihil

561 1069 692 1121 enim
721 1067 907 1136 corrigi
949 1082 1092 1135 posse
1117 1065 1366 1119 asserebat
1413 1065 1509 1119 nisi
1553 1064 1687 1134 quod
1712 1068 2026 1140 ante/actum
2046 1082 2147 1118 non

558 1167 685 1211 recte
715 1157 1040 1228 probaretur;
1063 1159 1137 1211 vel
1156 1157 1289 1222 quod
1313 1158 1465 1211 semel
1485 1168 1614 1211 recte
1635 1161 1822 1227 factum
1849 1160 1933 1218 sit,
1964 1157 2147 1209 immu-

557 1249 655 1301 tari
690 1249 942 1302 ullatenus
991 1265 1091 1301 non
1138 1249 1384 1301 debuisse.
1419 1247 1570 1300 Recte
1606 1250 1737 1301 enim
1777 1251 1909 1318 facta
1952 1249 2146 1301 dicebat

558 1339 744 1391 mutari
774 1339 870 1392 nisi
898 1339 1082 1409 injuste
1107 1356 1206 1392 non
1237 1354 1418 1407 posse;
1439 1340 1656 1391 maxime
1677 1340 1794 1405 quia
1816 1340 1910 1392 ista
1930 1340 2143 1392 varietas

553 1430 905 1482 inconstantia:
933 1429 1096 1484 Deum
1139 1432 1295 1495 possit
1338 1445 1567 1499 arguere.
1613 1428 1740 1482 Tum
1785 1430 1966 1483 deinde
2009 1430 2144 1500 quod

554 1520 664 1591 ejus
688 1520 980 1590 prwdicatio
1005 1531 1154 1589 atque
1180 1521 1427 1583 doctrina,
1460 1519 1747 1588 reipublicw
1765 1520 1981 1575 moribus
2001 1521 2143 1575 nulla

553 1626 616 1662 ex
643 1620 785 1679 parte
814 1611 1109 1673 conveniat;
1134 1619 1324 1680 utpote,
1357 1611 1487 1663 sicut
1514 1627 1545 1662 a
1572 1611 1744 1662 multis
1769 1610 1974 1665 dicitur.
1999 1612 2142 1681 cujus

554 1703 649 1754 hoc
670 1709 856 1754 constet
885 1710 1209 1771 prazceptum,
1228 1711 1280 1753 ut
1301 1699 1432 1753 nulli
1447 1701 1637 1753 malum
1659 1717 1752 1769 pro
1775 1701 1906 1754 malo
1937 1703 2142 1754 reddere

551 1789 817 1843 debeamus
845 1789 1021 1860 (Rom.
1054 1806 1148 1854 xu,
1183 1791 1290 1857 17),
1330 1799 1375 1842 et
1409 1790 1701 1858 percutienti
1732 1789 1887 1842 aliam
1923 1791 2143 1860 praebere

553 1882 839 1946 maxillam,
879 1891 925 1934 et
969 1881 1182 1949 pallium
1213 1881 1334 1932 dare
1365 1881 1648 1950 persistenti
1680 1881 1900 1933 tunicam
1931 1881 2136 1944 tollere,

548 1981 596 2024 et
622 1989 735 2025 eum
762 1989 818 2024 eo
852 1972 936 2039 qui
979 1989 1072 2024 nos
1108 1973 1376 2041 angariare
1401 1974 1639 2036 voluerit,
1669 1972 1742 2025 ire
1771 1972 1946 2026 debere
1972 1974 2140 2042 spatio

547 2065 737 2117 itineris
767 2065 1022 2133 duplicato
1054 2064 1270 2133 (Matth.
1298 2081 1348 2126 ν,
1376 2062 1567 2134 5941)
1595 2080 1611 2116 ;
1636 2081 1749 2134 quae
1773 2065 1943 2116 omnia
1969 2065 2139 2134 reipu-

545 2155 690 2209 blica:
713 2155 930 2208 moribus
957 2156 1134 2208 asserit
1157 2172 1263 2208 esse
1287 2157 1560 2208 contraria.
1597 2154 1734 2208 Nam
1766 2156 1878 2222 quis
1909 2156 2018 2208 tolli
2045 2156 2141 2209 sibi

546 2249 608 2301 ab
635 2249 773 2301 hoste
798 2248 992 2318 aliquid
1018 2248 1256 2318 patiatur,
1281 2248 1359 2301 vel
1385 2248 1625 2301 Romana:
1648 2248 1917 2317 provincia:
1941 2247 2138 2316 depriv-

548 2339 713 2392 datori
745 2355 845 2390 non
872 2338 1005 2390 mala
1025 2340 1136 2390 velit
1153 2337 1271 2391 belli
1284 2341 1403 2407 jure
1426 2339 1700 2406 reponere?
1720 2337 1781 2390 Et
1803 2347 1983 2391 cwtera
2026 2354 2139 2406 qua:

544 2429 646 2480 dici
683 2428 750 2479 ad
777 2427 969 2494 reliqua
1005 2444 1168 2496 posse,
1209 2429 1444 2498 intelligit
1488 2427 1845 2481 Venerabilitas
1874 2439 1976 2480 tua.
2012 2427 2136 2482 licet:

544 2535 664 2588 ergo
683 2520 852 2571 omnia
873 2519 973 2586 ipsi
997 2535 1142 2588 posse
1165 2519 1378 2588 adjungi
1397 2519 1610 2572 testimat
1636 2521 1919 2588 quwstioni,
1945 2521 1997 2572 in
2017 2529 2135 2574 latt-

544 2620 650 2663 tum
674 2619 726 2662 ut
748 2627 838 2680 per
865 2610 1169 2664 christianos
1195 2611 1466 2680 principes,
1493 2611 1820 2663 christianum
1843 2612 2133 2681 religionem

543 2701 767 2753 maxima
791 2716 854 2754 ea:
879 2709 1019 2769 parte
1039 2710 1321 2765 servantes,
1365 2710 1503 2753 tanta
1537 2699 1766 2773 (etiamsi
1803 2702 1912 2771 ipse
1948 2703 2009 2755 de
2039 2703 2134 2756 hac

542 2800 684 2862 parte
709 2793 889 2862 taceat)
918 2791 1209 2862 reipublicae
1229 2792 1363 2845 mala
1383 2793 1601 2845 evenisse
1629 2793 1955 2862 manifestum
1983 2793 2070 2846 sit.

613 2883 666 2936 3.
701 2880 866 2943 Unde,
894 2881 1022 2935 sicut
1046 2880 1316 2934 Beatitudo
1347 2892 1434 2935 tua
1466 2891 1658 2935 mecum
1697 2882 1938 2953 dignatur
1973 2901 2133 2953 agno-

539 2988 697 3036 scere,
725 2973 792 3024 ad
817 2973 922 3026 hth
947 2975 1117 3026 omnia
1147 2974 1410 3044 (quoniam
1446 2975 1715 3028 multarunt
1760 2975 1989 3029 manibus
2026 2977 2134 3032 sine

540 3064 692 3116 dubio
720 3064 941 3117 tradetur
963 3063 1258 3118 Sanctitatis
1281 3075 1381 3118 tute
1405 3065 1690 3118 desiderata
1716 3068 2000 3136 responsio)
2019 3067 2130 3136 ple-

541 3171 637 3207 nus
678 3155 817 3208 debet
866 3166 912 3207 et
956 3156 1274 3210 elucubratus
1312 3155 1577 3210 solutionis
1620 3158 1859 3227 splendor
1901 3159 2132 3224 ostendi;

541 3248 764 3301 maxime
787 3249 904 3317 quia
931 3265 1043 3301 cum
1065 3250 1162 3307 ista
1186 3260 1474 3320 gererentur
1491 3291 1506 3315 ,
1548 3252 1758 3304 eximius
1790 3251 2131 3321 Hipponensis

541 3340 762 3410 regionis
807 3356 1062 3408 possessor
1104 3350 1148 3393 et
1187 3341 1422 3395 dominus
1458 3358 1678 3409 pru‘sens
1719 3342 1925 3407 aderat,
1959 3343 2046 3412 qui
2083 3353 2131 3397 et

543 3432 876 3487 Sanctitatem
923 3443 1061 3484 tuam
1104 3433 1194 3486 sub
1239 3434 1418 3488 ironia:
1447 3435 1735 3488 adulatione
1781 3435 2040 3502 laudaret,
2083 3444 2130 3488 et

541 3524 656 3587 sibi,
683 3539 795 3575 cum
821 3523 883 3576 de
906 3524 982 3576 his
1006 3533 1269 3594 quareret,
1299 3526 1504 3579 minime
1538 3526 1852 3593 satisfactum
1876 3543 1982 3579 esse
2006 3543 2128 3580 con-

543 3616 783 3668 tenderet.
817 3617 924 3688 ligo
955 3635 1070 3671 vero
1098 3619 1165 3670 ad
1192 3620 1299 3673 htec
1335 3620 1503 3672 omnia
1533 3620 1876 3687 promissionis
1904 3637 2003 3673 non
2027 3621 2126 3672 im-

542 3721 733 3758 memor
764 3707 852 3759 sed
885 3708 1272 3762 exactorJibt-os
1289 3710 1471 3777 conﬁci
1490 3710 1747 3778 deprecor,
1764 3694 2130 3774 Ecclesiw,.hoc

542 3798 762 3853 maxime
787 3810 1026 3869 tempore,
1050 3800 1406 3854 incredibiliter
1426 3805 1733 3872 profuturos.

897 3930 1232 3987 EPISTOLA
1269 3932 1554 3988 CXXXVII
1579 3938 1598 3956 ο
1636 3935 1734 4005 (a).

541 4019 832 4090 Respondet
859 4023 1166 4094 Augustinus
1202 4025 1270 4078 ad
1302 4025 1528 4094 singulas
1565 4027 1864 4096 quastiones
1899 4031 2127 4099 superius

991 4117 1274 4186 propositas
1301 4133 1332 4170 a
1373 4115 1661 4172 Volusiano.

537 4221 764 4278 Domino
794 4225 982 4281 illustri
1021 4235 1075 4281 ct
1115 4227 1307 4282 merito
1340 4228 1560 4299 insigni,
1605 4240 1660 4286 et
1688 4219 2124 4301 prtestantissimo

605 4319 716 4372 tilio
747 4320 1064 4385 Vowsuno,
1095 4321 1449 4389 Aucosrtnus,
1480 4325 1532 4377 in
1562 4325 1786 4379 Domino
1815 4328 2058 4384 salutem.

608 4407 836 4465 CAPUT
865 4410 1287 4466 PRIMUM.—l.
1315 4412 1439 4480 Legi
1463 4413 1663 4468 litteras
1683 4424 1821 4480 tuas,
1854 4419 1904 4470 in
1929 4419 2122 4488 quibus

535 4497 646 4552 vidi
663 4499 836 4568 magni
854 4500 1128 4568 cujusdam
1146 4501 1339 4571 dialogi
1358 4504 1648 4571 specimen,
1668 4505 1916 4560 laudabili
1949 4509 2122 4563 brevi-

538 4597 650 4644 tate
675 4592 1141 4660 comprehensum.
1169 4593 1510 4662 Responderc
1534 4596 1692 4665 igitur
1709 4597 1886 4662 debui.
1907 4615 2006 4655 nec
2023 4617 2119 4670 pro

538 4678 795 4734 dlatione
818 4681 1014 4750 aliquid
1045 4683 1405 4737 excusationis
1428 4699 1716 4755 opponere.
1741 4687 1946 4742 Accidit
1973 4691 2116 4745 enim

530 4780 848 4838 opportune,
881 4782 938 4826 ttt
981 4775 1048 4829 ab
1089 4775 1276 4830 alienis
1307 4777 1536 4847 negotiis
1567 4777 1694 4832 mihi
1725 4779 2111 4848 aliquantulum

530 4873 763 4917 vacaret.
798 4865 999 4932 Quibus
1021 4875 1197 4922 autem
1225 4869 1486 4925 dictandis
1510 4871 1610 4926 hoc
1633 4872 1796 4926 otittm
1827 4883 2113 4930 statueram

474 5025 484 5038 ‘
530 4950 858 5021 impendere,
891 4957 1159 5024 paululum
1190 4959 1392 5026 distuli,
1423 4977 1755 5032 nequaquam
1775 4963 1975 5033 justum
1997 4981 2116 5020 esse

531 5045 814 5100 arbitratus
857 5055 914 5101 ut
954 5062 1110 5118 quem
1155 5049 1222 5104 ad
1261 5052 1607 5120 quaerendum
1651 5053 1958 5108 exhortatus
2001 5056 2114 5125 ipse

531 5133 755 5202 fueram,
783 5136 1052 5195 differrem
1080 5153 1427 5210 querentem.
1457 5145 1587 5211 Quis
1613 5156 1791 5201 autem
1831 5156 2068 5202 nostrum
2094 5189 2110 5216 ,

533 5227 622 5292 qui
648 5227 864 5292 Christi,
895 5238 953 5284 ut
982 5246 1286 5299 possumus,
1317 5235 1540 5303 gratiam
1568 5237 1950 5304 ministratnus,
1990 5255 2110 5294 cum

532 5326 618 5368 ttta
651 5320 807 5373 verba
834 5322 1037 5392 legerit,
1067 5325 1136 5378 ita
1165 5334 1214 5380 te
1242 5327 1370 5381 velit
1393 5327 1628 5381 doctrina
1661 5329 1847 5383 instrui
1872 5331 2114 5387 christia-

533 5419 620 5468 na,
648 5415 706 5460 ut
748 5409 842 5463 tibi
881 5421 1082 5468 tantum
1131 5413 1358 5470 sufﬁciat
1403 5416 1467 5471 ad
1519 5419 1777 5484 salutem,
1818 5435 1922 5474 non
1955 5422 2112 5489 hujus

597 5541 612 5558 '
634 5541 696 5590 Ad
857 5559 999 5655 supra
1024 5557 1228 5611 notatos,
1263 5552 1440 5614 quibus
1485 5551 1685 5614 cpistola
1709 5567 1872 5604 cxxxn
1896 5557 2114 5608 contine-

597 5614 631 5655 τ.
653 5612 884 5655 castigata
925 5609 1012 5655 ult.

531 5607 631 5660 tur,
653 5607 884 5667 castigata
907 5607 1012 5659 fult.

591 5682 880 5763 {fllflifisﬁt
906 5703 1016 5752 qua:
1048 5700 1208 5744 autem
1233 5695 1316 5744 157
1354 5701 1456 5745 erat
1477 5728 1491 5756 ,
1523 5709 1650 5747 nunc
1666 5695 1744 5747 78.
1765 5699 1941 5762 Scripta
1970 5702 2110 5763 paulo

529 5754 632 5806 post
651 5757 724 5807 su;
743 5754 967 5800 cr'torctn.

1821 402 1878 460 S.
1918 399 2281 460 AUCUS’I'L‘il
2322 406 2620 469 EPISCOPI

3745 423 3844 481 5l6

2259 523 2395 591 vitm,
2430 542 2586 597 quam
2610 530 2820 600 vaporis
2846 545 2964 588 csse
3002 532 3347 603 simillimam,
3389 536 3654 594 tantillum
3680 553 3840 610 appa-

2256 617 2441 682 rentis,
2476 628 2528 672 et
2572 621 2712 674 illico
2755 625 3092 680 vanescentis
3130 636 3289 696 atque
3330 631 3631 697 pereuntis,
3663 645 3840 686 sermo

2253 706 2466 762 divinus
2506 711 2796 768 admonere
2835 716 3040 769 cltravit
3075 715 3277 786 (Jacobi
3311 734 3381 783 tv,
3427 719 3536 789 15),
3573 719 3666 774 sed
3694 719 3834 774 iflam

2254 799 2479 853 salutem
2513 813 2728 872 propter
2769 821 2926 874 quam
2967 806 3363 877 adipiscendam
3395 818 3448 863 ct
3477 810 3527 862 in
3574 823 3832 864 attentum

2253 891 2592 948 obtinendam
2623 895 2897 951 christiani
2942 901 3166 954 smnus?
3205 901 3394 955 Parum
3425 911 3509 957 cst
3530 918 3660 972 ergo
3687 904 3836 959 nobis

2252 983 2331 1036 sic
2376 995 2425 1038 lc
2464 985 2686 1051 instrui,
2730 997 2786 1042 ut
2835 989 2924 1042 tibi
2962 991 3032 1044 sit
3061 992 3334 1046 liberanda
3365 995 3513 1048 satis.
3561 993 3837 1064 Ingenium

2251 1073 2446 1142 quippe
2470 1086 2522 1130 ct
2547 1077 2814 1147 eloquium
2846 1090 2991 1134 tuum
3019 1089 3123 1136 tam
3149 1083 3416 1138 excellens
3446 1093 3657 1155 tamque
3683 1086 3834 1141 lucu-

2252 1165 2452 1221 lentum
2485 1170 2738 1237 prodesse
2767 1172 2924 1228 debet
2949 1175 3106 1228 etiam
3139 1177 3366 1242 exteris,
3394 1185 3579 1231 contra
3607 1194 3832 1248 quorum

2250 1257 2548 1312 tarditatem
2571 1275 2664 1314 seu
2687 1264 3107 1332 perversitatem,
3131 1267 3628 1323 convenientissima
3653 1269 3835 1324 defen-

2248 1347 2419 1402 denda
2463 1359 2546 1404 est
2594 1362 2750 1406 tantte
2793 1356 2977 1425 gratia:
3012 1356 3362 1426 dispensatio,
3391 1375 3547 1429 quam
3588 1363 3832 1430 superba:

2247 1440 2496 1495 animula:
2538 1443 2687 1499 nihili
2719 1447 2974 1514 pendunt,
3016 1466 3134 1519 qua:
3174 1451 3332 1504 nimis
3371 1452 3620 1506 affectant
3671 1454 3834 1522 pluri-

2246 1545 2390 1585 mum
2419 1548 2594 1601 posse,
2625 1545 2680 1590 ct
2708 1537 2774 1591 ad
2805 1554 2898 1593 sua
2927 1540 3052 1594 vitia
3081 1543 3317 1596 sananda
3357 1544 3439 1598 vel
3464 1544 3626 1599 etiam
3659 1544 3830 1602 refre-

2245 1621 2420 1676 nanda
2451 1625 2578 1679 nihil
2610 1638 2851 1695 possunt.

2313 1713 2366 1767 2.
2398 1715 2602 1782 Qtncris
2633 1720 2822 1789 igitur,
2854 1720 3036 1777 Utrum
3071 1724 3249 1778 mundi
3295 1724 3544 1780 Dominus
3576 1737 3625 1781 et
3667 1739 3831 1782 rector

2243 1804 2551 1861 intemeratae
2573 1809 2776 1878 femina:
2803 1829 2986 1882 corpus
3020 1814 3333 1885 impleverit;
3365 1819 3629 1887 pertulerit
3659 1819 3829 1872 decem

2242 1898 2487 1951 mensium
2514 1898 2666 1972 longa
2686 1903 2776 1956 illa
2803 1904 3009 1972 fastidia
3032 1916 3222 1975 mater,
3248 1916 3297 1962 et
3328 1919 3494 1964 tamen
3514 1912 3654 1982 virgo
3679 1914 3830 1966 enixa

2240 1988 2304 2040 sit
2326 1987 2641 2045 solemnitate
2665 1995 2917 2063 pariendi,
2947 2007 2994 2050 et
3022 2008 3135 2068 post
3160 1999 3266 2052 luet:
3291 2001 3551 2071 virginitas
3578 2003 3825 2059 inviolata

2242 2083 2588 2146 permanserit.
2626 2082 2806 2139 Utrum
2833 2087 2972 2141 intra
2999 2092 3356 2158 corpusculum
3385 2095 3626 2166 vagientis
3655 2097 3829 2170 infan-

2240 2169 2324 2221 tia:
2357 2171 2593 2237 latuerit,
2635 2177 2718 2229 cui
2764 2195 2859 2248 par
2903 2180 2987 2233 via:
3026 2193 3234 2250 putatur
3278 2185 3605 2254 universitas;
3647 2169 3827 2259 passus

2241 2260 2394 2327 fuerit
2414 2264 2713 2330 puerilitatis
2741 2283 2928 2332 annos,
2953 2270 3258 2340 adoleverit,
3291 2275 3557 2344 juventute
3579 2277 3828 2333 solidatas

2240 2351 2337 2415 sit;
2373 2361 2475 2405 tam
2511 2355 2599 2407 diu
2625 2373 2656 2410 a
2681 2357 2881 2413 sedibus
2909 2362 3016 2414 suis
3044 2362 3260 2432 abfuerit
3288 2375 3522 2436 regnator
3547 2367 3653 2431 ille,
3679 2379 3829 2438 atque

2237 2442 2290 2495 in
2319 2459 2474 2496 unum
2508 2448 2884 2516 corpusculum,
2914 2452 3065 2506 totius
3093 2455 3267 2507 mundi
3295 2472 3416 2509 cura
3444 2458 3693 2512 translata
3716 2463 3826 2526 sit;

2239 2534 2420 2588 deinde
2436 2536 2487 2590 in
2507 2553 2708 2591 somnos
2729 2541 2978 2596 resolutus
2996 2543 3094 2609 sit;
3116 2545 3226 2597 cibo
3247 2547 3419 2612 alitus,
3443 2565 3614 2602 omnes
3636 2560 3828 2603 morta-

2237 2627 2362 2682 lium
2388 2641 2598 2686 senserit
2623 2629 2870 2696 a/fectus;
2906 2651 3066 2704 neque
3094 2637 3213 2690 ullis
3237 2641 3628 2707 competentibus
3666 2643 3824 2712 signis

2238 2722 2510 2776 claruerint
2554 2734 2710 2779 tanta:
2751 2727 3032 2796 majestatis
3076 2728 3304 2792 indicia;
3333 2731 3572 2797 quoniam
3617 2731 3824 2786 larvalis

2235 2812 2327 2865 illa
2347 2815 2600 2884 purgatio,
2628 2817 2867 2870 debilium
2888 2833 3044 2881 curat,
3067 2819 3262 2872 reddita
3284 2821 3383 2872 vita
3403 2821 3670 2891 defunctis,
3691 2823 3819 2889 haec,

2235 2907 2282 2959 si
2312 2915 2361 2959 et
2395 2907 2522 2959 alios
2551 2908 2844 2977 cogitemus,
2889 2909 2992 2963 Deo
3021 2927 3175 2979 parva
3199 2919 3333 2964 sunt.
3376 2911 3521 2965 llauc
3548 2912 3738 2967 scribis
3767 2913 3819 2968 in

2235 2997 2466 3066 quodam
2506 3009 2770 3054 Conventu
2816 3001 3106 3056 amicorum
3151 3001 3218 3055 ab
3267 3017 3372 3055 uno
3414 3018 3480 3057 cx
3519 3003 3697 3056 multis
3728 3004 3821 3075 qui

2235 3087 2475 3153 aderant,
2505 3090 2701 3144 illatam
2742 3107 2861 3146 csse
2899 3093 3243 3162 quaestionem
3269 3109 3284 3158 ;
3318 3110 3411 3147 vos
3443 3104 3622 3150 autem
3651 3095 3820 3151 inter-

2239 3181 2450 3234 venisse
2479 3183 2698 3237 ulterius
2741 3184 3048 3253 inquirenti,
3094 3186 3431 3256 solutumque
3459 3199 3775 3243 conventum
3801 3233 3818 3257 ,

2235 3273 2302 3328 ad
2332 3275 2552 3342 potioris
2574 3277 2774 3344 peritia:
2793 3279 2981 3332 merita
3002 3279 3293 3346 distulisse,
3324 3296 3390 3334 ne
3410 3281 3534 3334 dum
3557 3282 3819 3338 incautius

2234 3376 2438 3421 secreta
2481 3379 2827 3434 tctnerantur,
2875 3369 2926 3422 in
2968 3369 3178 3440 culpam
3224 3370 3534 3427 deﬂecteret
3561 3375 3818 3429 ουτοι-1ης

2233 3475 2455 3515 nocuus.
2768 3520 2771 3523 ,

2306 3553 2359 3606 5.
2403 3553 2601 3608 Deinde
2631 3553 2696 3607 ad
2728 3570 2812 3607 me
2841 3554 3137 3609 litterarum
3178 3565 3383 3610 tuarum
3415 3557 3598 3628 dirigis
3637 3557 3816 3614 inten-

2235 3642 2453 3710 tionem,
2485 3654 2538 3699 et
2563 3655 2679 3714 post
2710 3644 2846 3699 hanc
2875 3648 3150 3716 imperitia:
3173 3649 3560 3703 confessionem
3587 3690 3600 3713 ,
3631 3650 3819 3705 admo—

2236 3750 2330 3788 nes
2360 3744 2416 3787 ttt
2441 3750 2471 3789 a
2505 3736 2742 3805 partibus
2769 3738 2964 3790 nostris
2990 3737 3114 3807 quid
3146 3737 3480 3793 desideretur
3507 3755 3813 3810 agnoscam.

2233 3824 2490 3894 Adiungis
2515 3825 2674 3878 etiam
2703 3826 2854 3878 fatnzn
2881 3842 3014 3880 mea:
3043 3829 3298 3882 interesse
3327 3839 3377 3882 ut
3403 3831 3620 3898 qutcsita
3651 3846 3817 3886 novo-

2232 3915 2368 3979 ritis,
2393 3915 2533 3986 quod
2555 3926 2840 3984 utcumque
2869 3918 3070 3987 absque
3100 3918 3420 3973 detrimento
3449 3919 3609 3974 divini
3639 3921 3816 3975 cultus

2234 4007 2285 4059 in
2317 4007 2436 4061 aliis
2467 4007 2834 4062 sacerdotibus
2857 4011 3115 4063 toleratur
3145 4009 3370 4078 inscitia,
3402 4021 3457 4064 at
3485 4027 3603 4066 cum
3633 4011 3698 4066 ad
3727 4029 3816 4067 me

2230 4100 2522 4153 antistitem
2566 4099 2796 4163 venitur,
2840 4099 2940 4170 legi
2991 4099 3180 4155 deesse
3223 4099 3481 4172 quidquid
3533 4103 3817 4172 contigerit

2232 4189 2485 4259 ignorari.
2512 4190 2746 4244 Primum
2781 4191 2941 4261 igitur
2963 4191 3098 4246 hanc
3121 4191 3190 4247 de
3218 4208 3304 4249 tne
3326 4194 3628 4262 opinionem
3661 4193 3816 4251 facile

2230 4291 2650 4349 prmsumptam,
2700 4296 2881 4352 quaeso
2931 4281 3204 4352 deponas,
3261 4298 3489 4354 euntque
3541 4285 3775 4339 animum

2227 4372 2470 4441 quamvis
2514 4388 2636 4442 erga
2680 4388 2766 4427 me
2811 4373 3396 4440 benevolentissimutn,
3440 4376 3615 4429 solvas
3652 4385 3816 4446 atque

2226 4477 2424 4527 exuas;
2456 4478 2518 4516 ac
2539 4463 2606 4517 de
2637 4481 2721 4518 me
2753 4465 2879 4518 mihi
2913 4466 3078 4536 magis
3106 4482 3262 4535 quam
3286 4466 3373 4520 ulli
3405 4467 3558 4522 alteri
3586 4469 3774 4523 credas
3795 4511 3811 4535 ,

2226 4553 2270 4606 si
2311 4554 2440 4607 mihi
2478 4553 2778 4608 dilectionis
2815 4557 2982 4611 vicem
3029 4558 3294 4626 rependis.
3337 4557 3503 4612 Tanta
3544 4568 3626 4614 est
3666 4560 3812 4614 enim

2223 4641 2631 4698 christianarutn
2665 4645 2996 4715 profunditas
3015 4646 3373 4714 Litterarum,
3404 4659 3460 4703 ut
3489 4650 3540 4704 in
3567 4651 3644 4704 eis
3671 4666 3810 4720 quo-

2226 4735 2354 4789 tidie
2376 4736 2710 4804 proficerem,
2731 4739 2774 4791 si
2799 4753 2889 4792 cas
2910 4739 3052 4794 solas
3075 4740 3142 4794 ab
3165 4741 3376 4795 ineunte
3399 4743 3619 4810 pueritia
3642 4759 3811 4814 usque

2222 4827 2288 4880 ad
2319 4827 2643 4897 decrepitam
2670 4839 2996 4884 senectutem
3024 4833 3254 4887 maximo
3280 4835 3389 4887 otio
3407 4875 3421 4898 ,
3452 4849 3662 4888 summo
3690 4846 3804 4888 stu-

2222 4918 2332 4982 dio,
2360 4920 2580 4974 meliore
2607 4921 2819 4989 ingenio
2839 4936 3064 4976 conarer
3094 4921 3370 4978 addiscere
3394 4942 3406 4976 :
3432 4940 3537 4978 non
3566 4925 3708 4995 quod
3735 4927 3812 4982 ac.

2222 5027 2282 5064 ea
2310 5026 2426 5080 qua:
2450 5012 2746 5065 necessaria
2774 5022 2900 5066 sunt
2926 5013 3102 5078 saluti,
3129 5023 3268 5068 tanta
3297 5015 3350 5069 in
3371 5016 3449 5069 cis
3471 5018 3814 5085 perveniatur

2221 5103 2570 5167 difﬁcultate;
2600 5104 2693 5158 sed
2722 5119 2840 5158 cum
2870 5104 3094 5174 quisque
3124 5105 3193 5159 ibi
3218 5105 3374 5159 tidem
3405 5109 3668 5171 tenuerit,
3690 5109 3811 5165 sine

2219 5213 2319 5266 qua
2367 5195 2452 5264 pie
2496 5205 2745 5264 recteque
2791 5211 2896 5249 non
2941 5195 3154 5262 vivitur,
3209 5207 3313 5251 tam
3363 5199 3556 5264 multa,
3597 5209 3811 5269 tamque

2219 5287 2603 5356 multiplicibus
2633 5287 3010 5358 mysteriorum
3043 5289 3363 5342 umbraculis
3397 5299 3615 5358 opacata
3648 5279 3810 5344 inte];

2220 5380 2429 5451 ligenda
2460 5380 2854 5450 proficientibus
2883 5388 3107 5448 restant,
3135 5389 3385 5451 tantaque
3416 5398 3520 5435 non
3551 5383 3722 5436 solum
3752 5382 3807 5436 in

2220 5472 2396 5527 verbis
2420 5471 2613 5541 quibus
2655 5471 2752 5525 ista
2781 5470 2923 5525 dicta
2951 5479 3109 5537 sunt,
3138 5486 3322 5524 verum
3352 5471 3524 5530 etiam,
3551 5471 3600 5524 in
3644 5473 3807 5529 rebus

2217 5580 2336 5634 qua:
2379 5562 2736 5633 intelligenda:
2777 5569 2936 5626 sunt,
2978 5561 3110 5616 latet
3152 5560 3374 5616 altitudo
3403 5562 3716 5632 sapientiae,
3750 5571 3805 5617 ut

2220 5657 2622 5720 annosissimis,
2660 5654 3010 5719 acutissimis,
3048 5653 3472 5724 ﬂagrantissimis
3514 5656 3807 5724 cupiditate

2221 5748 2458 5806 discendi
2483 5750 2583 5804 hoc
2603 5748 3050 5820 contingat,‘quod
3072 5748 3256 5805 eadem
3279 5749 3550 5822 Scriptura
3572 5751 3803 5822 quodam
