4122 6350
315 397 422 454 -ΕΓΙ

320 515 444 568 loco
483 507 674 572 habet,
721 503 846 559 Cum
889 498 1307 558 conmmmavcrit
1351 497 1535 561 homo,
1568 503 1698 549 tunc
1736 487 1908 559 incipit

318 603 512 675 (Eccti.
539 616 692 664 xvttt,
722 597 800 668 6).

394 689 620 747 CAPUT
653 688 716 742 ll.
746 717 814 727 —
838 687 891 740 ὁ.
923 683 1026 738 Sed
1055 683 1178 752 quid
1211 681 1334 734 hinc
1366 676 1555 749 plura?
1577 673 1906 731 Veniendum

329 785 507 854 potius
537 790 617 837 est
644 779 708 833 ad
734 794 843 832 rem
875 792 1028 844 quam
1052 772 1300 840 requiris.
1324 769 1424 825 Ubi
1453 767 1677 838 primum
1701 775 1752 820 te
1773 765 1907 819 scire

321 876 484 938 volo,
522 888 627 926 non
668 869 769 924 hoc
811 867 1006 922 habere
1034 863 1376 918 christianam
1414 858 1739 920 doctrinam,
1767 855 1906 926 quod

327 968 398 1021 ita
428 965 496 1018 sit
525 963 665 1017 Deus
693 960 900 1015 infusus
924 957 1099 1021 carni,
1128 969 1227 1023 qua
1257 969 1320 1008 ex
1346 951 1548 1020 virgine
1578 957 1904 1009 nasceretur,

319 1069 387 1114 ut
413 1073 596 1113 curam
627 1051 984 1125 gubernanda:
1009 1046 1368 1104 universitatis
1393 1043 1477 1098 vel
1503 1041 1800 1098 deseruerit
1823 1038 1905 1093 vel

319 1151 602 1215 amiserit,
632 1148 716 1203 vel
743 1147 806 1200 ad
837 1144 964 1200 illud
991 1141 1362 1210 corpusculum
1393 1137 1541 1206 quasi
1581 1141 1905 1190 contractam

318 1245 610 1302 materiam
656 1241 1041 1309 collectamque
1088 1233 1435 1290 transtulerit.
1480 1229 1757 1283 Hominum
1808 1225 1908 1278 iste

325 1349 516 1392 sensus
554 1341 671 1398 est,
718 1331 847 1385 nihil
894 1329 994 1383 nisi
1040 1340 1262 1394 corpora
1303 1320 1593 1377 valentium
1642 1317 1904 1387 cogitare;

329 1431 440 1481 sive
486 1428 584 1480 ista
629 1423 889 1479 crassiora
911 1461 924 1484 ,
957 1421 1093 1474 sicut
1121 1428 1243 1471 sunt
1272 1416 1464 1470 humor
1490 1421 1650 1482 atque
1678 1410 1870 1464 humus
1888 1447 1904 1473 ,

321 1521 440 1573 sive
465 1516 758 1580 subtiliora,
783 1515 917 1568 sicut
933 1511 1072 1564 aeris
1092 1519 1144 1563 et
1166 1508 1296 1562 lucis
1317 1523 1330 1568 ;
1355 1504 1445 1559 sed
1467 1514 1639 1557 tamen
1660 1512 1905 1567 corpora,

321 1623 557 1679 quorum
601 1607 801 1660 nullum
846 1612 1019 1673 potest
1057 1615 1174 1654 esse
1204 1598 1398 1665 ubique
1435 1604 1629 1654 totum,
1660 1589 1906 1660 quoniam

323 1715 426 1769 per
455 1695 868 1752 innumerabiles
895 1700 1072 1761 partes
1111 1688 1255 1744 aliud
1296 1687 1420 1741 alibi
1460 1685 1652 1738 haheat
1689 1695 1909 1736 necesse

322 1798 436 1852 est,
459 1797 514 1844 et
532 1795 1015 1858 quantumcumque
1035 1781 1104 1834 sit
1121 1792 1316 1848 corpus
1339 1792 1432 1830 seu
1451 1773 1910 1844 quantulumcum-

322 1898 435 1951 que
458 1879 828 1950 corpusculum
853 1919 868 1941 ,
898 1877 998 1930 loci
1025 1882 1250 1941 occupet
1275 1870 1501 1940 spatium
1519 1909 1534 1932 ,
1558 1864 1910 1932 eamdemque

335 1979 510 2031 locum
543 1974 620 2028 sic
649 1972 898 2040 impleat,
928 1977 985 2022 ut
1015 1968 1067 2020 in
1097 1965 1236 2019 nulla
1276 1963 1393 2032 ejus
1433 1968 1580 2030 parte
1618 1958 1688 2011 sit
1718 1965 1906 2010 totum.

330 2069 415 2120 .Ac
444 2081 537 2135 per
566 2065 666 2118 hoc
691 2060 903 2116 densari
931 2074 994 2112 ac
1020 2071 1310 2118 rarescere,
1333 2049 1576 2107 contrahi
1601 2058 1656 2104 et
1677 2047 1905 2109 dilatari,

333 2160 384 2212 in
413 2157 662 2212 minutias
686 2153 852 2208 deteri
878 2159 932 2206 et
959 2149 1309 2219 grandescere
1339 2146 1391 2198 in
1422 2143 1612 2197 molem
1631 2182 1646 2205 ,
1675 2154 1778 2193 non
1809 2137 1906 2190 nisi

325 2261 617 2316 corporum
642 2253 740 2300 est.
761 2243 945 2311 Longe
987 2239 1127 2294 aliud
1172 2246 1255 2291 est
1293 2236 1483 2289 anima:
1529 2240 1712 2285 natura
1749 2244 1906 2298 quam

334 2339 572 2408 corporis
593 2355 604 2389 :
625 2345 822 2407 quanto
852 2334 1017 2402 magis
1046 2331 1156 2394 Dei,
1185 2329 1272 2398 qui
1300 2337 1509 2382 creator
1533 2332 1614 2378 est
1638 2323 1908 2394 etaniinu:

324 2440 387 2484 vet
425 2429 704 2498 corporis?
733 2425 846 2480 Non
873 2428 950 2478 sic
973 2424 1111 2476 Deus
1137 2420 1328 2474 dicitur
1367 2416 1587 2484 implere
1614 2413 1868 2468 mundum
1891 2451 1905 2477 ,

333 2524 472 2576 velut
514 2536 649 2591 aqua
669 2560 683 2582 ,
717 2521 864 2573 velut
901 2531 1012 2581 aer,
1052 2514 1197 2568 velut
1225 2511 1338 2581 ipsa
1366 2511 1485 2572 lux,
1515 2517 1572 2562 ut
1599 2509 1802 2561 minore
1828 2506 1906 2558 sui

334 2625 482 2683 parte
508 2614 767 2668 minorem
793 2609 974 2663 mundi
995 2607 1216 2675 impleat
1236 2614 1463 2674 partem,
1488 2610 1540 2654 ει
1570 2598 1770 2669 majore
1795 2613 1910 2652 tua-

327 2709 523 2776 jorem.
556 2705 711 2759 Novit
752 2703 948 2771 ubique
993 2708 1134 2753 totus
1175 2711 1328 2760 esse,
1371 2702 1425 2746 et
1465 2693 1610 2745 nullo
1649 2689 1908 2744 contineri

325 2801 484 2864 ineo;
508 2799 654 2851 novit
673 2796 855 2850 venire
881 2811 983 2846 non
1011 2789 1310 2845 recedendo
1330 2786 1418 2841 ubi
1434 2794 1578 2848 erat;
1599 2783 1746 2838 novit
1765 2783 1910 2836 abire

326 2908 434 2948 non
459 2889 754 2946 deserendo
783 2905 886 2958 quo
909 2893 1144 2940 venerat.

404 2985 458 3040 5.
498 2983 719 3037 Miratur
747 2981 847 3035 huc
878 2994 1027 3033 mens
1067 2976 1293 3030 humana
1313 3015 1330 3041 ,
1357 2982 1411 3028 et
1446 2972 1565 3042 quia
1594 2985 1699 3024 non
1733 2971 1907 3038 capit,

326 3075 560 3129 tortasse
587 3089 688 3128 nec
714 3072 883 3126 credit
909 3088 922 3122 :
955 3068 1184 3138 seipsam
1211 3065 1455 3136 primitus
1480 3066 1680 3132 ingrata
1708 3061 1725 3092 ί
1749 3063 1910 3114 mire-

336 3180 443 3236 tur,
475 3170 702 3239 seipsam
734 3165 1003 3236 paululum
1022 3205 1038 3230 ,
1063 3162 1108 3215 si
1137 3169 1346 3231 potest,
1374 3157 1580 3212 attollat
1606 3171 1634 3209 a
1665 3167 1904 3222 corpore,

337 3271 390 3314 et
419 3260 486 3314 ab
516 3260 596 3313 eis
625 3257 782 3312 rebus
805 3269 938 3326 quas
971 3253 1106 3308 solet
1145 3250 1343 3305 sentire
1373 3266 1470 3320 per
1495 3263 1721 3316 corpus;
1752 3255 1805 3299 et
1829 3244 1910 3297 vi-

335 3351 461 3405 deat
499 3351 611 3420 ipsa
651 3347 778 3418 quid
805 3346 874 3400 sit
907 3360 1025 3413 qum
1052 3343 1215 3395 utitur
1238 3354 1483 3408 corpore.
1507 3337 1612 3393 Sed
1643 3338 1776 3391 forte
1805 3349 1908 3388 non

330 3452 510 3515 potest
532 3460 546 3496 :
567 3442 745 3512 magni
771 3441 966 3509 quippe
985 3448 1066 3494 εει
1086 3435 1300 3506 ingenii.
1326 3443 1383 3488 ut
1401 3433 1473 3486 ait
1499 3431 1734 3502 quidam,
1759 3442 1913 3483 sevo.

333 3551 456 3590 care
487 3544 717 3590 mentem
745 3549 776 3587 a
801 3533 1063 3595 sensibus,
1087 3538 1143 3585 ct
1171 3528 1546 3598 cogitationem
1572 3541 1602 3579 a
1627 3531 1912 3579 consuetu-

327 3629 452 3682 dine
491 3627 756 3682 abduccre
795 3623 1030 3698 (Cicero,
1063 3621 1253 3686 Quam.
1274 3617 1483 3672 Tuscul.
1512 3616 1600 3671 lib.
1631 3617 1655 3669 i
1688 3613 1729 3687 ).
1762 3614 1911 3684 Ipsos

329 3734 458 3790 ergo
478 3719 718 3788 corporis
737 3731 926 3772 sensus
952 3715 1222 3784 aliquanto
1242 3710 1517 3774 insuetius,
1539 3717 1593 3762 ει
1611 3705 1911 3775 vigilantius

332 3821 715 3883 perscruletur.
737 3810 872 3865 Sunt
896 3816 1043 3862 certe
1070 3805 1302 3875 quinque
1327 3801 1501 3872 partiti
1527 3798 1764 3868 corporis
1788 3811 1911 3852 sen-

334 3919 424 3957 sus
443 3945 458 3966 ,
501 3901 592 3973 qui
622 3916 722 3955 nec
751 3901 866 3954 sine
891 3912 1136 3966 corpore,
1170 3911 1268 3950 nec
1297 3895 1411 3948 sine
1438 3893 1613 3947 anima
1643 3906 1762 3945 esse
1790 3901 1910 3958 pos-

330 4001 493 4048 sunt:
525 3994 647 4063 quia
681 4006 851 4060 neque
880 3990 1078 4044 sentire
1114 3997 1196 4042 cst
1234 3986 1334 4040 nisi
1370 3985 1626 4049 viventis,
1664 3982 1802 4052 quod
1843 3981 1910 4035 ab

333 4085 507 4138 anima
530 4092 613 4139 est
632 4081 841 4150 corpori
862 4098 876 4144 ;
902 4095 1074 4149 neque
1093 4081 1208 4132 sine
1227 4075 1500 4144 corporeis
1520 4071 1904 4134 instrumentis,

330 4189 384 4232 et
408 4178 557 4248 quasi
588 4175 728 4229 vasis
756 4182 913 4242 atque
933 4171 1146 4241 mganis
1171 4168 1432 4234 videmus,
1459 4167 1724 4232 audimus,
1751 4172 1911 4218 caste—

333 4272 512 4341 risque
555 4269 724 4323 tribus
763 4267 959 4321 utimur
999 4263 1264 4320 sensibus.
1302 4260 1544 4316 lntendat
1585 4260 1700 4314 hare
1734 4258 1910 4311 anima

331 4363 603 4418 rationalis
621 4405 635 4428 ,
658 4373 714 4418 et
736 4378 926 4418 sensus
945 4361 1183 4434 corporis
1221 4377 1326 4416 non
1354 4359 1600 4414 sensibus
1634 4355 1874 4426 corporis
1892 4395 1909 4420 ,

337 4458 431 4513 sed
459 4458 572 4526 ipsa
603 4467 783 4513 mente
821 4466 979 4527 atque
1004 4459 1208 4512 ratione
1245 4454 1565 4510 consideret.
1592 4452 1748 4507 Certe
1788 4465 1912 4504 sen-

335 4551 435 4604 tire
457 4550 619 4604 homo
640 4564 742 4603 non
772 4557 964 4619 potest,
985 4548 1082 4602 nisi
1113 4548 1292 4609 vivat;
1315 4544 1631 4599 vivitautem
1651 4541 1705 4596 in
1729 4555 1908 4605 carne,

334 4651 614 4709 antequam
645 4651 814 4694 morte
843 4652 1124 4708 utrumque
1144 4638 1439 4693 dirimatur.
1458 4632 1734 4702 Quomodo
1755 4631 1913 4702 igitur

339 4734 512 4787 anima
539 4749 657 4803 qme
681 4741 806 4796 sunt
832 4743 981 4789 extra
1005 4747 1221 4786 carnem
1244 4746 1391 4784 suam
1414 4729 1604 4795 sentit,
1631 4743 1751 4799 qua:
1775 4741 1911 4780 non-

335 4824 440 4878 nisi
469 4825 520 4878 in
551 4839 715 4879 carne
741 4840 837 4879 sua
861 4823 1025 4877 vivit?
1052 4827 1242 4877 Annon
1268 4823 1336 4876 ab
1373 4822 1488 4888 ejus
1525 4835 1684 4874 carne
1714 4817 1910 4888 longis-

337 4915 472 4970 sime
510 4915 705 4971 absunt
744 4915 918 4970 sidera
968 4914 1019 4969 in
1059 4914 1236 4968 coelo?
1271 4929 1444 4968 annon
1488 4913 1540 4968 ir.
1590 4913 1726 4968 caelo
1769 4911 1914 4965 videt

332 5006 537 5060 solem?
563 5005 645 5059 An
668 5006 868 5060 sentire
899 5021 1005 5059 non
1030 5014 1111 5058 est
1133 5003 1332 5067 videre,
1357 5019 1478 5059 eum
1506 5004 1575 5058 sit
1603 5006 1654 5057 in
1680 5004 1913 5074 quinque

338 5097 583 5151 sensibus
608 5097 818 5151 caneris
840 5096 1186 5151 excellentior
1204 5095 1384 5150 visus?
1413 5098 1493 5148 An
1523 5104 1576 5149 et
1606 5095 1658 5150 in
1679 5097 1818 5150 caelo
1839 5096 1914 5149 vi-

337 5189 430 5248 vit.
457 5189 581 5257 quia
612 5196 667 5243 ct
691 5189 742 5242 in
763 5188 900 5243 coelo
927 5189 1107 5251 sentit,
1129 5195 1182 5241 et
1205 5201 1392 5241 sensus
1422 5201 1542 5242 esse
1571 5203 1674 5240 non
1698 5189 1717 5218 ³
1742 5194 1915 5255 potest

338 5279 423 5332 ubi
460 5279 568 5333 vita
606 5294 710 5333 non
748 5279 862 5334 est?
890 5279 970 5333 An
1005 5279 1194 5340 sentit,
1237 5289 1292 5332 et
1325 5277 1414 5331 tibi
1462 5292 1565 5331 non
1604 5278 1760 5342 vivit;
1791 5278 1911 5347 quia

337 5386 458 5425 cum
502 5373 556 5426 in
604 5388 699 5428 sua
741 5380 942 5426 tantum
983 5388 1144 5427 carne
1173 5372 1345 5437 vivat,
1377 5372 1536 5426 sentit
1561 5372 1717 5425 etiam
1752 5372 1801 5424 in
1831 5371 1914 5425 his

340 5463 490 5528 locis,
517 5479 636 5534 qua:
666 5475 859 5534 przcler
887 5465 1002 5534 ejus
1022 5479 1236 5519 carnem
1264 5463 1538 5517 continent
1564 5479 1623 5517 ea
1651 5479 1766 5532 quae
1796 5474 1914 5516 tan-

399 5618 417 5648 ²
445 5624 551 5665 Mss.
572 5630 751 5681 novem
775 5631 788 5666 :
816 5616 1027 5681 Scipsam
1051 5615 1271 5680 primitus
1293 5615 1468 5681 mirata
1491 5616 1707 5668 mirrtm'.

399 5681 420 5709 ‘
446 5685 637 5728 Erasmo
658 5680 815 5728 visum
854 5679 928 5728 cSt
953 5679 1263 5740 negatiimem
1302 5679 1377 5728 hic
1409 5681 1744 5740 superﬂuere,
1784 5694 1916 5730 eam-

338 5750 439 5800 q.c
471 5740 686 5790 (misere
707 5743 1046 5804 Iovianienses.
1068 5741 1160 5788 sed
1202 5740 1382 5791 habent
1419 5750 1524 5791 Mss.
1549 5755 1744 5804 omnes,
1786 5749 1836 5792 et
1857 5747 1915 5794 ad

336 5813 533 5852 Sensum
556 5803 884 5852 necessarium
907 5805 1100 5852 omnino
1116 5814 1390 5852 censemus.

1525 374 2013 436 EPISTULARUEI
2049 374 2325 431 CLASSIS
2364 377 2449 430 lli.

3490 383 3596 443 518

2015 495 2090 554 git
2104 487 2356 554 aspectu?
2377 487 2603 543 Videsne
2616 504 2775 558 quam
2803 488 2902 544 hoc
2921 490 2991 543 sit
3009 489 3328 545 latebrosum
3355 492 3411 548 in
3431 510 3592 550 sensu

2016 585 2120 629 tam
2147 577 2454 647 conSpicuo,
2478 581 2566 648 qui
2594 582 2734 632 visus
2755 581 2981 634 dicitur?
3003 583 3230 634 Attende
3259 592 3313 638 et
3335 586 3592 641 auditum.

2012 665 2143 720 Nam
2172 677 2224 721 et
2251 669 2364 738 ipse
2393 685 2449 723 se
2483 670 2621 724 foras
2651 671 3041 737 tpiodanunudo
3081 672 3326 726 dilrundit
3353 690 3380 726 a
3410 691 3591 731 carne.

2016 755 2164 811 Unde
2191 759 2331 811 enim
2361 759 2622 823 dicimus,
2656 759 2806 814 Foris
2831 771 3016 825 sonat,
3049 761 3150 814 nisi
3192 765 3259 815 ibi
3302 765 3594 820 sentiamus

2015 847 2103 900 ubi
2129 849 2315 903 sonat?
2334 850 2472 918 Ergo
2491 858 2543 902 et
2566 850 2670 903 illic
2690 861 2834 904 extra
2859 867 3072 906 carnem
3097 865 3328 906 nostram
3349 855 3586 912 vivimus.

2013 941 2094 994 An
2121 941 2320 995 sentire
2346 957 2625 1009 possumus
2652 953 2704 995 et
2736 943 2820 996 ubi
2849 959 2952 998 non
2983 944 3227 1008 vivimus,
3257 962 3376 999 cum
3407 961 3594 1001 sensus

2013 1031 2130 1085 sine
2161 1033 2268 1086 vita
2294 1049 2411 1088 esse
2438 1049 2541 1088 non
2565 1035 2770 1104 possit?

2086 1121 2140 1174 6.
2180 1122 2369 1176 Cmteri
2403 1132 2508 1177 tres
2539 1139 2726 1178 sensus
2747 1125 2882 1192 apud
2909 1127 3112 1191 seipsos
3131 1129 3388 1195 sentiunt,
3411 1145 3596 1198 quam-

2013 1212 2092 1266 vis
2115 1213 2182 1267 de
2206 1213 2401 1268 olfactu
2430 1225 2712 1285 utcumque
2734 1217 2899 1284 possit
2927 1216 3176 1270 dubitari.
3207 1219 3281 1272 De
3309 1231 3466 1287 gustu
3497 1237 3591 1274 au-

2019 1313 2128 1358 tem
2164 1315 2324 1373 atque
2362 1312 2503 1358 tactu
2534 1305 2676 1358 nulla
2706 1308 3064 1361 controversia
3095 1317 3192 1372 est,
3217 1309 3354 1377 quod
3385 1326 3447 1364 ea
3476 1327 3594 1378 quae

2012 1407 2361 1468 gustamuspt
2384 1397 2666 1467 tangimus,
2696 1414 2800 1451 non
2827 1397 2951 1452 alibi
2974 1414 3127 1468 quam
3156 1399 3206 1453 in
3229 1415 3390 1455 carne
3415 1412 3592 1456 nostra

2012 1485 2292 1538 sentimus.
2321 1485 2549 1539 Proinde
2587 1486 2671 1538 isti
2705 1497 2814 1540 tres
2845 1501 3036 1540 sensus
3065 1487 3131 1539 ab
3163 1488 3262 1541 hac
3287 1490 3587 1544 conStderat

2015 1575 2158 1628 tione
2187 1584 2582 1629 scmoveantur.
2605 1573 2760 1628 Visus
2788 1576 3106 1644 auditusque
3131 1577 3353 1631 atterunt
3380 1579 3596 1633 mirabi—

2014 1663 2117 1716 lem
2143 1665 2490 1733 quaestionem
2513 1681 2527 1729 ;
2552 1674 2639 1718 aut
2659 1665 2926 1733 quomodo
2947 1667 3120 1718 anima
3151 1667 3346 1722 sentiat
3375 1670 3462 1722 ubi
3488 1685 3592 1723 non

2015 1754 2163 1820 vivit,
2192 1763 2283 1808 aut
2305 1756 2572 1826 quomodo
2597 1757 2735 1810 vivat
2755 1757 2846 1810 ubi
2875 1773 2979 1812 non
3000 1767 3098 1812 est.
3123 1758 3304 1828 Neque
3325 1761 3464 1830 enim
3492 1762 3593 1816 nisi

2017 1845 2069 1899 in
2111 1861 2271 1900 carne
2313 1861 2408 1900 sua
2446 1855 2557 1912 est;
2587 1848 2748 1901 sentit
2775 1859 2948 1901 autem
2977 1849 3136 1903 etiam
3169 1859 3360 1918 pra‘ter
3380 1867 3595 1908 carnem

2013 1950 2184 1989 suam.
2211 1936 2286 1989 lbi
2313 1937 2506 2006 quippe
2536 1938 2698 1991 sentit
2723 1937 2810 1991 ubi
2838 1937 3006 2002 videt;
3033 1938 3154 2006 quia
3183 1949 3236 1994 et
3263 1941 3444 1996 videre
3471 1958 3596 1996 sen-

2024 2027 2123 2080 tire
2149 2038 2230 2081 est
2263 2046 2275 2080 :
2307 2029 2374 2081 ibi
2407 2030 2572 2083 sentit
2608 2030 2693 2083 ubi
2724 2029 2901 2094 audit;
2927 2032 3045 2095 quia
3073 2040 3126 2085 et
3157 2033 3370 2098 audire,
3400 2035 3598 2091 sentire

2020 2125 2119 2169 est.
2147 2118 2250 2170 Aut
2269 2133 2397 2187 ergo
2426 2128 2472 2172 et
2509 2119 2576 2172 ibi
2606 2119 2760 2184 vivit,
2793 2135 2853 2172 ac
2882 2135 2975 2187 per
2998 2119 3101 2174 hoc
3124 2122 3281 2176 etiam
3308 2131 3361 2177 et
3388 2124 3456 2177 ibi
3480 2134 3595 2188 est;

2014 2215 2106 2260 aut
2147 2208 2308 2260 sentit
2333 2216 2386 2262 et
2417 2209 2503 2261 ubi
2537 2223 2644 2262 non
2673 2209 2831 2272 vivit;
2855 2221 2946 2262 aut.
2972 2210 3099 2264 vivit
3138 2219 3192 2265 et
3230 2212 3316 2265 ubi
3357 2228 3458 2267 non
3493 2225 3595 2268 est.

2019 2297 2142 2350 llaec
2186 2299 2363 2352 omnia
2409 2299 2540 2353 mira
2583 2308 2739 2364 sunt;
2780 2299 2908 2352 nihil
2955 2299 3142 2354 horum
3185 2302 3434 2356 afﬁrmari
3484 2307 3599 2361 sine

2016 2389 2244 2457 quadam
2280 2391 2422 2444 velut
2450 2390 2780 2444 absurditate
2806 2401 3017 2461 potest:
3047 2393 3192 2447 etde
3227 2409 3388 2448 sensu
3427 2397 3601 2465 loqui-

2016 2494 2135 2531 mur
2179 2481 2482 2533 morticino.
2520 2481 2654 2547 Quid
2703 2482 2860 2551 igitur
2897 2491 2979 2536 est
3018 2483 3126 2552 ipsa
3171 2484 3378 2552 anima,
3410 2498 3602 2556 prmter

2014 2571 2257 2639 corporis
2286 2586 2522 2638 sensum,
2548 2572 2597 2628 id
2625 2582 2706 2626 est
2733 2573 2784 2626 in
2813 2583 2990 2628 mente
3017 2590 3117 2644 qua
3147 2576 3242 2629 ista
3267 2577 3599 2632 considerat?
3661 2609 3671 2620 -

2016 2660 2200 2730 Neque
2224 2662 2363 2716 enim
2387 2678 2544 2716 sensu
2571 2665 2830 2732 corporis,
2855 2663 2922 2718 de
2946 2664 3074 2732 ipsis
3099 2665 3342 2719 sensibus
3362 2668 3601 2736 corporis

2013 2751 2233 2820 judicat.
2263 2753 2328 2806 Et
2359 2764 2604 2822 putamus
2633 2754 2783 2809 nobis
2803 2753 2870 2808 de
2896 2755 3276 2824 omnipotentia
3302 2758 3392 2811 Dei
3424 2759 3598 2813 incre-

2013 2842 2177 2898 dibile
2202 2843 2306 2899 dici
2336 2845 2554 2915 aliquid,
2584 2861 2704 2900 cum
2727 2846 2919 2900 dicitur
2944 2845 3172 2900 Verbum
3203 2848 3315 2911 Dei,
3341 2863 3435 2917 per
3457 2849 3598 2919 quod

2021 2935 2196 2988 omnia
2228 2934 2360 2989 facta
2392 2948 2515 2990 sunt
2535 2978 2550 3000 ,
2578 2937 2656 3011 sic
2683 2937 3035 3006 assumpsisse
3061 2953 3252 3006 corpus
3279 2955 3346 2993 ex
3365 2940 3596 3009 virgine,

2014 3035 2067 3079 ει
2090 3026 2337 3081 sensibus
2365 3027 2674 3097 apparuisse
2703 3027 3038 3092 mortalibus,
3067 3038 3120 3081 ut
3149 3029 3598 3086 immortalitatem

2015 3131 2164 3170 suam
2195 3132 2298 3170 non
2325 3117 2660 3187 corruperit,
2689 3127 2746 3171 ut
2771 3111 3122 3172 arternitatem
3151 3135 3254 3172 non
3287 3122 3596 3190 mutaverit,

2015 3217 2073 3262 ut
2125 3217 2437 3278 potestatem
2488 3225 2594 3265 non
2644 3211 2928 3277 minuerit,
2980 3221 3037 3265 ut
3086 3212 3631 3272 administrationem'

2017 3300 2200 3355 mundi
2225 3318 2330 3356 non
2355 3303 2667 3365 deseruerit,
2685 3312 2782 3356 uta
2800 3303 2918 3357 sinu
2939 3305 3128 3371 Patris,
3152 3306 3201 3359 id
3224 3318 3304 3360 est
3319 3323 3349 3360 a
3370 3319 3597 3378 secreto,

2016 3408 2123 3463 quo
2151 3409 2272 3447 cum
2302 3395 2391 3448 illo
2421 3404 2472 3448 et
2498 3395 2548 3448 in
2579 3395 2670 3448 illo
2695 3405 2796 3457 est,
2822 3412 2924 3449 non
2952 3399 3254 3451 recesserit!

2087 3485 2140 3538 7.
2185 3484 2418 3538 Verbum
2455 3486 2547 3540 Dei
2598 3486 2673 3540 sic
2715 3486 2979 3555 intellige,
3009 3502 3104 3554 per
3134 3487 3272 3556 quod
3314 3488 3446 3543 tacta
3475 3499 3600 3544 sunt

2018 3574 2218 3638 omnia,
2247 3591 2352 3630 non
2383 3585 2438 3628 nt
2465 3576 2583 3650 ejus
2611 3577 2837 3630 transire
2868 3575 3064 3645 aliquid
3091 3579 3319 3646 cogites,
3348 3588 3402 3632 et
3424 3594 3489 3634 ex
3515 3581 3598 3635 iu-

2016 3676 2136 3722 turo
2168 3669 2491 3737 praeteritum
2537 3668 2668 3722 ﬁeri.
2693 3668 2868 3722 Manet
2892 3669 3043 3722 sicuti
3070 3679 3150 3723 est
3171 3711 3184 3734 ,
3215 3682 3268 3724 et
3292 3672 3485 3741 ubique
3514 3682 3596 3728 to-

2019 3769 2131 3814 tum
2159 3768 2262 3814 est.
2291 3759 2448 3814 Venit
2471 3770 2646 3814 autem
2673 3776 2794 3814 cum
2825 3759 3210 3825 manifestatur,
3253 3769 3304 3815 et
3343 3779 3462 3816 cum
3505 3779 3601 3820 oc-

2015 3853 2244 3907 cultatur
2263 3853 2519 3908 abscedit.
2543 3853 2709 3906 Adest
2730 3864 2904 3906 tamen
2926 3853 3040 3906 sive
3065 3855 3328 3908 occultum
3352 3855 3464 3910 sive
3484 3872 3600 3910 ma-

2015 3944 2294 4008 nifestum,
2324 3945 2460 3998 sicut
2483 3944 2569 3998 lux
2599 3943 2750 3997 adest
2788 3944 2954 3997 oculis
2986 3952 3039 3996 ει
3063 3944 3289 3998 videntis
3308 3987 3324 4011 ,
3351 3955 3403 4000 et
3428 3948 3555 4001 caici
3582 3964 3598 4000 :

2015 4035 2108 4089 sed
2139 4034 2334 4089 videnti
2366 4035 2517 4108 adest
2549 4049 2783 4103 praesens
2803 4075 2815 4096 ,
2853 4049 2997 4088 careo
3029 4049 3156 4088 vero
3193 4035 3407 4090 absens.
3434 4037 3601 4093 Adest

2015 4134 2068 4179 et
2101 4141 2199 4178 vox
2229 4125 2566 4178 audientibus
2599 4123 2836 4183 auribus,
2869 4122 3022 4176 adest
3049 4125 3212 4177 etiam
3246 4125 3422 4179 surdis
3450 4143 3464 4180 :
3502 4126 3600 4181 sed

2016 4216 2120 4269 illis
2151 4221 2316 4284 patet,
2341 4215 2469 4268 istas
2491 4214 2642 4267 latet.
2669 4213 2802 4280 Quid
2834 4222 3008 4266 autem
3035 4212 3327 4268 mirabilius
3354 4230 3511 4284 quam
3540 4216 3596 4272 id

2015 4305 2156 4374 quod
2187 4305 2380 4359 accidit
2403 4304 2455 4358 in
2483 4303 2700 4358 vocibus
2726 4304 2923 4356 nostris
2950 4304 3232 4372 verbisque
3253 4306 3561 4362 sonantibus
3580 4347 3598 4373 ,

2017 4396 2069 4450 in
2100 4412 2159 4451 re
2183 4395 2388 4450 scilicet
2406 4395 2596 4462 raptim
2619 4394 2956 4447 transitoria?
2982 4393 3116 4448 Cum
3141 4395 3282 4448 enim
3315 4396 3599 4465 loquimur,

2016 4502 2084 4542 ne
2109 4484 2356 4542 secunda:
2383 4484 2594 4553 quidem
2621 4483 2837 4555 syllaba:
2865 4483 3011 4536 locus
3035 4493 3144 4546 est,
3181 4484 3281 4538 nisi
3312 4485 3478 4552 prima
3507 4501 3600 4541 so-

2017 4593 2145 4634 nare
2171 4575 2468 4642 destiterit;
2495 4587 2547 4630 et
2577 4581 2754 4628 tamen
2780 4572 2824 4627 si
2855 4588 2990 4627 unus
3015 4573 3153 4626 adsit
3177 4573 3406 4641 auditor,
3431 4584 3602 4632 totum

2019 4667 2168 4723 audit
2210 4667 2350 4736 quod
2389 4666 2653 4730 dicimus;
2685 4675 2740 4718 et
2785 4663 2830 4717 si
2879 4663 2987 4718 duo
3027 4663 3230 4727 adsint,
3274 4668 3600 4723 tantumdem

2019 4761 2176 4816 ambo
2204 4759 2426 4814 audiunt
2449 4757 2586 4828 quod
2617 4767 2672 4812 et
2698 4757 2918 4826 singulis
2941 4765 3106 4817 totum
3129 4767 3238 4817 est;
3269 4768 3321 4812 et
3347 4760 3389 4813 si
3421 4759 3603 4814 audiat

2021 4851 2300 4906 multitudo
2339 4850 2503 4904 silens
2525 4889 2540 4908 .
2576 4862 2681 4902 non
2726 4848 2867 4902 inter
2899 4863 2957 4902 se
2997 4848 3346 4916 particulatim
3377 4849 3602 4902 commi-

2021 4951 2186 4996 nuunt
2215 4956 2375 4996 sonos
2406 4949 2654 5008 tanquam
2681 4938 2858 5002 cibos,
2890 4938 2982 4993 sed
3015 4954 3174 4993 omne
3201 4940 3340 5008 quod
3368 4948 3521 4996 sonat
3547 4949 3602 4995 et

2020 5033 2265 5087 omnibus
2295 5040 2462 5086 totum
2490 5039 2600 5094 est,
2628 5038 2677 5084 ει
2708 5030 2926 5099 singulis
2957 5039 3143 5084 totum.
3177 5029 3320 5083 Itane
3351 5029 3462 5097 jam
3494 5045 3599 5085 non

2021 5125 2146 5178 illud
2183 5132 2267 5179 est
2290 5123 2464 5193 potius
2498 5121 2834 5185 incredibile,
2861 5121 2906 5175 si
2935 5121 3153 5176 verbum
3178 5119 3406 5174 hominis
3433 5129 3602 5174 trans-

2022 5217 2137 5271 iens
2177 5214 2315 5285 quod
2347 5213 2565 5269 exhibet
2601 5214 2852 5275 auribus,
2885 5213 3116 5267 Verbum
3160 5214 3250 5267 Dei
3284 5228 3602 5281 permanens

2023 5324 2126 5361 non
2168 5305 2446 5362 exhiberet
2490 5306 2651 5360 rebus
2680 5305 2718 5369 ι,
2753 5315 2809 5358 ιιι
2841 5304 3285 5374 quemadmodum
3316 5303 3417 5358 hoc
3444 5303 3602 5359 simul

2022 5399 2234 5452 amlitnr
2261 5413 2291 5452 a
2317 5397 2538 5468 singulis
2560 5397 2718 5452 etiam
2750 5405 2939 5460 totum,
2972 5398 3042 5450 ita
3068 5395 3197 5450 illud
3223 5395 3381 5450 simul
3411 5395 3603 5465 ubique

2022 5497 2090 5550 sit
2117 5495 2318 5550 totum?

2087 5681 2102 5710 ι
2126 5685 2175 5725 ιιι
2197 5676 2330 5731 prius
2355 5672 2551 5722 excusis
2567 5669 2862 5731 legebatur;
2888 5664 3021 5724 Quod
3053 5662 3307 5715 exhibetur
3344 5665 3600 5731 (tigribus...

2023 5754 2114 5788 mm
2132 5727 2381 5787 exhibetur
2405 5732 2560 5783 rebus.
2575 5727 2687 5780 Atin
2705 5728 2930 5778 otnnibus-
2949 5740 3098 5790 prope
3238 5741 3250 5775 :
3271 5727 3400 5788 Quod
3416 5728 3604 5778 attinet

2023 5819 2099 5849 αεει
2115 5801 2277 5851 ibus...
2303 5813 2393 5848 non
2411 5793 2655 5847 exhiberet
2681 5795 2832 5841 rebus.
3534 5799 3546 5810 ··
