4014 6338
513 397 618 454 619

585 515 640 570 8.
681 512 796 568 Non
829 513 1006 583 itaque
1031 511 1373 570 metuendum
1399 519 1481 565 est
1506 510 1877 581 corpusculum
1916 509 2089 564 infan-

515 606 633 667 tire,
659 618 727 658 ne
756 604 808 657 in
844 603 934 656 illo
959 611 1133 657 tantas
1154 604 1169 634 ¹
1196 602 1332 656 Deus
1361 599 1627 670 angustias
1665 614 1849 668 passus
1875 613 1994 653 esse
2015 598 2090 651 vi-

510 697 716 746 deatur.
757 692 939 762 Neque
982 693 1121 746 enim
1173 694 1340 757 mole,
1386 690 1479 744 sed
1520 690 1710 744 virtute
1749 703 1971 758 magnus
2009 697 2090 742 est

515 782 687 846 Deus;
717 785 804 850 qui
829 782 1153 850 providentia
1181 797 1272 834 sua
1296 781 1567 860 meliorem
1593 795 1808 834 sensum
1840 779 2086 832 formicu-

512 873 577 927 lis
609 882 662 927 et
695 875 915 943 apiculis
952 873 1097 927 dedit
1138 889 1295 942 quam
1337 872 1498 925 asinis
1538 880 1594 926 et
1630 872 1878 935 camelis;
1904 871 1991 940 qui
2022 886 2085 924 ex

507 977 678 1033 grano
721 964 1070 1018 minutissime
1109 964 1326 1017 seminis
1369 973 1568 1016 tantam
1607 962 1844 1016 ficulnea:
1880 962 2085 1016 arboris

516 1051 928 1121 magnitudinem
955 1062 1118 1117 creat,
1141 1070 1257 1106 cum
1281 1069 1343 1106 ex
1373 1053 1536 1106 multo
1557 1052 1845 1120 majoribus
1871 1053 2086 1105 semini-

509 1144 610 1198 bus
638 1145 794 1214 longe
821 1145 1022 1199 minora
1052 1146 1213 1198 multa
1246 1155 1556 1208 nascantur;
1584 1145 1672 1214 qui
1702 1144 1947 1213 pupillam
1978 1154 2081 1198 tam

510 1251 724 1304 parvam
751 1236 936 1290 ditavit
959 1237 1091 1301 acie,
1121 1251 1221 1307 qua
1249 1252 1344 1305 per
1368 1238 1550 1291 oculus
1576 1238 1865 1300 emicante,
1897 1237 1948 1289 in
1979 1237 2082 1290 ictu

505 1326 760 1396 temporis
794 1327 985 1382 caelum
1016 1342 1180 1395 proiie
1205 1326 1478 1380 dimidium
1526 1327 1872 1389 lustraretur;
1903 1326 1991 1394 qui
2018 1341 2081 1380 ex

504 1429 702 1486 puncto
729 1428 784 1473 et
813 1420 961 1486 quasi
992 1427 1174 1473 centro
1203 1418 1430 1483 cerebri,
1460 1433 1647 1472 sensus
1672 1432 1862 1472 omnes
1890 1417 2081 1487 quina-

503 1511 579 1564 ria
624 1509 994 1564 distributione
1031 1509 1310 1573 diffundit;
1349 1510 1436 1578 qui
1467 1508 1661 1575 corde,
1693 1509 1933 1562 membro
1977 1519 2082 1561 tam

427 1602 429 1605 ’
502 1599 714 1669 exiguo,
738 1599 947 1652 vitalem
973 1608 1170 1653 motum
1196 1614 1288 1668 per
1307 1600 1543 1668 corporis
1563 1608 1751 1653 cuncta
1777 1598 2078 1668 dispensat:

504 1687 590 1743 his
618 1699 776 1758 atque
804 1689 1104 1759 hujusmodi
1136 1691 1291 1745 rebus
1321 1691 1593 1746 insinuans
1622 1706 1807 1760 magna
1834 1690 1901 1745 de
1927 1691 2084 1744 mini-

502 1779 604 1832 mis
626 1821 640 1844 ,
667 1781 755 1849 qui
796 1797 900 1835 non
932 1791 1013 1836 est
1041 1797 1233 1850 parvus
1259 1784 1309 1836 in
1337 1783 1531 1852 parvis.
1564 1783 1676 1852 Ipsa
1709 1783 1848 1837 enim
1877 1784 2081 1854 magni-
2129 1841 2133 1844 _

503 1869 632 1922 tudo
660 1870 868 1924 virtutis
890 1871 1002 1940 ejus
1019 1913 1034 1935 ,
1060 1887 1177 1939 qua:
1209 1873 1381 1926 nullas
1404 1872 1454 1925 in
1481 1882 1705 1942 angusto
1727 1873 1886 1926 sentit
1913 1888 2080 1942 angu-

501 1958 661 2023 stias,
691 1969 896 2013 uterum
919 1961 1225 2031 virginalem
1256 1978 1358 2014 non
1384 1962 1692 2026 adventitio,
1710 1964 1810 2018 sed
1839 1963 2080 2034 indigena

499 2050 782 2118 puerperio
823 2050 1158 2105 fecundavit:
1189 2051 1300 2120 ipsa
1331 2051 1428 2105 sibi
1470 2053 1701 2106 animam
1737 2055 2078 2121 rationalem,

500 2147 556 2192 et
597 2155 693 2209 per
729 2141 968 2196 eamdem
1016 2142 1174 2196 etiam
1219 2157 1412 2212 corpus
1455 2144 1780 2213 humanum,
1810 2154 2082 2216 totumque

501 2232 720 2285 omnino
748 2231 1014 2288 hominetn
1057 2235 1107 2287 in
1148 2235 1336 2288 melius
1371 2236 1677 2289 mutandum
1701 2279 1716 2302 ,
1747 2239 1893 2290 nullo
1923 2237 2082 2292 modo

501 2321 556 2376 in
586 2321 817 2376 deterius
851 2332 1049 2378 mutata
1089 2327 1386 2394 cooptavit;
1416 2341 1608 2380 nomen
1640 2328 1981 2383 humanitatis
2015 2329 2082 2382 ab

501 2429 566 2467 eo
592 2413 870 2484 dignanter
886 2430 1183 2481 assumens,
1207 2417 1495 2470 divinitatis
1517 2418 1564 2472 ei
1589 2418 1804 2487 largiter
1823 2419 2076 2473 tribuens.

502 2505 617 2575 ipsa
659 2506 826 2560 virtus
879 2523 971 2576 per
1018 2507 1284 2562 inviolata:
1331 2510 1515 2563 matris
1563 2511 1795 2579 virginea
1843 2512 2076 2577 viscera,

499 2597 738 2652 membra
768 2597 984 2653 infantis
1009 2598 1223 2666 eduxit,
1261 2616 1379 2669 qua:
1410 2608 1588 2669 postea
1621 2618 1715 2677 per
1741 2603 1916 2656 clausa
1945 2604 2079 2658 ostia

501 2688 740 2742 membra
764 2689 972 2758 juvenis
994 2690 1285 2744 introduxit
1307 2690 1482 2757 (Joan.
1503 2707 1595 2758 xx,
1621 2691 1735 2761 ‘26).
1757 2692 1853 2747 llic
1875 2693 1918 2745 si
1946 2693 2079 2749 ratio

500 2780 771 2848 qttzeritur,
809 2795 913 2834 non
957 2781 1061 2835 erit
1099 2781 1338 2835 mirabile
1368 2799 1380 2834 :
1412 2783 1455 2837 si
1487 2785 1784 2852 exemplum
1820 2785 2074 2854 poscitur,

501 2885 608 2924 non
635 2871 738 2925 erit
772 2872 1057 2942 singulare.
1081 2873 1278 2928 Demus
1307 2874 1472 2928 Deum
1499 2875 1692 2945 aliquid
1725 2891 1909 2944 posse,
1938 2877 2076 2944 quod

503 2975 601 3014 nos
631 2960 888 3016 fateamur
925 2963 1237 3031 investigare
1271 2979 1374 3016 non
1409 2978 1579 3032 posse.
1613 2965 1666 3019 In
1699 2965 1888 3020 talibus
1919 2966 2078 3020 rebus

500 3059 606 3103 tota
634 3051 768 3106 ratio
797 3051 915 3104 facti
943 3061 1021 3105 est
1046 3053 1277 3120 potentia
1305 3053 1562 3107 facientis.

569 3138 794 3194 CAPUT
834 3140 918 3194 111.
945 3172 1013 3182 -
1036 3143 1088 3197 9.
1119 3142 1233 3196 Jatn
1259 3143 1405 3206 illttd,
1437 3144 1574 3213 quod
1604 3145 1652 3198 in
1681 3159 1894 3200 somnos
1921 3146 2078 3202 solvi-

499 3236 606 3292 tur,
635 3238 686 3282 ct
707 3230 826 3284 cibo
849 3231 1027 3292 alitur,
1051 3242 1102 3285 et
1144 3247 1332 3286 omnes
1356 3233 1610 3288 humanos
1653 3236 1812 3291 sentit
1836 3237 2073 3300 affectus,

499 3317 768 3373 hominem
798 3321 1074 3385 persuadet
1106 3321 1602 3392 hominibus,qucm
1622 3340 1725 3378 non
1749 3327 2077 3396 consumpsit

498 3408 696 3476 utique,
729 3407 818 3462 sed
845 3411 1148 3474 assumpsit.
1179 3412 1316 3466 Ecce
1355 3413 1431 3466 sic
1459 3413 1650 3468 tinctum
1679 3425 1787 3482 est;
1811 3425 1864 3470 et
1898 3427 2074 3472 tamen

497 3499 708 3566 quidam
732 3501 980 3564 literetici,
1016 3517 1263 3570 pervche
1291 3505 1530 3558 mirando
1557 3507 1922 3578 laudandoque
1960 3510 2075 3578 ejus

496 3588 765 3652 virtutem,
795 3597 1034 3642 naturam
1065 3591 1348 3646 humanam
1381 3594 1431 3647 in
1453 3611 1516 3648 co
1544 3612 1761 3664 prors'.ts
1787 3615 2075 3668 agnoscere

497 3676 800 3742 noluerunt,
833 3679 920 3732 ubi
951 3689 1033 3733 est
1073 3682 1244 3734 omnis
1274 3685 1456 3751 gratize
1505 3687 1918 3752 commendatio,
1969 3705 2071 3758 qua

496 3767 674 3821 salvos
705 3767 826 3822 facit
853 3769 1134 3824 credentes
1176 3771 1227 3824 in
1254 3787 1332 3835 se,
1365 3772 1653 3841 profundos
1681 3775 1956 3831 thesauros
1985 3796 2071 3831 sa-

496 3858 710 3926 pientia:
737 3869 792 3912 et
814 3860 1050 3914 scientize
1073 3863 1437 3927 continens,et
1463 3865 1564 3919 fide
1579 3876 1784 3922 mentes
1809 3869 2068 3935 imbuens,

494 3962 627 4018 quas
653 3948 718 4003 ad
749 3958 999 4004 :rternam
1035 3954 1534 4022 contemplationem
1579 3957 1818 4014 veritatis
1867 3961 2069 4014 incom-

496 4041 769 4095 mutabilis
814 4042 1084 4110 provehat.
1137 4042 1272 4108 Quid
1320 4045 1362 4098 si
1413 4045 1757 4117 Omnipotens
1806 4051 2067 4107 hominem

492 4131 812 4201 ubicumque
839 4133 1117 4188 formatum
1166 4150 1268 4189 non
1298 4151 1362 4190 ex
1397 4151 1636 4192 materno
1660 4152 1813 4195 utero
1840 4151 2064 4210 crearet,

492 4221 588 4275 sed
613 4223 946 4291 repentinum
972 4223 1188 4278 inferret
1217 4227 1552 4295 aspectibus?
1575 4229 1700 4298 quid
1731 4231 1774 4284 si
1803 4233 1971 4286 nullas
2000 4249 2065 4288 ex

494 4312 714 4380 parvulo
741 4313 792 4364 in
833 4313 1104 4380 juventam
1151 4324 1378 4370 mutaret
1423 4327 1626 4382 :etates,
1675 4322 1844 4375 nullos
1881 4321 2061 4384 cibos,

499 4401 674 4456 nullos
701 4413 915 4478 caperet
942 4408 1194 4459 somnos?
1214 4407 1398 4462 Nonne
1409 4410 1709 4478 opinionem
1731 4415 2066 4471 confirmaret

491 4491 713 4558 erroris,
759 4509 858 4548 nec
892 4495 1160 4551 hominem
1193 4513 1374 4552 verum
1418 4503 1711 4571 suscepisse
1752 4506 1864 4561 ullo
1905 4510 2065 4563 modo

491 4583 834 4648 crederetur;
857 4594 910 4638 et
934 4585 1057 4639 dum
1099 4588 1274 4640 omnia
1313 4588 1620 4645 mirabiliter
1645 4591 1800 4660 facit,
1832 4596 2064 4654 auferret

489 4671 633 4742 quod
659 4674 1075 4729 misericorditer
1098 4675 1252 4732 fecit?
1277 4677 1425 4733 Nunc
1446 4696 1570 4735 vero
1591 4682 1658 4735 ita
1677 4683 1813 4739 inter
1829 4687 1992 4742 Deum
2009 4699 2062 4746 et

488 4763 734 4818 homines
777 4765 1037 4820 mediator
1078 4768 1356 4836 apparuit,
1385 4777 1444 4823 ut
1483 4771 1534 4826 in
1578 4773 1778 4831 unitate
1823 4793 2061 4847 persona:

488 4856 744 4926 copulans
773 4867 1050 4927 utramque
1077 4870 1352 4926 naturam,
1380 4870 1434 4915 et
1461 4862 1613 4918 solita
1639 4866 1946 4923 sublimaret
1975 4871 2061 4924 in-

489 4947 681 5013 solitis,
703 4955 758 5000 et
788 4948 998 5001 insolita
1029 4949 1199 5002 solitis
1231 4959 1566 5019 temperaret.

560 5041 646 5095 10.
687 5039 823 5108 Quid
847 5049 1022 5095 autem
1057 5055 1161 5095 non
1192 5043 1382 5097 mirum
1411 5043 1532 5100 facit
1566 5047 1698 5103 Dctts
1730 5050 1781 5104 in
1813 5054 2059 5110 omnibus

486 5121 752 5186 creaturte
767 5132 1016 5197 motibus,
1036 5134 1135 5188 nisi
1159 5137 1540 5192 consuetudine
1563 5142 1860 5208 quotidiana
1880 5147 2060 5200 vilnis-

486 5223 641 5277 sent!
692 5223 926 5292 Denique
972 5240 1133 5293 quam
1166 5226 1326 5280 multa
1358 5229 1548 5282 usitata
1591 5233 1888 5299 calcantur,
1940 5253 2059 5306 qua:

482 5313 814 5369 considerata
841 5317 1149 5398 stupentur!
1184 5319 1319 5372 sicut
1359 5320 1466 5388 ipsa
1497 5321 1574 5376 vis
1615 5325 1896 5389 seminum,
1924 5343 2060 5396 quos

485 5417 738 5457 numeros
774 5403 953 5476 habet,
1003 5417 1057 5460 et
1095 5422 1257 5477 quam
1297 5409 1526 5476 vivaces,
1572 5427 1728 5481 quam
1771 5413 2054 5481 efficaces,

487 5509 642 5563 quam
686 5494 912 5549 latenter
961 5507 1219 5566 potentes,
1243 5515 1398 5569 quam
1431 5501 1480 5554 in
1524 5517 1684 5569 parvo
1715 5518 1898 5574 magna
1939 5523 2056 5560 mo-

486 5583 699 5648 lientes,
727 5586 845 5655 quis
868 5586 1022 5640 adeat
1050 5589 1249 5655 animo,
1295 5591 1410 5660 quis
1437 5603 1645 5662 promat
1670 5594 1916 5666 eloquio?
1964 5597 2057 5654 Ille

485 5675 646 5746 igitur
666 5677 765 5730 sibi
792 5676 1061 5734 hominem
1087 5680 1210 5735 sine
1227 5685 1428 5741 semine
1470 5697 1719 5760 operatus
1754 5700 1854 5760 est,
1883 5693 1969 5765 qui
2002 5693 2054 5750 in

543 5784 564 5817 ⁶
589 5784 924 5835 sovenidecim
943 5795 1068 5850 res,
1084 5797 1255 5844 tantus.

1761 392 1819 451 8.
1859 390 2221 450 AUGUSTINI
2260 392 2562 452 EPISCOPI

2200 521 2378 562 rerum
2403 520 2585 564 natura
2613 509 2728 564 sine
2752 509 3052 566 seminibus
3071 520 3320 582 operatur
3341 519 3393 567 ct
3418 512 3643 568 semina.
3686 517 3777 571 Ille

2202 599 2252 652 in
2283 614 2382 654 suo
2410 616 2634 672 corpore
2661 617 2911 656 numeros
2933 612 3228 673 temporum
3255 619 3636 674 mensurasque
3661 620 3777 660 ser-

2202 691 2340 743 vavit
2368 700 2600 756 artatnm,
2632 693 2719 761 qui
2747 693 2862 746 sine
2893 693 2998 748 ulla
3028 694 3108 746 sui
3139 693 3488 748 mutabilitate
3523 697 3780 749 mutando

2195 783 2428 836 contexit
2476 783 2714 836 ordinem
2771 785 3102 837 sreculorum.
3163 783 3276 838 lluc
3320 784 3460 838 enim
3515 785 3689 839 crevit
3729 787 3780 839 in

2201 880 2462 939 tempore.
2494 874 2636 941 quod
2659 874 2820 939 C(Bpit
2844 889 2907 928 ex
2933 884 3188 942 tempore.
3219 875 3448 930 Verbum
3503 885 3685 930 autem
3728 878 3778 930 in

2195 961 2472 1029 principio,
2499 978 2592 1030 per
2621 963 2760 1031 quod
2788 963 2920 1016 facta
2943 973 3067 1016 sunt
3096 974 3352 1032 tempora,
3385 973 3596 1034 tempus
3619 966 3779 1034 elegit

2190 1066 2296 1119 quo
2325 1051 2617 1120 susciperet
2639 1068 2874 1120 carnem,
2898 1069 3004 1107 non
3027 1054 3250 1122 tempori
3277 1059 3440 1108 cessit
3459 1065 3516 1108 ut
3540 1063 3776 1108 vertere-

2191 1153 2277 1197 tur
2306 1144 2359 1196 in
2385 1159 2622 1199 carnem.
2651 1146 2818 1199 llomo
2841 1146 3038 1217 quippe
3061 1146 3169 1201 Deo
3184 1147 3428 1208 accessit,
3449 1162 3556 1200 non
3578 1146 3720 1200 Deus
3745 1160 3774 1198 a

2193 1251 2251 1290 se
2282 1237 2519 1290 recessit.

2262 1328 2346 1380 ll.
2384 1325 2473 1381 Sic
2485 1335 2661 1381 autem
2684 1327 2894 1395 quidam
2921 1325 3068 1380 reddi
3098 1327 3197 1380 sibi
3225 1327 3481 1380 rationem
3510 1325 3770 1396 ﬂagitant,

2185 1417 2452 1486 quomodo
2496 1416 2639 1471 Deus
2687 1416 2884 1470 homini
2940 1415 3231 1485 permixtus
3267 1417 3373 1479 sit,
3399 1426 3458 1469 ut
3484 1432 3587 1470 una
3619 1416 3768 1473 fieret

2188 1524 2420 1579 persona
2463 1509 2706 1574 Christi,
2755 1524 2875 1564 cum
2930 1508 3031 1562 hoc
3081 1509 3246 1564 semel
3289 1509 3400 1562 fieri
3441 1511 3768 1577 oportuerit;

2185 1602 2333 1670 quasi
2373 1601 2634 1655 rationem
2682 1601 2779 1670 ipsi
2805 1599 3032 1654 reddant
3087 1599 3156 1654 de
3189 1616 3248 1654 re
3273 1616 3390 1669 qua:
3414 1601 3649 1668 quotidie
3691 1593 3777 1669 fit,

2185 1693 2452 1761 quomodo
2481 1693 2771 1747 misceatur
2821 1693 2995 1745 anima
3036 1695 3246 1760 corpori
3267 1733 3281 1755 ,
3310 1700 3368 1745 ut
3407 1707 3510 1746 una
3543 1709 3771 1761 persona

2188 1782 2280 1835 flat
2306 1783 2554 1837 hominis.
2602 1781 2735 1837 Nam
2779 1782 2917 1836 sicut
2961 1782 3014 1835 in
3061 1783 3264 1836 unitate
3314 1797 3556 1850 personae
3591 1784 3770 1838 anima

2185 1872 2364 1925 nuitur
2385 1872 2618 1941 corpori,
2665 1881 2722 1926 ut
2743 1872 2904 1926 homo
2929 1873 3028 1935 sit;
3074 1873 3145 1926 ita
3191 1873 3243 1926 in
3292 1872 3494 1927 unitate
3524 1888 3772 1942 persona:

2190 1961 2328 2014 Deus
2359 1964 2534 2016 ttnitur
2563 1962 2783 2025 homini,
2814 1971 2871 2015 ut
2896 1961 3139 2016 Christus
3163 1962 3250 2014 sit.
3299 1961 3354 2016 In
3377 1962 3460 2014 illa
3488 1978 3617 2031 ergo
3643 1978 3772 2031 per-

2185 2067 2312 2106 sona
2349 2055 2573 2109 mixtura
2601 2062 2681 2108 est
2707 2053 2896 2106 animm
2939 2063 2992 2107 et
3017 2054 3289 2122 corporis;
3321 2054 3374 2108 in
3403 2053 3503 2108 hac
3539 2070 3769 2123 persona

2186 2143 2409 2196 mixtura
2437 2153 2518 2197 est
2550 2144 2640 2198 Dei
2669 2151 2724 2196 et
2749 2142 3013 2197 hominis:
3043 2144 3087 2197 si
3118 2155 3290 2196 tamen
3323 2143 3533 2198 recedat
3557 2143 3772 2200 auditor

2184 2250 2212 2287 a
2233 2227 2614 2290 consuetudine
2639 2251 2944 2305 corporum,
2967 2251 3071 2303 qua
3104 2234 3278 2289 solent
3304 2234 3412 2289 duo
3437 2235 3670 2304 liquores
3696 2236 3765 2290 ita

2184 2324 2558 2390 commisceri,
2614 2334 2672 2378 ut
2717 2333 2908 2380 neuter
2959 2333 3133 2378 servet
3181 2325 3532 2394 integritatem
3583 2340 3765 2388 suam;

2184 2430 2480 2484 quanquam
2507 2425 2561 2470 et
2589 2416 2640 2469 in
2673 2415 2802 2486 ipsis
2827 2416 3141 2484 corporibus
3191 2417 3301 2469 acri
3343 2415 3429 2468 lux
3461 2415 3768 2483 incorrupta

2183 2507 2487 2560 misceatur.
2513 2506 2658 2576 Ergo
2686 2521 2912 2574 persona
2942 2505 3186 2569 hominis,
3219 2505 3444 2559 mixtura
3464 2514 3548 2558 est
3574 2505 3770 2557 animae

2183 2607 2237 2651 et
2255 2598 2526 2666 corporis:
2555 2612 2777 2667 persona
2803 2605 2978 2650 autem
3025 2595 3240 2658 Christi,
3278 2595 3504 2648 mixtura
3550 2603 3634 2648 est
3666 2594 3766 2648 Dei

2183 2695 2239 2741 ct
2288 2687 2536 2742 hominis.
2565 2686 2697 2742 Cum
2737 2686 2878 2740 cnim
2922 2685 3152 2740 Verbum
3200 2686 3293 2739 Dei
3323 2685 3642 2754 permixtum
3684 2694 3774 2737 est

2181 2777 2605 2834 animtehabenti
2634 2791 2849 2845 corpus,
2897 2776 3051 2830 simul
3086 2785 3140 2829 et
3180 2775 3409 2828 animam
3439 2773 3673 2842 suscepit
3715 2783 3775 2827 et

2182 2885 2395 2939 corpus.
2437 2869 2567 2924 Illud
2597 2870 2832 2936 quotidie
2881 2868 2938 2920 fit
2965 2866 3030 2920 ad
3079 2865 3435 2936 procreandos
3475 2864 3767 2920 homines:

2184 2960 2283 3013 hoc
2311 2959 2474 3014 semel
2504 2960 2696 3012 factum
2723 2968 2803 3012 est
2843 2957 2907 3010 ad
2935 2955 3235 3010 liberandos
3263 2955 3520 3009 homines.
3543 2953 3775 3008 Verum-

2183 3057 2356 3104 tamen
2419 3049 2642 3104 dnarnm
2707 3063 2883 3101 rerum
2956 3047 3386 3114 incorporearum
3457 3043 3774 3098 commixtio

2189 3139 2396 3194 facilius
2425 3141 2570 3196 credi
2597 3140 2798 3203 debuit,
2821 3154 2975 3206 quam
3005 3137 3157 3190 unius
3187 3135 3530 3204 incorporeaa,
3561 3136 3774 3189 etalte-

2180 3231 2293 3284 rius
2315 3245 2610 3300 etirporew.
2625 3229 2755 3284 Nam
2785 3229 2828 3282 si
2856 3228 3035 3282 anima
3058 3226 3110 3280 itt
3141 3241 3232 3279 sua
3260 3233 3446 3279 natura
3476 3240 3580 3278 non
3604 3223 3768 3278 falla-

2183 3333 2287 3388 tur,
2320 3323 2682 3390 incorporcam
2723 3335 2782 3374 se
2820 3334 2938 3374 esse
2973 3316 3374 3386 comprehendit
3401 3336 3415 3371 :
3446 3318 3611 3370 multo
3653 3333 3776 3371 ma—

2179 3413 2260 3482 gis
2309 3414 2678 3482 incorporeum
2719 3421 2801 3465 est
2836 3409 3065 3465 Verbum
3118 3408 3232 3473 Dei,
3278 3423 3339 3461 ac
3368 3423 3462 3478 per
3481 3407 3584 3462 hoc
3603 3407 3772 3462 Verbi

2183 3503 2273 3556 Dei
2304 3512 2356 3556 ct
2377 3503 2570 3556 anima:
2594 3500 2895 3556 credibilior
2918 3499 3100 3553 debuit
3119 3513 3237 3553 esse
3256 3497 3557 3567 permixtio,
3604 3514 3770 3566 quam

2179 3586 2370 3655 anima:
2399 3595 2452 3637 et
2479 3584 2740 3652 corporis.
2765 3582 2868 3637 Sed
2897 3581 2997 3636 hoc
3021 3584 3073 3635 in
3099 3582 3249 3636 nobis
3274 3581 3399 3649 ipsis
3421 3581 3767 3650 experimur:

2181 3673 2309 3729 illud
2340 3675 2389 3728 in
2409 3673 2623 3727 Christo
2652 3672 2868 3727 credere
2889 3671 3157 3740 jubemnr.
3188 3669 3241 3724 Si
3271 3679 3446 3723 autem
3479 3681 3772 3738 utrumque

2180 3766 2333 3824 nobis
2374 3765 2572 3834 pariter
2612 3765 2939 3832 inexpertum
2987 3761 3309 3816 credendum
3351 3759 3767 3830 przeciperetur,

2176 3858 2301 3927 quid
2324 3858 2514 3912 horum
2539 3858 2695 3911 citius
2725 3855 3096 3911 crederemus?
3122 3855 3396 3920 Quomodo
3427 3868 3532 3907 non
3562 3853 3770 3908 fatere.-

2177 3968 2295 4004 tnttr
2323 3951 2428 4005 duo
2455 3951 2783 4019 incorporea,
2805 3963 2960 4018 quam
2990 3963 3149 4000 unum
3172 3960 3486 4014 corporeum
3510 3945 3770 3998 alterum.

2175 4056 2278 4109 que
2321 4041 2690 4111 incorporeum
2736 4037 2934 4093 facilius
2962 4037 3194 4106 potuisse
3220 4034 3465 4089 misceri?
3497 4034 3542 4088 si
3578 4044 3766 4090 tamen

2175 4148 2278 4187 non
2310 4133 2521 4202 indigne
2567 4131 2632 4185 ad
2683 4131 2779 4184 ista
2827 4129 3094 4182 mixtionis
3133 4127 3216 4181 vel
3261 4127 3508 4180 mixtura:
3560 4142 3764 4180 nomen

2172 4225 2484 4289 admittitur,
2514 4232 2728 4292 propter
2775 4219 3211 4274 consuetudinem
3271 4217 3628 4285 corporalium
3673 4233 3764 4271 re-

2173 4331 2310 4377 rum,
2349 4315 2503 4384 longe
2523 4315 2674 4367 aliter
2700 4327 2758 4367 se
2790 4311 3094 4364 habentium
3128 4310 3384 4379 aliterque
3415 4318 3689 4363 notarum.

2243 4406 2330 4460 12.
2373 4405 2603 4460 Verbum
2636 4403 2792 4474 igitur
2837 4402 2948 4467 Dei,
2979 4401 3225 4468 idemque
3253 4399 3344 4454 Dei
3377 4399 3573 4464 Filius,
3614 4401 3764 4456 Patri

2170 4506 2490 4558 murternus,
2519 4494 2814 4564 eademque
2843 4491 3019 4545 Virtus
3044 4477 3097 4545 et
3119 4489 3388 4559 Sapientia
3417 4491 3508 4543 Dei
3545 4489 3601 4559 (1
3637 4490 3762 4544 Cor.

2171 4604 2208 4654 ι,
2242 4585 2356 4658 24),
2373 4602 2402 4640 a
2433 4600 2665 4656 superno
2690 4583 2794 4638 fine
2819 4592 3074 4638 creatura:
3098 4582 3368 4636 rationalis
3394 4597 3560 4650 usque
3583 4581 3655 4637 ad
3685 4583 3767 4637 in-

2171 4678 2352 4732 fimum
2380 4677 2534 4730 linem
2559 4682 2818 4728 creaturas
2848 4672 3135 4742 corporalis
3152 4671 3419 4740 attingens
3449 4671 3686 4737 fortiter,
3709 4683 3764 4728 et

2166 4764 2455 4835 diSponens
2479 4765 2655 4817 omnia
2687 4765 2917 4818 suaviter
2950 4761 3102 4833 (ευρ.
3135 4776 3246 4823 vni,
3295 4759 3346 4826 1)
3370 4801 3384 4821 .
3416 4775 3658 4829 praesens
3708 4771 3764 4816 et

2166 4859 2359 4920 latens,
2379 4873 2636 4925 nusquam
2659 4855 2926 4918 conclusa,
2955 4868 3210 4923 nusquam
3225 4852 3466 4916 discissa,
3492 4867 3763 4922 nusquam

2169 4948 2388 5006 tumida.
2416 4947 2508 5001 sed
2533 4947 2650 5002 sine
2682 4947 2820 5000 mole
2860 4944 3053 5013 ubique
3090 4953 3219 5008 tota,
3265 4942 3420 5011 longe
3457 4943 3563 4996 alio
3594 4945 3763 4998 modo

2167 5038 2419 5108 quodam,
2444 5053 2598 5106 quam
2634 5052 2697 5091 eo
2725 5050 2832 5105 quo
2857 5032 3350 5089 creaturis'cwteris
3371 5032 3539 5096 adest,
3568 5049 3764 5087 susce-

2168 5134 2243 5202 pit
2263 5133 2555 5194 hominem,
2585 5145 2748 5199 sequc
2775 5139 2828 5182 et
2857 5129 2946 5183 illo
2977 5130 2994 5160 ί
3024 5128 3150 5182 fecit
3174 5143 3332 5180 unum
3361 5125 3545 5179 Jesum
3589 5126 3762 5180 Chri-

2167 5235 2328 5286 stum,
2361 5221 2707 5277 mediatorem
2757 5221 2848 5276 Dei
2894 5229 2947 5274 et
2992 5219 3265 5275 hominum
3314 5219 3356 5290 (l
3383 5217 3517 5272 Tim.
3564 5233 3626 5281 tt,
3662 5220 3758 5288 5),

2165 5317 2422 5386 arqualem
2447 5315 2586 5369 Patri
2611 5314 2897 5369 secundum
2920 5313 3267 5376 divinitatem,
3289 5314 3546 5365 minorem
3568 5321 3758 5364 autem

2165 5409 2321 5464 Patre
2341 5408 2630 5464 secundum
2652 5421 2886 5467 carnem,
2904 5405 3006 5459 hoc
3026 5415 3106 5458 est
3129 5403 3418 5459 secundum
3442 5403 3754 5467 hominem;

2165 5499 2668 5554 iucommutahilitcr
2738 5497 3089 5550 immortalem
3140 5495 3430 5550 secundum
3485 5494 3755 5564 :rqnaleui

2165 5589 2308 5645 Patri
2332 5589 2679 5652 divinitatem,
2713 5585 3063 5656 eumdemquc
3093 5585 3394 5641 mutabilem
3418 5593 3577 5652 atque
3598 5600 3756 5638 mor-

2158 5744 2336 5861 ι
2352 5751 2459 5794 Mss.
2497 5742 2867 5808 septemdecim.
2894 5747 2947 5793 At
2968 5754 3144 5792 omnes
3163 5740 3274 5791 add.
3300 5739 3501 5797 habent,
3524 5748 3677 5799 arma:
3707 5745 3757 5788 at
