2061 3175
170 252 251 280 talem
273 250 419 279 secundum
440 251 603 286 cognatam‘
619 248 695 276 nobis
718 249 908 276 inﬁrmitatem.
934 249 962 276 lu

169 305 223 332 quo
238 296 356 330 Christo,
369 304 403 325 eo
415 302 535 331 tempore
550 296 621 331 quod
643 295 895 330 opportunissimmn
907 295 964 328 ipsc

170 349 293 376 noverat,
308 349 335 371 et
349 348 410 371 ante
422 343 518 370 sa-cula
531 342 710 376 disposuerat,
726 341 798 368 venit
812 341 962 367 hominibus

169 389 351 424 magisterium
364 394 391 416 et
399 388 571 423 adjutorium,
581 387 614 414 ad
626 386 817 421 capessendam
826 386 963 419 sempiter-

170 442 232 463 nam
245 436 368 462 salutem.
379 434 557 469 Magisterium
568 433 675 468 quidem
689 437 718 459 ut
729 440 759 459 ea
770 440 829 467 qua:
847 432 890 459 hic
902 437 964 459 ante

169 481 240 510 dicta
249 485 312 508 sunt
324 480 425 507 utiliter
437 486 509 511 vera,
517 487 569 506 non
580 478 666 505 solum
676 486 690 504 a
700 477 839 512 Prophctis
853 477 962 510 sanctis,

169 527 216 563 qui
229 526 320 554 omnia
337 532 399 553 vera
413 524 553 552 dixerunt.
569 532 660 551 verum
673 524 753 551 etiam
768 531 782 550 a
798 522 964 558 philosophis

169 577 250 607 atque
263 571 328 606 ipsis
340 570 444 606 poetis,
461 573 489 597 et
502 568 681 603 cujuscemodi
695 568 846 595 auctoribus
862 568 963 594 littera-

169 625 230 646 rum
241 617 322 652 (quos
332 616 413 644 multa
425 623 486 643 vera
502 613 574 642 falsis
588 614 726 641 miscuisse
740 614 799 649 quis
809 613 963 648 ambigat?),

171 664 243 691 illius
257 663 337 690 etiam
353 663 378 689 in
392 670 472 689 carne
491 666 647 694 prmscntata
667 661 835 687 conﬁrmaret
849 661 963 686 auctori—

171 715 222 741 tas,
238 714 346 744 propter
358 716 404 736 eos
417 709 461 743 qui
476 709 519 735 illa
529 716 580 734 non
591 712 699 742 pesscnt
710 708 734 734 in
747 708 801 742 ipsa
812 708 902 734 intima
919 715 963 733 γυ-

171 755 251 782 ritate
265 761 376 781 cernere
391 758 470 788 atque
484 753 651 779 discernere:
665 761 724 787 quin
740 753 842 779 Veritas
853 757 877 779 et
892 758 964 779 antc—

170 808 250 835 quam
262 800 395 827 hominem
405 803 563 829 assumeret,
577 799 632 833 ipse
644 800 652 814 ²
666 799 758 825 aderat
771 799 905 829 omnibus,
920 799 963 832 qui

170 847 229 881 ejus
241 846 384 881 participes
395 853 454 872 esse
475 850 625 880 potuerunt.
644 845 756 871 Maxime
776 852 839 871 vero
854 852 909 870 sum
926 845 965 870 in-

170 892 334 921 carnationis
355 892 477 926 exemplo
500 892 524 918 id
541 892 681 918 salubriter
697 892 834 925 persuasit,
853 896 879 917 ut
898 899 931 925 qu
944 901 964 915 )-

171 939 243 966 niam
257 936 378 965 homines
393 938 510 972 plerique
525 938 670 964 divinitatis
691 938 771 966 avidi,
789 945 835 971 per
849 943 965 972 pltlt'Slti-

172 989 214 1011 tes
226 984 351 1011 cmlestes
366 991 430 1018 quas
446 983 511 1009 deos
532 988 665 1016 putarent,
681 983 797 1016 ritusque
813 984 900 1008 varius
917 983 965 1008 illi-

171 1031 297 1061 cilorum,
308 1038 358 1056 non
369 1037 516 1061 sacrorum,
524 1029 569 1055 sed
579 1029 785 1062 sacrilegiornm,
794 1029 964 1055 ambicudutn

172 1077 222 1104 sibi
237 1076 432 1103 arbitrarentur
442 1075 474 1102 ad
488 1076 580 1107 Deum,
594 1075 676 1109 magis
691 1075 805 1108 superbe
818 1083 896 1109 qlmlll
913 1075 964 1109 pic,

171 1129 223 1156 qua
237 1122 263 1148 in
278 1129 306 1148 re
324 1128 372 1155 pro
387 1121 492 1155 Angelis
503 1120 601 1147 sanctis
609 1121 647 1146 eis
655 1128 683 1146 se
692 1120 827 1146 dat-moues
836 1121 966 1154 superbia.-

171 1166 330 1201 cognatione
342 1166 352 1180 ³
376 1170 537 1200 supponunt,
554 1165 653 1191 scirent
668 1165 788 1192 homines
805 1170 856 1191 tam
879 1166 967 1199 proxi—

172 1219 245 1238 mum
255 1218 318 1238 esse
328 1211 409 1240 Deum
419 1211 507 1245 pietati
523 1210 668 1241 hominum,
677 1210 708 1237 ad
720 1218 797 1243 quem
812 1211 967 1245 velutlonge

172 1258 288 1292 positum
300 1264 348 1291 per
361 1257 531 1291 interpositas
545 1261 689 1291 potestates
699 1257 860 1287 ambiebant,
876 1262 904 1283 ιιι
920 1257 966 1283 lio-

173 1304 273 1330 minem
287 1303 423 1337 suscipere
436 1303 599 1337 dignaretur,
614 1307 639 1329 et
650 1310 709 1329 cum
719 1303 763 1330 illo
774 1303 840 1329 uniri
851 1303 965 1337 quodam

172 1348 252 1376 modo
268 1353 296 1376 ut
307 1348 332 1376 ei
351 1349 390 1376 sic
403 1352 570 1383 coaptaretur
586 1348 665 1375 homo
680 1352 749 1375 totus
762 1369 768 1380 ,
793 1348 966 1383 quemadmo-

172 1395 235 1422 dum
248 1395 345 1422 anima:
355 1402 469 1428 corpus;
486 1399 596 1428 excepta
608 1395 777 1422 concretione
789 1395 922 1427 mutabili,
939 1395 964 1422 in

173 1449 252 1476 quam
268 1449 322 1468 non
346 1446 509 1468 convertitur
526 1441 603 1473 Deus,
621 1445 646 1467 et
668 1448 747 1475 quam
763 1441 883 1467 videmus
897 1441 966 1476 quod

174 1487 272 1514 habent
282 1492 308 1514 et
320 1494 418 1521 corpus
432 1492 458 1514 ct
471 1487 585 1514 animus.
602 1487 768 1521 Adjutorium
783 1492 882 1519 autem,
896 1487 966 1521 quod

174 1533 232 1561 sine
244 1534 328 1568 gratia
344 1533 404 1560 fidei
419 1541 477 1568 quac
491 1533 524 1560 ab
538 1534 583 1560 illo
596 1538 646 1564 est,
663 1541 741 1559 nemo
765 1539 850 1567 potest
861 1534 968 1561 vincere

172 1579 404 1613 concupiscentias
414 1580 539 1611 vitiosas;
559 1585 585 1606 et
596 1580 617 1606 si
628 1587 678 1614 qua
692 1587 783 1606 carum
797 1580 901 1607 residua
915 1589 967 1607 nou

174 1625 277 1657 vicerit,
294 1625 390 1652 veniali
401 1625 558 1652 remiSsione
572 1626 688 1660 purgari.
705 1626 780 1658 Quod
792 1634 855 1660 ergo
868 1626 900 1652 ad
915 1634 970 1653 ma-

174 1670 314 1705 gisterium
325 1670 382 1704 eius
397 1670 502 1702 attinet,
514 1671 571 1705 quis
586 1678 655 1697 nunc
670 1675 804 1697 extremus
821 1671 912 1703 idiota,
928 1672 967 1698 vel

173 1724 235 1751 qnze
246 1716 347 1751 abjecta
361 1716 514 1743 muliercula
528 1723 580 1743 non
596 1717 679 1743 credit
699 1718 794 1744 animre
808 1717 970 1744 immortali-

174 1766 259 1789 tatem
273 1762 404 1796 vitamque
429 1767 488 1796 post
510 1766 623 1789 mortem
648 1762 780 1789 futuram?
801 1763 875 1796 Quod
899 1763 968 1797 apud

174 1807 286 1835 Grtccos
294 1807 356 1834 olim
369 1808 469 1842 primus
483 1807 650 1842 Pherecydes
668 1808 793 1843 Assyrius
807 1816 866 1835 cum
879 1809 970 1843 dispu-

175 1857 267 1885 tasset,
286 1853 460 1889 Pythagoram
479 1854 598 1881 Samium
613 1854 683 1881 illius
697 1854 883 1889 disputationis
896 1855 970 1881 novi-

176 1892 230 1926 tate
243 1903 393 1935 pennotmn
407 1907 440 1926 ex
452 1899 551 1926 athleta
561 1899 587 1925 in
604 1899 787 1933 philosophum
799 1899 971 1926 vertit.Nunc

176 1951 242 1979 ergo
255 1943 327 1979 quod
347 1944 420 1972 hlaro
440 1945 495 1977 ait,
516 1949 542 1971 et
562 1952 655 1972 omnes
668 1944 801 1977 videmus;
828 1946 969 1972 Amomum

176 1989 317 2025 Assyrium
330 1990 407 2025 vulgo
420 1991 553 2018 nascitur:
569 1991 638 2025 quod
659 1995 746 2017 autem
761 1991 793 2017 ad
809 1991 968 2026 adjutorium

175 2036 271 2071 gratia:
285 2037 408 2070 pertinet,
422 2045 480 2070 qum
492 2037 517 2063 in
530 2036 637 2063 Christo
656 2041 706 2068 est,
722 2037 777 2070 ipse
796 2042 836 2064 cst
848 2038 968 2071 omnino,

239 2096 290 2121 Quo
300 2092 362 2117 duce
373 2092 394 2117 si
405 2099 452 2123 qua
464 2096 565 2124 manent
573 2092 674 2117 sceleris
686 2093 788 2124 vestigia
800 2094 883 2122 nostri,

239 2124 307 2148 irrita
318 2122 435 2154 perpetua
447 2122 543 2148 solvent
555 2123 681 2148 formidine
694 2122 780 2148 terras.

721 2154 801 2187 (Virg.
814 2154 864 2179 Ecl.
874 2154 909 2185 4.)

213 2193 327 2223 CAPUT
337 2194 466 2222 lV.—~l3.
475 2195 527 2223 Sed
538 2196 747 2231 nulla,inquiuut
759 2217 766 2228 ,
778 2196 973 2230 competentibus

177 2240 257 2275 signis
270 2240 414 2268 claruerunt
428 2246 505 2268 multa
517 2243 656 2277 majestatis
670 2243 764 2269 indicia
776 2251 785 2269 .'
799 2243 857 2278 quia
870 2243 972 2270 larvalis

177 2286 225 2312 illa
240 2286 365 2322 purgatio,
378 2286 497 2314 debilium
507 2295 584 2320 cum,
601 2287 699 2314 reddita
709 2288 758 2314 vita
771 2288 905 2323 defunctis,
919 2290 941 2315 si
950 2293 972 2314 et

178 2330 225 2357 alii
236 2330 434 2364 considerantur,
447 2331 499 2358 Deo
512 2340 589 2366 parva
603 2337 670 2359 sunt.
686 2332 811 2360 Fatcmur
826 2333 932 2367 quidem
947 2338 974 2360 et

179 2383 230 2403 nos
243 2376 304 2404 talia
318 2376 439 2411 quaedam
454 2376 548 2404 fecisse
558 2377 714 2412 Prophetas.
727 2378 792 2405 Nam
805 2378 829 2405 in
840 2378 880 2405 his
892 2379 974 2414 signis

179 2421 244 2456 quid
258 2421 431 2449 excellentius
444 2430 522 2457 quam
543 2427 661 2450 mortuos
684 2424 881 2452 resurrexisse?
901 2424 974 2452 Fecit

179 2466 233 2494 hoc
258 2466 330 2494 Elias
356 2466 401 2503 (ιιι
430 2467 494 2503 Reg.
516 2476 590 2500 xvn,
610 2468 655 2504 2‘2)
669 2490 676 2501 ,
699 2469 761 2496 fecit
782 2469 833 2496 hoc
862 2470 974 2497 Elisscus

181 2511 228 2546 (IV
239 2512 304 2547 Reg.
323 2520 360 2546 tv,
373 2513 430 2548 '55).
442 2513 507 2540 Nam
520 2514 553 2541 de
569 2522 705 2548 magorum
718 2515 861 2547 miraculis,
885 2521 973 2542 utrum

180 2558 262 2585 etiam
276 2561 397 2586 mortuos
408 2559 603 2592 suseitaverint,
621 2560 657 2586 illi
673 2559 786 2587 viderint
801 2561 843 2595 qui
860 2566 886 2588 et
902 2563 972 2595 Apu-

181 2602 262 2630 leium
280 2611 309 2630 se
322 2609 414 2631 contra
428 2605 587 2639 magicarum
603 2606 698 2633 artium
717 2606 828 2634 crimina
848 2607 975 2641 copiosis-

181 2650 250 2677 sime
262 2649 462 2683 defendentem,
481 2657 610 2678 conantur
623 2660 673 2678 non
685 2652 843 2683 accusando,
860 2653 905 2680 scd
921 2654 975 2680 lau-

181 2695 270 2723 dando
282 2696 451 2724 convincere.
462 2696 514 2723 Nos
528 2697 650 2732 legimus,
671 2705 762 2731 magos
777 2698 974 2733 zEgyptiorum,

181 2740 279 2768 artium
302 2741 413 2769 istarum
440 2742 629 2776 peritissimos,
656 2750 670 2769 a
696 2742 786 2778 Moyse
808 2742 906 2771 famulo
930 2744 975 2770 Dei

214 2787 223 2819 ξ
236 2785 442 2819 Edd._,
455 2786 500 2811 Sed
512 2786 600 2811 melius
612 2792 663 2811 διδ.
676 2792 739 2816 octo,
749 2791 882 2819 cognatam.

213 2818 224 2833 ¹
234 2817 412 2848 ωνωόηῑρδα.
426 2818 582 2848 ῐιθροειιίηιιιε
595 2825 626 2842 ex
639 2819 723 2848 viginti
737 2817 799 2848 tissi,
812 2818 870 2848 ipse.

215 2826 224 2833 ⁵
234 2826 258 2841 ll]
270 2826 337 2846 μισ..
349 2826 412 2848 Ipsa.
426 2826 582 2848 tteposutmus
595 2826 626 2842 CX
639 2826 723 2848 V’lglllll
737 2826 799 2848 MSS,
812 2826 820 2843 Ι
838 2826 870 2843 δε.

215 2847 290 2880 'Edd.
302 2848 410 2880 Bad._Er._
428 2851 493 2877 Lov.,
503 2849 616 2880 superth
631 2848 785 2880 cogitationis.
801 2826 893 2880 Aliquot
914 2853 976 2879 ωδε..

179 2877 463 2911 ειφετθίωβῡρὲιαιὶοηε.
485 2879 527 2911 Alii
535 2877 650 2910 quatuor,
658 2877 820 2911 "cogitationes.
834 2877 879 2904 ἔρα
891 2877 977 2904 melior

180 2909 232 2934 visa
244 2912 283 2934 est
291 2908 393 2935 aliorum
402 2911 509 2942 quinque
522 2908 604 2939 lectio,
617 2908 740 2941 quam—hic
752 2911 882 2935 reddimus.

300 2950 416 2983 Sacr.
433 2953 571 2983 Ancusr.
594 2953 632 2983 ll.

758 191 995 220 EPISTOLARUM
1014 191 1149 219 CLASSIS
1169 191 1213 218 lll.

1755 193 1809 220 523

1019 247 1101 276 fuiSse
1112 253 1262 282 superatos,
1274 254 1334 276 cum
1348 247 1384 275 illi
1395 247 1516 282 qutedam
1532 248 1598 275 mira
1608 247 1729 276 nefandis
1743 250 1810 277 arti-

1018 293 1067 320 bus
1082 299 1200 328 agerent,
1213 294 1256 321 ille
1273 293 1326 321 Deo
1340 293 1496 328 simpliciter
1507 295 1514 309 ¹
1529 294 1662 327 invocato,
1671 295 1809 323 machina-

1018 345 1106 366 menta
1128 347 1222 367 eorum
1238 344 1333 367 cuncta
1355 340 1522 367 subverteret
1548 340 1646 375 (Exod.
1667 349 1702 368 vn
1715 362 1722 374 ,
1739 345 1811 378 vui).

1017 383 1070 411 Sed
1090 389 1117 412 et
1135 384 1192 419 ipse
1213 384 1326 420 Moyses,
1347 387 1377 412 ‘ct
1389 386 1479 413 etcteri
1492 385 1632 420 Prophetas
1646 388 1810 416 veracissimi

1019 430 1158 458 Dominum
1179 430 1312 458 Christum
1327 431 1559 467 prophetaverunt,
1577 438 1605 461 et
1616 433 1725 468 gloriam
1751 442 1810 462 ma-

1017 484 1096 511 gnam
1106 477 1130 504 ei
1141 476 1285 509 dederunt;
1302 476 1372 504 httnc
1384 485 1434 504 non
1447 482 1570 512 tanquam
1584 486 1674 513 parem
1685 479 1747 513 sibi,
1761 487 1811 507 nec

1018 522 1045 549 in
1058 522 1151 549 eadem
1163 522 1350 549 miraculorum
1366 523 1479 557 potentia
1490 524 1665 557 superiorem,
1677 525 1724 553 sed
1734 526 1812 560 plano

1018 568 1159 594 Dominum
1172 567 1254 595 Deum
1268 567 1398 599 omnium,
1411 573 1438 595 et
1451 568 1584 596 hominem
1600 574 1706 604 propter
1721 570 1808 597 11οηιί-

1019 621 1066 641 nes
1073 614 1179 645 factum,
1191 619 1332 641 venturum
1345 615 1595 648 prmnuntiaverunt.
1607 616 1658 650 Qui
1670 621 1810 652 propterea

1018 664 1045 686 et
1064 659 1122 694 ipse
1137 660 1196 687 talin
1214 659 1301 687 facere
1315 660 1406 692 voluit,
1431 668 1465 688 ne
1485 666 1556 688 esset
1572 662 1730 696 absurdum,
1750 671 1810 698 qum

1018 712 1065 739 per
1080 705 1138 732 illos
1152 704 1251 733 fecerat
1264 706 1286 733 si
1302 706 1358 740 ipse
1372 714 1425 733 non
1435 706 1542 734 faceret.
1556 707 1610 735 Sed
1624 712 1750 737 tamenet
1761 710 1796 737 ali

1018 749 1081 784 quid
1098 750 1232 784 proprium
1254 750 1341 778 facere
1365 750 1457 778 debuit
1474 760 1482 778 :
1503 752 1574 779 nasci
1594 752 1628 780 de
1648 754 1749 789 virgine
1762 775 1769 786 ,
1795 762 1810 781 a

1019 796 1130 823 mortuis
1146 804 1295 832 resurgere,
1306 797 1331 824 in
1346 798 1443 825 emittm
1455 798 1610 826 ascendere.
1628 800 1683 828 lloc
1699 801 1754 829 Deo
1766 810 1811 837 qut

1020 848 1111 875 parum
1122 847 1204 877 putat,
1226 842 1287 878 quid
1302 843 1362 877 plus
1374 848 1510 878 exspectet
1524 845 1627 879 ignoro.

1056 888 1099 914 ll.
1119 888 1241 915 Arbitror
1266 889 1337 915 cnim
1366 889 1426 916 talia
1451 889 1578 924 flagitari,
1603 891 1690 926 qualia
1715 899 1811 926 gerens

1020 932 1165 965 hominem.
1178 933 1264 961 facere
1276 942 1330 961 non
1345 935 1355 950 ¹
1369 934 1469 963 debuit.
1490 935 1555 962 Nam
1570 936 1595 963 in
1610 937 1740 971 principio
1754 943 1811 965 erat

1019 978 1148 1012 Verbum,
1163 984 1191 1007 et
1205 979 1320 1007 Verbum
1341 985 1399 1008 erat
1418 981 1488 1016 apud
1505 982 1599 1014 Deum,
1622 988 1649 1010 et
1662 983 1732 1011 Deus
1754 989 1812 1011 erat

1022 1023 1147 1057 Verbum,
1159 1029 1186 1052 et
1198 1025 1286 1052 omnia
1306 1033 1352 1059 per
1366 1026 1451 1060 ipsum
1469 1026 1535 1054 facta
1557 1032 1618 1054 sunt
1631 1027 1719 1064 (Jaan.
1737 1037 1755 1062 ι,
1772 1029 1810 1064 _l).

1020 1069 1087 1097 Num
1099 1070 1206 1099 homine
1220 1077 1365 1107 assumpto,
1380 1072 1460 1099 alium
1473 1073 1600 1101 mundum
1611 1074 1698 1102 facere
1710 1076 1813 1109 debuit,

1020 1121 1050 1144 ut
1058 1125 1119 1145 eum
1132 1125 1193 1145 esse
1201 1118 1382 1152 crederemus,
1393 1126 1440 1154 per
1447 1127 1525 1154 quem
1537 1120 1586 1147 fact
1591 1126 1664 1148 uscst
1676 1121 1792 1149 mundus
1801 1123 1813 1149 ?

1020 1162 1073 1190 Sed
1084 1171 1134 1191 nec
1148 1164 1233 1198 major
1241 1164 1364 1197 mundus,
1375 1173 1424 1192 nec
1436 1165 1477 1193 isti
1490 1166 1599 1201 aequalis
1607 1167 1635 1194 in
1648 1167 1698 1195 hoc
1711 1168 1812 1196 mundo

1021 1208 1078 1236 ﬁeri
1094 1214 1195 1244 posset.
1218 1209 1245 1237 Si
1259 1214 1348 1237 autem
1370 1211 1501 1239 minorem
1517 1211 1617 1240 faceret
1639 1213 1706 1240 infra
1721 1214 1812 1248 istum,

1020 1255 1143 1283 similiter
1168 1257 1219 1284 hoc
1237 1264 1341 1292 quoque
1367 1265 1459 1292 parum
1483 1262 1631 1293 putaretur.
1658 1259 1724 1293 Quia
1747 1269 1812 1296 ergo

1021 1308 1074 1328 non
1085 1302 1224 1336 oportebat
1239 1307 1266 1330 ut
1286 1311 1384 1331 novum
1399 1303 1499 1332 faceret
1520 1305 1658 1338 mundum,
1671 1314 1739 1334 nova
1754 1307 1815 1335 fecit

1021 1347 1047 1374 in
1063 1347 1171 1378 mundo.
1196 1349 1280 1376 Homo
1295 1349 1366 1377 enim
1380 1349 1413 1377 de
1433 1350 1534 1385 virgine
1560 1357 1734 1386 procreatus.
1757 1357 1812 1381 eia

1021 1393 1135 1420 mortuis
1158 1393 1185 1420 in
1206 1398 1335 1422 attentam
1364 1395 1444 1422 vitam
1470 1397 1658 1430 resuscitatus,
1683 1402 1710 1425 et
1733 1405 1814 1433 super

1020 1439 1103 1466 caelos
1118 1440 1259 1473 uult-itus,
1285 1441 1419 1475 potentius
1440 1440 1555 1470 fortasse
1576 1451 1644 1482 opus
1669 1448 1711 1471 est
1731 1452 1820 1480 quam-

1022 1484 1146 1512 mundus.
1160 1485 1208 1513 llic
1221 1485 1287 1513 forte
1296 1486 1467 1521 respondent.
1481 1494 1511 1515 se
1524 1487 1622 1516 factum
1635 1490 1686 1517 hoc
1692 1497 1752 1518 esse
1760 1499 1813 1519 non

1021 1530 1142 1558 credere.
1161 1530 1229 1564 Quid
1242 1538 1305 1566 ergo
1316 1531 1360 1558 ﬁat
1373 1531 1539 1565 hominibus,
1562 1534 1607 1569 qui
1620 1535 1728 1563 minima
1746 1544 1814 1564 con-

1022 1579 1155 1607 temnunt.
1162 1576 1261 1611 majora
1271 1584 1323 1604 non
1339 1576 1468 1605 credunt?
1477 1578 1592 1606 Reddita
1607 1579 1660 1607 vita
1670 1580 1814 1616 defunctis,

1023 1621 1082 1649 ideo
1100 1621 1227 1655 creditur,
1243 1623 1305 1657 quia
1321 1623 1441 1650 fecerunt
1454 1623 1510 1656 alii,
1526 1629 1553 1652 et
1573 1632 1666 1660 parum
1681 1631 1722 1654 cst
1735 1627 1812 1655 Deo:

1021 1674 1085 1695 caro
1094 1668 1200 1703 propria
1212 1668 1246 1696 de
1259 1668 1360 1704 virgine
1378 1674 1477 1702 creata,
1486 1674 1514 1697 et
1525 1677 1540 1698 a
1555 1676 1641 1699 morte
1649 1672 1675 1699 in
1688 1677 1816 1702 atternam

1022 1715 1103 1742 vitam
1118 1722 1200 1750 super
1219 1715 1302 1743 cmlos
1324 1715 1411 1743 levata
1422 1737 1430 1749 ,
1459 1716 1520 1744 ideo
1541 1724 1595 1744 non
1610 1718 1737 1753 creditur,
1752 1720 1814 1755 qni:

1022 1768 1102 1788 nemo
1126 1761 1198 1794 fecit,
1226 1765 1253 1789 et
1270 1761 1399 1796 competit
1412 1761 1477 1789 Deo.
1499 1762 1538 1790 Ac
1555 1770 1603 1797 per
1616 1763 1667 1791 hoc
1685 1772 1744 1799 quae
1765 1765 1816 1794 sibi

1023 1808 1135 1843 quisque
1157 1808 1253 1842 facilia,
1274 1815 1326 1835 non
1351 1807 1432 1841 factu,
1452 1808 1500 1836 sed
1513 1813 1602 1844 captu,
1626 1814 1711 1844 putat,
1737 1818 1815 1846 aequo

1023 1854 1114 1881 animo
1123 1854 1236 1889 accipit;
1254 1861 1333 1889 supra
1347 1861 1378 1882 ea
1392 1854 1472 1882 veluti
1488 1854 1547 1882 ﬁcta
1561 1863 1609 1890 pro
1628 1855 1701 1884 falsis
1719 1857 1793 1885 ducit
1807 1867 1814 1884 :

1026 1899 1080 1927 noli
1092 1899 1132 1927 eis
1142 1907 1203 1927 esse
1213 1900 1320 1934 similis,
1335 1900 1449 1928 obsecro
1462 1904 1498 1928 te.

1062 1946 1106 1974 l5.
1124 1947 1296 1982 Dispulantur
1316 1946 1374 1974 Inec
1389 1946 1479 1980 latius,
1496 1952 1524 1975 et
1536 1954 1630 1975 Omnes
1640 1949 1816 1983 quatstionum

1025 1993 1237 2020 necessariarum
1252 1993 1327 2021 sinus
1341 1993 1496 2028 perscrutati
1516 1993 1683 2029 diseussique
1698 1996 1818 2030 pandum.

1025 2042 1086 2065 tur:
1110 2038 1156 2066 sed
1180 2038 1324 2067 intellectui
1348 2038 1413 2066 ﬁdes
1427 2038 1527 2066 aditum
1551 2040 1651 2074 aperit,
1676 2040 1819 2069 inﬁdelitas

1024 2084 1132 2111 claudit.
1148 2084 1233 2118 Quem
1248 2092 1300 2111 non
1321 2090 1426 2112 moveat
1445 2084 1478 2112 ad
1497 2084 1660 2113 credendum
1680 2091 1770 2114 tantus
1785 2088 1819 2115 ab

1025 2130 1101 2158 initio
1114 2131 1170 2166 ipse
1186 2138 1274 2158 rerum
1296 2135 1429 2166 gestarum
1450 2131 1534 2165 ordo,
1556 2138 1583 2159 et
1607 2133 1663 2168 ipsa
1685 2136 1818 2163 connexio

1026 2181 1173 2212 temporum
1184 2198 1191 2210 ,
1212 2174 1361 2212 prmteritis'
1373 2177 1451 2205 tidem
1466 2178 1500 2206 dc
1513 2179 1688 2213 prmsenlibus
1702 2180 1818 2215 faciens,

1025 2223 1115 2259 priora
1135 2223 1328 2258 posterioribus
1340 2228 1366 2250 ct
1381 2223 1573 2252 recentioribus
1594 2225 1701 2260 antiqua
1720 2226 1821 2254 conﬁr-

1026 2270 1121 2296 mans?
1141 2268 1254 2304 Eligitur
1269 2276 1337 2296 unus
1350 2276 1382 2296 ex
1397 2272 1476 2304 gente
1496 2268 1697 2305 Chaldteorum,
1721 2273 1820 2307 pietate

1027 2314 1180 2342 ﬁdelissima
1190 2314 1327 2349 prteditus,
1343 2314 1384 2342 cui
1402 2315 1529 2349 promissa
1544 2315 1632 2343 divina
1643 2321 1705 2352 post
1719 2323 1819 2347 tantam

1027 2361 1185 2389 szeculornm
1198 2360 1295 2388 seriem
1316 2360 1467 2387 novissimis
1483 2362 1647 2396 temporibus
1662 2363 1818 2398 complenda
1840 2358 1843 2369 ⁵

1027 2407 1182 2442 prodantur,
1189 2411 1268 2441 atque
1276 2406 1302 2433 in
1311 2406 1368 2441 ejus
1376 2407 1478 2433 semine
1486 2414 1579 2434 omnes
1586 2413 1678 2443 gentes
1688 2409 1817 2437 habitum

1027 2451 1240 2479 benedictionem
1251 2451 1463 2486 prtenunliantur
1476 2451 1551 2487 (Gen.
1560 2460 1608 2484 ιιι,
1620 2452 1659 2487 2).
1674 2453 1723 2481 llic
1735 2461 1816 2481 unum

1028 2497 1112 2525 Deum
1130 2504 1220 2524 verum
1242 2496 1333 2523 colens
1346 2496 1527 2524 univcrsitatis
1545 2502 1695 2526 creatorem
1706 2520 1713 2530 .
1734 2500 1819 2534 gignit

1029 2543 1111 2571 filium
1123 2551 1215 2574 senex,
1223 2543 1256 2570 dc
1268 2543 1380 2578 conjuge
1389 2550 1467 2577 quam
1477 2551 1524 2578 spe
1534 2544 1651 2578 pariendi
1660 2546 1764 2579 penitus
1772 2546 1820 2575 de-

1028 2590 1147 2618 stitutam
1160 2589 1285 2617 sterilitas
1296 2592 1412 2624 :etasque
1421 2588 1475 2624 jam
1490 2588 1598 2616 fecerat.
1613 2590 1776 2626 Propagatur
1787 2600 1821 2620 ex

1029 2636 1075 2663 illo
1083 2634 1316 2663 numerosissimus
1327 2634 1449 2670 populus,
1458 2635 1646 2670 multiplicatus
1657 2637 1683 2663 in
1692 2636 1820 2673 Egypto,

1029 2690 1081 2716 quo
1094 2681 1165 2709 illam
1181 2681 1291 2716 stirpem
1307 2688 1340 2708 ex
1353 2681 1526 2709 orientalibus
1539 2682 1665 2717 partibus,
1681 2685 1821 2718 promissis

1030 2728 1185 2762 effectisque
1197 2727 1369 2754 crebrescens
1381 2727 1519 2762 dispositio
1528 2727 1616 2755 divina
1628 2729 1821 2758 transmiserat.

1030 2773 1158 2800 Educitur
1171 2781 1202 2799 cx
1224 2772 1330 2808 [Egypti
1345 2773 1473 2801 servitute
1485 2780 1550 2808 gens
1565 2774 1648 2801 valida
1660 2796 1667 2807 ,
1682 2775 1823 2804 horrendis

1062 2819 1070 2834 ί
1080 2818 1200 2852 Edd._Lov_.
1211 2818 1264 2843 Bad.
1278 2821 1304 2843 et
1314 2822 1351 2843 Er.
1363 2819 1472 2852 habent,
1489 2823 1539 2844 Deo
1557 2819 1697 2852 simpliciter
1706 2820 1821 2848 invocato.

1030 2853 1058 2874 Al.
1069 2853 1122 2874 Mss.
1135 2848 1266 2874 lectionem
1277 2854 1382 2875 nostram
1394 2850 1533 2880 prteferunt.
1586 2848 1591 2851 ’
1602 2848 1607 2852 ’
1630 2861 1633 2863 ·
1821 2855 1823 2857 ‘
1836 2864 1838 2866 -

1062 2881 1072 2896 ε
1082 2883 1106 2904 In
1124 2880 1185 2915 Edd._
1204 2880 1302 2915 legitur,
1315 2881 1394 2915 [apere
1405 2886 1451 2905 non
1464 2880 1552 2905 debuit.
1570 2882 1615 2906 Sed
1627 2883 1697 2908 abest
1708 2883 1822 2915 particula

1031 2917 1126 2943 negans
1137 2917 1150 2935 a
1162 2910 1288 2942 plerisque
1299 2910 1355 2935 odd.
1368 2915 1420 2935 Mss.
1496 2915 1498 2917 '
1565 2916 1568 2920 '

1393 2954 1593 2996 (Biar-sapt.)
