4014 6338
527 361 633 418 523

524 475 691 548 signis
720 484 880 545 atque.
911 472 1212 539 miraculis;
1246 471 1513 543 pulsisqne
1542 468 1719 539 impiis
1746 467 1992 538 gentibus
2017 508 2031 533 ,
2061 467 2113 520 in

528 576 722 622 terraer
767 566 1137 621 utemissiouis
1179 563 1429 633 perducta
1475 567 1534 617 et
1578 562 1898 625 constituta,
1950 573 2116 628 regno

527 638 686 715 etiam
713 657 1046 713 unlimatur.
1078 654 1275 710 Deinde
1304 653 1713 723 pratvalescente
1759 658 1998 721 peccato,
2031 663 2113 702 sa-

528 749 741 821 crilegis
779 748 994 803 ausibus
1022 747 1188 801 Deum
1216 759 1399 799 verum
1420 785 1435 810 ,
1462 742 1553 813 qui
1581 742 1661 798 eis
1689 750 1831 796 tanta
1856 737 2116 795 beneﬁcia

526 840 845 904 contulerat,
892 836 1187 908 saepissime
1229 834 1532 912 offendens,
1566 832 1830 902 variisque
1858 828 2117 899 ﬁagellata

527 932 786 996 cladibus,
808 937 863 984 et
882 927 1319 1000 prosperitatibus
1334 925 1628 988 consolata,
1649 937 1817 992 usque
1835 920 1900 975 ad
1921 919 2117 974 Christi

529 1022 946 1079 incarnationem
994 1018 1521 1086 declarationemque
1571 1014 1893 1085 perducitur.
1944 1012 2114 1078 Quem

528 1116 796 1171 Christum
815 1156 830 1179 ,
860 1112 953 1169 Dei
976 1111 1207 1168 Verbum
1230 1153 1244 1178 ,
1288 1108 1383 1166 Dei
1412 1108 1604 1164 Filium
1624 1148 1637 1171 ,
1671 1107 1837 1161 Deum
1882 1104 1933 1158 in
1959 1117 2118 1158 carne

532 1214 811 1260 venturum
834 1244 849 1268 ,
878 1203 1193 1258 moriturum
1210 1244 1224 1265 ,
1250 1207 1670 1255 resurrecturum
1688 1236 1703 1261 ,
1734 1195 1786 1248 in
1812 1193 2007 1249 ctelum
2032 1208 2119 1247 as-

528 1311 835 1361 censurum,
863 1291 1363 1363 pnepollentissimo
1393 1303 1490 1342 suo
1516 1288 1762 1354 nomine,
1790 1286 1843 1340 in
1868 1283 2118 1342 omnibus

528 1388 775 1459 gentibus
801 1387 1007 1441 dicatos
1046 1385 1145 1439 sibi
1198 1382 1420 1453 papulos
1446 1381 1779 1445 habiturum;
1822 1378 1980 1448 inque
2026 1376 2119 1432 illo

526 1478 893 1535 remissionem
925 1486 1262 1547 peccatorum
1284 1514 1298 1536 ,
1328 1473 1660 1540 salutemque
1699 1478 1953 1525 aeternam
1981 1466 2122 1521 futu-

527 1586 643 1628 ram
679 1585 802 1628 esse
823 1570 1194 1633 credentibus,
1226 1566 1403 1622 omnia
1440 1565 1612 1633 gentis
1652 1563 1792 1617 illius
1821 1560 2079 1631 promissa
2099 1598 2116 1627 ,

526 1676 714 1718 omnes
742 1660 1056 1731 prophetiae,
1084 1658 1380 1714 sacerdotia
1398 1697 1414 1721 ,
1447 1654 1727 1719 sacriﬁcia,
1755 1652 2033 1723 templum,
2064 1659 2120 1706 et

526 1762 719 1808 cuncta
747 1752 968 1807 omnino
995 1756 1329 1805 sacramenta
1358 1754 1669 1802 sonuerunt.

596 1844 684 1899 16.
706 1843 859 1897 Venit
878 1850 933 1898 et
950 1841 1223 1906 Christus;
1246 1841 1583 1908 complentur
1604 1838 1657 1893 in
1678 1837 1793 1907 ejus
1816 1846 1957 1902 ortu,
1983 1836 2116 1901 vita,

524 1934 700 2001 dictis,
720 1931 891 2001 factis,
914 1932 1266 2002 passinnibus,
1288 1939 1477 1997 morte,
1496 1929 1913 1994 resurrectione,
1928 1942 2120 1981 ascen-

523 2028 708 2094 sione,
732 2025 910 2081 omnia
944 2025 1202 2094 praeconia
1232 2022 1615 2093 l’r0phetarum
1653 2018 1877 2093 (Matth.
1914 2034 1952 2083 ι,
1982 2017 2054 2072 25
2074 2015 2119 2089 ).

522 2118 679 2173 Mittit
707 2118 961 2188 Spiritum
992 2126 1266 2179 sanctum,
1298 2113 1485 2182 implet
1514 2111 1699 2166 ﬁdeles
1727 2126 1827 2164 una
1875 2110 1927 2163 in
1956 2108 2121 2163 domo

523 2220 871 2282 congregatos
891 2208 1025 2279 (Act.
1047 2225 1103 2274 ιι,
1127 2208 1204 2279 2),
1232 2206 1409 2261 ethoc
1431 2206 1602 2274 ipsum
1628 2202 1949 2273 promissum
1965 2215 2123 2256 oran-

522 2303 593 2358 tio
614 2311 772 2374 atque
792 2299 1145 2356 desiderando
1159 2305 1551 2367 exspectantes.
1578 2294 1782 2365 impleti
1803 2304 1978 2348 autem
1999 2291 2123 2362 Spi-

524 2392 628 2447 ritu
663 2399 848 2447 sancto
868 2431 882 2454 ,
914 2391 1204 2459 loquuntur
1236 2395 1457 2457 repente
1483 2386 1680 2456 linguis
1720 2386 1957 2440 omnium
1987 2398 2118 2454 gen-

523 2483 677 2551 tium,
691 2490 918 2554 arguunt
931 2482 1154 2536 ﬁdenter
1166 2477 1700 2547 errores,praedieant
1714 2477 2118 2532 saluberrimam

525 2577 825 2641 veritatem,
853 2573 1198 2628 exhortantur
1217 2571 1281 2624 ad
1307 2569 1675 2640 paenitentiam
1712 2568 1996 2639 praeteritae
2015 2566 2123 2621 cul-

523 2666 716 2737 pabilis
731 2667 876 2731 vitat,
897 2664 1276 2735 indulgentiam
1296 2662 1365 2718 de
1386 2662 1563 2716 divina
1583 2663 1751 2732 gratia
1780 2660 2116 2730 pollicentur.

528 2759 963 2816 Prtedicationem
988 2757 1199 2827 pietatis
1226 2771 1481 2826 veraeque
1504 2754 1778 2825 religionis
1804 2753 1952 2824 signa
1982 2767 2120 2807 con-

523 2851 763 2922 gruentia
780 2860 835 2906 et
857 2849 1107 2903 miracula
1124 2855 1542 2916 consequuntur.
1567 2846 1846 2901 Excitatur
1866 2845 2118 2900 adversus

524 2958 620 2998 eos
636 2956 774 2998 saeva
794 2940 1105 3003 inﬁdelitas;
1129 2940 1356 2993 tolerant
1372 2937 1645 3009 praedicta,
1660 2944 1878 3007 sperant
1896 2939 2121 3004 promis.

524 3048 606 3101 sa,
625 3033 815 3090 docent
831 3040 1114 3103 praecepta.
1134 3030 1367 3085 Numero
1380 3028 1555 3099 exigui
1576 3044 1669 3097 per
1686 3025 1937 3082 mundum
1950 3025 2120 3080 disse-

526 3124 821 3190 minantur,
847 3123 1071 3192 populos
1094 3121 1344 3176 facilitate
1365 3119 1596 3174 mirabili
1620 3126 1957 3183 convertunt,
1982 3117 2119 3171 inter

521 3213 773 3270 inimicos
802 3223 1083 3284 augentur,
1113 3208 1569 3282 perseeutionibus
1598 3218 1844 3263 crescunt
1869 3248 1886 3274 ,
1926 3222 2019 3277 per
2041 3205 2118 3259 af-

520 3305 819 3361 tlictionum
849 3303 1120 3374 angustias
1145 3318 1312 3372 usque
1338 3302 1390 3355 in
1420 3313 1681 3355 terrarum
1707 3308 1946 3355 extrema
1987 3297 2118 3352 dila-

525 3404 725 3449 tantur.
752 3394 831 3451 Ex
860 3392 1307 3463 imperitissimis,
1355 3405 1421 3445 ex
1455 3388 1826 3459 abjeetissimis
1846 3429 1861 3451 ,
1892 3402 1960 3443 ex
1988 3402 2119 3456 pau—

530 3486 761 3540 cissimis
824 3483 1222 3549 illuminantur,
1272 3480 1652 3544 nobilitantur,
1700 3478 2141 3547 multiplicantur

524 3568 933 3646 praeclarissima
982 3573 1226 3642 ingenia,
1275 3571 1569 3626 eultissima
1613 3569 1850 3638 eloquia;
1899 3567 2117 3623 mirabi-

527 3670 715 3737 lesque
737 3666 953 3735 peritias
971 3673 1270 3728 acutorum,
1296 3660 1643 3716 facundorum
1660 3668 1820 3729 atque
1838 3658 2116 3714 doctorum

522 3759 816 3829 subjugant
840 3756 1052 3811 Christo
1071 3796 1089 3822 ,
1121 3764 1173 3810 et
1211 3754 1276 3808 ad
1317 3750 1710 3823 prmdicandum
1736 3751 1874 3803 viam
1903 3749 2116 3819 pietatis

524 3851 822 3921 salutisque
846 3856 1178 3904 convertunt.
1209 3846 1446 3902 Alternis
1479 3844 1889 3900 adversitatibus
1911 3853 1962 3898 et
1989 3860 2115 3913 pro-

524 3943 870 4015 speritatibus
893 3958 1073 3997 rerum
1096 3982 1111 4005 ,
1142 3939 1448 4011 patientiam
1478 3950 1532 3993 et
1555 3937 1959 4008 temperantiam
1984 3935 2117 4005 vigi-

522 4037 702 4091 lanter
731 4041 1026 4091 exercent:
1061 4031 1259 4086 mundo
1286 4029 1589 4085 declinante
1614 4026 1665 4083 in
1694 4035 1932 4083 extrema
1954 4068 1969 4091 ,
2008 4024 2117 4082 fes-

524 4130 709 4198 sisque
731 4126 888 4181 rebus
913 4132 1121 4179 :etatem
1140 4122 1376 4177 ultimam
1397 4129 1744 4191 protestante,
1764 4119 1930 4174 multo
1951 4118 2113 4174 ﬁden-

527 4221 668 4285 tius,
699 4218 821 4288 quia
863 4226 919 4272 et
949 4216 1049 4270 hoe
1092 4214 1400 4284 praedictum
1431 4221 1546 4280 est,
1587 4221 1842 4268 aeternam
1887 4211 2115 4268 civitatis

529 4310 764 4366 caelestis
819 4307 1122 4363 felicitatem
1189 4314 1516 4376 exspectant.
1582 4306 1756 4376 Atque
1813 4306 1952 4360 inter
2000 4305 2115 4360 haec

530 4401 707 4455 omnia
732 4440 747 4463 ,
773 4407 957 4454 contra
990 4396 1284 4452 Ecclesiam
1326 4395 1521 4450 Christi
1569 4395 1848 4465 impiarum
1876 4396 2112 4467 gentium

531 4490 817 4545 inﬁdelitas
858 4486 1074 4543 fremit:
1102 4485 1297 4540 evincit
1322 4484 1412 4538 illa
1440 4484 1718 4553 patiendo,
1748 4492 1804 4540 et
1828 4484 2111 4540 inconcus-

527 4598 641 4635 sam
688 4579 849 4635 ﬁdem
897 4575 1037 4632 inter
1073 4574 1444 4631 obsistentium
1481 4574 1742 4628 saevitiam
1787 4574 2105 4645 proﬁtendo.

526 4671 793 4727 Revelatae
838 4666 1112 4733 veritatis,
1156 4681 1273 4734 quae
1313 4664 1402 4719 diu
1431 4664 1708 4735 promissis
1745 4665 1983 4735 mysticis
2016 4680 2111 4721 ve-

527 4763 756 4827 labatur,
788 4757 1050 4815 sacriﬁcio
1076 4755 1393 4812 succedente
1414 4793 1431 4821 ,
1484 4754 1574 4809 illa
1614 4754 1872 4811 sacriﬁcia
1921 4755 2111 4826 quibus

525 4852 628 4908 hoc
670 4850 1010 4921 ﬁgurabatur,
1062 4845 1246 4915 templi
1291 4844 1460 4916 ipsius
1502 4845 1783 4901 eversione
1830 4846 2108 4902 tolluntur.

526 4944 775 5014 lteproba
806 4956 899 5011 per
925 4938 1287 4994 inﬁdelitatem
1331 4952 1461 5008 gens
1491 4938 1602 5007 ipsa
1628 4937 1932 4994 Iudaeorum
1960 4957 1989 4994 a
2020 4955 2110 4997 se-

520 5034 679 5091 dibus
706 5030 1022 5101 exstirpata,
1052 5043 1149 5099 per
1168 5028 1422 5082 mundum
1449 5042 1825 5100 usquequaque
1845 5029 2107 5101 dispergi-

523 5138 630 5191 tur,
654 5131 716 5180 ut
733 5123 927 5193 ubique
945 5129 1118 5191 portet
1136 5118 1362 5174 Codices
1381 5128 1613 5186 sanctos,
1634 5134 1696 5174 ac
1715 5120 1794 5176 sic
1816 5123 2111 5191 prephetiaz

521 5216 917 5281 testimonium,
962 5228 1065 5285 qua
1093 5211 1332 5267 Christus
1379 5220 1434 5266 et
1476 5211 1711 5267 Ecclesia
1758 5213 2106 5284 pratnuutiata

520 5318 633 5374 est,
678 5321 749 5363 ne
786 5304 855 5362 ad
884 5313 1093 5374 tempus
1119 5319 1150 5357 a
1182 5302 1335 5358 nobis
1379 5302 1558 5357 ﬁctum
1587 5302 2001 5371 existimaretur,
2038 5305 2107 5361 ab

521 5400 650 5467 ipsis
676 5394 998 5454 adversariis
1026 5394 1357 5465 proferatur;
1405 5394 1495 5449 ubi
1543 5393 1703 5448 etiam
1738 5395 1879 5465 ipsos
1910 5396 2103 5466 pmdi-

518 5506 662 5547 enim
687 5500 769 5546 est
796 5503 905 5545 non
934 5486 1099 5544 fuisse
1134 5487 1451 5543 credituros.
1499 5486 1719 5557 Templa
1745 5496 1799 5542 et
1821 5488 2103 5544 simulacra

516 5584 842 5649 tid‘lllOlllll‘ll,
867 5580 1106 5650 ritusque
1134 5577 1379 5648 sacrilegi
1408 5577 1658 5647 paulatim
1683 5586 1842 5650 atque
1868 5579 2102 5637 alterna-

518 5674 609 5729 tim
639 5670 929 5728 seenndum
960 5668 1207 5741 praedicta
1233 5668 1539 5739 prophetica
1561 5669 1958 5727 subvertantur.
1987 5673 2104 5728 lla:-

515 5778 662 5824 ηερε
701 5764 954 5819 adversus
988 5776 1179 5818 nomen
1209 5760 1428 5829 Christi,
1472 5761 1571 5818 sub
1598 5762 1892 5821 velamento
1926 5772 2100 5821 tamen

1751 353 1806 408 s.
1848 351 2211 408 AUCUSTINI
2253 351 2551 409 EPISCOI‘I
3674 367 3759 425 ξω

2222 467 2452 521 nominis
2497 467 2726 534 Christi,
2772 468 2841 523 ad
2886 470 3234 526 exercendam
3263 472 3555 530 doctrinam
3592 492 3761 539 sancta:

2221 560 2520 631 religionis,
2569 561 2706 617 sicut
2746 566 3112 632 praenuntiata:
3153 576 3310 632 sunt,
3355 569 3617 638 pullulant.
3660 575 3767 632 limen

2224 652 2401 706 omnia
2431 653 2568 707 sicut
2589 654 2832 724 leguntur
2855 656 3123 725 prmdicta,
3153 658 3224 712 ita
3249 670 3535 715 cernuntur
3556 662 3762 733 impleta,

2220 751 2379 812 atque
2402 758 2466 798 ex
2494 743 2579 798 his
2599 744 2708 814 jam
2740 754 2817 801 tot
2840 754 2896 801 et
2920 748 3080 803 tantis
3105 764 3223 818 qua:
3250 758 3470 815 restant,
3495 764 3768 823 exspectan-

2222 840 2308 887 tur
2332 833 2618 902 implenda.
2664 835 2794 901 Qum
2835 837 3049 892 tandem
3080 854 3230 895 mens
3262 840 3415 895 avida
3457 844 3765 913 mtemitatis,

2219 922 2446 993 vimque
2474 926 2753 992 pratsentis
2798 926 3057 983 brevitate
3095 938 3370 997 permota,
3418 939 3596 986 contra
3628 933 3771 1004 huius

2221 1012 2413 1067 divina:
2437 1016 2772 1071 auctoritatis
2798 1018 2975 1073 lumen
3004 1018 3323 1089 culmenque
3348 1022 3660 1078 contendat?

2292 1103 2521 1159 CAPUT
2552 1106 2617 1161 V.
2640 1137 2712 1148 -—
2732 1108 2816 1162 i7.
2856 1108 2985 1177 Qua:
3022 1110 3443 1180 disputationes,
3469 1130 3583 1183 quas
3606 1116 3774 1173 littera

2220 1196 2579 1262 quorumlibet
2623 1197 3059 1269 philosophorum
3079 1242 3095 1269 ,
3125 1218 3245 1273 quze
3281 1205 3426 1275 leges
3454 1210 3775 1276 quarumlibet

2220 1284 2514 1352 civitatum,
2542 1286 2751 1343 duobus
2777 1293 3077 1362 praeceptis,
3108 1309 3173 1348 ex
3202 1296 3391 1365 quibus
3415 1295 3646 1353 Christus
3666 1299 3778 1357 dicit

2223 1382 2388 1431 totam
2417 1376 2615 1447 Legem
2643 1380 3043 1453 Prophetasque
3070 1384 3303 1454 pendere
3320 1426 3336 1450 ,
3363 1387 3477 1441 ullo
3516 1388 3664 1445 mode
3687 1392 3779 1448 sint

2220 1469 2633 1536 comparandas:
2677 1469 2870 1541 Diliges
2906 1471 3186 1529 Dominum
3221 1475 3384 1531 Deum
3419 1489 3562 1532 tuum
3596 1497 3655 1535 ea:
3690 1491 3777 1536 toto

2221 1560 2371 1612 corde
2400 1569 2506 1626 tuo,
2539 1570 2585 1614 et
2610 1578 2674 1616 ea:
2712 1572 2817 1617 tota
2844 1565 3015 1619 anima
3041 1575 3158 1635 tua,
3197 1578 3245 1623 et
3270 1585 3334 1624 ea:
3370 1579 3476 1625 tota
3502 1584 3656 1628 mute
3676 1583 3780 1641 tua;

2220 1660 2304 1715 et,
2344 1652 2524 1721 diliges
2559 1654 2846 1722 proximum
2870 1668 3011 1711 tuum
3044 1668 3283 1731 tanquam
3307 1656 3564 1735 titipsttm?
3589 1665 3777 1735 (Matth.

2223 1758 2352 1807 xxn,
2381 1746 2469 1807 57,
2502 1744 2618 1816 59.)
2662 1747 2758 1802 Hic
2800 1750 3046 1820 physica,
3078 1754 3327 1822 quoniam
3354 1770 3546 1811 omnes
3571 1760 3780 1815 omnium

2223 1846 2528 1889 naturarum
2559 1853 2733 1893 causa:
2776 1839 2830 1893 in
2879 1841 2985 1895 Deo
3010 1853 3252 1898 creatore
3293 1856 3439 1899 sunt.
3482 1846 3576 1902 llic
3598 1846 3779 1914 ethica,

2223 1928 2475 1995 queniam
2504 1928 2605 1981 vita
2648 1929 2784 1983 bona
2822 1938 2877 1985 et
2900 1930 3121 1987 honesta
3150 1949 3255 1989 non
3283 1936 3503 1992 aliunde
3531 1939 3781 2002 formatur.

2222 2033 2381 2087 quam
2411 2033 2537 2073 cum
2562 2036 2627 2075 ea
2652 2036 2772 2090 quae
2798 2022 3059 2093 diligenda
3084 2036 3230 2094 sunt,
3255 2031 3693 2098 quemadmodum
3718 2034 3785 2088 di-

2224 2106 2429 2177 ligenda
2458 2118 2583 2164 sunt
2614 2110 2657 2178 ί,
2695 2111 3006 2183 diliguntur,
3030 2114 3132 2171 hoc
3157 2130 3239 2174 est
3266 2119 3407 2175 Deus
3431 2131 3491 2177 et
3519 2129 3784 2193 proximus.

2222 2198 2320 2252 llic
2362 2200 2529 2269 logica
2552 2242 2567 2265 ,
2609 2204 2857 2272 quoniam
2889 2206 3083 2260 veritas
3107 2209 3391 2280 lumenque
3431 2214 3623 2269 anima:
3648 2216 3788 2270 ratio—

2222 2290 2382 2353 nalis,
2418 2292 2628 2346 nonnisi
2670 2293 2809 2348 Deus
2840 2304 2942 2351 est.
2985 2296 3080 2352 llic
3105 2300 3263 2355 etiam
3312 2302 3593 2360 laudabilis
3633 2307 3791 2376 reipu-

2222 2380 2374 2434 hlicm
2395 2382 2539 2436 salus
2564 2400 2577 2435 :
2605 2398 2776 2454 neque
2797 2387 2936 2441 enim
2957 2389 3201 2445 conditur
3218 2402 3272 2447 et
3291 2396 3593 2451 custoditur
3609 2398 3789 2468 optime

2221 2470 2410 2525 civitas
2430 2513 2444 2536 ,
2477 2471 2578 2527 nisi
2609 2473 2954 2532 fundamento
2997 2490 3052 2534 et
3081 2483 3291 2537 vinculo
3335 2484 3495 2551 ﬁdei,
3544 2486 3792 2558 ﬁrmaeque

2220 2562 2552 2625 concordiae,
2610 2579 2730 2619 cunt
2775 2566 2969 2622 bonum
3014 2585 3299 2629 commune
3351 2575 3613 2648 diligitur,
3664 2579 3791 2649 quod

2220 2666 2489 2707 summum
2515 2668 2578 2708 ac
2605 2656 2940 2714 verissimqu
2969 2660 3107 2716 Deus
3134 2674 3217 2718 est
3240 2707 3254 2727 ,
3279 2677 3444 2737 atque
3474 2670 3527 2724 in
3558 2669 3645 2725 illo
3670 2670 3792 2725 invi-

2221 2755 2339 2832 cem
2368 2743 2729 2803 sincerissime
2771 2763 2832 2804 se
2868 2749 3094 2821 diligunt
3118 2753 3396 2825 homines,
3428 2775 3558 2816 cum
3594 2764 3796 2832 propter

2222 2828 2371 2887 illum
2402 2848 2461 2888 se
2482 2833 2741 2905 diligunt,
2770 2839 2858 2894 cui
2878 2881 2894 2907 ,
2923 2856 3031 2911 quo
3058 2844 3237 2901 animo
3265 2847 3514 2919 diligant,
3544 2828 3795 2908 occultare

2220 2937 2327 2977 non
2355 2934 2596 2992 possunt.

2294 3012 2381 3068 18.
2430 3014 2617 3071 Modus
2642 3026 2819 3074 autem
2869 3022 2983 3091 ipse
3025 3023 3268 3095 dicendi,
3317 3047 3422 3101 quo
3454 3044 3634 3090 sancta
3663 3035 3794 3090 Scri-

2221 3114 2372 3201 plura
2395 3109 2716 3201 contexitur,
2740 3128 2897 3182 quam
2923 3118 3172 3175 omnibus
3194 3126 3549 3195 accessibilis,
3573 3132 3799 3201 quamvis

2220 3197 2553 3290 paucissimis
2599 3206 2967 3271 penetrabilis!
3018 3209 3095 3266 Ea
3141 3229 3261 3282 quas
3306 3231 3497 3286 aperta
3541 3197 3796 3290 continet,

2218 3287 2369 3382 quasi
2395 3289 2598 3346 amicus
2624 3292 2930 3364 familiaris,
2957 3300 3075 3355 sine
3105 3301 3226 3357 fueo
3252 3306 3317 3359 ad
3349 3323 3446 3363 cor
3478 3312 3705 3382 loquitur
3728 3287 3801 3366 in;

2217 3378 2496 3474 doctorum
2525 3392 2687 3454 atque
2712 3386 2988 3445 doctorum
3016 3409 3032 3445 :
3064 3408 3127 3448 ea
3154 3410 3282 3450 vero
3308 3412 3432 3467 qua:
3463 3402 3519 3456 in
3546 3378 3799 3474 mysteriis

2217 3472 2477 3565 occultat,
2526 3491 2627 3532 nec
2672 3479 2783 3548 ipsa
2826 3481 3039 3552 eloquio
3065 3488 3297 3556 superbo
3329 3492 3520 3561 erigit,
3572 3472 3681 3565 quo
3707 3511 3801 3549 non

2218 3562 2410 3617 audeat
2434 3566 2691 3623 accedere
2715 3584 2866 3626 mens
2896 3573 3215 3632 tardiuscula
3243 3590 3298 3633 et
3326 3562 3633 3649 inaudita,
3663 3587 3801 3655 quasi

2217 3667 2419 3722 pauper
2457 3656 2523 3711 ad
2571 3658 2826 3725 divitem;
2871 3662 2966 3718 sed
3004 3664 3191 3723 invitat
3227 3685 3416 3727 omnes
3467 3674 3657 3730 humili
3697 3691 3805 3731 ser-

2218 3759 2409 3808 mone,
2439 3762 2575 3817 quos
2617 3765 2721 3805 non
2749 3752 2920 3807 solum
2952 3757 3233 3814 manifesta
3261 3774 3447 3831 pascat
3467 3805 3484 3832 ,
3516 3767 3613 3822 sed
3655 3770 3801 3822 etiam

2216 3847 2427 3928 secreta
2453 3849 2700 3928 exerceat
2728 3843 2978 3911 veritate,
3028 3846 3130 3903 hoc.
3172 3850 3223 3905 in
3267 3857 3539 3926 promptis
3578 3859 3717 3928 quod
3759 3859 3806 3913 in

2217 3926 2504 3981 reconditis
2532 3927 2750 3985 habens.
2780 3931 2883 3988 Sed
2909 3951 2978 3990 ne
2996 3950 3179 4007 aperta
3205 3926 3607 4013 fastidirentur,
3627 3948 3803 4003 eadem

2217 4032 2403 4074 rursus
2430 4031 2614 4090 operta
2642 4023 3033 4095 desiderantur,
3060 4031 3356 4089 desiderata
3383 4039 3629 4108 quodam
3660 4040 3811 4095 modo

2217 4119 2554 4179 renovantur,
2578 4126 2828 4170 renovata
2849 4122 3083 4176 suaviter
3106 4123 3440 4182 intimantur.
3468 4130 3569 4186 His
3593 4131 3810 4186 salubri-

2219 4208 2300 4293 ter
2318 4209 2368 4254 et
2386 4216 2546 4270 prava
2566 4205 2921 4276 corriguntur,
2945 4220 2999 4265 et
3015 4225 3174 4281 parva
3196 4217 3531 4285 nutriuntur,
3553 4230 3611 4277 et
3630 4237 3813 4293 magna

2217 4291 2549 4348 obiectantur
2574 4295 2804 4366 ingenia.
2854 4299 2945 4356 Ille
2981 4301 3104 4361 huic
3147 4304 3404 4363 doctrina:
3452 4291 3812 4367 inimicusvest

2216 4382 2454 4449 animus,
2500 4385 2589 4455 qui
2625 4386 2708 4440 vel
2737 4389 2966 4444 errando
3008 4407 3126 4447 eam
3157 4397 3329 4451 nescit
3354 4414 3485 4456 esse
3530 4399 3816 4458 saluberri-

2217 4487 2381 4537 mam,
2415 4474 2500 4530 vel
2521 4475 2635 4531 odit
2660 4481 2967 4548 aegrotando
2996 4485 3336 4543 medicinam.

2289 4564 2376 4619 l9.
2419 4562 2580 4622 Vides
2624 4582 2782 4638 quam
2827 4573 3085 4642 prolixam
3134 4577 3414 4647 epistolam
3465 4581 3718 4640 fecerim.
3763 4582 3816 4639 Si

2215 4654 2341 4724 quid
2372 4670 2497 4728 ergo
2522 4665 2576 4713 te
2611 4670 2816 4725 movet,
2843 4673 3002 4734 atque
3032 4665 3168 4722 inter
3190 4682 3290 4724 nos
3320 4676 3654 4740 pertractari
3692 4675 3816 4729 tanti

2217 4744 2401 4815 habes,
2422 4763 2526 4803 non
2546 4749 2637 4804 tibi
2654 4749 2815 4806 faciat
2843 4755 3109 4825 angustias
3127 4759 3444 4817 usitatarum
3462 4765 3818 4835 epistularum

2215 4836 2359 4890 velut
2384 4839 2762 4910 custodiendus
2786 4843 3005 4912 modus;
3038 4846 3159 4917 quia
3186 4858 3240 4905 ct
3259 4852 3468 4921 optime
3492 4858 3643 4911 nosti
3665 4872 3816 4927 quam

2213 4930 2442 4998 grandes
2468 4946 2560 4986 eas
2585 4941 2796 4989 veteres
2840 4934 3151 5005 habuerint,
3195 4955 3316 4996 eum
3358 4944 3577 5017 aliquid
3605 4954 3819 5019 agerent

2213 5022 2353 5091 quod
2382 5024 2646 5094 explicare
2674 5024 2906 5082 breviter
2932 5044 3036 5084 non
3070 5032 3324 5087 valerent.
3360 5035 3422 5089 Et
3460 5038 3511 5091 si
3540 5049 3822 5095 auctorqu

2212 5112 2279 5167 ad
2305 5115 2437 5169 alias
2465 5116 2663 5171 litteras
2694 5119 3066 5187 pertinentium
3093 5139 3209 5179 mos
3234 5135 3375 5181 esset
3399 5128 3579 5194 alius,
3614 5144 3824 5185 nostro~

2211 5221 2330 5261 rum
2359 5207 2514 5263 nobis
2540 5210 2595 5263 in
2621 5208 2718 5265 hac
2749 5226 2805 5266 re
2835 5211 3044 5283 dignius
3071 5215 3321 5272 imitanda
3350 5222 3711 5289 praeberetur
3738 5240 3828 5278 au-

2212 5297 2450 5387 ctoritas.
2488 5297 2696 5370 Inspice
2737 5301 2916 5373 itaque
2955 5305 3168 5361 modum
3199 5307 3581 5379 Epistolarum
3612 5325 3829 5387 aposto-

2212 5386 2469 5457 licarum,
2519 5392 2601 5446 vel
2652 5407 2837 5449 eorum
2886 5396 3047 5452 etiam
3090 5400 3177 5469 qui
3229 5401 3313 5456 illa
3361 5402 3562 5462 divina
3615 5386 3827 5478 eloquia

2212 5490 2598 5551 tractaverunt;
2647 5494 2704 5541 et
2748 5501 2854 5541 non
2901 5489 3073 5560 pigeat
3111 5500 3162 5547 te
3201 5494 3284 5550 vel
3315 5494 3493 5551 multa
3523 5500 3826 5569 quasrcndo

2274 5656 2426 5738 ἶέἀές
2450 5660 2724 5738 ,ὟΠΨΨΞΞΞ
3519 5682 3678 5735 nm;
3720 5687 3826 5738 (ιυεε

2208 5720 2593 5830 ἷὲἷξὲἐὶξηξάιὶο.
2614 5720 2848 5784 quinque,
2874 5724 2997 5775 etin
3020 5720 3369 5790 septemdecim
3390 5720 3829 5788 conligi};

2212 5793 2477 5841 perluatur.
