4122 6350
257 416 366 473 5‘25

258 542 579 602 proponere,
609 526 652 582 si
678 525 843 581 multa
871 532 924 581 te
946 525 1279 594 permovent,
1312 515 1393 571 vel
1420 512 1701 583 aliquando
1725 510 1843 564 diu-

256 601 362 677 tius
394 634 611 675 versare
635 617 775 688 quod
800 615 1023 688 qumris,
1070 620 1127 666 ut
1159 617 1411 680 quantum
1447 604 1557 659 ﬁeri
1588 618 1683 671 per
1714 601 1848 655 tales

255 713 444 783 quales
471 726 655 765 sumus
687 716 891 779 potest.
919 722 1027 760 non
1062 709 1333 758 remaneat
1361 694 1706 752 dubitationis
1747 694 1845 745 nii-

257 805 420 860 oilum
451 801 593 872 quod
620 802 798 856 obstet
822 796 1009 853 lumini
1034 791 1293 849 veritatis.

326 894 420 947 20.
449 892 574 947 Scio
597 891 740 947 enim
768 885 1149 944 Excellentiam
1174 892 1337 946 tuam,
1361 874 1706 948 quorumdam
1731 886 1852 942 per-

258 985 364 1055 peti
408 982 857 1039 obstinatissimas
902 972 1384 1032 contradictiones,
1436 967 1523 1037 qui
1574 975 1848 1036 propterea

256 1084 482 1149 putant,
511 1074 596 1130 vel
623 1072 794 1144 putari
825 1070 1009 1125 volunt
1037 1066 1383 1121 christianam
1423 1061 1718 1116 doctrinam
1747 1057 1851 1111 titi—

260 1169 395 1225 litati
440 1183 548 1223 non
591 1164 884 1221 convenire
925 1159 1261 1231 reipublicm,
1307 1154 1429 1225 quia
1477 1152 1665 1207 nolunt
1707 1157 1854 1204 stare

259 1261 641 1331 rempublicam
675 1257 927 1311 ﬁrmitate
955 1255 1212 1308 virtutum
1235 1289 1249 1314 ,
1295 1247 1389 1303 scd
1433 1244 1745 1315 impunitate
1772 1242 1853 1295 vi-

262 1351 479 1405 tiorum.
518 1349 634 1404 Non
674 1354 855 1400 autem
897 1343 1034 1398 sicut
1076 1340 1186 1411 regi
1233 1337 1468 1399 homini.
1516 1336 1601 1391 vel
1640 1335 1855 1391 cuilibet

260 1440 488 1513 principi
519 1437 782 1503 civitatis,
832 1436 905 1489 ita
951 1432 1110 1488 etiam
1156 1431 1267 1485 Deo
1304 1426 1557 1499 quidquid
1602 1442 1631 1479 a
1674 1424 1855 1480 multis

263 1540 516 1603 peccatur
540 1529 765 1584 inultum
787 1534 890 1581 est.
922 1521 1285 1579 Misericordia
1312 1535 1439 1575 vero
1464 1520 1581 1588 ejus
1608 1526 1663 1573 et
1685 1516 1853 1587 gratia

264 1622 548 1694 pmdicata
572 1618 875 1673 hominibus
903 1631 997 1686 per
1026 1613 1296 1669 hominem
1324 1611 1594 1665 Christum
1614 1650 1629 1676 ,
1660 1609 1858 1677 impar-

264 1718 360 1771 tita
388 1722 569 1769 autem
613 1727 711 1783 per
753 1711 919 1765 Deum
951 1707 1151 1777 Deique
1197 1704 1360 1760 ﬁlium
1403 1702 1651 1759 eumdem
1684 1700 1855 1770 ipsum

264 1805 569 1870 Christum,
609 1818 715 1858 non
753 1801 955 1857 deserit
987 1813 1082 1855 eos
1108 1798 1196 1868 qui
1239 1812 1305 1852 ex
1338 1796 1455 1866 ejus
1495 1794 1597 1849 ﬁde
1636 1794 1852 1858 vivunt,

262 1911 494 1967 eumque
523 1896 609 1966 pie
642 1894 858 1955 colunt,
903 1892 1016 1946 sive
1055 1889 1193 1943 mala
1238 1887 1396 1958 hujus
1424 1887 1547 1941 vita:
1596 1884 1857 1955 patienter

264 1989 580 2058 lortiterque
601 1986 966 2057 experiantur,
992 1982 1110 2037 sive
1131 1981 1285 2036 bonis
1305 1981 1419 2050 ejus
1440 1978 1857 2051 misericorditer

261 2095 330 2136 ac
356 2089 717 2150 temperanter
744 2086 987 2140 utantur;
1031 2083 1289 2128 aeternum
1331 2087 1426 2141 pro
1452 2078 1675 2139 utroque
1717 2083 1857 2138 pra:-

263 2174 432 2229 mium
460 2171 722 2242 recepturi
750 2170 801 2224 in
831 2169 1041 2225 civitate
1069 2179 1298 2235 superna
1324 2172 1483 2232 atque
1512 2160 1689 2216 divina
1719 2203 1733 2223 ,
1769 2160 1856 2215 ubi
1912 2224 1919 2231 ι

259 2265 374 2336 jam
397 2280 501 2319 non
528 2263 598 2318 sit
615 2263 836 2316 moleste
860 2256 1130 2314 toleranda
1153 2254 1447 2319 calamitas,
1473 2267 1573 2307 nec
1594 2251 1858 2307 laboriose

265 2354 523 2410 lrenanda
552 2352 843 2421 cupiditas,
876 2349 971 2404 sed
1012 2348 1123 2402 sola
1160 2345 1277 2399 sine
1302 2344 1404 2397 ulla
1430 2341 1772 2406 difﬁcultate,
1804 2350 1859 2396 et

264 2463 389 2502 eum
420 2445 655 2517 perfecta
680 2444 925 2499 libertate
950 2438 1227 2502 retinenda
1272 2437 1366 2492 Dei
1398 2445 1451 2490 et
1481 2433 1706 2505 proximi
1732 2433 1860 2488 cha-

269 2540 426 2594 ritas.
473 2538 797 2593 Incolumem
828 2534 1225 2601 leliciorcmque
1273 2538 1326 2583 te
1364 2525 1857 2582 misericordissima

266 2633 364 2689 Dei
390 2626 774 2701 omnipotentia
818 2636 1047 2688 tueatur,
1088 2624 1304 2679 domine
1341 2621 1562 2675 illustris
1588 2629 1641 2675 et
1670 2620 1859 2675 merito

266 2722 505 2793 insignis,
540 2735 603 2774 ac
628 2717 1065 2790 praestantissime
1088 2714 1181 2767 ﬁli.
1208 2712 1457 2768 Sanctam
1484 2720 1540 2766 ct
1568 2712 1620 2765 in
1648 2710 1859 2765 Christo

265 2814 577 2885 dignissime
620 2807 983 2866 honorandum
1024 2816 1279 2872 matrem,
1307 2804 1459 2873 cujus
1502 2817 1597 2872 pro
1638 2811 1689 2857 te
1721 2801 1859 2856 Deus

264 2919 454 2983 preces
480 2902 747 2965 exaudiat,
772 2914 875 2971 pro
906 2898 1110 2953 meritis
1136 2895 1327 2952 vestris
1352 2892 1744 2949 ofﬁciosissime
1772 2907 1861 2945 sa-

263 2996 403 3055 luto.
447 2994 672 3051 Sanctus
709 2991 876 3046 frater
910 2998 964 3045 et
1005 2986 1357 3056 coepiscopus
1396 2999 1549 3039 meus
1587 2982 1859 3038 Possidius

262 3087 635 3145 mnam
666 3094 897 3140 vestram
928 3082 1153 3136 multant
1179 3079 1395 3133 salutat.

639 3174 969 3251 EPISTOLA
1009 3169 1321 3228 cxxxvut
1352 3175 1370 3193 α
1404 3168 1504 3240 (a).

260 3272 578 3343 Augustinus
613 3269 684 3325 ad
720 3265 1105 3327 larcellinum,
1133 3260 1442 3329 respondens
1478 3257 1703 3328 epistola:
1733 3257 1854 3322 156,

335 3376 439 3429 qua
463 3360 703 3413 nimirum
727 3357 817 3412 ille
838 3356 1046 3427 petierat
1068 3362 1121 3405 ut
1140 3344 1467 3419 satisfacere}
1487 3346 1780 3410 Volusiano,
1808 3356 1858 3402 et

332 3452 654 3521 signiﬁcaret
674 3447 921 3519 quosdam
939 3443 1303 3516 reprehendere
1326 3440 1458 3511 quod
1484 3439 1621 3493 Deus
1646 3448 1859 3493 ueterem

335 3541 528 3612 Legem
559 3541 844 3610 abrogasset
864 3578 877 3600 ,
911 3552 1106 3592 necnon
1133 3548 1356 3587 asserere
1382 3530 1668 3585 doctrinam
1706 3544 1858 3582 eran-

335 3634 551 3706 gelictnu
573 3647 683 3685 esse
716 3629 1047 3699 perniciosam
1086 3622 1408 3697 reipublicw;
1438 3637 1498 3674 ac
1530 3620 1732 3673 demum
1756 3635 1856 3673 non

335 3724 509 3779 deesse
524 3724 610 3793 qui
631 3720 889 3793 Apollonii
912 3718 1213 3788 Apuleiiqu
1236 3714 1434 3785 magica
1456 3712 1674 3767 ludibria
1699 3711 1857 3764 mira-

335 3816 469 3871 culis
488 3815 681 3871 Christi
710 3813 1022 3883 prwfmcnt.

266 3909 495 3964 Domino
517 3908 715 3961 eximio
740 3915 794 3961 et
822 3905 1011 3959 merito
1040 3901 1265 3971 insigni,
1294 3897 1610 3954 charissimo
1629 3909 1692 3950 ac
1716 3893 1858 3949 desi-

334 4000 714 4056 derantissime
742 3997 851 4052 ﬁlio
870 3996 1235 4061 “sacceum,
1259 3993 1602 4048 Auous'mtus
1620 4030 1636 4055 ,
1664 3987 1720 4043 in
1746 3987 1854 4042 Do-

339 4091 486 4145 mino
511 4090 755 4144 salutem.

330 4179 487 4234 CAP.
517 4176 902 4234 PRIMUM.——l
915 4215 929 4229 .
947 4174 1145 4230 lllustri
1172 4174 1286 4228 viro
1304 4181 1357 4228 et
1382 4169 1819 4242 eloquentissimo
1835 4210 1851 4235 ,

268 4272 530 4341 nobisque
542 4269 888 4325 dilectissimo
904 4267 1188 4322 Volusiano
1203 4266 1243 4331 ¹,
1264 4279 1368 4318 ηοη
1381 4262 1606 4332 amplius
1617 4275 1774 4330 quam
1786 4258 1854 4314 ad

269 4362 398 4418 illud
423 4361 565 4432 quod
593 4358 961 4431 inquirendum
1002 4356 1222 4428 putavit,
1255 4351 1681 4423 respondendum
1712 4350 1809 4405 luit
1836 4366 1851 4404 :

266 4457 335 4509 ad
355 4470 420 4511 ea
441 4469 571 4510 vero
590 4468 709 4523 quae
735 4452 865 4506 mihi
914 4448 1280 4521 pertractanda
1320 4456 1480 4517 atque
1521 4443 1773 4500 solvenda
1802 4444 1854 4498 in

270 4545 495 4616 epistola
551 4557 638 4601 tua
677 4545 791 4613 ipse
839 4542 1051 4605 misisti,
1086 4540 1199 4597 sive
1217 4538 1285 4593 ab
1314 4538 1425 4604 illo,
1452 4538 1566 4592 sive
1600 4536 1761 4591 etiam
1788 4534 1857 4591 ab

272 4637 388 4689 aliis
411 4636 498 4692 vel
520 4642 870 4704 suggerantur
904 4632 991 4687 vel
1021 4631 1347 4700 ingerantur,
1372 4628 1439 4682 ad
1467 4637 1517 4681 te
1546 4626 1721 4697 potius
1761 4639 1858 4695 pro

271 4726 475 4780 vit-ilius
500 4724 698 4779 nostris
727 4730 1040 4793 pertradata
1067 4729 1123 4775 et
1145 4720 1315 4774 soluta
1359 4718 1493 4773 mitti
1522 4717 1854 4781 debuerunt;

273 4833 378 4869 tuon
401 4816 484 4869 sic
511 4812 959 4885 quemadmodum
997 4812 1064 4866 de
1104 4810 1188 4866 his
1210 4809 1470 4880 agendum
1492 4818 1575 4865 est
1601 4809 1856 4864 librorum

274 4905 510 4976 negotio.
533 4904 629 4962 sed
656 4902 1106 4975 quemadmodum
1145 4909 1319 4972 potest
1336 4900 1605 4970 epistolari
1634 4908 1716 4954 sat
1739 4914 1860 4954 esse

276 4995 569 5066 colhrquio,
589 5002 651 5051 ut
662 4994 707 5048 si
730 4992 821 5048 tibi
838 4994 1011 5048 visum
1031 4991 1209 5057 fuerit,
1224 4991 1314 5060 qui
1335 5006 1517 5045 eorum
1539 4997 1711 5043 motus
1724 5002 1860 5058 quo-

277 5086 491 5141 tidianis
511 5084 955 5155 disputationibus
980 5083 1257 5153 experiris,
1299 5090 1355 5137 et
1376 5082 1482 5136 illis
1510 5082 1751 5152 legantur
1778 5081 1861 5137 hac

277 5179 491 5233 littera.
518 5178 590 5234 At
611 5176 658 5232 si
677 5176 927 5230 auriculis
950 5190 1139 5230 eorum
1166 5173 1341 5228 minus
1369 5173 1562 5242 pietate
1580 5172 1701 5227 ﬁdei
1721 5188 1861 5242 prcc-

274 5268 456 5334 cultis,
472 5281 655 5323 sermo
676 5266 777 5323 iste
796 5282 903 5322 non
934 5266 1148 5333 sufﬁcit,
1181 5266 1326 5334 prius
1342 5265 1480 5319 inter
1508 5278 1607 5318 nos
1626 5262 1768 5334 quod
1785 5264 1864 5318 eis

280 5370 434 5430 putas
452 5359 702 5415 sullicere
726 5370 1024 5430 peragatur,
1060 5369 1170 5413 tum
1196 5358 1408 5412 demum
1455 5355 1522 5411 ad
1567 5357 1686 5410 illos
1723 5354 1865 5425 quod

283 5463 554 5524 peractum
581 5453 739 5509 fuerit
761 5452 1074 5523 perferatur.
1098 5451 1257 5506 Multa
1280 5450 1423 5506 enim
1448 5457 1590 5514 sunt,
1618 5463 1647 5501 a
1677 5448 1867 5519 quibus

344 5568 363 5599 ι
389 5565 527 5625 add,
551 5562 654 5629 ﬁlio
682 5563 946 5615 Volusiano.
973 5569 1030 5615 At
1046 5571 1150 5613 stas.
1174 5567 1346 5613 carent
1370 5572 1507 5618 voce,
1528 5556 1647 5623 ﬁlio.

345 5650 363 5667 '
386 5648 649 5698 intentata
669 5648 728 5696 ad
766 5648 965 5697 eosdem
984 5646 1098 5698 cdd.
1120 5658 1233 5697 cum
1254 5658 1453 5704 cum,
1477 5650 1529 5693 et
1548 5649 1789 5704 praeterea
1810 5641 1869 5691 ad

284 5710 493 5759 alterum
511 5712 591 5759 bu.
622 5717 674 5759 et
690 5711 747 5760 ad
769 5718 965 5760 sextum
982 5722 1029 5758 v.

285 5789 563 5916 “(1:130:th
581 5792 613 5842 5
634 5804 646 5840 :
668 5804 778 5856 qua:
797 5798 961 5843 autem
982 5789 1068 5840 138
1087 5794 1210 5852 erat,
1228 5799 1357 5839 nunc
1378 5785 1480 5838 l22.
1499 5784 1678 5848 Scripta
1696 5783 1872 5834 eodem

1426 396 1895 457 EPISTOIARUM
1936 393 2207 450 CLASSIS
2247 394 2331 448 lll.

3437 395 3544 453 5ὲῦ

1952 522 2140 562 sensus
2170 521 2352 560 eorum
2384 506 2428 561 si
2454 503 2627 559 adhuc
2650 504 2906 561 abhorret
2923 514 2976 560 ct
3007 506 3195 571 resilit,
3223 506 3303 561 vel
3333 507 3545 563 uberio-

1954 616 2012 654 re
2041 600 2122 654 vel
2167 600 2441 653 subtiliore
2467 599 2691 662 ratione,
2726 598 2809 653 vel
2838 610 2984 654 certe
3013 600 3325 656 auctoritate
3347 601 3432 656 cui
3460 618 3543 657 rc-

1954 694 2141 747 sistcre
2164 692 2433 762 indignum
2452 700 2654 762 putent,
2684 693 2987 763 persuaderi
3010 694 3295 766 aliquando
3322 696 3541 753 forsitan

1956 783 2180 852 possint.

2025 874 2081 929 2.
2114 877 2253 946 Ergo
2283 875 2334 929 in
2364 875 2586 947 epistola
2617 883 2701 930 tua
2742 876 2984 947 posuisti,
3023 878 3224 934 moveri
3261 879 3542 950 quosdam,

1957 985 2048 1021 cur
2068 968 2148 1020 hic
2172 968 2326 1032 Deus,
2358 967 2446 1038 qui
2472 976 2520 1021 et
2547 968 2720 1023 veteris
2744 966 3048 1023 Testamenti
3082 969 3215 1024 Deus
3237 987 3345 1025 esse
3366 972 3544 1041 ﬁrma-

1959 1068 2060 1122 tur,
2106 1059 2286 1127 spretis
2327 1056 2567 1112 veteribus
2604 1060 2865 1127 sacriﬁciis
2889 1102 2903 1126 ,
2954 1060 3229 1116 delectatus
3272 1063 3337 1116 sit
3383 1080 3543 1117 nauis.

1960 1147 2110 1201 Nihil
2137 1150 2268 1202 enim
2294 1148 2481 1218 corrigi
2507 1163 2649 1218 posse
2678 1160 2927 1215 asserunt,
2974 1152 3069 1204 nisi
3108 1151 3242 1222 quod
3290 1163 3405 1207 ante
3447 1171 3548 1209 non

1958 1251 2087 1296 recte
2127 1244 2314 1313 factum
2356 1240 2685 1310 probaretur;
2720 1241 2798 1296 vel
2828 1244 2962 1312 quod
3003 1245 3155 1299 semel
3186 1256 3314 1300 recte
3355 1248 3548 1316 factum

1957 1333 2044 1400 sit,
2072 1333 2360 1387 nullatenus
2385 1335 2644 1386 imnmtari
2678 1334 2921 1388 debuisse.
2957 1334 3106 1389 Recte
3130 1337 3261 1391 cnim
3291 1342 3429 1409 facta
3471 1340 3551 1393 di-

1958 1434 2076 1479 cunt
2098 1426 2282 1478 mutari
2306 1425 2403 1478 nisi
2427 1426 2613 1496 injuste
2636 1443 2735 1480 non
2757 1444 2920 1498 posse.
2950 1428 3073 1485 ll.i-c
3093 1432 3252 1486 verba
3274 1448 3338 1487 cx
3356 1433 3552 1490 litteris

1960 1516 2066 1571 tuis
2096 1517 2148 1571 in
2180 1516 2273 1571 has
2319 1531 2469 1571 meas
2497 1519 2757 1572 transtuli.
2784 1518 2987 1586 Quibus
3012 1520 3054 1574 si
3084 1523 3407 1592 reSpondere
3454 1540 3550 1579 co-

1959 1608 2109 1679 piose
2134 1610 2311 1675 velim,
2343 1619 2552 1679 tempus
2575 1628 2661 1666 me
2686 1611 2840 1668 citius
2869 1628 3026 1683 quam
3053 1616 3296 1686 exempla
3342 1616 3551 1673 defece-

1961 1701 2087 1768 rint,
2116 1702 2308 1772 quibus
2332 1718 2508 1757 rerum
2527 1702 2637 1773 ipsa
2661 1714 2845 1759 natura
2867 1715 2921 1762 et
2948 1722 3108 1775 opera
3134 1708 3384 1776 humana,
3407 1721 3553 1768 certa

1961 1794 2185 1858 ratione,
2212 1809 2308 1864 pro
2338 1803 2632 1864 temporum
2677 1798 3068 1867 opportunitate
3122 1810 3412 1869 mutentur,
3452 1820 3553 1861 nco

1963 1894 2139 1942 tamen
2183 1886 2368 1940 eadem
2415 1887 2549 1941 ratio
2588 1888 2657 1941 sit
2698 1889 2962 1943 mutabilis
2996 1906 3099 1959 qua
3130 1891 3224 1946 ista
3258 1902 3550 1951 mutantur.

1964 1977 2113 2033 Unde
2141 1994 2303 2047 pauca
2324 1994 2758 2046 commemorem,
2783 1991 2839 2035 ut
2856 1998 2921 2036 ex
2946 1983 3026 2037 his
3046 1985 3270 2046 excitata
3295 1986 3550 2055 quodam—

1963 2070 2121 2124 modo
2138 2070 2246 2140 jam
2279 2086 2372 2140 per
2400 2072 2546 2141 plura
2572 2072 2765 2127 similia
2794 2073 2914 2143 vigil
2940 2084 3113 2131 currat
3138 2078 3376 2132 intentio.
3409 2079 3553 2135 Non-

1963 2177 2030 2216 ne
2059 2160 2217 2215 hicmi
2244 2170 2423 2229 testas,
2445 2162 2626 2217 addito
2646 2165 2841 2218 sensim
2858 2165 3057 2231 calore,
3085 2169 3352 2223 succedit?
3377 2186 3553 2228 nonne

1962 2251 2165 2307 diurnis
2194 2262 2435 2321 tempora
2465 2263 2721 2308 nocturna
2761 2257 3077 2310 vertuntur?
3109 2258 3327 2323 Quoties
3354 2271 3553 2317 nostra:

1962 2343 2234 2397 variantur
2256 2351 2442 2397 :utates
2468 2343 2480 2396 l
2507 2344 2880 2398 adolescentia:
2906 2347 3130 2415 pueritia
3172 2364 3275 2403 non
3319 2350 3553 2407 reditura

1962 2435 2134 2500 cedit;
2160 2434 2416 2504 juventus
2440 2434 2811 2491 adolescentia:
2841 2451 2946 2491 non
2982 2454 3232 2495 mansura
3278 2442 3553 2505 succedit;

1966 2525 2153 2581 ﬁniens
2178 2526 2509 2594 iuventutem
2540 2535 2787 2582 senectus
2815 2539 2986 2583 morte
3014 2530 3209 2585 linitur.
3233 2531 3362 2587 ΙΙωο
3377 2535 3552 2592 omnia

1963 2626 2249 2680 mutantur,
2280 2632 2378 2673 nec
2405 2626 2635 2672 mutatur
2659 2618 2851 2673 divina:
2888 2620 3235 2690 providentia:
3263 2623 3421 2691 ratio,
3449 2640 3552 2696 qua

1963 2712 2021 2764 tit
2046 2719 2102 2764 ut
2138 2709 2237 2764 ista
2269 2718 2555 2765 tnutcntur.
2575 2709 2690 2766 Non
2715 2721 2916 2778 autem,
2943 2713 3153 2783 opinor,
3177 2729 3297 2769 cum
3320 2716 3552 2786 agricola

1962 2809 2146 2856 aestate
2165 2800 2306 2856 aliud
2331 2801 2569 2871 jusserit,
2602 2818 2757 2871 quam
2781 2802 3016 2873 jusserat
3054 2803 3253 2872 hieme,
3277 2807 3412 2861 ratio
3436 2823 3555 2862 tnu-

1962 2901 2104 2949 tatur
2124 2894 2482 2965 agricultura;
2510 2895 2574 2951 Et
2594 2910 2714 2950 cum
2735 2909 2892 2951 mane
2911 2897 3080 2966 surgit
3105 2897 3194 2967 qui
3226 2907 3380 2953 nocte
3407 2900 3552 2969 quieo

1962 2988 2163 3052 scebe:t,
2202 2988 2324 3041 vita:
2349 2988 2630 3044 consilium
2675 3004 2779 3043 non
2818 2990 3058 3044 mutavit.
3106 2990 3265 3046 Aliud
3305 2992 3553 3062 magister

1960 3079 2283 3134 adolescenti
2321 3095 2479 3150 quam
2522 3093 2689 3149 puero
2728 3081 2953 3147 solebat,
2996 3080 3270 3151 imposuit.
3305 3083 3552 3143 Doctrina

1963 3170 2120 3240 igitur
2142 3181 2415 3237 constans,
2444 3180 2645 3225 mutato
2670 3180 2936 3242 prtecepto
2953 3188 3055 3227 non
3075 3184 3273 3232 mutata
3293 3177 3514 3233 mutavit
3537 3179 3552 3211 ⁸

1964 3262 2383 3317 instructionem.

2032 3355 2086 3409 '5.
2118 3352 2249 3407 Nam
2277 3369 2496 3423 magnus
2524 3354 2611 3410 ille
2635 3365 2937 3411 nostrorum
2969 3368 3266 3428 temporum
3314 3359 3555 3419 medicus

1961 3444 2336 3510 Vindicianus,
2381 3447 2658 3500 consultus
2700 3462 2730 3500 a
2769 3447 3033 3518 quodam,
3082 3448 3253 3505 dolori
3296 3451 3411 3521 ejus
3451 3452 3553 3507 ad-

1962 3538 2132 3594 hiberi
2176 3538 2337 3607 jussit
2377 3540 2519 3610 quod
2576 3541 2633 3595 in
2681 3550 2920 3610 tempore
2972 3556 3268 3613 congruere
3327 3545 3553 3601 videba-

1963 3638 2077 3692 tur;
2125 3628 2421 3683 adhibitum
2465 3630 2664 3684 sanitas
2705 3639 2987 3686 consecuta
3036 3642 3137 3686 est.
3186 3632 3389 3689 Deinde
3437 3645 3558 3703 post

1961 3736 2129 3774 annos
2183 3722 2384 3791 aliquot
2439 3721 2627 3777 eadem
2676 3738 2859 3778 rursus
2904 3725 3145 3793 corporis
3198 3740 3353 3780 causa
3403 3743 3556 3783 com-

1961 3823 2102 3867 mota
2121 3815 2164 3878 ³,
2197 3812 2299 3867 hoc
2326 3813 2463 3868 idem
2496 3813 2583 3868 ille
2612 3816 2811 3882 putavit
2838 3813 3231 3878 adhibendum;
3261 3818 3557 3874 adhibitum

1960 3906 2120 3959 vertit
2150 3907 2201 3959 in
2230 3904 2403 3976 pejus.
2450 3904 2668 3959 Miratus
2698 3906 2922 3959 recurrit
2949 3906 3013 3960 ad
3043 3907 3326 3974 medicum,
3359 3910 3559 3966 indicat

1961 3995 2157 4050 factum
2190 4013 2203 4049 :
2236 4005 2289 4049 at
2319 3996 2407 4051 ille
2428 4005 2485 4049 ut
2523 4005 2638 4051 erat
2664 3996 2973 4061 acerrimus,
3006 3996 3075 4050 ita
3102 3988 3395 4067 respondit,
3432 3999 3559 4057 Idea

1960 4088 2092 4141 male
2110 4097 2342 4158 acceptus
2366 4103 2440 4152 es,
2469 4088 2590 4158 quia
2616 4104 2707 4158 ego
2727 4104 2825 4141 non
2839 4088 3010 4158 jussi;
3040 4097 3095 4142 ut
3124 4104 3312 4145 omnes
3340 4092 3429 4160 qui
3455 4108 3556 4147 au-

1959 4179 2179 4241 dissent,
2226 4195 2517 4250 parumque
2560 4179 2829 4234 hominem
2879 4190 3097 4235 nossent
3120 4196 3226 4235 non
3251 4198 3373 4239 eum
3423 4194 3543 4242 arte

1959 4270 2259 4326 mediciuali
2283 4270 2463 4334 ﬁdere,
2501 4268 2595 4324 sed
2632 4269 2814 4324 nescio
2853 4284 2954 4338 qua
2984 4270 3162 4327 illicita
3184 4275 3418 4342 potentia
3446 4291 3544 4346 pu-

1964 4372 2152 4418 tarent.
2185 4361 2334 4417 Unde
2360 4376 2479 4417 cum
2518 4372 2657 4416 esset
2680 4377 2709 4414 a
2734 4362 3047 4431 quibusdam
3075 4374 3258 4433 postea
3286 4370 3553 4437 stupenti-

1961 4454 2060 4509 bus
2088 4454 2461 4523 interrogatus,
2490 4452 2843 4524 aperuitquod
2863 4470 2966 4507 non
2990 4454 3377 4525 intellexerant,
3401 4460 3554 4516 vide-

1965 4545 2087 4599 licet
2104 4545 2177 4599 illi
2193 4544 2332 4598 mtati
2353 4544 2462 4613 jam
2485 4559 2590 4598 non
2613 4543 2713 4599 hoc
2733 4559 2791 4599 se
2818 4542 2979 4600 fuisse
3000 4545 3295 4614 jussurum.
3320 4550 3549 4608 Tantum

1964 4635 2123 4706 igitur
2148 4634 2288 4688 valet
2310 4635 2516 4689 ratione
2548 4642 2708 4704 atque
2735 4634 2755 4665 ³
2783 4634 2984 4689 artibus
3009 4651 3113 4691 non
3144 4641 3360 4695 mutatis
3381 4682 3397 4708 ,
3426 4644 3552 4713 quid

1962 4727 2255 4783 secundum
2280 4742 2373 4783 eas
2398 4727 2466 4781 sit
2489 4742 2589 4796 pro
2605 4737 2901 4796 temporum
2926 4729 3180 4786 varietate
3211 4735 3548 4791 mutandum.

2035 4818 2090 4871 4η.
2145 4816 2260 4871 Non
2288 4818 2463 4885 itaque
2482 4832 2662 4871 verum
2693 4827 2778 4871 est
2803 4817 2943 4886 quod
2970 4818 3183 4886 dicitur,
3212 4825 3377 4879 semel
3409 4836 3564 4882 recte

1966 4907 2181 4971 factum,
2199 4907 2499 4962 nullatenus
2517 4921 2635 4961 esse
2649 4906 2980 4961 mutandum.
2997 4908 3193 4975 Mutata
3205 4912 3400 4982 quippe
3421 4922 3555 4969 rem-

1965 5000 2112 5067 poris
2136 5014 2316 5063 causa,
2340 4997 2479 5068 quod
2503 5007 2646 5051 recte
2671 5008 2795 5052 ante
2820 4998 3013 5053 factum
3047 5001 3235 5067 luerat,
3263 5004 3332 5057 ita
3361 5012 3545 5060 mutar

1965 5106 2091 5147 vera
2116 5091 2253 5145 ratio
2281 5090 2589 5160 plerumque
2616 5087 2837 5158 ﬂagitat,
2872 5098 2928 5144 ut
2946 5105 3068 5145 cum
3097 5093 3196 5162 ipsi
3223 5093 3421 5160 dicant,
3462 5110 3556 5151 τεε-

1968 5192 2052 5237 ctc
2091 5197 2195 5236 non
2236 5181 2347 5234 ﬁeri
2385 5180 2431 5235 si
2466 5188 2718 5246 mutetur,
2746 5190 2930 5235 contra
2952 5182 3147 5238 veritas
3173 5184 3386 5252 clamet,
3412 5194 3559 5243 recte

1971 5289 2077 5329 non
2096 5271 2324 5326 ﬁerinisi
2344 5279 2607 5339 mutetur;
2626 5270 2747 5340 quia
2767 5278 3046 5341 utrumque
3068 5280 3193 5326 tunc
3213 5273 3314 5327 erit
3328 5281 3557 5341 rectum,

1971 5367 2015 5421 si
2041 5364 2143 5420 erit
2170 5379 2265 5434 pro
2288 5372 2585 5433 temporum
2624 5363 2880 5418 varietate
2904 5362 3196 5418 diversum.
3242 5364 3392 5431 Quod
3417 5368 3561 5442 enim

2037 5489 2052 5519 ι
2080 5484 2175 5551 add
2200 5520 2215 5544 ,
2237 5489 2418 5534 mutato
2434 5484 2968 5551 prtereth
2988 5477 3359 5551 instructionem.
3380 5485 3435 5530 At
3455 5488 3563 5533 Mss.

1974 5550 2160 5612 viginti,
2186 5540 2280 5596 non
2300 5540 2481 5596 mutata
2501 5540 2693 5593 mutarit
2715 5540 3086 5592 instructimtem.
3108 5540 3423 5591 Prastulimus.

2037 5634 2057 5664 ²
2080 5629 2215 5689 add,
2233 5641 2378 5679 causa
2398 5632 2682 5689 commotus,
2702 5622 2805 5672 hoc.
2830 5629 2922 5672 Nos
2960 5623 3264 5689 reposuimus
3303 5632 3560 5684 commota,

1978 5706 2040 5744 cx
2067 5700 2170 5743 Mss.
2196 5681 2277 5754 qui
2304 5688 2444 5752 paulo
2468 5696 2574 5750 post
2592 5681 2816 5735 omittunt
2834 5696 3001 5732 vocem
3022 5681 3308 5733 adhibitum.

2038 5780 2183 5891 325‘s.
2203 5776 2446 5837 quiaque,
2465 5772 2586 5823 valet
2612 5767 2750 5830 ratio,
2778 5774 2829 5819 ut
2850 5765 3053 5819 artibus.
3081 5766 3194 5829 Alii,
3218 5768 3400 5821 ratione
3421 5777 3563 5835 atque

1980 5851 2162 5891 arttous
2169 5872 2180 5885 .
