4122 6350
568 385 672 445 53‘!

564 486 622 555 'ln
639 498 944 556 diversitate
965 511 1308 568 personarum
1327 509 1431 548 uno
1448 502 1684 562 tempore
1700 492 1940 546 accidere
1963 501 2155 562 potest,

570 600 628 646 ut
659 589 782 647 huic
824 589 982 645 liceat
1009 587 1203 659 aliquid
1235 587 1448 656 impune
1479 583 1671 650 facere,
1715 599 1820 637 non
1866 583 2023 637 liceat
2052 583 2161 645 illi;

567 700 675 740 non
702 683 841 754 quod
869 682 1142 738 dissimilis
1169 695 1254 734 res
1284 679 1371 744 sit,
1404 677 1498 732 sed
1541 676 1680 748 quod
1713 678 1756 731 is
1776 677 1863 746 qui
1892 675 2016 730 facit
2047 691 2059 726 :
2092 675 2162 727 ita

569 775 638 830 ab
667 789 770 829 una
795 773 1087 842 eademque
1117 783 1341 839 persona
1384 768 1610 822 diversis
1636 764 1987 836 temporibus,
2033 772 2158 817 tune

567 871 781 936 oportet
805 861 1001 934 aliquid
1033 860 1165 924 fieri,
1190 867 1316 914 tunc
1338 872 1442 912 non
1486 864 1726 927 oportet;
1764 871 1869 910 non
1896 853 2035 924 quod
2080 854 2162 908 sui

568 953 844 1011 dissimilis
862 953 931 1008 sit
950 951 1036 1021 qui
1068 952 1210 1012 facit,
1233 948 1326 1005 sed
1351 948 1564 1020 quando
1587 948 1734 1003 facit.

635 1044 692 1102 5.
720 1045 845 1101 “me
888 1043 1110 1115 quzestio
1143 1059 1303 1113 quam
1347 1043 1451 1098 late
1494 1049 1691 1111 pateat,
1738 1040 1980 1111 profecto
2020 1039 2166 1108 videt

566 1135 807 1209 quisquis
834 1134 1040 1207 pulchri
1064 1136 1277 1204 aptique
1303 1133 1607 1188 distantiam
1639 1146 1876 1202 sparsam
1900 1131 2162 1200 quodam-

567 1227 728 1284 modo
757 1227 809 1282 in
832 1225 1176 1281 universitate
1200 1239 1382 1279 rerum
1412 1224 1570 1288 valet,
1617 1238 1786 1292 neque
1817 1221 2038 1291 negligit
2085 1222 2164 1274 in-

567 1311 725 1374 tueri.
746 1317 1043 1373 Pulchrum
1071 1315 1212 1371 enim
1237 1330 1331 1384 per
1352 1315 1585 1384 seipsum
1607 1312 1980 1367 consideratur
2006 1321 2164 1380 atque

565 1411 939 1478 laudatum-cui
967 1421 1119 1480 turpe
1150 1424 1213 1464 ac
1241 1407 1479 1463 deforme
1500 1405 1822 1460 contrarium
1847 1414 1947 1458 est.
1969 1404 2160 1472 Aptum

564 1517 716 1571 vero,
738 1502 820 1558 cui
849 1515 916 1558 ex
938 1501 1162 1556 adverso
1182 1507 1264 1555 est
1284 1498 1546 1568 ineptum,
1564 1496 1713 1566 quasi
1730 1495 2003 1566 religatum
2034 1509 2165 1563 pen-

566 1595 658 1652 det
683 1594 916 1660 aliunde,
947 1608 1046 1648 nec
1070 1608 1136 1646 ex
1151 1591 1460 1658 semetipso,
1485 1587 1576 1642 sed
1599 1603 1660 1640 ex
1686 1602 1754 1641 eo
1776 1586 1863 1640 cui
1889 1584 2165 1639 connecti-

567 1694 675 1753 tur,
697 1685 962 1755 judicatur
990 1700 1004 1737 :
1039 1681 1287 1736 nimirum
1307 1681 1464 1734 etiam
1482 1679 1677 1734 decens
1703 1687 1862 1747 atque
1890 1676 2160 1742 indecens,

564 1777 648 1832 vel
674 1777 777 1832 hoc
814 1775 953 1831 idem
992 1781 1094 1840 est,
1127 1774 1209 1828 vel
1240 1771 1456 1843 perinde
1490 1770 1732 1826 habetur.
1765 1772 1875 1839 Age
1901 1783 2063 1830 nunc,
2094 1782 2160 1821 ea

565 1885 686 1940 qute
731 1869 977 1933 diximus,
1018 1865 1160 1922 refer
1185 1866 1250 1919 ad
1273 1865 1398 1919 illttd
1435 1863 1577 1918 unde
1616 1863 1811 1932 agitur.
1841 1863 2034 1931 Aptum
2065 1859 2164 1913 fttit

568 1961 756 2032 primis
781 1958 1112 2030 temporibus
1137 1955 1452 2011 sacriﬁcium
1484 1954 1622 2025 quod
1648 1960 1972 2024 prteccperat
2002 1953 2159 2013 Deus,

564 2066 854 2109 nuncvero
880 2065 985 2106 non
1009 2050 1079 2104 ita
1104 2057 1206 2103 est.
1236 2046 1389 2101 Aliud
1415 2047 1558 2101 enim
1590 2045 1842 2114 przecepit
1870 2041 2008 2112 quod
2041 2041 2164 2096 huic

565 2143 794 2216 tempori
837 2151 1019 2213 aptum
1049 2147 1212 2206 esset,
1259 2137 1350 2208 qui
1393 2137 1559 2190 multo
1604 2135 1772 2205 magis
1811 2148 1968 2203 quam
2000 2131 2162 2186 homo

565 2235 714 2290 novit
739 2232 868 2306 quid
890 2231 1085 2302 cuique
1112 2229 1336 2300 tempori
1379 2226 1779 2282 accommodate
1811 2223 2157 2287 adhibeatur;

564 2325 691 2398 quid
717 2323 931 2398 quando
957 2322 1243 2395 impertiat,
1273 2320 1450 2384 addat,
1493 2319 1721 2384 auferat,
1763 2316 2027 2382 detrahat,
2067 2332 2155 2370 au-

563 2427 710 2490 geat,
751 2417 1045 2481 minuatve,
1090 2412 1432 2469 immutabilis
1470 2410 1822 2476 mutabilium,
1849 2408 1986 2464 sicut
2011 2423 2160 2464 crea-

560 2519 670 2578 tor,
699 2510 770 2565 ita
791 2507 1117 2574 moderator,
1145 2505 1315 2561 donec
1337 2503 1575 2559 universi
1595 2503 1773 2558 stccu-li
1800 2499 2156 2574 pulchritudo,

563 2602 716 2674 cuius
755 2600 1026 2672 particula:
1055 2607 1179 2654 sunt
1211 2613 1331 2670 qum
1368 2597 1481 2652 suis
1512 2595 1808 2666 quibuSque
1835 2593 2160 2663 temporibus

563 2701 683 2764 apta
709 2700 853 2760 sunt,
880 2691 1026 2748 velut
1056 2705 1302 2760 magnum
1329 2702 1544 2743 carmen
1572 2684 1850 2756 cujusdam
1880 2683 2160 2739 inetiabilis

562 2782 910 2839 modulatoris
955 2788 1220 2844 excurrat,
1262 2786 1421 2848 atque
1463 2775 1586 2831 inde
1628 2783 1901 2830 transeant
1929 2774 1980 2829 in
2006 2783 2160 2828 teter-

563 2887 688 2929 nant
723 2871 1224 2942 contemplationem
1268 2867 1465 2938 speciei
1495 2866 1586 2938 qui
1617 2866 1786 2922 Deum
1823 2865 1926 2920 rite
1953 2863 2154 2930 colunt,

561 2963 721 3020 etiam
731 2976 859 3020 tcum
874 2970 1089 3032 tempus
1113 2968 1195 3015 est
1217 2957 1359 3014 fidei.

632 3056 687 3112 6.
720 3055 994 3111 Falluntur
1018 3064 1195 3109 autem
1225 3053 1314 3124 qui
1359 3052 1670 3108 existimant
1709 3051 1827 3106 hmo
1868 3051 2034 3105 Deum
2072 3049 2158 3118 ju-

561 3149 689 3205 bere
711 3163 872 3205 causa
895 3163 1004 3204 suae
1025 3145 1264 3202 utilitatis
1279 3147 1362 3201 vel
1387 3145 1674 3215 voluptatis
1702 3161 1715 3197 :
1746 3153 1802 3199 et
1823 3145 2012 3197 merito
2039 3157 2156 3195 m0-

559 3249 755 3297 ventur
787 3255 884 3295 cur
920 3239 1060 3294 Deus
1107 3237 1205 3292 ista
1256 3236 1560 3300 mutaverit,
1610 3235 1762 3306 quasi
1809 3235 2158 3290 delectatione

560 3329 800 3386 mutabili
833 3327 974 3383 aliud
1004 3327 1106 3384 sibi
1147 3325 1339 3398 jubeus
1370 3325 1550 3381 oll‘erri
1582 3325 1675 3379 illo
1715 3325 1858 3395 prius
1899 3333 2154 3393 tempore,

561 3421 705 3476 aliud
735 3420 858 3476 isto.
903 3419 1019 3476 Non
1057 3429 1232 3474 autem
1261 3418 1331 3473 ita
1356 3427 1458 3474 est.
1501 3417 1642 3472 Nihil
1684 3418 1822 3472 Deus
1842 3415 1995 3487 jubet
2017 3415 2155 3484 quod

561 3513 664 3568 sibi
692 3513 880 3584 prosit,
910 3510 1005 3566 sed
1034 3511 1106 3565 illi
1130 3510 1212 3564 cui
1230 3509 1404 3580 jubet.
1430 3507 1554 3564 Ideo
1582 3521 1741 3563 verus
1763 3517 1847 3562 est
1873 3506 2148 3572 Dominus,

559 3605 649 3674 qui
696 3617 852 3657 servo
894 3617 998 3656 non
1039 3601 1258 3671 indiget,
1293 3609 1349 3656 et
1385 3613 1492 3669 quo
1530 3613 1717 3654 servus
1745 3598 1964 3669 indiget.
1998 3597 2053 3651 In
2092 3612 2156 3653 ea

553 3695 756 3766 quippe
781 3693 1053 3764 Scriptura
1096 3706 1216 3762 qute
1251 3701 1404 3747 vetus
1429 3691 1624 3746 dicitur
1651 3689 2070 3756 Testamentum,
2104 3697 2157 3743 et

551 3802 628 3844 eo
653 3795 890 3857 tempore
917 3799 1024 3858 quo
1051 3784 1222 3840 adhuc
1243 3783 1328 3839 illa
1353 3783 1715 3840 otl'erebantur
1751 3783 2008 3838 sacriticia
2037 3799 2156 3854 quae

562 3877 665 3934 hoc
691 3888 928 3948 tempore
948 3891 1052 3933 non
1070 3875 1387 3942 offeruntur,
1417 3876 1618 3931 dictum
1644 3886 1726 3930 est
1746 3893 1759 3928 :
1777 3874 1902 3930 Dixi
1912 3875 2149 3942 Domino,

555 3970 704 4026 ﬂetis
727 3986 866 4026 meus
896 3985 951 4026 es
975 3978 1048 4037 tu,
1087 3969 1326 4041 quoniam
1368 3969 1612 4024 bonorum
1646 3985 1873 4023 meorum
1916 3986 2016 4023 non
2043 3985 2156 4040 eges

552 4065 581 4132 ἤ
606 4060 749 4116 Ρεαι.
785 4075 877 4127 xv,
903 4059 997 4130 2).
1022 4059 1131 4116 Nec
1152 4059 1363 4115 illorum
1391 4074 1519 4130 ergo
1547 4059 1930 4114 sacriﬁciorum
1966 4061 2157 4129 egebat

556 4152 724 4218 Deus,
762 4150 1202 4222 uocettjusquam
1239 4159 1356 4218 eget
1386 4165 1614 4220 unquam
1635 4191 1651 4217 ,
1691 4150 1783 4205 sed
1810 4165 1986 4205 rerum
2015 4150 2154 4205 divi-

560 4243 702 4298 nitus
736 4241 1153 4313 impartitarum,
1187 4241 1270 4295 vel
1315 4240 1600 4295 imbuendo
1631 4240 1914 4295 virtutibus
1951 4241 2150 4308 animo,

554 4334 642 4390 vel
679 4342 898 4390 atterite
935 4333 1092 4388 saluti
1135 4332 1510 4403 adipiscenda,
1550 4333 1790 4405 qutedam
1828 4335 1978 4404 signa
2006 4343 2147 4397 sunt,

560 4439 788 4496 quorum
829 4423 1187 4480 celebratione
1224 4432 1384 4493 atque
1427 4422 1720 4490 functione,
1762 4439 1866 4480 non
1897 4424 2028 4489 Deo,
2056 4423 2152 4479 sed

557 4516 718 4572 stolis
744 4515 892 4570 utilia
916 4514 1127 4585 pietatis
1151 4513 1327 4568 officia
1352 4523 1689 4570 exercentur.

633 4607 686 4662 7.
712 4605 882 4663 Nimis
903 4614 1081 4662 autem
1101 4605 1316 4676 longum
1350 4613 1450 4672 est,
1483 4605 1858 4661 convenienter
1883 4605 2153 4676 disputare

565 4700 628 4757 de
651 4701 910 4757 varietate
933 4699 1227 4771 signorum,
1260 4713 1380 4769 qua:
1403 4713 1527 4752 cum
1559 4698 1626 4754 ad
1651 4713 1739 4754 res
1761 4697 1967 4754 divinas
1990 4700 2153 4769 perti-

553 4802 710 4860 nent,
738 4793 1082 4856 Sacramenta
1123 4790 1474 4861 appellantur.
1505 4790 1657 4846 Sicut
1679 4799 1853 4846 autem
1885 4806 1989 4846 non
2030 4791 2151 4847 ideo

558 4885 830 4942 mutabilis
850 4884 1014 4941 homo
1038 4885 1078 4950 ⁸,
1110 4884 1232 4954 quia
1261 4898 1418 4938 mane
1437 4883 1601 4949 aliud,
1632 4883 1776 4938 aliud
1804 4899 2054 4954 vespere;
2083 4884 2149 4938 il-

557 4977 650 5033 lud
681 4976 783 5033 hoc
811 4991 1012 5043 mense,
1063 4975 1188 5031 illud
1220 4975 1354 5043 alio;
1388 4989 1492 5030 non
1536 4975 1636 5030 hoc
1680 4975 1781 5029 isto
1827 4989 1970 5029 anno
2007 4974 2148 5044 quod

557 5070 653 5126 illo
676 5089 688 5125 :
719 5070 791 5126 ita
813 5085 922 5125 non
952 5070 1070 5126 ideo
1097 5069 1366 5127 mutabilis
1385 5070 1542 5135 Deus,
1561 5070 1684 5140 quia
1706 5069 1938 5126 universi
1968 5071 2148 5126 steculi

557 5161 738 5231 priure
760 5161 1030 5218 volumine
1064 5161 1226 5226 aliud,
1259 5161 1400 5217 aliud
1427 5163 1719 5232 posteriore
1759 5163 1858 5218 sibi
1890 5163 2048 5232 jussit
2071 5163 2151 5218 of-

558 5251 708 5320 ferri,
751 5267 857 5325 quo
886 5253 1265 5309 convenienter
1309 5253 1718 5325 significationes
1745 5253 1811 5308 ad
1853 5253 2147 5308 doctrinam

555 5340 830 5420 religionis
877 5347 1280 5404 saluberrimam
1326 5347 1683 5418 pertinentes,
1734 5361 1828 5416 per
1876 5347 2148 5402 mutabilia

558 5448 799 5512 tempora
829 5440 948 5495 sine
975 5439 1080 5495 ulla
1105 5439 1187 5495 sui
1215 5439 1510 5494 mutatione
1556 5436 1883 5507 disponeret.
1929 5433 2060 5491 Nam
2091 5446 2150 5492 ut

558 5530 822 5598 noverint,
849 5545 983 5603 quos
1013 5531 1127 5586 haec
1161 5537 1396 5598 movent,
1420 5529 1530 5599 jam
1555 5529 1655 5582 hoc
1676 5527 1837 5583 fuisse
1865 5527 1919 5582 in
1947 5530 2148 5584 ratione

553 5623 758 5690 divina,
800 5639 902 5680 nec
951 5639 1072 5679 cum
1123 5623 1219 5678 ista
1267 5637 1399 5677 nova
1440 5620 1926 5689 constituerentur,
1973 5621 2148 5677 subito

556 5716 735 5784 priora
775 5716 1107 5788 displicuisse
1137 5716 1279 5772 velut
1319 5715 1556 5772 mutabili
1593 5715 1886 5785 voluntate,
1927 5716 2022 5774 sed
2047 5716 2148 5773 hoc

621 5830 758 5883 illis.
783 5829 1136 5894 septemdecun
1153 5864 1168 5892 ,
1198 5836 1338 5879 Deus.

1794 380 1850 432 S.
1897 377 2261 435 AUGUSTINI
2301 377 2602 435 EPISCOPI

3747 382 3856 438 5'28

2267 491 2375 560 jam
2405 493 2566 546 fixum
2593 500 2649 545 ct
2672 501 2926 548 statutum
2951 491 3110 547 fuisse
3129 492 3183 546 in
3210 494 3324 563 ipsa
3353 493 3609 564 sapientia
3634 495 3747 561 Dei,
3769 498 3856 551 cui

2270 587 2337 640 de
2369 586 2654 654 majoribus
2678 587 2835 640 etiam
2862 602 3042 641 rerum
3075 589 3450 642 mutationibus
3486 589 3671 644 eadem
3705 590 3855 644 Scri-

2272 660 2420 746 ptura
2441 678 2572 732 dicit
2601 695 2614 743 ;
2646 677 2868 732 Mutabis
2896 695 2972 740 ea,
2991 689 3036 733 et
3066 681 3388 732 mutabuntur
3418 695 3436 734 :
3463 690 3516 734 tu
3535 691 3698 736 autent
3723 683 3859 736 idem

2269 767 2377 836 ipse
2401 784 2450 821 es
2476 767 2643 837 (Psal.
2673 784 2742 832 Cl,
2767 769 2855 831 ‘27,
2887 769 3010 835 ‘28);
3043 770 3415 824 iusiuuandum
3438 781 3518 824 cst
3543 773 3650 835 eis,
3679 782 3858 828 muta-

2272 858 2468 911 tionem
2514 858 2666 912 istam
2703 871 3152 915 sacramentorum
3190 861 3516 915 Testamenti
3567 865 3761 918 veteris
3800 873 3859 918 et

2271 949 2390 1001 nnvi
2419 951 2576 1002 etiam
2613 951 2916 1018 praedictam
2947 951 3109 1006 fuisse
3139 953 3461 1021 prepbeticis
3501 953 3734 1007 vocibus.
3779 954 3860 1009 Ita

2269 1040 2410 1092 enim
2443 1039 2710 1107 videbunt,
2735 1043 2778 1096 si
2802 1051 3066 1111 poterunt,
3100 1043 3150 1095 id
3171 1043 3308 1111 quod
3330 1041 3380 1095 in
3399 1051 3637 1111 tempore
3659 1059 3856 1097 novum

2269 1141 2369 1195 est,
2401 1148 2504 1186 non
2531 1147 2648 1187 esse
2670 1148 2860 1188 novum
2887 1135 3023 1204 apud
3061 1151 3182 1189 eum
3205 1136 3296 1204 qui
3322 1135 3555 1190 condidit
3593 1144 3853 1205 tempora,

2269 1224 2452 1278 ctsine
2482 1233 2720 1294 tempore
2741 1225 2900 1280 habet
2923 1227 3099 1280 omnia
3126 1243 3244 1295 quze
3270 1227 3382 1282 suis
3400 1227 3693 1296 quibusque
3723 1237 3860 1282 tem-

2271 1314 2485 1382 poribus
2512 1329 2610 1383 pro
2629 1329 2813 1370 eorum
2839 1316 3093 1370 varietate
3120 1316 3406 1370 distribuit.
3436 1315 3566 1370 Nam
3597 1325 3650 1371 et
3681 1318 3734 1371 in
3767 1319 3860 1371 illo

2270 1404 2492 1474 psnlmo,
2512 1404 2652 1460 unde
2679 1406 3089 1461 commemoravi
3124 1407 3341 1476 aliquid,
3374 1422 3478 1476 quo
3516 1407 3859 1463 denmnstra-

2268 1513 2380 1552 rem
2409 1515 2511 1552 nou
2540 1514 2698 1569 egere
2738 1500 2899 1554 Deum
2928 1499 3198 1554 sacrificiis
3234 1505 3448 1563 nostris,
3491 1501 3575 1554 cui
3611 1501 3805 1556 dicitur
3839 1519 3854 1554 :

2267 1586 2389 1640 Dixi
2415 1587 2653 1656 Domino,
2680 1589 2813 1644 Deus
2842 1607 2979 1644 meus
2999 1606 3051 1644 es
3077 1600 3153 1657 tu,
3179 1593 3416 1661 quoniam
3441 1590 3686 1644 bonorum
3715 1609 3859 1646 meo-

2265 1694 2378 1731 rum
2399 1695 2498 1732 non
2521 1696 2667 1750 eges;
2709 1681 2866 1750 paulo
2905 1691 3022 1750 post
3059 1682 3247 1751 legitur
3271 1698 3335 1735 ex
3368 1697 3590 1750 persona
3632 1682 3852 1748 Christi,

2269 1767 2389 1822 Non
2415 1770 2726 1841 congregabo
2745 1773 3086 1826 conventicula
3099 1773 3348 1826 eorumde
3369 1772 3718 1843 sanguinibus,
3750 1773 3857 1828 hoc

2267 1868 2354 1914 est
2375 1875 2626 1930 pecorum
2676 1864 2923 1928 victimis,
2975 1864 3166 1933 quibus
3212 1865 3355 1933 prius
3397 1866 3857 1936 Congregabantur

2267 1954 2632 2007 conventicula
2651 1954 2995 2009 Judteorum:
3027 1964 3080 2010 et
3115 1955 3238 2010 alibi
3269 1954 3414 2019 dicit,
3449 1953 3570 2009 Non
3606 1955 3856 2024 accipiant

2265 2045 2329 2096 de
2349 2061 2500 2097 manu
2527 2055 2615 2098 tua
2643 2046 2844 2112 vitulos,
2868 2062 3023 2116 neque
3051 2048 3113 2099 de
3131 2045 3360 2117 gregibus
3381 2047 3479 2100 tuis
3495 2047 3658 2102 hircos
3680 2046 3850 2118 (Psal.

2265 2149 2410 2199 xux,
2444 2134 2499 2206 9)
2537 2156 2549 2191 :
2583 2147 2633 2190 et
2655 2137 2788 2190 alius
2817 2136 3092 2206 propheta,
3121 2137 3271 2203 Ecce,
3296 2138 3483 2208 inquit,
3503 2138 3610 2192 dies
3631 2136 3850 2202 venient,

2265 2225 2386 2279 dicit
2403 2221 2678 2294 Dominus,
2701 2237 2748 2281 et
2770 2228 3079 2298 conﬁrmabo
3107 2244 3257 2299 super
3285 2229 3492 2282 domum
3515 2228 3676 2282 Jacob
3706 2238 3854 2282 testa-

2265 2327 2485 2372 mentum
2507 2335 2707 2383 norum,
2751 2335 2853 2372 non
2892 2319 3023 2373 sicut
3063 2328 3411 2374 testamentum
3458 2319 3594 2390 quod
3626 2319 3851 2388 disposui

2266 2407 2491 2478 patribus
2501 2425 2694 2476 eorum,
2709 2426 2822 2464 cunt
2835 2411 2990 2464 eduxi
3000 2426 3083 2464 eos
3097 2411 3161 2464 de
3174 2420 3306 2464 terra
3320 2408 3536 2480 Δῑςῃριὸ
3555 2410 3604 2479 (J
3611 2426 3682 2463 er.
3698 2425 3850 2475 snt,

2264 2499 2354 2565 5i,
2385 2497 2499 2570 52).
2533 2499 2600 2553 Ει
2627 2501 2726 2554 alia
2757 2501 2922 2555 multa
2943 2509 3069 2555 sunt
3093 2501 3161 2556 de
3182 2501 3282 2556 hac
3305 2516 3362 2554 re
3387 2500 3710 2566 testimonia,
3738 2500 3852 2570 qui—
3915 2519 3925 2526 δ

2264 2591 2361 2645 bus
2409 2591 2508 2646 hoc
2557 2591 2719 2646 Deum
2773 2592 3029 2646 facturum
3081 2607 3201 2648 esse
3242 2591 3550 2662 praedictum
3587 2603 3690 2658 est,
3730 2607 3852 2661 qua:

2261 2697 2681 2738 commemorare
2702 2699 2841 2738 nunc
2863 2685 3077 2754 longum
3108 2691 3209 2738 est.

2333 2773 2386 2828 8.
2420 2773 2516 2828 Hic
2547 2774 2656 2844 jam
2692 2775 2740 2829 si
2779 2775 2909 2829 satis
2932 2775 3190 2839 constitit,
3217 2774 3358 2845 quod
3387 2782 3534 2830 recte
3557 2773 3667 2828 alio
3708 2783 3848 2829 tem-

2262 2881 2393 2937 pore
2428 2868 2771 2920 eonstitututn
2800 2877 2902 2933 est,
2932 2867 3070 2922 idem
3102 2876 3246 2922 recte
3280 2867 3384 2920 alio
3410 2875 3652 2936 tempore
3691 2881 3852 2936 posse

2262 2959 2474 3020 mut-ari,
2497 2959 2748 3013 mutantis
2768 2973 2951 3028 opere,
2971 2973 3078 3012 non
3092 2957 3441 3028 dispositione
3453 2967 3674 3023 mutata,
3689 2972 3850 3027 quam

2261 3052 2660 3122 dispositionem
2706 3053 3050 3122 iutelligibilis
3091 3053 3227 3106 ratio
3268 3055 3547 3118 continet,
3591 3054 3678 3108 ubi
3733 3055 3852 3111 sine

2263 3151 2502 3212 tempore
2529 3143 2684 3196 simul
2705 3151 2828 3196 sunt
2852 3158 2970 3213 qua:
2993 3142 3044 3197 in
3075 3143 3403 3212 temporibus
3422 3143 3578 3198 simul
3602 3145 3712 3199 tieri
3739 3160 3848 3200 non

2262 3243 2512 3305 possunt,
2559 3235 2680 3304 quia
2715 3245 2952 3304 tempora
2983 3251 3087 3290 non
3114 3236 3274 3290 simul
3304 3244 3554 3300 currunt;
3585 3237 3850 3307 quispiam

2259 3325 2501 3380 fortassis
2529 3334 2800 3395 exstiectet
2840 3341 3030 3381 causas
3067 3341 3098 3380 a
3135 3327 3291 3382 nobis
3335 3327 3505 3397 ipsius
3541 3313 3852 3384 mutationis

2259 3418 2519 3488 accipere,
2561 3419 2701 3488 quod
2749 3419 2862 3488 ipse
2907 3420 3048 3473 nosti
3087 3435 3246 3490 quam
3277 3420 3469 3490 prolixi
3510 3421 3581 3476 sit
3627 3421 3848 3492 negotii.

2263 3507 2637 3564 Verumtamen
2661 3511 2890 3565 bteviter
2914 3511 3017 3565 dici
3035 3520 3230 3581 potest,
3260 3511 3402 3581 quod
3445 3512 3650 3567 homini
3690 3522 3850 3568 acuto

2259 3599 2486 3655 fortasse
2505 3600 2794 3668 suffecerit,
2821 3603 2939 3656 aliis
2965 3603 3311 3657 sacramentis
3329 3603 3670 3671 praenuntiari
3693 3602 3851 3658 Chri-

2259 3699 2398 3745 stum
2422 3706 2542 3745 cum
2563 3702 2816 3746 venturus
2831 3701 2995 3760 esset,
3016 3693 3134 3746 aliis
3153 3706 3273 3746 cum
3295 3693 3530 3748 venisset
3545 3693 3850 3748 aununtiari

2257 3785 2584 3853 Oportuisse;
2612 3785 2748 3840 sicut
2773 3785 2931 3839 modo
2959 3801 3056 3840 nos
3081 3785 3306 3856 idipsum
3332 3787 3629 3857 loquentes,
3659 3786 3849 3842 diver-

2256 3875 2386 3930 sitas
2427 3891 2608 3931 rerum
2639 3876 2896 3947 compulit
2928 3877 3086 3932 etiam
3127 3877 3286 3932 verba
3317 3887 3544 3933 mutare.
3574 3877 3849 3948 Siquidem

2257 3967 2402 4022 aliud
2426 3978 2509 4023 est
2550 3969 2912 4039 prmttuntiari,
2961 3970 3103 4024 aliud
3146 3970 3482 4036 annuntiari;
3531 3969 3676 4025 aliud
3722 3985 3848 4026 cum

2256 4067 2510 4114 venturus
2537 4069 2697 4126 esset,
2727 4061 2868 4115 aliud
2894 4075 3014 4116 cum
3045 4062 3296 4116 venisset.
3819 4056 3825 4062 ’

2332 4151 2559 4206 CAPUT
2583 4152 2776 4208 l|.—-9.
2795 4152 2944 4207 Nunc
2959 4151 3152 4208 deinde
3165 4152 3442 4207 videamus
3454 4153 3609 4223 quale
3627 4153 3699 4207 sit
3713 4153 3848 4208 illud

2253 4243 2395 4315 quod
2415 4244 2465 4298 in
2489 4244 2710 4314 epistola
2742 4253 2827 4298 tua
2848 4244 3106 4314 sequitur.
3139 4243 3393 4314 Adjecisti
3419 4245 3561 4298 enim
3587 4258 3683 4299 eos
3699 4244 3849 4299 dice.

2255 4352 2316 4392 re
2362 4337 2496 4407 quod
2528 4334 2716 4392 Christi
2760 4337 3054 4408 prazdicatio
3096 4346 3244 4407 atque
3279 4336 3510 4390 doctrina
3553 4337 3848 4406 reipublica:

2254 4429 2475 4482 moribus
2501 4429 2643 4482 nulla
2675 4444 2737 4483 ea:
2756 4438 2898 4499 parte
2926 4429 3203 4492 conueniat,
3231 4428 3375 4497 cujus
3398 4428 3494 4482 hoc
3525 4437 3714 4482 constet
3739 4444 3848 4484 esse

2255 4531 2583 4590 praeceptum,
2619 4529 2672 4574 ut
2702 4521 2832 4575 nulli
2850 4519 3040 4574 malum
3077 4536 3169 4591 pro
3189 4521 3325 4574 malo
3350 4520 3558 4574 reddere
3575 4519 3846 4574 debeamus

2258 4613 2431 4686 (Rom.
2462 4630 2558 4680 xu,
2592 4614 2702 4687 l7),
2731 4624 2778 4668 et
2807 4614 3100 4686 percutienti
3130 4613 3286 4667 aliaat
3311 4610 3530 4683 prtebere
3551 4613 3841 4676 maxillam,

2253 4715 2299 4760 et
2327 4704 2538 4776 palliunt
2566 4704 2688 4758 dare
2707 4705 2751 4758 ci
2775 4705 2860 4774 qui
2889 4705 3110 4758 tunicam
3130 4703 3331 4772 auferre
3346 4702 3634 4772 perstiterit,
3662 4713 3711 4755 et
3729 4718 3845 4756 cum

2253 4813 2312 4853 eo
2335 4797 2422 4868 qui
2450 4813 2540 4851 nos
2567 4796 2833 4867 angariare
2867 4796 3098 4861 voluerit,
3143 4795 3218 4849 ire
3241 4794 3416 4848 debere
3456 4794 3621 4864 spatio
3649 4793 3845 4848 itineris

2252 4889 2506 4960 duplicato
2531 4889 2741 4961 (Matth.
2770 4903 2826 4955 v,
2852 4886 3067 4958 59-“).
3099 4888 3226 4952 Qua:
3247 4886 3417 4940 omnia
3435 4884 3845 4956 reipublicaemo-

2251 4981 2390 5036 ribus
2416 4989 2708 5035 asseruntur
2733 4995 2838 5034 esse
2861 4980 3115 5034 contraria
3141 4995 3160 5032 :
3188 4976 3327 5032 Nam
3371 4979 3484 5048 quis
3505 5017 3521 5044 ,
3573 4977 3842 5047 inquiunt,

2253 5075 2362 5129 tolli
2390 5074 2483 5128 sibi
2502 5073 2562 5126 ab
2595 5074 2734 5129 ltoste
2757 5073 2949 5143 aliquid
2977 5073 3222 5144 patiatur,
3261 5071 3338 5124 uel
3366 5070 3611 5125 Romana:
3639 5070 3846 5139 provin-

2253 5167 2344 5221 cia:
2362 5165 2788 5237 deprwdatoribus
2812 5181 2912 5218 non
2943 5164 3080 5216 mala
3120 5163 3233 5216 velit
3275 5159 3392 5215 belli
3424 5163 3546 5229 jure
3566 5160 3847 5228 reponere?

2251 5258 2378 5314 Haec
2401 5267 2560 5329 atque
2594 5255 2897 5327 huiusmodi
2924 5253 3089 5311 verba
3132 5252 3562 5319 obtrectantiutn,
3593 5250 3710 5304 sive
3734 5263 3844 5304 non

2251 5350 2616 5417 obtrectando,
2636 5348 2728 5405 sed
2743 5348 3030 5420 quaerendo
3049 5347 3168 5402 talia
3193 5345 3544 5416 loquentium,
3564 5343 3846 5412 operosius

2253 5442 2478 5499 fortasse
2520 5441 2843 5508 refellerem,
2877 5439 2978 5496 nisi
3009 5440 3090 5494 ba:
3119 5437 3534 5508 disceptationes
3579 5435 3844 5490 haberen-

2253 5545 2339 5591 tur
2367 5552 2487 5593 cum
2510 5537 2634 5591 viris
2657 5535 2944 5591 liberaliter
2968 5531 3241 5608 institutis.
3273 5530 3427 5587 Unde
3450 5529 3575 5600 quid
3601 5544 3737 5598 opus
3762 5537 3848 5583 est

2253 5638 2307 5683 ut
2328 5628 2523 5684 diutius
2545 5628 2867 5692 laboremus,
2896 5641 2960 5680 ac
2978 5641 3082 5681 non
3100 5625 3244 5694 ipsos
3265 5621 3439 5693 potius
3466 5629 3846 5690 percontemur

2251 5718 2518 5792 quomodo
2546 5726 2789 5788 poterant
2807 5717 3106 5787 gubernare
3131 5723 3290 5785 atque
3313 5726 3507 5782 augere
3546 5709 3843 5779 rempubli-

2251 5828 2392 5880 cam,
2421 5827 2578 5882 quam
2615 5826 2678 5866 ex
2709 5825 2871 5880 parva
2899 5818 2951 5866 et
2979 5808 3121 5878 inopi
3161 5821 3403 5877 magnam
3430 5803 3846 5873 opulentamque
