2061 3175
152 200 207 230 520

153 260 283 291 l'cocmnt,
296 258 342 294 qui
352 262 460 293 accepta
475 257 571 293 injuria
586 257 724 292 ignoscere
735 265 813 291 quam
825 255 948 291 persequi

152 305 287 333 malebant
301 305 464 339 (Sallustius,
481 304 547 331 Bell.
562 303 671 339 Catil.)?
696 303 830 338 quomodo
851 302 949 330 Caesari

152 351 361 379 administratori
376 350 465 385 utique
478 349 640 385 reipublicie,
652 356 740 376 mores
749 348 807 383 ejus
820 348 949 375 extollens

152 398 248 426 Cicero
261 398 375 430 dicebat,
392 397 463 433 quod
478 397 544 424 nihil
558 396 677 425 oblivisci
698 396 796 423 soleret
815 395 866 422 nisi
881 394 950 430 inju-

153 445 209 471 rias
233 444 327 480 (Orat.
357 452 402 479 pro
426 443 457 476 ρ.
484 442 596 479 Ligario.
610 441 643 478 )?
666 442 774 469 Dicebat
797 441 867 469 enim
898 441 949 468 hoc

153 495 208 516 tam
222 496 334 524 magnus
346 488 477 521 laudator,
489 492 535 515 aut
554 493 606 514 tam
622 493 732 522 magnus
745 486 867 513 adulator
881 494 888 512 :
902 485 949 513 sed

153 537 175 562 si
188 535 316 567 laudator,
327 534 544 561 talemCaesarcni
553 538 674 564 noverat;
688 533 708 559 si
720 537 807 558 autem
816 531 948 565 adulator,

155 582 234 608 talem
242 588 303 608 esse
311 580 409 607 debere
420 580 575 606 ostendebat
588 579 731 613 principem
746 577 869 610 civitatis,
886 584 949 612 qua-

155 627 206 654 lein
222 627 295 654 illum
312 626 438 653 fallaciter
454 626 621 660 praulicabat.
641 625 708 657 Quid
727 630 768 651 est
790 628 878 651 autem
896 631 949 651 non

156 671 267 699 reddere
277 671 374 697 malum
389 678 440 705 pro
450 671 530 703 malo,
541 671 589 697 nisi
605 669 792 697 abhorrereab
805 668 948 696 ulciscendi

156 717 281 744 libidine?
307 716 377 751 quod
404 720 446 743 est
469 721 575 750 accepta
598 715 690 749 injuria
715 716 851 749 ignoscere
870 714 950 742 malle

153 771 235 798 quam
247 763 379 797 persequi,
394 767 420 789 et
435 762 498 788 nihil
513 762 561 787 nisi
579 761 686 795 injurias
695 760 824 787 oblivisci.

192 809 234 835 10.
256 808 317 835 Ιιιυε
331 815 391 834 cum
405 808 430 833 in
443 815 535 834 eorum
551 807 672 841 leguntur
683 806 843 838 auctoribus,
860 805 950 832 excla-

155 860 283 882 maturet
303 855 451 889 plauditur;
468 854 581 880 describi
603 858 681 887 atque
703 852 841 887 pricdicari
861 859 949 879 mores

157 901 290 934 videntur,
314 900 410 935 quibus
434 899 542 934 dignum
565 903 638 926 esset
658 906 802 933 exsurgere
815 898 948 925 civitatem

155 955 215 981 qua:
227 952 264 974 tot
274 946 396 982 gentibus
407 946 559 980 imperaret,
574 945 642 980 quod
654 950 761 979 accepta
773 944 867 979 injuria
878 944 951 979 igno-

155 1001 232 1020 scere
245 1001 323 1028 quam
337 992 457 1027 persequi
470 992 612 1019 malebant.
625 992 690 1019 Cum
703 999 765 1018 vero
778 991 873 1026 legitur
883 999 951 1026 pne-

154 1040 272 1074 eipienle
280 1039 437 1065 auctoritate
445 1038 542 1071 divina,
554 1046 605 1064 non
619 1038 783 1065 reddendum
794 1038 891 1065 malum
902 1045 950 1072 pro

155 1085 241 1117 malo;
257 1092 317 1111 cum
333 1085 389 1111 lia:c
403 1088 455 1110 tam
472 1084 585 1110 salubris
600 1083 746 1110 admonitio
766 1083 950 1119 congregatio-

156 1131 234 1158 nibus
250 1131 416 1165 populorum,
435 1135 558 1165 tanquam
582 1131 693 1164 publicis
718 1131 854 1165 utriusque
869 1138 950 1158 sexus

147 1180 237 1211 ‘atque
250 1177 370 1202 omnium
386 1180 494 1202 inlatum
513 1181 539 1203 et
553 1176 708 1211 dignitatum
729 1177 838 1209 scholis,
855 1177 888 1203 de
902 1184 949 1203 su-

155 1222 262 1257 periore
275 1222 334 1249 loco
350 1226 487 1256 personat,
503 1227 641 1249 accusatur
656 1223 747 1257 religio
762 1228 885 1258 tauquam
901 1224 951 1251 ini-

156 1269 224 1295 mica
239 1268 406 1301 reipublicae!
431 1268 495 1300 Quie
514 1268 546 1299 si,
562 1272 590 1294 ut
607 1268 715 1303 dignum
737 1274 786 1300 est,
802 1269 948 1302 audiretur,

154 1315 233 1350 longe
248 1316 343 1342 melius
357 1316 480 1347 Romulo,
498 1316 592 1347 Numa,
615 1317 705 1348 Bruto,
720 1318 877 1352 c;rtcrisque
898 1317 950 1345 illis

155 1360 283 1387 Romamn
302 1362 389 1395 gentis
405 1362 540 1396 prmclaris
564 1362 637 1395 viris,
655 1363 838 1395 constitueret,
856 1370 950 1390 conse-

154 1412 253 1439 craret,
269 1409 395 1438 lirmaret,
412 1413 572 1442 augerctque
587 1408 784 1441 rempublicam.
798 1407 866 1442 Quid
879 1408 950 1435 enim

154 1458 197 1479 cst
215 1453 373 1488 respublica.
394 1454 443 1480 nisi
458 1462 501 1480 res
518 1454 622 1488 populi?
640 1454 691 1481 llcs
705 1462 767 1488 ergo
789 1455 949 1489 communis,

155 1506 198 1525 res
212 1499 300 1533 utique
314 1499 438 1526 civitatis.
455 1500 521 1532 Quid
538 1504 577 1526 est
594 1505 682 1526 autem
699 1500 801 1531 civitas,
816 1500 867 1528 nisi
883 1500 951 1527 initl-

156 1545 240 1571 titiido
263 1545 399 1572 hominum
421 1546 446 1572 in
467 1546 598 1580 quoddam
620 1546 750 1572 vinculum
765 1546 871 1573 redacta
886 1554 950 1574 con-

154 1591 270 1618 cordi:e?
286 1591 363 1626 Apud
385 1599 432 1618 eos
454 1592 523 1618 enim
545 1592 579 1618 ita
602 1591 801 1625 legilurzlirevi
814 1592 950 1620 multitudo

153 1636 269 1671 dispersa
281 1642 355 1671 atque
369 1645 442 1672 vaga,
462 1637 596 1663 concordia
616 1637 702 1663 civitas
722 1639 789 1672 facta
806 1642 870 1664 erat.
885 1638 950 1671 Quae

155 1690 235 1715 porro
249 1687 381 1717 prmcepta
394 1682 544 1710 concordia:
561 1684 586 1709 in
598 1686 654 1711 suis
667 1683 773 1718 templis
787 1691 902 1718 unquam
912 1684 950 1712 illi

154 1728 266 1762 legenda
283 1729 457 1755 censuerunt?
477 1729 695 1764 Quandorptidcm
718 1730 807 1756 miseri
832 1737 950 1764 qumret‘e

152 1773 326 1807 cogebantur,
343 1782 457 1808 quonam
474 1775 552 1800 modo
565 1775 621 1801 sine
636 1775 780 1801 offensione
794 1775 950 1809 cujusquam

153 1826 246 1844 eorum
262 1818 397 1846 discordes
411 1820 479 1846 inter
495 1828 523 1846 se
546 1820 610 1846 ileos
626 1828 686 1847 suos
709 1821 797 1847 colere
819 1826 928 1855 possent
942 1830 949 1848 :

154 1871 222 1897 quos
236 1864 261 1891 si
275 1864 370 1891 imitari
385 1865 561 1892 discordando
577 1867 684 1897 vellent,
704 1871 780 1900 rupto
800 1867 950 1895 concordia:

153 1910 262 1936 vinculo
274 1910 367 1937 civitas
383 1911 531 1943 laberetur;
547 1912 617 1946 quod
640 1917 730 1946 postea
756 1913 878 1947 paulatim
901 1913 950 1941 dc-

154 1955 279 1982 coloratis
299 1957 482 1991 corruptisque
504 1957 622 1984 mei-ibus
645 1958 686 1992 agi
710 1959 790 1993 coepit
813 1966 861 1993 per
883 1959 950 1986 bella

154 2000 254 2027 civilia.

193 2046 235 2072 ti.
255 2045 358 2079 Quanta
372 2054 436 2074 vero
449 2052 580 2083 praecepta
595 2047 745 2076 concordiae
762 2056 814 2076 non
828 2048 950 2077 humanis

154 2090 381 2125 disputationibus
393 2093 534 2127 exquisita,
552 2093 599 2120 sed
615 2094 702 2121 divina
716 2094 874 2122 auctoritate
886 2102 951 2122 con-

154 2138 253 2172 scripta
266 2138 292 2165 in
310 2138 407 2165 Christi
420 2139 541 2167 ecclesiis
553 2139 713 2173 lectitcntur,
728 2140 786 2175 quis
799 2140 839 2167 vel
858 2141 890 2168 ab
906 2140 950 2167 illa

154 2183 284 2218 religione
297 2184 410 2217 alienus,
426 2184 461 2211 ita
477 2184 573 2212 surdus
588 2189 630 2212 cst
651 2189 679 2212 ut
701 2185 821 2220 ignoret?
839 2185 880 2213 Ad
899 2185 951 2213 hoc

154 2228 226 2254 enim
242 2233 270 2255 et
284 2228 326 2255 illa
348 2229 491 2263 pertinent,
515 2237 576 2265 quin
600 2231 701 2257 malunt
722 2230 856 2265 exagitare
870 2238 950 2266 quam

154 2273 271 2307 discere,
287 2274 396 2302 alteram
412 2276 568 2309 percutienti
585 2276 753 2311 praiheudain
774 2284 835 2305 esse
853 2277 950 2304 maxil-

154 2319 220 2352 lam,
235 2319 338 2347 volenti
350 2320 455 2348 auferre
470 2321 585 2348 tunicam
601 2322 718 2349 dandum
732 2323 811 2349 etiam
829 2322 948 2357 pallium,

154 2373 216 2392 cum
230 2366 384 2401 angariante
397 2367 582 2400 duplicandam
595 2368 674 2395 viam.
691 2368 747 2395 Hoc
761 2369 857 2403 quippe
877 2369 906 2396 lit
921 2374 950 2397 ut

153 2413 276 2440 vincatur
290 2413 359 2440 bono
379 2414 475 2446 malus,
498 2414 551 2441 imo
573 2414 599 2441 in
623 2414 729 2442 homine
744 2416 814 2443 malo
829 2415 951 2444 vincatur

154 2458 226 2485 bono
235 2459 345 2491 malum,
359 2463 386 2487 ct
399 2460 479 2487 homo
492 2460 619 2488 liberetur
628 2468 643 2488 a
655 2461 737 2494 malo,
751 2469 803 2489 non
817 2462 950 2489 exteriore

154 2510 180 2531 et
189 2505 288 2538 alieno,
303 2505 349 2532 sed
363 2505 456 2533 intimo
470 2514 501 2533 ac
514 2514 572 2540 suo,
588 2503 640 2541 quo
651 2507 758 2542 gravius
774 2512 802 2535 et
819 2508 951 2542 pernicio-

154 2551 209 2577 sius
221 2558 301 2585 quam
312 2552 428 2586 cujusvis
441 2552 526 2580 hostis
544 2553 711 2581 extrinsecus
724 2554 888 2581 immanitate
901 2562 949 2581 va-

155 2597 314 2630 statiir.,Qiii
326 2605 390 2633 ergo
401 2598 483 2625 vincit
495 2599 566 2626 bono
579 2600 688 2633 malum,
705 2601 837 2635 patienter
851 2601 950 2628 amittit

154 2643 311 2677 temporalia
330 2646 480 2676 commoda,
495 2649 523 2672 ιιι
536 2645 630 2672 doceat
649 2653 727 2680 quam
743 2654 790 2681 pro
804 2647 855 2674 [ide
869 2651 950 2682 atque

152 2687 254 2722 justitia
268 2689 462 2717 contemnenda
478 2690 542 2723 sint,
561 2699 620 2726 qua:
635 2689 775 2719 ille'nimis
787 2693 901 2720 amando
921 2693 950 2721 lit

155 2734 255 2767 malus;
271 2741 303 2761 ac
316 2735 354 2762 sic
370 2735 514 2769 iujuriosus
524 2736 558 2763 ab
568 2738 668 2771 co-ipso
681 2738 723 2764 cui
738 2737 800 2765 fecit
814 2738 948 2773 injuriam,

154 2778 240 2806 discat
252 2780 338 2814 qualia
354 2781 408 2808 sint
422 2786 531 2816 propter
552 2790 611 2817 qua:
633 2782 697 2810 fecit
716 2783 850 2818 injuriam,
871 2789 950 2819 atque

156 2824 181 2850 iu
197 2825 379 2856 concordiam.
394 2835 444 2861 qua
460 2827 577 2855 nihil-est
588 2828 677 2856 utilius
689 2829 800 2861 civitati,
818 2830 950 2865 paenitens

155 2871 318 2905 arquiratur,
335 2872 420 2899 victus
429 2881 482 2900 non
496 2874 630 2901 saivientis
646 2874 756 2908 viribus,
772 2876 819 2903 sed
835 2876 951 2904 benevo-

156 2916 235 2947 lentia
257 2918 390 2953 patientis.
412 2918 487 2947 'l‘unc
502 2919 574 2949 enim
594 2926 666 2948 recte
677 2921 718 2955 lit,
730 2922 908 2950 cunividetur
922 2923 946 2951 ei

741 196 978 226 EI’ISTOLARUM
999 196 1135 226 CLASSiS
1154 197 1197 225 ΙΙΙ.

1739 198 1794 228 530

1001 255 1167 290 profuturum
1183 264 1241 284 esse
1258 261 1364 292 propter
1377 265 1456 293 quem
1472 257 1508 290 lit,
1530 258 1562 285 ad
1582 257 1745 293 operandam
1764 258 1793 287 in

1002 309 1034 328 co
1046 302 1238 330 correctionem
1255 308 1333 338 atque
1347 304 1528 331 concordiam.
1544 305 1600 332 lloc
1611 310 1685 333 certe
1703 305 1793 333 animo

1003 347 1150 375 faciendum
1166 353 1216 381 est,
1232 349 1335 377 etiamsi
1354 351 1420 378 alius
1435 351 1522 378 exitus
1533 357 1722 387 consequatur,
1743 360 1794 380 nec

1002 393 1096 428 corrigi
1111 394 1174 421 velit
1185 399 1263 429 atque
1276 396 1373 429 pacari,
1391 402 1500 431 propter
1516 404 1594 431 quem
1607 397 1793 432 corrigendum

1001 442 1080 472 atque
1094 440 1250 473 pacannlum,
1267 440 1338 468 velut
1352 441 1498 469 curandum
1509 447 1534 470 et
1550 442 1708 476 sanandum,
1719 442 1795 471 adhi-

1002 483 1054 510 bita
1067 489 1108 511 est
1123 485 1173 512 ista
1187 485 1326 514 medicina.

1039 530 1081 557 l2;
1103 530 1225 566 Alioquin
1237 531 1262 558 si
1272 532 1351 558 verba
1362 532 1563 566 attenderimus,
1577 540 1723 569 eorumun
1732 541 1796 569 pro-

1002 575 1106 609 prietati
1121 576 1296 604 serviendum.
1308 578 1497 612 putaverimus,
1520 586 1572 606 non
1588 583 1633 607 est
1651 578 1794 614 pricltenda

1003 621 1108 647 maxilla
1122 621 1242 654 dextera,
1254 622 1276 650 si
1287 623 1394 650 sinistra
1407 623 1487 651 fuerit
1501 631 1637 658 percussa.
1649 624 1794 662 Quoniam,

1004 667 1095 702 Siquis
1103 673 1135 699 te,
1146 668 1241 704 inquit,
1252 670 1402 704 percusserit
1409 670 1435 697 in
1441 670 1573 698 maxillam
1582 671 1720 705 dexteram.
1730 679 1797 706 pra:-

1002 712 1031 740 ba
1039 714 1078 740 illi
1087 719 1109 741 rt
1123 715 1253 742 sinistram
1262 714 1367 751 (Matth.
1381 723 1408 750 v,
1421 716 1482 752 39):
1494 717 1577 752 magis
1588 721 1677 745 autem
1688 717 1795 745 sinislra

1003 761 1159 795 percutitur,
1166 762 1236 796 quod
1244 762 1278 790 ad
1286 763 1423 791 dexteram
1433 763 1551 792 ferientis
1560 764 1660 792 facilior
1667 765 1735 793 ictus
1743 769 1795 793 cst.

1002 807 1054 833 Sed
1069 807 1108 834 sic
1119 808 1227 843 intelligi
1243 809 1320 841 solet,
1332 816 1363 837 ac
1375 809 1398 837 si
1413 809 1512 837 dictum
1523 815 1594 838 esset
1604 820 1611 838 :
1621 811 1649 839 Si
1660 811 1719 847 quis
1732 811 1758 839 in
1770 816 1797 839 te

1003 853 1112 880 meliora
1122 853 1199 881 fuerit
1208 860 1372 889 persecutus,
1382 860 1409 883 et
1416 855 1540 884 inferiora
1552 856 1575 884 ei
1585 856 1685 891 praibe,
1696 865 1728 885 ne
1737 858 1796 886 rin-

1001 899 1079 926 dicta:
1089 900 1175 934 potius
1183 908 1262 935 quam
1272 901 1405 936 patientia:
1414 901 1525 929 studens
1533 906 1690 930 contemnas
1697 907 1796 930 interna

1002 952 1050 979 pio
1064 945 1264 979 temporalibus,
1276 954 1335 973 cuiu
1357 948 1444 982 potius
1457 947 1611 982 temporalia
1627 955 1675 983 pro
1690 949 1798 976 αξιοι-[ἠδ

1002 990 1197 1017 contemnenda
1209 991 1272 1023 sint,
1290 996 1416 1027 tanquam
1429 992 1535 1020 sinistra
1548 1001 1598 1029 pro
1610 993 1724 1021 dextris.
1735 994 1798 1022 Ha‘c

1002 1042 1109 1070 Semper
1125 1035 1175 1063 fuit
1196 1041 1347 1064 sanctorum
1370 1042 1517 1074 martyrum
1538 1039 1666 1067 intentio:
1681 1039 1796 1067 vindicta

1001 1081 1072 1108 enim
1086 1081 1178 1109 ultima
1189 1081 1261 1117 justc
1274 1083 1403 1118 poscitur,
1419 1084 1527 1119 quando
1545 1085 1631 1112 nullus
1642 1084 1697 1120 jam
1715 1090 1799 1113 restat

1002 1128 1174 1155 cerrectionis
1194 1128 1279 1162 locus,
1295 1134 1417 1157 extremo
1431 1130 1532 1158 scilicet
1546 1139 1704 1166 summeque
1723 1131 1797 1167 judi-

1002 1174 1053 1201 cio.
1066 1174 1141 1202 Nunc
1151 1182 1213 1202 vero
1226 1176 1371 1203 cavendum
1383 1181 1434 1210 est,
1447 1185 1480 1205 ne
1492 1177 1642 1205 vindicandi
1654 1178 1798 1213 cupiditate

1001 1220 1146 1253 amittatur,
1160 1226 1188 1249 ut
1203 1222 1268 1250 nihil
1283 1223 1355 1250 aliud
1377 1223 1474 1256 dicam,
1499 1224 1555 1259 ipsa
1578 1224 1717 1259 patientia,
1738 1232 1802 1260 quin

1003 1267 1086 1300 pluris
1100 1271 1141 1295 est
1153 1267 1273 1296 habenda
1284 1277 1362 1303 quam
1374 1276 1453 1297 omne
1465 1270 1537 1304 quod
1553 1275 1640 1305 potest
1653 1270 1733 1297 ctiam
1754 1272 1796 1298 iu-

1002 1313 1056 1339 vito
1079 1313 1202 1341 inimicus
1224 1314 1337 1342 auferre.
1360 1314 1479 1350 Namque
1499 1315 1569 1342 alius
1588 1315 1749 1351 evangelista
1771 1316 1797 1346 in

1003 1358 1094 1385 eadem
1108 1360 1238 1386 sententia
1252 1360 1350 1386 nullam
1365 1359 1427 1387 fecit
1436 1360 1553 1388 dexterzc
1566 1361 1739 1393 mentionem,
1750 1362 1798 1389 sed

1003 1408 1105 1432 tantum
1121 1406 1253 1432 maxillam
1267 1410 1294 1433 et
1307 1406 1417 1433 alteram
1434 1406 1579 1433 nominavit
1596 1405 1671 1444 (Luc.
1686 1414 1724 1439 γι,
1737 1407 1797 1443 ἳεὶὶ,

1001 1455 1030 1477 ιιι
1044 1451 1183 1485 aliquanto
1190 1451 1337 1479 distinctius
1350 1449 1543 1487 intelligeretur
1555 1453 1581 1480 in
1605 1453 1668 1485 alio,
1686 1452 1742 1490 ipse
1752 1460 1799 1481 au-

1003 1500 1055 1523 tem
1077 1497 1235 1532 simpliciter
1253 1498 1374 1525 eamdem
1397 1498 1550 1533 patientiam
1569 1498 1797 1526 commendaret}.

1003 1542 1115 1569 Paratus
1126 1543 1214 1578 itaque
1225 1543 1306 1572 debet
1320 1551 1379 1571 esse
1387 1543 1468 1571 homo
1476 1544 1563 1579 justus
1575 1548 1601 1571 et
1615 1544 1685 1579 pius,
1698 1543 1797 1579 patien—
1815 1537 1822 1540 i

1002 1592 1044 1614 ter
1055 1588 1285 1616 eorum-malitiam
1294 1589 1434 1620 sustinere,
1448 1596 1514 1624 quos
1529 1589 1585 1616 licri
1597 1589 1682 1617 bonos
1690 1589 1797 1625 quierit,

1002 1639 1030 1660 ιιι
1044 1641 1170 1661 numerus
1182 1634 1270 1669 potius
1282 1639 1386 1662 crescat
1396 1635 1537 1668 bonorum,
1551 1642 1603 1662 non
1615 1639 1643 1663 ut
1654 1635 1709 1671 pari
1724 1635 1800 1664 maii-

1002 1678 1037 1705 tia
1050 1686 1079 1706 se
1090 1686 1195 1714 quoque
1210 1687 1321 1707 numero
1331 1680 1410 1707 addat
1423 1680 1572 1710 malnrum.,

1038 1724 1082 1751 l5.
1103 1724 1222 1759 Denique
1231 1725 1279 1752 ista
1292 1729 1422 1760 prmcepta
1434 1726 1517 1761 magis
1529 1726 1562 1753 ad
1576 1726 1797 1761 praeparationem

1002 1769 1091 1796 cordis
1105 1777 1164 1803 qua:
1180 1770 1249 1797 intus
1262 1775 1313 1804 est,
1329 1771 1473 1805 pertinere,
1493 1779 1574 1806 quam
1588 1772 1627 1798 ad'
1639 1779 1706 1807 opus
1725 1772 1798 1807 quod

1003 1814 1028 1841 in
1045 1819 1140 1849 aperto
1155 1815 1198 1848 lit;
1222 1820 1250 1842 ut
1268 1820 1391 1844 teneatur
1404 1817 1429 1843 in
1444 1821 1548 1845 secreto
1568 1818 1647 1845 animi
1672 1818 1798 1853 patientia

1002 1867 1061 1886 cum
1078 1860 1272 1893 benevolentia,
1287 1861 1313 1887 in
1326 1861 1467 1889 manifesto
1478 1866 1566 1889 autem
1581 1862 1606 1889 id
1618 1862 1663 1889 fiat
1675 1863 1745 1898 quod
1759 1863 1798 1890 eis

1002 1905 1107 1932 videtur
1120 1906 1246 1940 prodesse
1259 1914 1347 1941 posse,
1362 1907 1457 1942 quibus
1477 1908 1546 1936 bene
1566 1908 1634 1936 velle
1656 1909 1796 1942 debemus,

1003 1950 1064 1978 liinc
1086 1951 1186 1986 liquido
1211 1952 1377 1985 ostenditur,
1402 1954 1472 1988 quod
1495 1954 1552 1988 ipse
1573 1954 1701 1982 Dominus
1721 1954 1799 1982 Jesus

1002 1997 1153 2031 exemplum
1166 1998 1299 2032 singulare
1320 1999 1464 2033 patientur,
1485 2007 1546 2027 cum
1566 2005 1750 2034 percutcrctur
1772 2001 1798 2028 in

1003 2042 1096 2070 faciem
1112 2044 1266 2078 respondit:
1281 2044 1311 2072 Si
1326 2045 1391 2072 male
1401 2045 1464 2078 diri,
1485 2046 1609 2080 rxprobra
1629 2046 1661 2073 de
1677 2047 1761 2079 male;
1776 2048 1798 2074 si

1002 2094 1084 2116 autem
1095 2090 1164 2122 bene,
1175 2090 1237 2122 quid
1248 2099 1287 2117 me
1300 2091 1376 2117 cwdis
1384 2090 1394 2127 (
1402 2090 1479 2118 Jama.
1503 2099 1577 2124 xvut,
1597 2091 1633 2119 ‘23
1641 2091 1669 2128 )?
1688 2092 1795 2127 NeqUa-

1002 2143 1081 2169 quani
1096 2136 1175 2170 igitur
1191 2140 1354 2170 praeceptum
1376 2143 1464 2169 suum,
1486 2137 1508 2164 si
1530 2137 1610 2164 verba
1634 2138 1797 2171 intueamur,

1003 2180 1130 2215 implevit.
1144 2180 1234 2215 Neque
1243 2181 1313 2208 enim
1326 2182 1437 2216 praebuit
1446 2183 1603 2217 percutienti
1615 2183 1725 2211 alteram
1737 2191 1798 2219 par-

1003 2229 1067 2259 tem,
1081 2225 1128 2253 sed
1142 2226 1230 2260 potius
1243 2226 1388 2261 prohibuit,
1400 2235 1432 2254 ne
1441 2228 1484 2263 qui
1494 2226 1594 2256 fecerat
1607 2228 1741 2263 injuriam.
1751 2237 1799 2256 au-

1002 2275 1094 2306 geret;
1109 2275 1136 2299 et
1150 2276 1238 2299 tamen
1254 2277 1361 2307 paratus
1374 2277 1483 2301 venerat
1499 2282 1552 2301 non
1565 2274 1650 2301 solum
1663 2274 1688 2301 in
1704 2274 1798 2302 l'acicni

1002 2319 1116 2353 percuti,
1127 2327 1219 2346 verum
1231 2319 1311 2347 etiam
1325 2327 1373 2354 pro
1383 2320 1425 2348 liis
1435 2328 1540 2356 quoque
1550 2328 1565 2348 a
1578 2321 1674 2356 quibus
1684 2320 1741 2349 bmc
1753 2329 1799 2356 pa-

1003 2365 1116 2392 tiebatur
1124 2365 1266 2393 cruciﬁxus
1277 2366 1372 2399 occidi,
1382 2374 1430 2401 pro
1438 2367 1534 2401 quibus
1546 2367 1584 2395 ait
1597 2367 1624 2395 in
1637 2375 1716 2396 cruce
1730 2376 1798 2403 pcn-

1002 2411 1186 2444 dcns:Pater,
1207 2407 1309 2446 ignosce
1330 2411 1392 2444 illis,
1414 2412 1473 2447 quia
1495 2413 1606 2439 nesciunt
1626 2413 1687 2448 quid
1700 2414 1798 2449 [animi]

1005 2456 1077 2492 (Luc.
1094 2464 1170 2489 xxiii,
1186 2457 1242 2493 54),
1255 2457 1311 2485 Nec
1324 2458 1420 2485 Paulus
1430 2459 1799 2494 apostolusprrcceptumﬁo‘

1003 2502 1066 2529 mitti
1081 2507 1108 2529 et
1119 2503 1238 2538 magistri
1253 2503 1294 2530 sui
1309 2503 1414 2530 videtur
1427 2503 1564 2538 implesse,
1579 2504 1624 2534 ubi
1639 2505 1720 2532 etiam
1730 2505 1798 2540 ipse

1004 2556 1144 2583 percussus
1159 2550 1184 2576 in
1199 2548 1305 2581 faciem,
1321 2549 1387 2576 dixit
1402 2549 1513 2584 principi
1532 2550 1699 2578 sacerdotum
1712 2550 1798 2581 :Pcr,

1002 2596 1075 2622 cutict
1090 2600 1113 2622 te
1126 2595 1207 2628 Deus,
1231 2596 1312 2630 paries
1327 2596 1448 2623 dealbale.
1466 2595 1546 2623 Sedes
1556 2596 1736 2632 judicansme
1755 2606 1796 2625 se-

1002 2641 1114 2668 cundum
1132 2642 1234 2677 Legem,
1249 2647 1273 2668 et
1287 2646 1374 2669 contra
1384 2642 1476 2677 L’egem
1486 2642 1561 2677 jubet
1575 2651 1615 2670 mc
1635 2643 1749 2679 percuti!
1764 2643 1798 2671 Et

1002 2694 1063 2714 cum
1074 2694 1089 2713 a
1102 2687 1335 2715 circumstantibus
1344 2687 1489 2721 diceretur,
1506 2687 1635 2723 Injuriam
1649 2689 1712 2725 [acii
1723 2690 1798 2725 priu-

1035 2775 1043 2790 ⁸
1056 2773 1121 2807 Fdd;
1137 2773 1311 2807 Intelligerctur
1322 2773 1347 2799 in
1358 2774 1434 2807 altera
1444 2774 1523 2807 ipsum
1533 2773 1636 2800 alterum

1002 2801 1439 2837 eumdempaticntiamconmdare.
1449 2801 1477 2830 Ᾱι
1485 2810 1538 2831 Mss.
1550 2801 1749 2831 omneshabént:
1759 2807 1797 2831 ln-

1003 2835 1149 2868 tulligeretitr
1157 2836 1183 2861 in
1190 2836 1248 2866 alio,
1257 2836 1306 2868 ipse
1317 2839 1424 2868 autem...
1438 2837 1632 2868 comnu'ndaret;
1643 2837 1667 2861 id
1679 2839 1727 2867 est,
1735 2841 1763 2863 ut
1771 2838 1797 2865 in

1003 2842 1183 2890 tutxiqereturm
1190 2842 1248 2872 alio,
1257 2843 1306 2872 ipse
1317 2842 1424 2872 autem...
1438 2842 1632 2873 commodaret;
1643 2842 1667 2861 iu
1679 2842 1727 2867 est,
1735 2842 1763 2863 ut
1771 2844 1797 2874 in

1003 2870 1112 2894 Mattiaco
1130 2867 1265 2899 distinctius
1277 2867 1466 2898 intelligeretur,
1480 2867 1621 2899 temporalia
1631 2874 1676 2899 pro
1697 2871 1799 2895 etei-nni

1004 2902 1116 2931 tanquam
1127 2898 1226 2931 sinistra
1236 2898 1385 2931 prorilextris
1398 2898 1576 2931 contemnenda
1582 2898 1656 2931 esse,
1668 2901 1742 2931 atque
1757 2906 1803 2926 uli-

1006 2928 1110 2953 vetulum
1121 2936 1153 2954 ac
1164 2928 1297 2954 vindicandi
1308 2930 1438 2961 cupiditate
1451 2930 1566 2961 [‘atientia
1577 2928 1707 2958 amittatur;
