4014 6338
579 372 677 429 551

575 488 680 560 cipi
706 486 1041 549 sacerdotum,
1074 483 1386 541 irridenter‘
1416 496 1510 541 eos
1534 480 1825 537 admonere
1844 478 2010 534 voluit
2032 476 2157 548 quid

574 580 851 641 dixerit.ut
864 580 953 649 qui
971 586 1236 648 saperent,
1257 576 1607 646 intelligerent
1618 574 1726 645 jam
1743 572 2123 629 destruendum
2136 573 2156 603 '

573 685 693 727 esse
716 670 945 727 adventu
972 669 1167 723 Christi
1194 668 1447 739 parietem
1476 665 1798 730 dealbatum,
1824 664 1925 719 hoc
1939 672 2041 729 est,
2064 663 2158 732 hy-

572 762 824 834 pocrisim
866 760 1147 817 sacerdotii
1189 758 1496 815 Judmorum
1521 774 1536 812 :
1564 757 1639 812 ait
1664 757 1877 827 quippe,
1927 752 2151 817 Nescivi,

526 836 531 917 ς
572 854 771 924 fratres,
802 854 920 924 quia
960 855 1192 924 princeps
1220 860 1327 916 est;
1356 852 1599 921 scriptum
1622 859 1696 904 est
1722 849 1873 911 sitim,
1916 845 2153 915 Principi

570 946 745 1015 papuli
773 946 847 999 tui
871 961 972 999 non
999 944 1262 999 maledicos
1292 943 1424 1017 (Act.
1452 959 1605 1008 xxiii,
1628 941 1782 1014 5-5);
1813 956 1934 995 cum
1971 939 2153 1009 procul

568 1036 754 1105 dubio,
780 1038 869 1109 qui
897 1037 951 1092 in
980 1036 1167 1092 eodem
1207 1037 1402 1107 populo
1429 1044 1690 1101 creverat,
1722 1044 1881 1103 atque
1910 1034 1980 1089 ibi
2013 1032 2153 1103 Lege

567 1128 741 1186 fuerat
783 1129 1043 1196 eruditus,
1084 1130 1230 1186 illum
1262 1130 1552 1200 principem
1582 1128 1916 1183 sacerdotum
1945 1127 2151 1182 nescire

566 1235 674 1275 non
705 1230 905 1292 posset,
946 1236 1046 1278 nec
1071 1235 1165 1277 eos
1189 1222 1383 1292 quibus
1410 1222 1479 1275 ita
1507 1228 1663 1275 notus
1686 1227 1820 1287 erat,
1852 1219 1962 1276 ullo
1991 1218 2151 1275 modo

534 1294 537 1297 Α
566 1308 774 1368 falleret
799 1310 939 1382 quod
969 1312 1216 1367 nesciret.

640 1402 725 1456 l4.
767 1401 903 1458 Sunt
931 1418 1059 1474 ergo
1100 1404 1198 1458 ista
1239 1411 1500 1474 praecepta
1544 1402 1812 1474 patientiae
1856 1418 2068 1473 semper
2097 1404 2149 1460 in

565 1494 746 1549 cordis
775 1496 1160 1565 prreparatione
1186 1496 1481 1563 retinenda,
1508 1497 1727 1568 ipsaque
1755 1497 2147 1563 benevolentia,

565 1602 634 1642 ne
662 1587 913 1642 reddatur
950 1589 1147 1643 malum
1191 1604 1287 1659 pro
1331 1588 1489 1653 malo,
1533 1604 1746 1657 semper
1784 1588 1835 1643 in
1875 1589 2151 1645 voluntate

564 1677 877 1748 complenda
907 1686 1007 1734 est.
1040 1678 1255 1750 Agenda
1280 1688 1405 1737 sunt
1427 1689 1603 1737 autem
1632 1679 1816 1746 multa,
1843 1680 2004 1735 etiam
2026 1696 2147 1735 cum

564 1767 743 1824 invitis
773 1767 996 1839 benigna
1020 1768 1244 1841 quadam
1265 1771 1552 1840 asperitate
1578 1771 1888 1839 plectendis,
1920 1786 2147 1843 quorum

564 1861 742 1931 potius
768 1861 975 1915 utilitati
995 1861 1377 1916 consulendum
1404 1872 1483 1917 est
1512 1878 1671 1933 quam
1702 1864 1988 1930 voluntati;
2008 1865 2148 1934 quod

563 1950 617 2003 in
649 1949 885 2021 principe
909 1952 1135 2007 civitatis
1165 1954 1580 2015 luculentissimc
1598 1955 1804 2011 illorum
1829 1956 2146 2013 litterzelau-

562 2041 844 2098 daverunt.
874 2044 1004 2099 Nam
1034 2046 1085 2100 in
1114 2047 1453 2117 corripiendo
1490 2047 1597 2103 lilio
1620 2049 1911 2118 quamlibet
1934 2066 2144 2123 aspere,

562 2149 833 2203 nunquam
861 2135 1097 2205 profecto
1115 2152 1269 2197 amor
1290 2146 1540 2207 paternus
1562 2140 1841 2197 amittitur.
1865 2140 1949 2197 Fit
1969 2152 2145 2199 tamen

560 2223 700 2293 quod
730 2225 861 2279 nolit
888 2234 941 2280 et
966 2226 1164 2297 doleat,
1187 2228 1275 2297 qui
1304 2229 1462 2283 etiam
1493 2228 1689 2286 invitus
1722 2230 1933 2300 videtur
1957 2233 2147 2301 dolore

560 2314 848 2369 sanandus.
878 2318 957 2373 Ac
995 2334 1090 2387 per
1121 2318 1222 2374 hoc
1248 2320 1291 2373 si
1322 2327 1529 2375 terrena
1561 2322 1660 2377 ista
1685 2324 1981 2392 respublica
2010 2340 2145 2395 prae-

560 2412 711 2474 cepta
740 2404 1029 2461 christiana
1054 2409 1337 2479 custodiat,
1364 2422 1419 2465 et
1448 2411 1559 2479 ipsa
1589 2410 1729 2467 bella
1769 2414 1884 2481 sine
1914 2413 2149 2478 benevo,

559 2493 721 2549 lentia
745 2511 852 2550 non
872 2508 1142 2569 gerentur,
1166 2509 1222 2553 ut
1241 2500 1306 2554 ad
1329 2501 1539 2570 pietatis
1552 2502 1880 2577 iustitiaeque
1904 2518 2141 2575 pacatam

559 2585 868 2640 societatem
896 2588 1046 2649 vietis
1070 2588 1276 2651 facilius
1301 2593 1625 2651 consulatur.
1649 2593 1781 2652 Nam
1819 2597 1905 2651 cui
1932 2597 2142 2667 licentia

558 2674 852 2746 iniquitatis
885 2679 1130 2749 eripitur,
1180 2682 1381 2739 utiliter
1424 2684 1681 2753 vincitur;
1726 2688 1975 2756 quoniam
2009 2688 2141 2758 nihil

557 2777 639 2822 est
660 2767 919 2831 infelicius
947 2771 1199 2837 felicitate
1228 2778 1580 2847 peccantium,
1608 2792 1711 2847 qua
1735 2780 1958 2848 pmnalis
1975 2782 2141 2835 nutri-

556 2869 643 2915 tur
683 2860 986 2937 impunitas,
1031 2875 1085 2919 et
1114 2866 1249 2920 mala
1276 2868 1521 2925 voluntas
1551 2869 1692 2924 velut
1724 2869 1890 2926 hostis
1920 2871 2142 2928 interior

553 2951 853 3015 roboratur.
879 2953 982 3010 Sed
1015 2970 1261 3024 perversa
1282 2967 1337 3012 et
1356 2973 1538 3013 aversa
1559 2959 1578 2990 ³
1607 2960 1768 3022 corda
1816 2961 2138 3029 mortalium,

540 3038 735 3121 felices
767 3061 856 3105 res
895 3046 1155 3111 humanas
1184 3060 1389 3124 putant,
1429 3067 1548 3107 cum
1582 3062 1842 3111 tectorum
1889 3057 2141 3126 splendor

552 3134 863 3209 attenditur,
909 3148 963 3193 et
1004 3140 1151 3195 labes
1192 3156 1295 3197 non
1326 3143 1617 3198 attenditur
1644 3145 1976 3218 animorum;
2017 3163 2138 3215 cum

554 3226 879 3291 theatrorum
907 3230 1075 3291 moles
1099 3240 1467 3303 exstruuntur,
1511 3242 1565 3288 et
1600 3234 1922 3297 effodiuntur
1949 3238 2140 3297 funda-

556 3326 734 3383 menta
767 3319 1047 3401 virtutum;
1070 3337 1192 3383 cum
1215 3323 1445 3393 gloriosa
1484 3333 1566 3380 est
1607 3326 1881 3395 elfusionis
1911 3331 2137 3405 insania,

553 3419 608 3463 et
627 3426 787 3480 opera
814 3396 1189 3476 misericordia:
1209 3414 1546 3481 deridentur;
1578 3431 1698 3483 cum
1725 3436 1790 3475 ex
1812 3421 1895 3478 his
1913 3438 2031 3493 qua:
2059 3396 2141 3479 di;

554 3500 749 3563 vitibus
788 3502 1078 3569 abundant,
1112 3505 1444 3573 luxuriantur
1472 3507 1779 3578 histriones,
1812 3523 1866 3568 et
1894 3530 2139 3570 necessa-

554 3594 633 3647 ria
672 3594 757 3661 vix
802 3594 999 3663 habent
1028 3612 1319 3667 pauperes;
1368 3616 1489 3655 cum
1539 3601 1700 3675 Deus,
1748 3605 1836 3674 qui
1882 3605 2139 3662 doctrina:

554 3702 666 3741 sua:
691 3687 915 3760 publicis
942 3690 1161 3745 vocibus
1186 3701 1369 3753 contra
1402 3693 1503 3747 hoc
1529 3696 1722 3749 malum
1750 3698 2014 3765 publicum
2030 3702 2140 3755 ela-

554 3785 687 3841 mat,
724 3776 792 3842 ab
815 3778 992 3851 impiis
1026 3780 1232 3850 populis
1256 3782 1674 3853 blaSphematur,
1705 3796 1759 3841 et
1792 3786 1865 3841 dii
1894 3790 2024 3845 tales
2052 3808 2139 3847 re-

554 3866 857 3937 quiruntur,
884 3868 937 3938 in
959 3884 1185 3941 quorum
1217 3872 1473 3929 honorem
1500 3889 1562 3929 ea
1588 3876 1698 3946 ipsa
1727 3878 2001 3955 theatrica,
2018 3896 2139 3947 cor-

553 3970 742 4025 porum
758 3970 812 4023 et
827 3959 1125 4027 animorum
1140 3961 1403 4033 dedecora
1419 3962 1773 4035 celebrentur.
1792 3967 1917 4044 Haec
1934 3972 1978 4025 si
1997 3972 2137 4036 Deus

552 4046 757 4117 pollere
784 4052 1074 4120 permittat,
1099 4061 1224 4110 tunc
1244 4053 1547 4124 indignatur
1569 4058 1811 4128 gravius;
1834 4059 1949 4116 haec
1972 4062 2015 4116 si
2036 4062 2138 4124 img-

552 4138 735 4209 punita
763 4140 1012 4215 dimittat,
1039 4152 1162 4200 tunc
1182 4144 1331 4215 punit
1353 4145 1612 4204 infestius.
1642 4148 1772 4204 Cum
1802 4165 1927 4206 vero
1946 4156 2139 4209 evertit

551 4231 846 4306 subsidium
878 4234 1147 4307 vitiorum,
1168 4245 1223 4293 et
1240 4238 1485 4309 copiosas
1514 4240 1758 4298 libidines
1788 4242 1973 4313 inopes
2006 4246 2135 4301 red—

551 4322 651 4389 dit,
684 4323 1097 4385 misericorditer
1134 4328 1467 4398 adversatur.
1511 4331 1924 4389 Misericorditer
1968 4338 2131 4402 enim,

552 4412 598 4466 si
627 4412 740 4481 fieri
763 4426 965 4486 posset,
999 4416 1158 4483 etiam
1186 4418 1322 4480 bella
1348 4431 1663 4490 gererentur
1694 4438 1724 4477 a
1762 4424 1934 4490 bonis,
1983 4436 2040 4481 ut
2068 4428 2135 4482 li-

552 4492 807 4558 centiosis
833 4505 1208 4575 cupiditatibus
1229 4508 1446 4565 domitis
1468 4509 1581 4567 hare
1610 4512 1733 4568 vitia
1764 4515 2130 4585 perderentur,

552 4609 672 4663 qua:
690 4594 837 4667 justo
863 4597 1086 4666 imperio
1126 4600 1207 4669 vel
1251 4602 1534 4673 exstirpari
1578 4604 1658 4672 vel
1697 4607 1904 4681 preini‘
1932 4609 2136 4664 debue-

551 4695 695 4740 runt.

624 4780 713 4834 15.
754 4779 883 4845 Nam
909 4783 952 4837 si
978 4782 1263 4851 christiana
1278 4784 1555 4855 disciplina
1583 4787 1759 4844 omnia
1789 4788 1925 4845 bella
1955 4791 2133 4860 culpae

550 4881 653 4937 ret,
684 4870 786 4930 hoc
816 4874 989 4943 potius
1020 4874 1271 4930 militibus
1305 4878 1585 4932 consilium
1621 4879 1806 4935 salutis
1833 4882 2136 4951 petentibus

550 4960 606 5014 in
646 4960 936 5034 Evangelia
983 4964 1268 5031 diceretur,
1318 4975 1375 5021 ut
1417 4968 1707 5038 abjicerent
1750 4985 1918 5041 arma,
1968 4988 2135 5042 seque

552 5053 772 5107 omnino
813 5054 1015 5121 militia:
1042 5056 1436 5121 subtraherent.
1466 5058 1673 5114 Dictum
1699 5072 1781 5115 est
1808 5073 1983 5119 autem
2013 5066 2130 5121 eis:

551 5142 821 5201 Neminem
839 5147 1208 5215 concusseritis,
1238 5147 1366 5205 nulli
1385 5151 1692 5206 calumniam
1716 5154 1965 5223 feceritis;
1995 5158 2134 5227 salii-

548 5237 649 5291 ciat
674 5238 809 5297 vobis
844 5238 1151 5311 stipendium
1180 5251 1395 5298 vestrum
1426 5242 1594 5319 (Luc.
1635 5262 1713 5319 tu,
1763 5247 1884 5317 Μ).
1932 5248 2132 5316 Quibus

550 5331 824 5401 proprium
854 5332 1172 5402 stipendium
1194 5334 1439 5391 sufficere
1464 5337 1663 5394 debere
1690 5342 1962 5411 prazcepit,
1988 5343 2131 5398 mili-

614 5486 632 5517 ι
664 5494 764 5535 Am.
790 5485 899 5541 Bad.
924 5493 997 5537 Er.
1025 5496 1078 5540 et
1100 5496 1179 5539 Ms.
1200 5503 1269 5553 a.,
1291 5490 1622 5555 sacerdotum,
1647 5491 1915 5547 inridenter
1935 5508 2014 5557 eos
2045 5496 2131 5547 ad-

613 5559 787 5675 ξωιλέῗ,
801 5608 910 5670 jan
931 5612 1223 5675 destructum
1239 5629 1355 5665 esse.
1385 5620 1438 5665 Αι
1453 5614 1531 5665 alii
1546 5652 1560 5675 ,
1585 5618 1943 5668 destruendmn.

613 5674 636 5739 ξ
658 5670 792 5739 add,
814 5671 1081 5739 “adversa
1102 5676 1268 5739 forda.
1296 5684 1375 5726 Ms.
1400 5678 1497 5739 3b.,
1521 5670 1703 5728 mersa.
1732 5680 2046 5730 Praetulimus.

615 5732 638 5762 δ
654 5732 788 5803 ιαμ,
810 5734 884 5782 νει
904 5734 1114 5806 deprimi
1133 5736 1416 5791 debuerim.
1443 5732 1548 5791 Mss.
1572 5747 1806 5805 quatuor,
1829 5741 2018 5806 periuri.
2050 5744 2131 5801 alii

548 5793 821 5857 sexdecim,
847 5807 1017 5857 prem.

1816 363 1876 419 S.
1915 360 2276 421 AUGUSTINI
2314 360 2616 420 EPISCOPI

3733 375 3833 433 53%

2268 490 2380 534 tare
2426 480 2607 551 utique
2647 496 2754 536 non
2798 481 3084 552 prohibuit.
3130 485 3360 543 Proinde
3402 488 3494 559 qui
3539 488 3829 549 doctrinam

2264 570 2457 626 Christi
2484 572 2760 628 adversam
2785 573 2969 631 dicunt
3002 590 3122 635 esse
3162 577 3485 649 reipublica,
3513 581 3642 638 derit
3676 599 3826 641 eser-

2261 662 2422 715 citum
2442 662 2598 718 talem
2613 664 2798 735 quales
2821 664 3061 723 doctrina
3076 665 3271 731 Christi
3294 685 3415 726 esse
3434 672 3629 733 milites
3646 674 3828 745 jussit;

2261 752 2389 807 dent
2417 754 2549 812 tales
2576 756 2947 827 provinciales,
2980 763 3111 816 tales
3137 762 3374 829 maritos,
3397 764 3531 819 tales
3558 766 3825 837 coniuges,

2262 845 2393 898 tales
2436 856 2701 915 parentes,
2744 848 2876 904 tales
2914 849 3072 916 filios,
3105 853 3237 917 tales
3261 854 3527 923 dominos,
3558 858 3695 915 tales
3717 874 3828 915 ser-

2260 950 2374 1001 vos,
2397 936 2527 992 tales
2542 953 2713 1008 reges,
2738 939 2871 996 tales
2890 940 3117 1010 iudices,
3141 944 3272 999 tales
3289 945 3518 1017 denique
3534 948 3825 1008 debitorum

2259 1026 2424 1097 ipsius
2448 1029 2561 1086 fisci
2589 1030 2885 1089 redditores
2912 1042 2967 1090 et
2992 1045 3288 1103 exactores,
3326 1040 3510 1109 quales
3542 1056 3665 1098 esse
3698 1060 3829 1113 ιιι-ιετ

2257 1121 2399 1189 cepit
2423 1121 2662 1187 doctrina
2690 1125 2998 1197 christiana,
3028 1138 3083 1183 et
3105 1129 3334 1190 audeant
3361 1147 3479 1188 eam
3518 1134 3699 1191 dicere
3736 1139 3828 1193 ad-

2256 1227 2465 1268 versam
2494 1227 2615 1273 esse
2641 1216 2976 1285 reipubliczn;
3008 1218 3116 1275 imo
3153 1235 3281 1276 vero
3310 1237 3415 1276 non
3445 1223 3690 1281 dubitent
3712 1242 3825 1291 eam

2255 1303 2499 1359 confiteri
2524 1319 2790 1378 magnam,
2810 1308 2857 1364 si
2881 1308 3298 1384 obtemperetur,
3326 1314 3552 1370 salutem
3577 1330 3700 1373 esse
3723 1320 3823 1375 rei-

2256 1395 2498 1464 publicae.

2325 1487 2553 1546 CAPUT
2579 1492 2667 1546 .lll.
2692 1522 2765 1534 —
2790 1493 2878 1549 16.
2911 1494 3105 1573 thuid
3130 1504 3309 1553 autem
3338 1497 3403 1553 ad
3433 1499 3561 1563 illud
3602 1516 3827 1572 respons-

2254 1578 2406 1635 deam
2432 1582 2574 1653 quod
2603 1582 2823 1653 dicunt,
2865 1600 2960 1656 per
3002 1588 3258 1658 quosdam
3298 1589 3649 1660 imperatores
3687 1593 3827 1651 ειπερ

2254 1671 2455 1726 stianos
2484 1675 2646 1728 multa
2672 1676 2809 1730 mala
2840 1677 3066 1747 imperio
3095 1680 3358 1737 accidisse
3384 1683 3625 1741 Romano
3644 1685 3670 1739 τ
3709 1685 3826 1743 Hoc

2252 1764 2516 1831 generalis
2543 1769 2852 1836 conquestio
2874 1769 3200 1826 calumniosa
3220 1781 3303 1828 est
3322 1774 3420 1845 (α).
3448 1774 3577 1835 Nam
3599 1777 3647 1831 si
3671 1793 3821 1847 aper-

2257 1854 2360 1910 tius
2403 1866 2551 1912 certe
2599 1858 2665 1914 de
2705 1862 2989 1929 pneteritis
3028 1863 3431 1933 imperatoribus
3466 1868 3643 1937 aliqua
3685 1884 3827 1933 NII?

2253 1957 2618 2002 memorarent
2637 1988 2651 2012 ,
2696 1964 2908 2019 possem
2934 1952 3126 2008 similia
3156 1955 3241 2009 vel
3270 1954 3495 2012 fortasse
3517 1958 3685 2014 etiam
3708 1975 3825 2031 gra-

2254 2034 2398 2111 viora
2437 2035 2504 2091 dc
2548 2037 2957 2108 imperatoribus
2990 2058 3097 2097 non
3136 2045 3439 2101 christianis
3478 2056 3533 2103 et
3560 2064 3665 2119 ego
3690 2064 3828 2105 eom-

2251 2142 2549 2183 memorare
2569 2170 2585 2195 ,
2632 2138 2690 2183 ut
2722 2130 3113 2203 intelligerent,
3142 2136 3225 2190 vel
3263 2137 3537 2192 hominum
3568 2138 3691 2194 base
3714 2154 3827 2197 esse

2252 2216 2401 2284 vitia,
2438 2234 2542 2273 non
2570 2218 2861 2287 doctrinas;
2888 2223 2971 2278 vel
2998 2240 3103 2279 non
3129 2226 3527 2295 imperatorum,
3554 2230 3654 2285 sed
3692 2230 3818 2286 alio-

2253 2325 2369 2364 rum
2400 2311 2515 2366 sine
2540 2313 2730 2382 quibus
2754 2316 3101 2384 imperatores
3121 2333 3279 2388 agere
3302 2320 3433 2375 nihil
3461 2334 3707 2391 possunt.
3751 2324 3825 2380 Es

2248 2414 2353 2469 quo
2376 2402 2515 2456 enim
2549 2412 2786 2473 tempore
2814 2420 3027 2476 pessum
3070 2407 3148 2468 ire
3173 2411 3394 2479 ceperit
3422 2411 3667 2467 Romana
3704 2429 3817 2469 res-

2250 2491 2452 2559 publica
2474 2532 2489 2555 ,
2521 2494 2649 2548 satis
2674 2495 2871 2570 liquet;
2909 2498 3095 2553 littera:
3121 2500 3407 2579 loquuntur
3431 2503 3672 2573 ipsorum
3705 2506 3814 2579 (li):

2250 2582 2405 2653 longe
2444 2594 2731 2658 antequam
2767 2589 2965 2645 Christi
3009 2606 3202 2655 nomen
3245 2596 3500 2662 elusisset
3537 2596 3592 2663 in
3644 2601 3821 2666 terris.

2248 2673 2444 2729 dictum
2472 2690 2554 2732 est
2587 2696 2599 2732 :
2632 2679 2676 2743 0
2715 2680 2888 2747 urbem
2926 2684 3147 2737 venalem
3167 2726 3185 2748 ,
3232 2694 3280 2739 et
3304 2697 3498 2741 mature
3519 2690 3819 2761 parituram,

2246 2764 2290 2833 si
2314 2776 2583 2837 emptorem
2610 2770 2884 2825 invenerit!
2920 2772 3254 2844 (Sallustius,
3294 2774 3425 2831 Bell.
3453 2776 3733 2854 Jugurth.)
3774 2781 3824 2835 ln

2249 2854 2384 2909 libro
2428 2857 2589 2925 etiam
2638 2859 2763 2927 belli
2813 2860 3093 2934 catilina},
3141 2874 3265 2931 ante
3305 2866 3591 2929 adventum
3645 2873 3823 2943 utique

2248 2948 2467 3016 Christi,
2496 2950 2635 3006 idem
2664 2952 3026 3011 nobilissimus
3046 2958 3325 3021 historicus
3346 2975 3527 3016 eorum
3554 2978 3667 3019 non
3691 2973 3826 3019 tacet

2245 3041 2456 3110 quando
2482 3043 2713 3113 primum
2753 3048 3039 3111 insueverit
3075 3050 3340 3105 exercitus
3385 3052 3562 3123 pepuli
3592 3053 3821 3124 Romani

2242 3146 2458 3200 amare,
2506 3144 2724 3205 potare,
2764 3137 2933 3208 signa,
2977 3139 3183 3195 tabulas
3222 3141 3427 3211 pictas,
3479 3159 3605 3209 vasa
3634 3146 3820 3217 ea-lata

2245 3224 2423 3281 mirari
2448 3267 2464 3293 ,
2495 3241 2556 3281 ea
2584 3227 2826 3297 privatim
2857 3239 2909 3284 et
2938 3231 3150 3300 publice
3176 3247 3369 3303 rapere
3388 3275 3403 3301 ,
3433 3234 3659 3297 delubra
3697 3252 3822 3308 spo-

2244 3316 2371 3371 liare
2390 3357 2405 3381 ,
2444 3332 2593 3374 sacra
2620 3318 2940 3391 profanaque
2966 3324 3142 3379 omnia
3166 3326 3421 3397 polluere.
3446 3327 3678 3397 Quando
3694 3346 3821 3401 ergo

2244 3422 2343 3463 nec
2373 3407 2674 3477 hominibus
2693 3452 2709 3477 ,
2745 3427 2845 3467 nec
2871 3413 3000 3482 ipsis
3026 3416 3184 3469 etiam
3210 3431 3343 3485 quos
3371 3404 3506 3473 Deos
3539 3421 3815 3489 putabant,

2246 3514 2451 3554 uxorum
2470 3511 2846 3577 Corruptorum
2866 3513 2919 3557 et
2944 3505 3267 3573 perditorum
3293 3509 3511 3571 avaritia
3532 3512 3826 3580 rapacitas:

2242 3605 2346 3658 que
2377 3592 2642 3660 parcebat,
2672 3601 2795 3648 tunc
2820 3596 2980 3664 cmpit
3005 3596 3180 3666 perire
3200 3597 3461 3653 laudabile
3486 3600 3618 3655 illud
3660 3602 3823 3661 decus

2241 3680 2491 3750 salusque
2518 3683 2843 3753 reipubliczn.
2892 3685 3036 3752 Quos
3062 3688 3256 3745 deinde
3279 3690 3406 3745 vitia
3432 3692 3669 3760 pessima
3698 3707 3822 3754 suc:

2240 3788 2426 3828 cessus
2457 3772 2768 3849 habuerint,
2812 3784 2865 3833 et
2890 3790 3087 3849 quanto
3112 3783 3459 3847 humanarum
3478 3799 3661 3840 rerum
3683 3785 3824 3845 malo

2242 3866 2326 3921 illa
2357 3866 2605 3938 iniquitas
2632 3880 2938 3939 prosperata
2967 3872 3074 3939 sit,
3102 3890 3241 3928 nunc
3269 3875 3481 3946 longum
3503 3884 3588 3931 est
3613 3876 3822 3934 dicere.

2240 3957 2469 4027 Audiam
2496 3957 2793 4031 Satyricum
2833 3978 2985 4015 suum
3011 4004 3025 4024 ,
3052 3964 3331 4032 garriendo
3360 3980 3481 4022 vera
3511 3966 3785 4041 dicentem
3809 3985 3825 4041 ζ

2361 4051 2589 4119 Sepvabat
2607 4058 2762 4107 (astas
2777 4051 2970 4119 humilis
2992 4053 3181 4119 furtum
3197 4058 3383 4115 Latinas

2360 4112 2620 4181 Quondam,
2642 4126 2733 4162 nec
2752 4114 2878 4181 vitiis
2893 4114 3104 4181 ectitingi
3131 4112 3272 4179 parva
3291 4112 3482 4181 sinebat

2360 4172 2505 4224 Tecta
2528 4174 2679 4241 labor,
2700 4172 2954 4239 sornnique
2978 4172 3182 4238 bre'v'es,
3208 4186 3261 4229 et
3275 4178 3465 4229 vellere
3482 4180 3675 4241 Thuseo

2364 4242 2556 4301 Vexata;
2576 4236 2810 4299 duraeque
2834 4236 3021 4301 manus,
3038 4251 3096 4288 ac
3113 4236 3359 4301 preximus
3377 4242 3486 4293 Urbi

2363 4296 2577 4356 Annibal,
2601 4306 2650 4347 et
2667 4296 2854 4347 stantes
2868 4296 3045 4350 Collina
3065 4296 3461 4354 in‘turremariti.

2360 4367 2487 4408 Nunc
2507 4360 2713 4423 patimur
2731 4360 2887 4422 longa?
2905 4363 3034 4423 pacis
3051 4360 3172 4413 mala
3190 4376 3204 4421 ;
3224 4365 3395 4413 saevior
3413 4364 3558 4415 armis

2360 4420 2563 4469 Luxuria
2581 4420 3109 4475 incumin—victumque
3126 4420 3367 4475 tutiscitur
3383 4428 3570 4475 orbem

2362 4549 2622 4606 Paupertas
2640 4551 2841 4601 Romana
2860 4549 3009 4607 perit.

3105 4607 3639 4675 nmmo.)

2239 4689 2375 4755 Quid
2404 4704 2531 4760 ergo
2555 4698 2831 4760 exspectas
2873 4699 2930 4745 ut
2954 4706 3054 4761 ego
3077 4706 3424 4763 exaggerem.
3453 4702 3653 4764 quanta
3684 4694 3826 4764 mal;

2240 4779 2603 4850 importaverit
2639 4795 2887 4836 successu
2916 4797 3174 4859 prospero
3210 4783 3459 4855 iniquitas
3495 4785 3822 4857 sublevata;

2239 4873 2662 4943 quandoquidem
2694 4884 2747 4928 et
2768 4874 2888 4945 ipsi,
2915 4875 3003 4945 qui
3024 4876 3292 4946 aliquanto
3320 4876 3633 4945 prudentius
3653 4887 3830 4933 atten-

2239 4964 2462 5031 derunt,
2506 4965 2623 5034 plus
2654 4964 2939 5029 dolendum
2971 4966 3215 5034 viderunt
3241 4977 3626 5036 paupertatem,
3660 4984 3825 5039 quam

2239 5056 2559 5125 opulentiam
2601 5058 2823 5127 periisse
2860 5058 3190 5121 Romanam?
3226 5056 3286 5121 In
3317 5058 3404 5113 illa
3438 5060 3584 5115 enim
3609 5076 3826 5117 morum

2240 5148 2513 5219 integritas
2552 5149 2906 5223 servabatur;
2962 5165 3057 5220 per
3093 5149 3241 5219 hanc
3265 5159 3441 5207 autem
3487 5166 3592 5207 non
3640 5166 3828 5207 muros

2241 5242 2389 5296 urbis
2413 5283 2427 5307 ,
2454 5241 2548 5297 sed
2579 5251 2785 5314 mentes
2814 5243 2976 5313 ipsius
3009 5243 3240 5298 civitatis
3272 5242 3389 5302 dira
3416 5243 3651 5313 nequitia
3675 5244 3827 5300 omni

2242 5334 2393 5393 hoste
2421 5334 2568 5403 pejor
2598 5335 2802 5406 irrupit.

2316 5429 2397 5481 17.
2430 5429 2639 5484 Gratias
2678 5430 2901 5485 Domino
2940 5429 3046 5483 Deo
3091 5438 3307 5494 nostro,
3349 5430 3441 5499 qui
3483 5438 3671 5486 contra
3725 5432 3824 5485 ista

2240 5521 2376 5575 mala
2422 5520 2567 5576 misit
2608 5522 2761 5576 nobis
2808 5522 3125 5591 adjutoritnn
3165 5524 3456 5592 singulare.
3507 5523 3624 5589 Quo
3676 5524 3824 5579 enim

2240 5629 2344 5683 non
2378 5613 2618 5677 tolleret,
2664 5628 2822 5684 quem
2849 5631 2954 5669 non
2985 5615 3311 5691 involveret,
3340 5616 3391 5671 in
3419 5612 3560 5687 quod
3590 5614 3824 5689 profuit-.-

2300 5742 2985 5866 ξῗζῧθῗὶξίιὲῡὲδλωβ.
