2061 3175
184 174 237 202 535

185 228 248 255 dum
264 235 316 255 non
336 226 506 261 demergeret
519 226 615 254 fluvius
633 226 681 253 iste
697 226 837 253 horrendze
850 227 974 261 nequitia:

185 273 291 308 generis
306 271 425 303 humani,
441 270 490 298 nisi
504 278 569 297 crux
584 270 681 297 Christi
698 271 723 297 in
739 275 808 298 tanta
821 271 892 298 velut
907 271 975 297 mole

184 318 351 349 auctoritatis
374 318 533 345 eminentius
557 317 710 352 firmiusque
735 317 874 352 ﬁgeretur;
900 317 975 351 cujus

184 364 351 401 apprehenso
370 363 467 392 robore
478 384 484 396 ,
500 363 609 390 stabiles
628 371 748 390 essemus
761 384 767 394 ,
783 371 815 389 ne
831 363 898 389 male
912 369 973 389 sna-

184 411 314 444 dentium,
334 410 376 439 vel
390 410 415 438 in
428 410 497 437 mala
512 409 713 444 impellentinm,
730 414 781 436 tam
796 413 869 436 vasto
883 408 974 435 mundi

184 458 263 494 hujus
282 457 385 493 gurgite
403 456 507 490 abrepti
519 455 709 483 sorbcremur?
731 455 758 483 In
773 456 820 482 ista
836 454 905 482 enim
919 454 972 481 col-

184 503 253 532 luvie
275 511 378 531 morum
403 502 580 538 pessimorum
599 506 626 529 et
646 502 745 529 veteris
768 502 875 536 perdita:
892 501 971 528 disci—

183 550 275 586 plinm,
294 549 410 576 maxime
429 548 522 576 venire
545 556 575 575 ac
596 548 736 575 subvenire
753 548 844 575 debuit
855 548 973 575 cmlestis

183 595 327 623 auctoritas
336 616 344 629 ,
360 603 418 630 quze
432 594 606 621 voluntariam
620 598 802 628 paupertatem
816 614 823 625 ,
836 601 894 628 qua:
907 601 973 620 con-

184 641 321 668 tinentiam
334 661 342 674 ,
360 640 570 667 benevolentiam
581 660 589 672 ,
609 639 736 673 justitiam
749 660 756 671 ,
770 644 848 674 atque
863 646 974 666 concor-

183 686 273 719 diam,
294 692 438 721 veramque
459 685 582 719 pietatem
603 684 790 719 persuaderet,
811 689 972 719 czeterasque

184 732 245 759 vitae
258 731 402 758 luminosas
416 730 570 765 validasque
585 729 710 762 virtutes;
728 738 778 756 non
793 734 894 756 tantum
910 737 971 764 pro-

183 780 242 812 pter
254 776 330 803 istam
345 775 424 802 vitam
440 774 625 802 honestissime
638 774 791 809 gerendam,
808 782 856 802 nec
871 778 971 801 tantum

183 825 291 857 propter
303 820 416 848 civitatis
431 825 542 848 terrente
555 820 787 847 concordissimam
800 821 970 852 societatem;

183 874 274 894 verum
287 865 366 893 etiam
381 869 489 900 propter
508 864 706 899 adipiscendam
728 865 914 898 sempiternam
930 872 972 891 sa-

183 912 274 944 lutem,
289 915 317 938 et
332 910 485 946 sempiterni
499 910 635 944 cujusdam
650 909 737 944 populi
751 909 887 936 cmlestem
902 908 971 935 divi-

183 965 297 992 numque
315 955 521 991 rempublicam,
541 956 583 982 cui
602 962 651 982 nos
665 955 736 982 cives
756 955 878 981 adsciscit
896 954 970 987 fides,

182 1011 254 1039 spes,
270 1003 389 1031 cbaritas
404 1012 410 1029 :
427 1007 455 1029 ut
466 1001 590 1037 quamdiu
606 1001 665 1028 inde
678 1002 888 1036 peregrinamur,
906 1000 973 1027 fera-

185 1056 244 1076 mus
256 1055 304 1076 eos
313 1048 335 1075 si
347 1048 480 1082 corrigere
495 1054 546 1074 non
560 1047 688 1079 valemus,
701 1046 745 1080 qui
756 1045 826 1072 vitiis
838 1045 972 1080 imptmitis

183 1093 276 1121 volunt
286 1097 356 1120 stare
369 1092 558 1127 rempublicam
571 1113 577 1124 ,
598 1099 677 1127 quam
691 1090 768 1125 primi
782 1090 894 1117 Romani
906 1098 971 1116 con-

183 1139 327 1166 stituerunt
342 1142 525 1172 auxeruntque
540 1136 680 1163 virtutibus
691 1157 697 1168 ,
714 1135 762 1162 etsi
779 1143 832 1162 non
845 1134 972 1161 habentes

182 1191 272 1212 veram
294 1183 418 1219 pietatem
438 1190 499 1217 erga
517 1183 598 1209 Deum
619 1189 726 1213 verum,
751 1189 809 1215 qum
823 1180 880 1207 illos
893 1180 972 1207 etiam

182 1231 209 1258 in
231 1234 358 1258 teternam
377 1229 510 1256 civitatem
533 1232 623 1262 posset
642 1227 740 1254 salubri
762 1227 887 1261 religione
911 1234 972 1261 pcr-

182 1276 297 1308 ducere;
323 1273 503 1302 custodientes
529 1278 615 1300 tamen
639 1272 779 1307 quamdam
804 1272 845 1299 sui
870 1271 974 1306 generis

182 1322 351 1357 probitatem,
365 1327 424 1356 qua:
436 1322 524 1354 posset
538 1323 648 1346 terrena!
659 1318 757 1345 civitati
771 1317 972 1349 constituendre,

182 1364 313 1403 augenda:
324 1387 331 1398 ,
354 1365 595 1401 conservanda:th
614 1364 746 1391 sufficere.
768 1364 836 1390 Dens
850 1364 920 1390 enim
936 1363 974 1390 sic

183 1413 301 1441 ostendit
315 1411 341 1440 in
355 1411 557 1446 opulentissimo
573 1415 598 1437 et
608 1410 734 1445 prreclaro
751 1409 861 1444 imperio
877 1410 971 1435 Roma-

185 1466 291 1491 norum,
302 1461 429 1494 quantum
444 1457 563 1484 valerent
573 1457 664 1483 civiles
676 1456 754 1483 etiam
768 1456 825 1483 sine
839 1463 899 1482 vcra
914 1455 976 1482 reli-

184 1504 262 1540 gione
274 1503 396 1536 virtutes,
412 1507 441 1530 ut
454 1502 644 1537 intelligeretur
656 1502 705 1528 hac
719 1500 805 1528 addita
818 1501 875 1528 fieri
891 1500 976 1528 homi-

184 1558 233 1578 nes
246 1550 318 1578 cives
330 1549 438 1577 alterius
449 1548 571 1580 civitatis,
584 1548 659 1582 cujus
668 1555 714 1574 rex
724 1547 830 1579 veritas,
847 1546 922 1581 cujus
932 1547 974 1574 lex

183 1596 318 1628 Charitas,
334 1594 408 1629 cujus
423 1594 516 1621 modus
532 1594 676 1620 mternitas.

219 1640 333 1669 CAPUT
345 1640 389 1669 IV.
406 1655 442 1660 —
455 1640 498 1667 18.
510 1639 574 1673 Quis
586 1642 674 1666 autem
684 1639 722 1665 vel
735 1638 790 1665 risu
804 1638 911 1674 dignum
923 1646 974 1665 non

181 1694 278 1726 putet,
302 1688 370 1723 quod
395 1686 563 1722 Apollonium
587 1690 614 1713 et
636 1686 792 1720 Apuleium,
814 1690 975 1720 cmterosque

183 1735 346 1770 tnagicarum
359 1733 455 1760 artium
472 1732 650 1768 peritissimos
661 1730 782 1758 conferre
797 1730 903 1757 Christo
913 1752 920 1763 ,
934 1731 975 1757 vel

184 1781 266 1808 etiam
285 1779 412 1815 prmferre
427 1778 576 1806 conantur?
591 1777 744 1812 Quanquam
761 1776 922 1804 tolerabilius
936 1777 974 1804 fe-

183 1827 297 1855 rendum
311 1826 363 1859 sit,
385 1824 491 1861 quando
506 1824 570 1851 istos
585 1823 609 1850 ei
630 1823 716 1858 potius
729 1827 883 1857 comparant
896 1830 974 1857 quam

183 1873 249 1901 deos
264 1878 327 1899 suos
342 1879 348 1897 :
365 1870 448 1897 multo
465 1869 535 1897 enim
555 1868 666 1901 melior,
687 1867 757 1902 quod
779 1867 911 1895 fatendum
924 1873 974 1901 est,

187 1917 346 1953 Apollonius
371 1916 437 1948 fuit,
462 1922 539 1950 quam
556 1919 593 1941 tot
607 1919 757 1948 stuprorum
771 1918 862 1940 auctor
875 1917 901 1940 et
915 1920 976 1948 per-

186 1967 305 1999 petrator
316 1983 324 1996 ,
338 1969 416 1996 quem
429 1960 523 1988 Jovem
542 1959 689 1986 nominant.
707 1959 755 1986 Ista
766 1979 773 1991 ,
788 1958 918 1993 inquiunt,
936 1958 975 1985 fa-

186 2008 279 2036 bulosa
293 2012 363 2034 sunt.
383 2005 475 2033 Adhuc
489 2012 552 2040 ergo
565 2004 671 2031 laudent
691 2003 842 2037 reipublicze
855 2003 974 2030 luxurio-

186 2062 244 2082 sam
256 2074 263 2086 ,
285 2052 469 2084 licentiosam,
490 2051 619 2086 planeque
638 2049 792 2084 sacrilegam
814 2048 973 2081 felicitatem,

185 2108 247 2136 qua:
260 2098 310 2127 ista
323 2099 433 2126 deorum
448 2097 542 2132 probra
558 2095 694 2127 confinxit,
711 2104 770 2130 qua:
783 2103 834 2122 non
848 2095 932 2122 solum
949 2095 974 2122 in

186 2145 281 2173 fabulis
306 2143 438 2172 audienda
465 2142 573 2178 posuit,
600 2149 691 2168 verum
714 2140 793 2168 etiam
816 2141 841 2167 in
867 2140 976 2167 theatris

186 2189 330 2226 spectanda
344 2189 497 2224 proposuit;
514 2187 558 2215 ubi
579 2185 690 2213 crimina
706 2185 779 2220 plura
795 2189 883 2212 essent
897 2193 974 2220 quam

187 2235 308 2267 numina,
321 2242 380 2269 quze
394 2233 444 2268 ipsi
457 2232 493 2259 dii
508 2231 557 2259 sibi
571 2230 689 2258 exhiberi
707 2229 838 2257 habebant
852 2229 974 2263 libenter,

185 2281 230 2317 qui
246 2280 273 2308 in
290 2287 352 2307 suos
375 2279 490 2306 cultores
510 2276 644 2304 vindicare
665 2275 829 2307 debuerunt,
853 2274 923 2309 quod
945 2282 976 2302 ea

186 2327 280 2355 saltem
298 2325 418 2354 viderent
441 2323 579 2359 patienter.
604 2321 656 2349 Sed
676 2328 729 2347 non
753 2319 818 2354 ipsi,
844 2320 974 2354 inquiunt,

187 2375 259 2404 sunt,
272 2371 317 2407 qui
332 2370 421 2397 talium
435 2367 580 2395 fabularum
589 2365 727 2394 mehdacio
739 2365 913 2393 celebrantur.
927 2365 975 2398 Qui

186 2425 251 2453 ergo
263 2421 326 2445 sunt
343 2415 406 2448 isti,
428 2414 474 2450 qui
489 2413 579 2440 talium
595 2411 783 2446 turpitudinum
798 2411 976 2439 celebratione

187 2461 346 2498 placantur?
371 2461 472 2488 Horum
496 2459 646 2486 daamonum
675 2457 875 2492 perversitatem
897 2461 975 2491 atque

187 2507 330 2541 fallaciam,
346 2515 393 2543 per
409 2513 475 2541 quos
489 2510 515 2532 et
532 2504 640 2539 magicm
651 2508 721 2530 artes
732 2502 860 2529 humanas
875 2507 977 2529 mcnlcs

189 2552 348 2588 decipiunt,
371 2551 433 2586 quia
456 2549 570 2585 prodidit
593 2548 733 2575 christiana
755 2547 890 2580 doctrina,
916 2547 975 2582 quia

186 2598 289 2627 mundo
308 2598 432 2625 universo
449 2595 587 2631 patefecit,
610 2595 670 2628 quia
684 2593 798 2628 Angelos
820 2597 924 2619 sanctos
944 2593 977 2618 ab

188 2651 281 2674 eorum
297 2643 458 2677 malignitate
469 2640 604 2672 distinxit,
619 2639 679 2674 quia
697 2638 829 2665 cavendos
841 2638 936 2672 potius,
951 2643 978 2664 et

186 2688 410 2727 quemadmodtun
422 2690 578 2714 caverentur
588 2683 733 2716 admonuit,
747 2683 898 2718 reipublicm
911 2683 976 2709 dici-

189 2742 231 2764 tur
251 2734 375 2762 inimica!
398 2733 473 2768 quasi
500 2739 552 2758 non
574 2731 596 2757 si
621 2730 730 2757 omnino
749 2737 796 2763 per
818 2729 884 2756 istos
906 2732 978 2756 esset

189 2779 342 2816 temporalis
354 2777 496 2805 obtinenda
511 2776 621 2803 felicitas
630 2795 638 2808 ,
652 2774 778 2809 quarlibet
792 2774 878 2808 potius
892 2773 978 2801 fuerat

188 2824 329 2853 infelicitas
346 2822 477 2858 eligenda.
502 2821 554 2849 Sed
570 2827 656 2855 neque
676 2819 737 2846 hinc
752 2819 820 2846 Deus
836 2819 916 2845 voluit
930 2819 977 2845 du-

188 2869 265 2901 m}
276 2868 350 2905 ,ηυξ
364 2868 478 2903 ptimum
498 2866 622 2902 populum
637 2873 716 2893 untnn
728 2872 819 2893 verum
836 2864 917 2893 Deum
930 2871 981 2891 co-.

775 171 1015 201 EPISTOLARUM
1036 169 1171 198 CLASSIS
1190 169 1233 197 ιιι.

1029 225 1136 256 lentem,
1149 224 1212 252 deos
1222 229 1309 251 autent
1320 223 1472 252 falsissimos
1484 230 1709 260 contemnentem,
1723 235 1815 263 qnam-

1028 270 1072 297 diu
1088 270 1205 304 oportuit
1220 270 1302 297 Vetus
1325 269 1541 304 Testamentum,
1567 270 1611 298 ubi
1634 271 1814 299 vclamentum

1026 315 1189 343 ’l‘eslamcnti
1204 315 1268 342 Novi
1283 321 1322 343 est
1333 336 1340 348 ,
1356 315 1509 343 obutnbrari
1519 337 1526 348 ,
1544 320 1614 344 tanta
1629 324 1717 344 rerum
1731 323 1814 346 terre-

1026 368 1120 388 narum
1134 359 1260 387 felicitate
1280 360 1429 387 honcstavit
1442 380 1450 394 ,
1474 365 1502 388 ttt
1519 361 1606 397 quivis
1618 361 1748 398 intelligat
1763 370 1813 391 nec

1025 406 1109 442 ipsam
1124 414 1183 434 esse
1193 406 1219 433 in
1232 406 1380 434 daemonum
1394 412 1533 442 poteState,
1547 408 1595 435 sed
1606 408 1632 436 in
1643 409 1712 437 illius
1724 408 1813 441 unius,

1025 451 1068 479 cui
1083 452 1175 487 Angeli
1189 452 1317 485 serviunt,
1335 460 1413 487 quem
1427 453 1562 481 dtemoncs
1575 454 1792 482 contremiscunt.

1062 496 1105 524 l9.
1119 497 1247 531 Apuleius
1256 497 1338 531 enim,
1349 502 1379 525 ut
1389 498 1422 525 de
1432 498 1476 526 illo
1485 498 1651 533 potissimum
1661 499 1812 534 loquamur,

1024 542 1068 577 qui
1082 543 1157 569 nobis
1176 542 1248 569 Afris
1259 542 1322 570 Afer
1334 548 1376 571 est
1389 544 1490 576 notior,
1506 551 1557 571 non
1570 544 1631 571 dico
1641 544 1673 571 ad
1688 552 1810 579 regnum,

1024 587 1071 614 sed
1094 595 1127 615 ne
1152 588 1185 615 ad
1209 588 1322 623 aliquatn
1345 588 1451 623 quidem
1470 588 1635 624 judiciariam
1656 589 1812 625 reipubllcm

1023 639 1181 670 potestatem
1202 642 1262 662 ettm
1278 636 1400 664 omnibus
1415 637 1470 663 suis
1483 637 1591 672 magicis
1610 637 1711 664 artibus
1727 638 1814 672 potuit

1024 679 1172 714 pervenire,
1187 679 1302 707 honesto
1315 680 1405 715 patria:
1419 689 1474 708 sua:
1487 681 1546 709 loco
1558 686 1645 715 natus,
1657 687 1683 710 et
1697 682 1814 710 liberali-

1025 729 1066 752 ter
1087 725 1212 753 educatns
1227 746 1235 759 ,
1263 733 1409 761 magnaque
1434 727 1559 761 praeditus
1582 727 1743 764 eloquentia.
1771 729 1812 756 An

1025 771 1094 799 forte
1107 772 1155 798 ista
1165 792 1173 805 ,
1189 776 1218 799 ut
1230 772 1403 808 philosophus
1415 793 1422 805 ,
1438 773 1571 800 voluntate
1584 775 1754 810 contempsit,
1766 775 1812 810 qui

1023 817 1146 845 sacerdos
1158 818 1308 852 provinciae,
1322 825 1369 853 pro
1379 826 1473 853 magno
1487 818 1535 846 fuit
1549 823 1576 846 ut
1587 827 1696 847 munera
1709 820 1810 854 ederet,

1023 868 1215 898 venatoresquo
1231 864 1238 879 ¹
1256 864 1375 897 vestiret,
1388 868 1415 891 et
1429 872 1476 899 pro
1489 869 1574 891 statua
1587 865 1636 892 sibi
1652 865 1720 900 apud
1729 865 1813 893 Coen-

1023 916 1066 936 ses
1079 910 1089 925 ¹
1103 909 1213 936 locanda
1225 930 1233 943 ,
1250 917 1280 937 ex
1297 917 1348 944 qua
1361 908 1467 937 civitate
1482 909 1596 937 habebat
1610 917 1719 937 uxorem
1733 930 1741 943 ,
1761 910 1811 937 ad-

1023 961 1116 990 versus
1134 953 1369 981 contradictionem
1382 953 1555 989 quorumdam
1569 954 1665 982 civium
1680 955 1816 990 litigaret?‘

1023 998 1092 1034 quod
1112 1003 1235 1034 posteros
1252 1007 1286 1027 ne
1308 999 1421 1032 lateret,
1445 999 1564 1035 ejusdem
1587 999 1642 1028 litis
1665 1000 1812 1028 orationem

1023 1045 1148 1080 scriptam
1163 1045 1300 1072 memoriae
1312 1045 1516 1073 commendavit.
1528 1045 1604 1079 Quod
1615 1054 1677 1081 ergo
1690 1046 1722 1074 ad
1735 1047 1814 1074 istam

1023 1095 1156 1118 terrenam
1172 1091 1287 1126 pertinet
1308 1091 1477 1124 felicitatem,
1501 1091 1549 1119 fuit
1572 1099 1664 1126 magns
1686 1092 1730 1119 ille
1743 1092 1813 1127 quod

1023 1135 1108 1171 potuit
1123 1135 1144 1162 ³.
1161 1135 1236 1164 Unde
1251 1141 1360 1171 apparet
1375 1144 1435 1163 eum
1451 1136 1515 1163 nihil
1527 1136 1639 1171 amplius
1651 1136 1742 1169 fuisse,
1759 1145 1814 1164 non.

1023 1181 1083 1216 quia
1098 1181 1191 1214 uoluit,
1206 1181 1254 1208 sed
1267 1181 1327 1216 quia
1336 1189 1388 1208 non
1402 1180 1496 1216 potuit.
1510 1181 1664 1216 Quanquam
1675 1185 1702 1208 ct
1716 1180 1799 1208 adver

1024 1233 1070 1254 sus
1084 1226 1223 1261 quosdam,
1240 1226 1284 1261 qui
1297 1226 1321 1253 ei
1336 1226 1496 1261 magicarum
1508 1226 1603 1253 artium
1614 1227 1713 1253 crimen
1727 1225 1815 1254 inten.

1025 1271 1136 1305 derant,
1154 1271 1373 1306 eloquentissime
1385 1278 1415 1298 se
1428 1270 1553 1298 defendit.
1569 1270 1644 1298 Unde
1659 1271 1741 1298 miror
1755 1271 1813 1298 ian.

1024 1317 1131 1344 datores
1145 1316 1220 1352 ejus,
1243 1317 1288 1352 qui
1308 1324 1368 1344 eum
1390 1317 1481 1344 nescio
1500 1324 1559 1352 qua:
1580 1316 1674 1345 fecisse
1687 1317 1815 1345 miracula

1025 1363 1079 1390 illis
1090 1363 1192 1391 artibus
1207 1363 1360 1398 pra-dicant,
1373 1367 1464 1390 contra
1473 1363 1530 1398 ejus
1538 1362 1717 1390 defensionem
1734 1368 1815 1391 testes

1025 1415 1085 1436 esse
1095 1407 1194 1435 conari.
1210 1406 1263 1435 Sed
1274 1406 1389 1435 viderint
1400 1411 1487 1434 utrum
1499 1415 1589 1435 verum
1601 1407 1649 1442 ipsi
1660 1406 1816 1442 perbibeant

1026 1453 1206 1481 testimonium
1218 1473 1227 1487 ,
1250 1457 1277 1480 et
1290 1453 1333 1480 ille
1346 1453 1437 1480 falsam
1451 1452 1641 1480 defensionem.
1658 1452 1722 1480 lllud
1738 1452 1760 1480 si
1774 1460 1817 1480 sa-

1026 1501 1119 1536 piunt,
1133 1499 1291 1533 attendant,
1310 1499 1353 1535 qui
1368 1499 1484 1534 magicas
1499 1504 1571 1526 artes
1592 1507 1645 1526 non
1661 1499 1749 1534 utique
1763 1498 1815 1528 nisi

1026 1553 1077 1581 pro
1099 1545 1222 1572 felicitate
1242 1548 1347 1572 terrena
1367 1544 1408 1571 vel
1423 1544 1567 1572 damnabili
1581 1544 1733 1572 curiositate
1748 1551 1815 1572 eon-

1025 1591 1134 1626 quirunt
1144 1611 1151 1624 ,
1166 1590 1207 1617 vcl
1219 1590 1252 1617 ab
1265 1590 1304 1617 eis
1317 1590 1486 1622 innocentes,
1508 1590 1653 1625 periculosa
1667 1594 1754 1618 tamen
1769 1598 1815 1618 eas

1026 1636 1202 1664 admiratione
1220 1636 1388 1668 eollaudant,
1413 1639 1440 1663 et
1459 1635 1565 1663 videant
1587 1636 1667 1664 David
1691 1640 1813 1664 nostrum

1026 1682 1084 1710 sine
1104 1682 1166 1709 ullis
1185 1682 1281 1708 talibus
1302 1681 1418 1715 artibus,
1443 1688 1475 1708 ex
1489 1685 1595 1715 pastore
1608 1681 1697 1709 ovium
1716 1689 1816 1717 pervco

1027 1727 1098 1754 uisse
1112 1726 1145 1754 ad
1161 1726 1260 1761 regiam
1274 1726 1446 1761 dignitatem;
1465 1726 1542 1760 cujus
1557 1730 1583 1753 et
1596 1731 1703 1760 peccata
1717 1731 1743 1754 et
1756 1734 1815 1753 me-

1026 1771 1075 1800 rita
1091 1771 1177 1798 ﬁdelis
1192 1771 1329 1806 Scriptura
1348 1778 1399 1797 non
1415 1769 1513 1802 tacuit,
1529 1775 1557 1797 ut
1575 1771 1703 1798 sciremus
1717 1774 1744 1798 ct
1757 1772 1817 1807 qui-

1026 1818 1076 1846 bus
1090 1819 1176 1846 modis
1194 1827 1247 1846 non
1268 1818 1449 1846 offenderetur
1463 1818 1550 1851 Deus,
1572 1822 1599 1846 et
1618 1817 1716 1853 quibus
1730 1817 1817 1846 modis

1026 1864 1177 1899 placaretur
1190 1864 1317 1891 offensus.
1645 1895 1647 1897 _

1062 1908 1108 1936 20.
1124 1908 1257 1942 Quantum
1270 1912 1357 1935 autem
1374 1908 1468 1936 attinet
1482 1908 1515 1935 ad
1528 1908 1653 1936 miracula
1664 1929 1671 1941 ,
1694 1916 1753 1944 qua:
1767 1907 1817 1935 bu«

1027 1955 1115 1982 manis
1125 1954 1386 1991 sensibusslupenda
1401 1959 1591 1986 monstrantur,
1604 1953 1715 1981 multum
1726 1956 1817 1981 errant

1028 2001 1072 2035 qui
1089 2000 1230 2035 l‘rophetis
1244 2000 1353 2032 sanctis,
1368 1999 1555 2026 miraculorum
1568 2006 1721 2034 magnorum
1740 1999 1817 2026 nobi-

1028 2047 1103 2074 litate
1118 2045 1313 2080 przestautibus,
1328 2052 1418 2079 magos
1431 2049 1602 2079 comparant;
1617 2048 1715 2079 quanto
1729 2044 1815 2078 magis

1028 2092 1050 2120 si
1064 2099 1110 2120 eos
1122 2095 1277 2126 comparent
1287 2090 1402 2123 Christo,
1417 2097 1494 2124 quem
1507 2089 1645 2124 Propheta:
1660 2089 1706 2122 illi,
1720 2088 1819 2124 quibus

1027 2137 1095 2172 magi
1108 2137 1217 2171 quilibet
1230 2135 1302 2162 nttllo
1316 2134 1395 2161 modo
1408 2138 1469 2161 sunt
1482 2134 1664 2169 comparandi,
1686 2141 1814 2169 prtenun-
1838 2140 1848 2173 ις

1027 2183 1159 2209 tiaverunt
1170 2189 1229 2208 esse
1243 2186 1394 2212 venturum,
1411 2184 1437 2207 et
1447 2179 1591 2207 secundum
1605 2187 1723 2212 carnem,
1735 2187 1817 2214 quam

1027 2227 1142 2261 sumpsit
1159 2234 1191 2253 ex
1207 2225 1314 2261 Virgine
1328 2245 1335 2258 ,
1358 2230 1385 2252 ct
1399 2224 1543 2252 secundum
1565 2223 1728 2251 divinitatem
1741 2244 1748 2257 ,
1765 2232 1815 2259 qua

1026 2279 1162 2307 nunquam
1184 2275 1323 2306 separatur
1339 2279 1352 2298 a
1367 2271 1464 2298 Patre!
1485 2269 1575 2298 Video
1583 2278 1626 2297 me
1644 2269 1738 2298 fecisse
1752 2278 1815 2306 pro-

1027 2317 1183 2345 lixissimam
1202 2314 1342 2352 epistolam
1356 2337 1363 2349 ,
1379 2323 1429 2343 nec
1450 2320 1538 2343 tamen
1550 2315 1584 2343 de
1597 2315 1702 2343 Christo
1716 2315 1816 2343 dixiSso

1027 2363 1115 2390 omnia
1136 2370 1195 2397 qua:
1213 2361 1254 2389 vel
1275 2362 1314 2390 eis
1335 2362 1379 2396 qui
1402 2361 1519 2389 tardiore
1538 2360 1644 2396 ingenio
1658 2360 1746 2388 divina
1760 2367 1824 2388 non:

1027 2408 1115 2436 valent
1132 2407 1246 2442 assequi,
1264 2407 1304 2433 vel
1320 2406 1358 2433 eis
1371 2414 1439 2441 quos
1450 2405 1471 2439 ⁸,
1484 2406 1546 2433 licet
1560 2411 1636 2433 acute
1648 2411 1819 2439 moveantur,

1027 2453 1220 2480 contentiosum
1237 2456 1323 2479 tamen
1332 2451 1447 2478 studium
1457 2456 1484 2479 et
1496 2451 1688 2486 prmoccupatio
1698 2450 1815 2479 diuturni

1027 2498 1125 2526 erroris
1146 2497 1179 2525 ab
1199 2497 1368 2532 intelligendo
1385 2497 1509 2531 impedit,
1532 2496 1656 2524 sufficere
1669 2502 1814 2532 utcumque

1059 2562 1132 2588 'Bad.
1145 2566 1171 2588 et
1188 2565 1237 2592 Bx,
1249 2564 1442 2593 umentemque
1461 2561 1563 2587 vestiret.
1574 2563 1620 2587 Sed
1631 2562 1713 2588 verius
1723 2566 1777 2588 nov.
1791 2567 1818 2589 et

1028 2597 1092 2622 Mss,
1101 2591 1268 2624 mtoresque
1274 2599 1283 2623 ;
1292 2592 1346 2624 illos
1357 2591 1470 2619 videlicet
1480 2593 1521 2624 qui
1533 2593 1619 2618 sesein
1629 2594 1658 2617 iis
1667 2594 1818 2619 exercebant

1028 2624 1183 2655 muneribus,
1196 2622 1251 2655 quia
1259 2622 1373 2655 Apuleius
1384 2622 1523 2655 exhibebat.
1537 2627 1634 2655 Munera
1643 2624 1733 2655 quippe
1751 2624 1818 2649 diec-

1029 2655 1119 2686 banturr
1126 2653 1180 2686 ludi
1187 2653 1235 2686 non
1254 2653 1325 2679 modo
1337 2654 1507 2686 gladiatorum,
1520 2654 1564 2686 sed
1576 2653 1817 2686 etiaut'vériatorum,

1029 2685 1052 2709 id
1064 2688 1103 2716 est
1114 2685 1242 2716 inibestias
1254 2685 1419 2716 pugnantium.
1432 2694 1443 2707 α
1453 2685 1621 2714 γυιιειίυῐιρδιι
1637 2685 1715 2716 inquit
1723 2688 1818 2709 tam

1029 2716 1077 2740 tius
1084 2715 1127 2740 lib.
1137 2715 1161 2746 6,
1173 2716 1221 2741 div.
1231 2715 1322 2741 lustio.
1335 2715 1374 2746 ﬁ),
1390 2722 1459 2747 «qua:
1471 2721 1572 2740 munera
1584 2715 1706 2747 vocantur,
1717 2719 1818 2741 Saturno

1028 2746 1150 2772 attributae
1160 2750 1238 2772 sunt.)

1143 2777 1264 2807 undecim,
1277 2781 1385 2802 accuses.
1397 2776 1439 2800 Alii
1451 2776 1573 2808 quinque,
1585 2780 1693 2802 occasu.
1706 2779 1756 2801 Duo
1762 2776 1801 2801 alii
1809 2793 1817 2806 ,

1062 2838 1114 2871 fita
1122 2838 1253 2871 θεὼειῖκοι
1260 2841 1313 2871 Mss.
1320 2837 1442 2871 plet-tque.
1451 2840 1542 2871 ῃωτ.
1550 2836 1634 2868 habet,
1645 2837 1724 2870 quoad
1734 2836 1817 2870 potuit,

1061 2867 1173 2896 ‘--omnes
1183 2869 1249 2900 ειη,
1262 2867 1311 2901 qui,
1321 2867 1416 2901 absque
1427 2868 1500 2893 dubio
1510 2867 1633 2899 corrupte;
1652 2867 1694 2894 Ἦ.
