4122 6350
497 445 721 515 possint.
773 445 1145 500 Verumtamen
1182 457 1442 514 cognosce
1481 441 1605 512 quid
1633 456 1725 497 eos
1747 449 1934 497 contra
1964 457 2084 497 mo-

499 545 620 592 veat
643 578 657 602 ,
702 545 860 607 atque
906 536 1173 599 rescribe,
1224 544 1283 590 ut
1319 534 1405 590 vel
1434 532 1670 604 epistolis
1698 531 1780 587 vel
1809 531 1957 588 libris
1978 574 1996 601 ,
2039 533 2085 588 si

496 628 758 698 ndjuverit
782 629 952 696 Deus,
996 627 1062 683 ad
1099 628 1276 682 omnia
1312 624 1637 696 reSpondere
1679 640 1948 680 curemus.
1998 625 2084 681 Sis

487 720 538 774 in
587 719 810 776 Domino
837 719 982 787 felix,
1009 718 1178 791 gratia
1209 726 1262 774 et
1290 717 1654 773 misericordia
1683 717 1799 787 ejus
1821 759 1836 782 ,
1862 716 2085 772 domine

486 811 693 866 eximie
719 819 774 868 et
809 811 1002 867 merito
1039 810 1261 887 insignis
1284 851 1300 878 ,
1347 808 1661 865 charissime
1686 822 1748 863 ac
1777 807 2086 863 desideran-

486 902 705 959 tissime
743 902 839 958 liii.

887 971 1215 1028 EPISTOLA
1257 970 1525 1027 CXXXIX
1551 970 1692 1041 ‘(a).

486 1041 558 1096 'Ut
603 1041 755 1098 Gesta
777 1059 890 1114 qua:
924 1045 1163 1122 adversus
1191 1041 1485 1122 Donatista:
1506 1039 1740 1122 confecta
1773 1048 1889 1122 sunt
1920 1039 2085 1122 publi-

570 1123 771 1180 centur,
807 1123 958 1182 utque
992 1113 1067 1167 rei
1105 1113 1411 1184 castigentur
1447 1113 1618 1166 mitius
1659 1119 1705 1166 et
1741 1113 1868 1166 citra
1908 1113 2086 1164 mortis

650 1201 714 1237 na
719 1201 765 1238 nt
772 1223 785 1236 .

650 1201 785 1238 nam.

500 1200 727 1330 Dopntﬁno
773 1275 965 1330 merito
1016 1273 1244 1344 insigni,
1288 1273 1620 1342 multumque
1662 1270 1981 1330 charissima
2021 1285 2085 1326 ac

569 1366 1060 1422 desiderantissimo
1089 1366 1198 1424 ﬁlio
1221 1364 1567 1426 Mancsmno
1586 1406 1600 1432 ,
1633 1365 1964 1420 AUGUSTINUS
1982 1403 1997 1430 ,
2028 1361 2082 1423 in

571 1458 798 1513 Domino
827 1458 1073 1516 salutem.

569 1551 622 1604 1.
663 1547 821 1605 Gesta
845 1565 964 1622 quae
993 1549 1233 1620 promisit
1260 1548 1571 1604 Przcstantia
1600 1556 1709 1613 tua,
1739 1545 2084 1604 vehementer

496 1650 781 1708 exspecto,
808 1648 861 1696 et
889 1640 943 1699 in
968 1641 1190 1696 ecclesia
1221 1639 1545 1710 Hipponensi
1569 1637 1894 1712 jamjamque
1923 1638 2084 1708 cupio

497 1730 746 1796 recitari,
773 1745 857 1798 ac,
885 1729 928 1785 si
958 1730 1070 1785 ﬁeri
1095 1731 1326 1800 potuerit
1345 1771 1359 1794 ,
1388 1731 1545 1785 etiam
1571 1744 1668 1804 per
1691 1743 1878 1784 omnes
1908 1729 2084 1784 eccle—

497 1821 606 1876 sias
635 1821 687 1877 in
711 1820 927 1880 dimcesi
950 1823 1263 1880 constitutas
1288 1838 1302 1886 ;
1334 1831 1389 1879 ut
1417 1820 1631 1878 audiant
1655 1819 1900 1875 homines
1919 1861 1934 1886 ,
1964 1820 2082 1890 ple-

497 1925 670 1981 neque
715 1919 1006 1984 agnoscant
1065 1911 1405 1966 confessores
1451 1911 1785 1990 iniquitatis,
1833 1925 1941 1966 non
1989 1911 2084 1966 Dei

497 2000 690 2055 timore
725 2008 1074 2070 extorquente
1105 2002 1467 2071 pcenitentiam
1489 2041 1505 2066 ,
1533 2001 1625 2056 sed
1652 2000 1930 2071 judiciaria
1960 2000 2084 2056 dilio

496 2091 673 2160 gentia
697 2091 1182 2151 crudelissimorum
1211 2102 1482 2162 pectorum
1505 2093 1777 2166 aperiente
1801 2092 2079 2160 duritiam;

497 2181 610 2236 sive
638 2179 851 2240 illorum
880 2182 969 2253 qui
998 2181 1066 2236 de
1096 2182 1381 2238 homicidio
1411 2190 1464 2237 et
1501 2182 1569 2236 de
1599 2190 1865 2240 excaecato
1895 2197 1956 2238 ac
1989 2182 2086 2238 de-

496 2273 703 2332 bilitate
740 2275 1034 2350 presbyteri
1074 2291 1297 2348 corpore
1339 2275 1569 2332 confessi
1611 2278 1669 2340 ¹;
1712 2275 1825 2330 sive
1868 2275 2083 2330 illorum

497 2367 588 2436 qui
614 2381 673 2424 se
694 2366 780 2422 illa
808 2367 946 2422 scire
968 2369 1222 2440 potuisse,
1247 2369 1489 2438 quamvis
1514 2369 1612 2422 sibi
1642 2368 1879 2423 dicerent
1899 2366 2086 2442 displi-

496 2471 643 2522 cere,
685 2472 878 2527 negare
917 2472 1022 2514 non
1067 2457 1182 2515 ausi
1220 2469 1363 2523 sunt,
1405 2457 1728 2524 refugientes
1765 2457 2081 2512 catholicam

498 2564 684 2619 pacem
704 2590 716 2612 ,
745 2549 884 2604 velut
917 2563 983 2604 ne
1023 2549 1333 2604 criminibus
1373 2549 1673 2620 polluantur
1701 2545 1919 2611 alienis,
1947 2555 2002 2604 et
2029 2547 2082 2604 in

497 2639 590 2693 illo
619 2639 920 2698 schismatis
947 2640 1227 2711 sacrilegio
1266 2641 1402 2695 inter
1427 2640 1808 2695 sceleratorum
1846 2649 1952 2695 tam
1985 2640 2084 2699 im-

496 2731 730 2790 manium
754 2739 952 2787 tantam
974 2730 1364 2787 multitudinem
1390 2731 1768 2802 perdurantes;
1790 2732 1902 2788 sive
1921 2733 2082 2791 etiam

495 2819 714 2895 illorum.
748 2820 837 2895 qui
876 2835 936 2876 se
975 2821 1098 2877 inde
1143 2837 1248 2876 non
1292 2836 1620 2887 recessuros,
1662 2823 1822 2878 etiam
1862 2823 2085 2879 demon-

495 2917 661 2968 strata
693 2911 792 2968 sibi
823 2911 1080 2966 catholica
1106 2913 1332 2968 veritate
1357 2921 1412 2968 et
1446 2914 1837 2970 Donatistarum
1865 2931 2084 2984 perver-

495 3001 686 3068 sitate,
713 3001 980 3063 dixerunt.
1019 3002 1134 3060 Non
1174 3013 1261 3060 est
1291 3005 1406 3061 leve
1445 3003 1587 3078 quod
1621 3006 1760 3060 Deus
1798 3007 1881 3077 agi
1920 3009 2085 3064 voluit

496 3107 593 3159 per
611 3106 826 3162 operam
852 3101 1016 3148 tuam.
1040 3093 1253 3150 Utinam
1280 3095 1413 3149 tales
1440 3109 1625 3152 eorum
1652 3111 1840 3154 causas
1864 3097 2082 3156 crebras

495 3182 575 3236 sic
601 3183 808 3247 audias,
832 3194 884 3239 et
910 3173 1144 3240 facinora
1174 3202 1362 3242 eorum
1390 3195 1550 3256 atque
1579 3190 1760 3242 insana
1793 3190 2081 3258 pertinacia

495 3273 574 3326 sic
617 3286 759 3347 saepe
811 3275 1100 3350 prodatur,
1148 3276 1442 3348 eademque
1493 3279 1756 3347 publicata
1813 3279 1972 3338 Gesta
2027 3283 2080 3343 in

495 3365 732 3420 omnium
777 3367 1015 3422 notitiam
1053 3369 1422 3441 perferantur!
1465 3371 1616 3438 Quod
1652 3381 1828 3428 autem
1871 3375 2083 3446 scripsit

494 3453 786 3513 Eximietas
817 3464 925 3523 tua,
957 3457 1199 3514 dubitare
1229 3469 1278 3514 te
1304 3469 1477 3515 utrum
1506 3463 1557 3515 in
1586 3462 1916 3533 TheOprepia
1945 3467 1964 3495 ²
1989 3465 2080 3520 de-

495 3544 624 3599 beas
649 3546 834 3600 cadent
862 3547 1020 3602 Gesta
1041 3548 1230 3617 jubere
1258 3552 1478 3623 proponi
1505 3567 1520 3616 ;
1550 3551 1658 3616 fiat,
1682 3554 1726 3606 si
1758 3565 1929 3623 potest
1959 3557 2082 3614 illuc

496 3634 746 3704 frequens
791 3638 1062 3695 confluere
1105 3641 1384 3696 multitudo
1422 3658 1436 3696 :
1477 3643 1708 3716 alioquin
1755 3646 1888 3699 alios
1932 3647 2080 3701 locus

495 3723 760 3780 celebrior
780 3726 1134 3794 providentius
1154 3737 1236 3784 est
1259 3745 1273 3792 ;
1301 3745 1405 3784 non
1431 3739 1605 3786 tamen
1630 3733 1735 3787 ullo
1761 3734 1918 3789 modo
1943 3751 2080 3812 prae-

496 3816 914 3872 termittendum.

564 3906 618 3960 2.
651 3909 814 3965 Poena
837 3927 967 3967 sane
994 3913 1224 3977 illorum,
1247 3919 1489 3986 quamvis
1514 3919 1582 3974 de
1607 3921 1764 3976 tantis
1788 3923 2078 3981 sceleribus

493 4001 880 4070 confessorum,
923 4023 1054 4078 rogo
1099 4019 1150 4064 te
1195 4021 1250 4065 ut
1298 4024 1490 4083 praeter
1532 4017 1845 4086 supplicium
1891 4023 2079 4078 mortis

493 4093 594 4161 sit,
623 4104 676 4150 et
705 4107 920 4167 propter
945 4102 1324 4158 conscientiam
1356 4115 1589 4161 nostram
1611 4149 1628 4174 ,
1665 4118 1719 4164 et
1744 4121 1961 4181 propter
1988 4129 2077 4168 ca-

492 4185 741 4244 tholicam
771 4193 1233 4253 mansuetudinem
1266 4199 1764 4256 commendandam.
1792 4202 1910 4273 ipse
1933 4207 2075 4260 enim

491 4274 696 4333 fructus
724 4281 790 4334 ad
822 4296 917 4337 nos
943 4285 1185 4352 pervenit
1212 4285 1563 4346 confessionis
1590 4291 1821 4359 illorum,
1845 4293 1967 4363 quia
1997 4295 2077 4348 in—

491 4367 638 4425 venit
672 4370 908 4428 Ecclesia
937 4374 1198 4430 catholica
1240 4377 1329 4433 ubi
1362 4393 1511 4432 suam
1551 4395 1677 4450 erga
1713 4383 2075 4439 atrocissimos

493 4459 736 4516 inimicos
781 4473 957 4520 servet
1001 4475 1160 4538 atque
1205 4468 1450 4525 exhibeat
1494 4471 1784 4530 lenitatem.
1827 4474 1884 4531 in
1931 4484 2074 4551 tanta

491 4554 689 4624 quippe
734 4558 1082 4628 crudelitate,
1132 4577 1480 4634 quaecumque
1525 4577 1719 4636 praeter
1763 4572 2073 4641 sanguinem

491 4644 722 4701 vindicta
759 4652 1113 4720 processerit,
1152 4668 1342 4724 magna
1371 4656 1560 4712 lenitas
1599 4661 1894 4728 apparebit.
1922 4661 2074 4728 Quod

490 4737 588 4790 etsi
613 4737 771 4792 modo
792 4739 1106 4808 quibusdam
1128 4745 1344 4813 nostris,
1365 4746 1452 4800 illa
1474 4749 1750 4804 atrocitate
1769 4754 2070 4820 commotis,

491 4826 698 4882 videtur
717 4829 1011 4900 indignum,
1035 4841 1091 4890 et
1108 4835 1258 4904 quasi
1278 4836 1640 4896 dissolutionis
1667 4849 1720 4895 et
1740 4842 2074 4912 negligentia:

490 4917 703 4983 simile;
737 4924 1015 4981 transactis
1045 4931 1221 4985 tamen
1247 4928 1477 4983 motibus
1509 4929 1828 4998 animorum,
1869 4933 1957 5002 qui
1987 4949 2072 4988 re-

490 5010 817 5067 centioribus
843 5013 994 5070 factis
1019 5017 1196 5073 solent
1217 5019 1568 5076 turbulentius
1593 5023 1834 5089 excitari,
1861 5025 2073 5095 egregie

490 5099 754 5158 luculenta
785 5104 993 5162 bonitas
1034 5109 1341 5178 apparebit,
1368 5120 1422 5166 et
1446 5111 1516 5167 ob
1556 5112 1659 5170 hoc
1688 5115 1854 5185 magis
1882 5114 2070 5172 eadem

551 5233 572 5303 ξ
729 5246 881 5303 prope
902 5248 1074 5303 omnes
1093 5241 1316 5290 omittunt
1339 5241 1555 5303 con/issi.

549 5293 572 5324 ⁸
602 5293 748 5365 ξασῖρ
777 5293 1080 5365 Ίὴρορνορὶᾳ.
1105 5307 1161 5365 at
1183 5310 1295 5365 MSS.
1312 5293 1524 5365 melioris
1547 5309 1672 5352 notae
1694 5303 1894 5365 habent,
1925 5303 2068 5355 Theo-

695 5359 768 5406 sic
785 5358 928 5406 etiarn
942 5358 1327 5424 Carthaginensis
1347 5363 1536 5414 collatio
1545 5367 1594 5424 3,
1620 5378 1667 5412 n.
1689 5366 1743 5424 5;
1770 5379 1865 5427 qua
1882 5358 1950 5415 ἐκ
1968 5366 2068 5416 col-

533 5422 665 5463 tione
689 5417 843 5463 linuet
864 5420 992 5463 istud
1014 5435 1189 5463 nnmen
1217 5424 1367 5463 misce
1391 5427 1634 5463 nninulnm
1663 5427 1784 5463 mmd
1826 5428 2067 5463 ηδτ-11ωυί-

533 5417 665 5465 tione
689 5417 843 5490 liquet
864 5420 992 5490 istud
1014 5417 1190 5490 nom'en
1217 5424 1379 5490 fuisse
1391 5417 1636 5490 cujusdam
1663 5417 1802 5488 ειμὰιῖ
1826 5428 2067 5490 Carthagi-

482 5489 597 5543 nem
622 5478 842 5529 ecclesia:
866 5488 978 5543 tunc
1013 5485 1302 5543 pertinentis
1323 5485 1380 5533 ad
1401 5478 1682 5536 Donatistas.

546 5540 563 5555 ‘
589 5546 715 5589 Hanc
730 5540 1024 5612 contulimus
1037 5557 1146 5592 cum
1176 5559 1221 5594 a.
1249 5547 1330 5608 b3.
1352 5545 1420 5594 bl.
1445 5549 1527 5595 bn.
1553 5561 1596 5596 c.
1623 5560 1692 5596 ec.
1718 5549 1795 5597 ob.
1823 5547 1872 5612 il‘.
1899 5563 1948 5612 g.
1981 5563 2065 5612 ες.

476 5612 562 5661 gr.
578 5613 624 5647 η.
638 5613 678 5648 r.
696 5615 737 5650 s.
756 5603 831 5651 sb.
847 5603 1034 5654 duobus
1048 5619 1118 5655 vc.
1132 5603 1336 5670 quatuor
1354 5621 1400 5656 v.
1416 5621 1624 5672 eumque
1635 5617 1732 5662 Am.
1748 5610 1856 5660 Bad.
1869 5603 1941 5659 EF.
1955 5603 2064 5662 ιξὸἶὶ.

890 5698 1215 5774 aquati-autem
1232 5690 1323 5742 159
1343 5697 1477 5754 erat,
1499 5704 1628 5743 nunc
1650 5691 1758 5746 259.
1778 5695 1956 5757 Scripta
1984 5707 2062 5745 an.

472 5742 568 5799 112
583 5742 706 5801 circa
725 5761 880 5800 mens.
899 5742 1091 5806 m'aiuni.

1729 322 1784 379 S.
1819 321 2183 380 AUGUSTINI
2225 321 2531 382 EPISCOPI

3668 322 3775 386 536

2191 441 2350 498 Gesta
2380 439 2558 513 legere
2583 450 2738 512 atque
2769 441 3050 523 ostendere
3077 443 3388 512 delectabit,
3415 442 3630 502 domine
3654 461 3773 503 mc-

2190 535 2294 589 rito
2325 535 2573 605 insignis,
2605 535 2934 611 multumque
2962 535 3273 594 charissime
3298 552 3360 593 ac
3383 537 3771 595 desiderantis-

2191 625 2324 679 sime
2365 625 2456 680 ftli.
2486 627 2559 680 ibi
2599 636 2681 681 est
2718 637 2931 682 sanctus
2963 627 3126 685 frater
3152 637 3206 684 et
3232 629 3587 705 coepiscopus.
3624 645 3780 686 meus

2189 716 2508 784 Bonifacius,
2533 729 2586 774 ct
2611 734 2704 790 per
2731 719 3010 776 diaconum
3043 721 3384 793 Peregrinum
3413 723 3505 799 qui
3532 739 3651 779 cum
3681 726 3777 780 illo

2191 813 2456 878 perrexit,
2495 810 2958 868 commonitorium
3005 810 3213 878 direxi;
3259 813 3400 889 quod
3446 815 3464 846 ⁸
3510 815 3589 870 sic
3639 814 3779 872 habe

2191 907 2438 970 tanquam
2468 902 2804 970 praisentiam
2844 917 3040 958 meam.
3073 903 3136 958 Et
3163 904 3304 979 quod
3345 905 3496 960 vobis
3535 905 3590 961 in
3629 921 3779 964 com-

2192 1005 2352 1044 mune
2379 1005 2476 1060 pro
2505 991 2762 1050 Ecclesia:
2790 995 3014 1049 utilitate
3044 995 3330 1065 placuerit,
3364 997 3465 1053 hoc
3492 998 3776 1069 adjuvante

2193 1079 2416 1137 Domino
2447 1080 2569 1147 ﬁat,
2597 1083 2686 1152 qui
2718 1094 2908 1154 potens
2948 1095 3032 1140 est
3069 1086 3489 1144 misericorditer
3527 1089 3778 1160 opitulari

2189 1173 2240 1226 in
2282 1174 2442 1229 tantis
2478 1176 2653 1231 malis.
2700 1176 2856 1232 Modo
2897 1177 3195 1234 Macrobius
3235 1179 3516 1254 cpiscopus
3554 1197 3775 1251 eorum,

2188 1265 2412 1334 stipatus
2431 1266 2614 1321 cuneis
2641 1267 2967 1336 perditorum
2997 1270 3270 1339 utriusque
3293 1285 3473 1332 sexus.
3498 1271 3597 1328 hac
3619 1282 3781 1346 atque

2188 1355 2311 1410 illac
2333 1355 2606 1424 circumit,
2633 1359 2946 1434 aperuitque
2970 1359 3073 1415 sibi
3100 1359 3379 1430 basilicas,
3405 1379 3541 1433 quas
3567 1379 3784 1434 posses-

2188 1459 2370 1500 sorum
2414 1448 2930 1520 quantuluscumque
2976 1451 3137 1506 timor
3178 1452 3462 1509 clauserat.
3511 1455 3784 1516 Prmente

2187 1545 2363 1591 autem
2403 1548 2744 1608 procuratore
2787 1541 2884 1596 viri
2923 1541 3204 1596 clarissimi
3245 1541 3449 1602 Celeris
3492 1545 3765 1616 Spondeo.

2187 1643 2346 1698 quem
2393 1638 2497 1689 tnze
2536 1629 2806 1688 dilectioni
2849 1631 3216 1694 commendavi
3257 1634 3588 1712 multumque
3630 1652 3784 1697 com-

2189 1719 2417 1788 mendo,
2449 1732 2735 1798 utcumque
2760 1737 2945 1782 eorum
2979 1723 3319 1794 frangebatur
3344 1725 3565 1783 audacia
3591 1745 3605 1782 :
3634 1744 3780 1786 nunc

2188 1827 2317 1866 vero
2363 1821 2705 1884 posteaquam
2747 1813 3122 1886 Carthaginem
3164 1816 3434 1892 profectus
3474 1827 3578 1884 est,
3616 1821 3782 1877 etiam

2189 1904 2241 1958 in
2271 1904 2446 1960 fundis
2476 1907 2640 1976 ipsius
2665 1907 2912 1965 basilicas
2941 1908 3176 1980 aperuit,
3217 1912 3440 1984 populos
3465 1923 3776 1986 congregat.

2187 1996 2318 2053 Cum
2342 2000 2455 2069 ipso
2475 2001 2631 2055 etiam
2653 2010 2736 2056 est
2756 2001 2844 2056 ille
2863 2001 3096 2058 Donatus
3117 2003 3370 2060 diaconus
3392 2006 3776 2077 rebaptizatus,

2187 2105 2306 2143 cum
2337 2089 2491 2145 fuerit
2513 2091 2734 2146 colonus
2759 2092 3021 2159 ecclesize,
3049 2094 3136 2164 qui
3164 2095 3184 2126 ²
3213 2105 3457 2150 versatus
3485 2106 3569 2152 est
3597 2097 3649 2152 in
3682 2097 3777 2154 illa

2186 2182 2334 2238 caede
2359 2183 2677 2254 praecipuus.
2705 2183 2805 2252 Qui
2836 2185 2968 2240 tales
2997 2200 3103 2240 non
3134 2201 3254 2241 cum
3285 2201 3350 2242 eo
3376 2196 3531 2252 sunt,
3561 2187 3778 2258 quando

2187 2280 2242 2327 et
2275 2274 2362 2328 ille
2385 2289 2505 2328 cum
2536 2274 2652 2345 ipso
2680 2284 2764 2330 est
2791 2276 2814 2329 ἲ
2839 2274 2892 2331 Si
2923 2275 3215 2330 Proconsul
3240 2277 3324 2332 vel
3352 2278 3508 2332 simul
3533 2278 3692 2334 ambo
3723 2279 3778 2334 in

2187 2363 2306 2417 illos
2329 2363 2458 2418 estis
2495 2363 2812 2419 sententiam
2842 2364 3102 2436 prolaturi
3123 2408 3138 2432 ,
3163 2377 3216 2421 et
3242 2364 3379 2422 forte
3421 2368 3507 2423 ille
3535 2368 3777 2438 persistit

2186 2452 2324 2508 velle
2358 2452 2535 2523 gladio
2565 2452 2836 2510 vindicare
2856 2497 2870 2521 ,
2897 2470 3198 2526 quanquam
3228 2457 3297 2511 sit
3333 2457 3656 2514 christianus
3678 2501 3694 2526 ,
3723 2468 3781 2517 et

2187 2552 2442 2613 quantum
2471 2542 2752 2598 advertere
2779 2544 3076 2614 potuimus,
3105 2561 3207 2600 non
3235 2546 3306 2602 sit
3331 2546 3399 2602 ad
3429 2547 3544 2603 inec
3569 2549 3779 2606 crucia-

2187 2643 2364 2692 menta
2392 2634 2671 2704 proclivis;
2701 2643 2876 2690 tamen
2903 2636 2946 2690 si
2973 2651 3192 2692 necesse
3219 2637 3394 2705 fuerit,
3417 2640 3577 2694 etiam
3601 2639 3781 2698 Gestis

2180 2723 2363 2793 jubete
2390 2725 2605 2794 allegari
2645 2725 2665 2756 ³
2695 2725 2945 2798 epistolas
2973 2743 3122 2784 meas
3139 2770 3156 2799 ,
3183 2745 3315 2800 quas
3343 2729 3412 2786 de
3450 2731 3548 2787 hac
3575 2748 3634 2788 re
3659 2731 3778 2790 sin-

2185 2816 2334 2884 gulas
2372 2815 2521 2870 vobis
2562 2816 2852 2876 mittendas
2893 2819 3090 2887 putavi.
3117 2817 3279 2879 Soleo
3317 2821 3459 2876 enim
3497 2823 3681 2879 audire
3722 2824 3777 2880 in

2185 2914 2447 2975 potestate
2486 2920 2604 2962 esse
2640 2907 2836 2976 judicis
2875 2909 3080 2965 mollire
3113 2912 3428 2968 sententiam
3450 2953 3467 2982 ,
3499 2922 3554 2968 et
3596 2914 3779 2974 mitius

2185 2997 2454 3059 vindicare
2492 3013 2650 3070 quam
2691 2999 2913 3074 jubeant
2940 3000 3101 3071 leges.
3132 3001 3186 3056 Si
3230 3010 3410 3063 autem
3450 3019 3548 3071 nec
3584 3005 3778 3068 litteris

2187 3089 2324 3142 meis
2361 3087 2427 3142 ad
2469 3088 2570 3143 hoc
2607 3090 2960 3157 consenserit,
2997 3091 3101 3147 hoc
3139 3093 3329 3148 saltem
3375 3105 3589 3163 prrcstet
3628 3107 3685 3152 ut
3721 3096 3778 3159 in

2184 3178 2480 3238 custodiam
2521 3180 2878 3250 recipiantur,
2907 3190 3067 3252 atque
3110 3182 3211 3238 hoc
3247 3183 3313 3239 de
3351 3185 3632 3242 clementia
3663 3187 3776 3250 lmv

2187 3281 2488 3339 peratornm
2516 3270 2538 3302 ⁸
2577 3271 2867 3344 impetrare
2894 3274 3197 3330 curabimus
3217 3318 3231 3343 ,
3261 3292 3328 3332 ne
3354 3278 3632 3347 passiones
3657 3294 3774 3341 ser-

2186 3377 2370 3416 vorum
2414 3364 2528 3429 Dei,
2571 3379 2688 3434 qutn
2728 3364 2923 3420 debent
2969 3381 3088 3421 esse
3128 3367 3179 3420 in
3224 3367 3459 3422 Ecclesia
3499 3369 3770 3440 gloriosae,

2185 3454 2517 3509 inimicorum
2567 3458 2825 3527 sanguine
2869 3457 3307 3512 dehonestentur.
3355 3458 3478 3515 Scio
3525 3461 3666 3516 enim
3716 3462 3771 3524 in

2183 3559 2342 3598 causa
2375 3547 2686 3600 clericorum
2720 3549 3116 3602 Anauncnsium
3145 3549 3188 3616 ³,
3217 3550 3304 3620 qui
3342 3553 3502 3614 occisi
3527 3567 3558 3608 a
3585 3553 3772 3609 Genti-

2185 3635 2342 3699 libus,
2373 3653 2512 3691 nunc
2541 3648 2798 3706 martyres
2829 3639 3178 3706 honorantur,
3207 3640 3584 3711 Imperatorem
3615 3659 3772 3715 roga-

2185 3738 2294 3783 tmn
2335 3728 2490 3784 facile
2527 3732 2857 3785 concessisse
2895 3747 2962 3786 ne
3000 3732 3073 3787 illi
3113 3733 3201 3802 qui
3244 3749 3337 3793 eos
3374 3735 3676 3791 occiderant
3714 3745 3772 3800 et

2181 3819 2319 3888 capti
2342 3819 2450 3889 jam
2482 3821 2817 3889 tenebantur,
2851 3839 3001 3892 pinna
3029 3825 3186 3880 simili
3217 3827 3552 3896 punirentur.

2253 3913 2306 3968 5.
2346 3912 2536 3974 Libros
2564 3913 2631 3969 de
2664 3914 2932 3984 Baptismo
2957 3919 3315 3990 parvulorum,
3336 3934 3455 3976 cum
3478 3921 3586 3996 jam
3616 3921 3768 3985 codi-

2181 4020 2297 4058 cem
2326 4004 2494 4074 ipsum
2527 4005 2852 4061 PaL-stantia:
2884 4016 2983 4062 tua:
3013 4009 3299 4075 misissem,
3323 4027 3419 4066 cur
3443 4013 3538 4074 abs
3569 4021 3620 4068 te
3648 4029 3769 4068 rur-

2179 4110 2272 4150 sus
2309 4097 2602 4166 aeceperim
2623 4140 2637 4163 ,
2671 4098 2866 4153 oblitus
2895 4115 3011 4153 sunt
3037 4119 3049 4153 :
3081 4101 3180 4154 nisi
3211 4100 3347 4157 forte
3378 4117 3496 4156 cum
3537 4103 3768 4174 inspice-

2180 4204 2292 4242 rem
2316 4230 2330 4254 ,
2361 4188 2644 4244 mendosos
2670 4205 2761 4245 eos
2788 4192 2994 4261 reperi,
3019 4201 3073 4246 et
3098 4193 3387 4249 emendare
3416 4195 3590 4261 volui,
3621 4195 3766 4268 quod

2180 4279 2496 4334 mirabiliter
2513 4280 3002 4349 impeditus,adhuc
3023 4299 3187 4353 usque
3203 4300 3307 4338 non
3331 4283 3452 4340 feci.
3473 4286 3766 4355 Epistolam

2179 4384 2388 4437 quoque
2425 4368 2490 4422 ad
2517 4377 2569 4424 te
2597 4371 2931 4425 scribendam
2962 4383 3015 4427 et
3042 4373 3125 4428 his
3152 4374 3540 4445 adjungendam
3559 4418 3575 4444 ,
3603 4393 3766 4448 quau;

2178 4476 2300 4515 cum
2332 4463 2400 4517 ibi
2426 4477 2597 4518 essem
2619 4464 2728 4532 jam
2757 4464 2956 4519 dictare
2983 4481 3270 4535 coeperam,
3298 4469 3451 4538 paulo
3475 4469 3658 4525 addito
3685 4470 3764 4527 sic

2179 4567 2300 4606 esse
2330 4551 2687 4626 imperfectam
2726 4556 2883 4613 scias.
2911 4554 2965 4609 Si
3003 4567 3181 4610 autem
3225 4557 3483 4614 rationem
3522 4560 3760 4617 onmium

2177 4640 2383 4696 dierum
2423 4650 2478 4696 et
2516 4642 2938 4706 lucubrationum
2978 4647 3096 4701 aliis
3125 4650 3530 4706 necessitatibus
3559 4651 3765 4722 impen-

2177 4745 2354 4783 sarum
2384 4731 2475 4786 tibi
2506 4747 2716 4801 posscm
2750 4734 2996 4804 reddere,
3026 4739 3257 4806 graviter
3283 4740 3631 4802 contristatus
3661 4742 3760 4796 mi-

2178 4820 2372 4873 rareris
2408 4830 2600 4890 quanta
2643 4838 2728 4876 me
2772 4822 3108 4891 distendant,
3149 4843 3268 4898 qua:
3307 4829 3506 4891 dill'crri
3542 4832 3762 4887 omnino

2177 4925 2280 4964 non
2323 4921 2567 4981 possunt,
2596 4927 2695 4967 nec
2732 4929 2888 4985 agere
2926 4915 3010 4970 illa
3052 4899 3362 4986 permittant
3404 4921 3454 4975 in
3493 4938 3611 4992 qua:
3651 4938 3758 4992 me,

2242 5023 2256 5052 ¹
2293 5027 2399 5072 Mss.
2418 5030 2588 5072 carent
2622 5038 2743 5075 voce
2762 5023 2908 5087 quod.
2933 5033 2999 5076 Ex
3023 5029 3084 5079 iis
3107 5035 3211 5082 tres
3232 5031 3428 5089 ferunt:
3456 5034 3532 5084 sic
3555 5033 3678 5091 habe
3699 5034 3761 5093 ει-

2176 5079 2275 5130 lum
2295 5091 2559 5130 taurinum.

2196 5095 2275 5130 um
2295 5095 2537 5134 tanquam.
2547 5120 2559 5132 .

2240 5095 2275 5175 ξι
2294 5091 2876 5216 ῗῖιὲαηίῗῗιίεραρίὶωιαε,
2889 5209 2901 5216 _
2916 5148 3004 5216 qui
3019 5163 3130 5201 cum
3152 5154 3298 5216 fuerit
3321 5156 3512 5207 colonus
3535 5155 3764 5210 Ecclesiae

2174 5211 2501 5284 rei'satusest.
2516 5215 2570 5284 at
2592 5209 2768 5260 in‘Mss.
2793 5209 3068 5274 pauloalius
3080 5209 3163 5265 est
3168 5218 3426 5274 verborum
3447 5220 3587 5283 ordo,
3607 5209 3762 5284 quem

2175 5266 2253 5314 hic
2277 5269 2591 5318 restituimus.

2240 5329 2260 5395 fl
2292 5335 2398 5395 Mss.
2423 5343 2546 5388 sex;
2569 5329 2778 5395 alligari.

2237 5392 2258 5460 ξ
2290 5391 2421 5460 md"
2447 5391 2770 5455 Imperatoris.
2790 5399 2844 5444 At
2863 5400 2999 5460 Mss.,_
3015 5403 3378 5460 lmperatartmt,

2235 5451 2255 5482 ³
2292 5454 2432 5525 \atic.
2448 5451 2561 5525 tres
2581 5461 2706 5515 Mss.,
2733 5451 3246 5525 Ananyterts'iuntECorb.
3263 5451 3499 5525 etCerm.,
3517 5461 3763 5515 malimm-

2171 5510 2326 5597 εξιιηξλ
2338 5512 2573 5597 agam,
2603 5510 3182 5597 .4tttétftflfsit'u7t..$cili.ctel
3200 5521 3265 5571 de
3277 5510 3357 5596 Vss.

2171 5575 2344 5648 signia,
2369 5578 2584 5648 ιιξξξτιιτὶυ
2607 5585 2659 5648 et
2680 5576 2949 5632 Alexandro
2973 5579 3201 5648 loquitur,
3226 5584 3310 5648 qui
3332 5598 3361 5638 a
3383 5575 3652 5648 gentilibus
3669 5575 3758 5643 nt-

2170 5636 2462 5706 sticis_vallis
2479 5636 2699 5706 Anaunize
2722 5636 3059 5706 non_proeu_l_a
3076 5636 3358 5695 'trid'en'tina
3372 5636 3570 5699 civitate
3593 5636 3758 5706 licenti

2170 5703 2285 5769 sunt
2306 5699 2354 5746 in
2377 5697 2476 5769 fine
2486 5701 2679 5769 mensis
2721 5697 2932 5769 maii'an.
2955 5703 3092 5769 _597_;
3135 5706 3242 5769 sive
3265 5715 3373 5769 post
3393 5697 3579 5763 obitum

2176 5759 2425 5821 ambrosii,
2449 5767 2501 5810 ut
2523 5762 2689 5811 scribit
2709 5761 2931 5812 Paulinus
2953 5763 3002 5814 in
3025 5759 3132 5829 ejus
3153 5767 3264 5818 vita.
