4122 6350
350 359 458 416 537

349 472 580 547 petendo
605 480 659 528 et
681 468 1042 536 admonendo,
1069 482 1225 538 urges
1256 471 1542 529 volentem,
1573 476 1628 518 ct
1658 462 1942 519 ineffabili-

351 578 434 622 ter
458 566 611 638 (quia
635 579 740 620 non
766 562 1016 634 possum)
1037 561 1328 616 dolentem.
1347 558 1477 613 Cum
1500 559 1644 614 enim
1671 558 1738 612 ab
1759 570 1944 610 eorum

353 657 625 712 hominum
669 653 1077 712 necessitatibus
1119 651 1501 721 aliquantulum
1545 661 1711 713 vaco,
1741 647 1830 716 qui
1860 659 1944 699 me

350 746 428 802 sic
456 747 766 817 angariant,
797 754 855 798 ut
894 759 988 799 eos
1029 741 1174 796 nullo
1203 740 1362 798 modo
1397 740 1551 794 liceat
1579 739 1780 794 evitare
1801 776 1815 800 ,
1848 749 1948 790 nec

351 845 696 891 contemnere
725 842 969 905 oporteat
993 850 1008 898 ;
1040 848 1144 887 non
1173 831 1366 886 desunt
1389 846 1507 900 quae
1535 827 1780 884 dictauda
1807 841 1948 896 prte-

352 944 511 999 pono,
537 929 616 983 sic
644 928 696 982 in
724 926 965 981 articulis
990 933 1290 994 temporum
1322 922 1628 985 constituta,
1652 930 1710 976 ut
1736 919 1947 974 dilatio-

352 1036 474 1075 nem
517 1035 623 1074 non
662 1019 853 1074 ferant.
883 1017 1033 1073 Sicut
1063 1015 1190 1072 mihi
1232 1015 1328 1069 fuit
1365 1014 1624 1068 breviatio
1662 1000 1945 1067 Gestorum

351 1112 654 1170 collationis
685 1119 881 1165 nostra:
910 1107 1040 1163 satis
1066 1121 1312 1176 operosa,
1343 1119 1466 1161 cum
1494 1102 1731 1158 viderem
1767 1100 1944 1156 nemi-

353 1220 476 1261 nem
513 1219 574 1258 se
611 1202 749 1260 velle
790 1209 938 1256 tanto
975 1198 1155 1269 aggeri
1193 1197 1488 1253 litterarum
1529 1193 1756 1264 legendo
1795 1205 1946 1246 com-

352 1297 565 1350 mittere
590 1312 604 1348 :
629 1295 769 1353 sicut
797 1291 926 1350 mihi
955 1290 1055 1345 fuit
1081 1290 1242 1345 etiam
1271 1288 1492 1358 epistola
1523 1286 1589 1341 ad
1614 1287 1758 1357 ipsos
1781 1283 1948 1338 laicus

352 1384 665 1450 donatistas,
713 1383 781 1438 de
825 1382 925 1437 hac
970 1380 1158 1436 eadem
1205 1379 1490 1435 collatione
1537 1386 1739 1440 nostra,
1786 1389 1947 1445 quam

352 1476 513 1528 modo
550 1473 756 1544 aliquot
796 1470 1252 1527 lucubrationibus
1293 1467 1571 1525 terminavi
1605 1485 1618 1521 :
1660 1466 1798 1521 sicut
1837 1463 1949 1533 epi-

352 1566 504 1621 stolae
547 1564 666 1619 diue
705 1578 810 1620 non
855 1563 1084 1627 breves;
1125 1575 1230 1614 una
1275 1558 1341 1614 ad
1389 1557 1737 1615 Dilectionem
1780 1563 1946 1620 luam,

351 1657 518 1710 altera
543 1655 610 1708 ad
639 1655 808 1708 virum
837 1654 1101 1708 illustrem
1125 1650 1496 1717 Volusianum,
1519 1663 1651 1720 quas
1675 1662 1771 1704 vos
1796 1661 1950 1703 acce-

351 1747 495 1818 pisse
518 1745 628 1816 jam
650 1745 812 1800 credo
836 1763 850 1800 :
879 1747 1016 1800 sicut
1035 1760 1175 1800 nunc
1199 1744 1253 1799 in
1275 1742 1520 1798 manibus
1549 1741 1720 1796 habeo
1745 1739 1941 1794 librum

351 1840 419 1895 ad
461 1840 793 1896 Honoratum
824 1848 1066 1895 nostrum
1106 1838 1175 1894 de
1217 1835 1601 1909 quaestionibus
1626 1832 1946 1905 quibusdam

352 1931 584 2006 quinque
603 1977 617 2000 ,
646 1951 776 2006 quas
803 1934 932 1988 mihi
959 1931 1256 2004 proposuit,
1288 1939 1346 1986 et
1369 1945 1462 2000 per
1490 1929 1692 1984 litteras
1723 1927 1942 1981 intima-

351 2026 464 2090 vit;
491 2026 576 2080 cui
603 2042 707 2080 non
733 2026 986 2080 continuo
1008 2022 1333 2094 respondere
1359 2020 1509 2076 vides
1538 2034 1698 2091 quam
1725 2017 1949 2074 minimc

353 2124 616 2186 oporteat.
661 2114 905 2170 Charitas
946 2116 1089 2170 enim
1126 2129 1246 2184 quae
1287 2121 1538 2183 tanquam
1579 2109 1756 2164 nutrix
1803 2107 1952 2163 fovet

352 2209 493 2264 filios
538 2224 682 2274 suos,
726 2223 830 2262 non
875 2207 1062 2262 ordine
1107 2205 1344 2272 amandi,
1384 2204 1478 2259 sed
1527 2202 1717 2258 ordine
1754 2201 1952 2256 subve-

353 2300 536 2356 niendi
557 2342 572 2367 ,
602 2300 925 2356 inﬁrmiores
963 2301 1272 2356 fortioribus
1307 2299 1619 2369 anteponit,
1648 2313 1783 2369 quos
1818 2296 1949 2352 tales

352 2394 469 2448 vult
486 2408 626 2459 esse,
646 2393 831 2464 quales
848 2395 958 2462 jam
981 2394 1053 2446 illi
1075 2401 1217 2455 sunt,
1237 2407 1370 2462 quos
1393 2407 1498 2445 non
1520 2388 1938 2454 contemnendo,

354 2482 450 2538 sed
490 2482 560 2538 de
598 2483 682 2538 his
724 2483 1044 2538 conﬁdendo
1081 2483 1292 2537 interim
1339 2481 1594 2552 prteterit.
1625 2480 1784 2535 Tales
1823 2494 1952 2550 ergo

353 2575 488 2632 mihi
533 2577 880 2631 necessitates
925 2575 1158 2630 dictandi
1201 2574 1420 2644 aliquid,
1461 2572 1601 2643 quod
1641 2588 1729 2630 me
1771 2571 1837 2627 ab
1875 2571 1952 2626 eis

354 2664 735 2722 dietationibus
760 2666 1015 2736 impediat
1037 2667 1228 2737 quibus
1255 2665 1422 2735 magis
1444 2663 1741 2728 inardesco,
1765 2663 1953 2718 deesse

355 2772 464 2813 non
503 2767 750 2828 possunt,
791 2774 910 2814 cum
963 2757 1234 2828 paululum
1283 2756 1438 2827 spatii
1485 2755 1576 2812 vix
1618 2754 1775 2810 datur
1816 2754 1955 2808 inter

357 2862 580 2906 acervos
609 2852 1016 2920 occupationum
1035 2891 1050 2916 ,
1081 2849 1272 2921 quibus
1297 2863 1396 2904 nos
1423 2847 1611 2903 alieme
1638 2846 1720 2902 vel
1745 2845 1955 2915 cupidi-

358 2949 498 2996 tates
524 2941 610 2997 vel
638 2941 989 2996 necessitates
1020 2940 1322 3010 angariatos
1354 2939 1571 2994 trahunt
1597 2955 1610 2992 :
1639 2945 1694 2992 et
1723 2935 1848 3008 quid
1875 2937 1954 2991 fa-

358 3031 497 3086 ciam
529 3045 747 3102 prorsus
780 3033 983 3087 nescio.

431 3123 486 3179 4.
529 3123 739 3178 Audisti
767 3123 906 3179 unde
931 3137 1142 3178 mecum
1170 3122 1451 3177 Dominum
1479 3120 1824 3191 depreceris:
1861 3117 1956 3174 sed

359 3216 521 3272 etiam
548 3215 690 3287 quod
721 3225 826 3271 tam
858 3216 1119 3272 instanter
1139 3225 1193 3270 et
1218 3224 1323 3270 tam
1352 3215 1543 3270 crebro
1559 3230 1656 3279 me
1677 3213 1954 3280 admones,

361 3307 490 3363 nolo
514 3321 721 3374 cesses,
754 3323 860 3362 non
901 3308 1033 3361 nihil
1071 3321 1254 3378 agens.
1288 3304 1620 3361 Commendo
1657 3305 1818 3361 etiam
1858 3319 1959 3376 ego

359 3397 711 3454 Excellentiae
748 3406 851 3452 tua:
892 3398 1186 3453 Ecclesium
1230 3396 1282 3450 in
1309 3394 1556 3451 Numidia
1589 3395 1956 3460 constitutam,

361 3498 588 3560 propter
615 3489 764 3558 cujus
798 3490 1147 3544 necessitates
1176 3498 1391 3542 sanctus
1419 3488 1580 3542 frater
1605 3498 1661 3543 et
1685 3487 1960 3557 coepisco-

361 3593 466 3648 pus
493 3593 643 3634 meus
673 3578 965 3648 Delphinus
1006 3595 1037 3634 a
1067 3579 1320 3634 fratribus
1350 3590 1404 3633 et
1433 3579 1767 3648 coepiscopis
1798 3578 1954 3644 meis,

363 3669 435 3722 ibi
465 3659 918 3725 eollaborantibus
949 3681 1006 3726 et
1034 3670 1601 3740 compericlitantibus,
1633 3670 1829 3724 missus
1856 3678 1957 3725 est.

361 3759 473 3816 Nec
511 3760 577 3814 de
617 3761 717 3816 hac
758 3777 816 3816 re
850 3761 1002 3832 plura
1044 3762 1244 3827 scribo,
1273 3776 1394 3814 eum
1434 3761 1604 3828 ipsum
1642 3769 1958 3829 praesentem

345 3851 441 3906 'sis
464 3853 762 3906 auditurus.
794 3852 1002 3908 Caetera
1034 3854 1085 3907 in
1115 3853 1549 3908 Commonitoriis
1578 3853 1814 3907 invenies
1839 3868 1959 3923 quae

364 3941 433 3996 ad
459 3943 826 4014 presbyterum
857 3943 1006 4007 misi,
1036 3942 1148 3998 sive
1179 3943 1338 3996 modo
1357 3985 1372 4008 ,
1400 3943 1511 3996 sive
1547 3959 1640 4012 per
1668 3941 1951 3996 diaconum

365 4034 736 4105 Peregrinum,
782 4051 848 4089 ne
895 4034 1024 4088 mihi
1065 4051 1126 4089 ea
1174 4035 1329 4089 toties
1377 4034 1570 4089 iterare
1609 4048 1830 4089 necesse
1869 4033 1958 4088 sit.

365 4122 596 4193 Semper
626 4126 680 4179 in
716 4125 925 4179 Christo
966 4141 1060 4180 cor
1099 4133 1245 4179 tuum
1276 4125 1485 4194 vigeat,
1518 4123 1733 4178 domine
1771 4124 1962 4179 merito

368 4216 614 4285 insignis,
648 4216 976 4286 multumque
1016 4216 1328 4270 charissime
1369 4231 1431 4270 ac
1474 4214 1962 4270 desiderantissime

366 4306 462 4360 fili.
485 4305 676 4360 Filium
699 4317 936 4360 nostrum
959 4306 1233 4361 Ruflinum
1255 4307 1552 4360 Cirtensem
1575 4306 1591 4336 ί
1619 4305 1963 4376 principalem

363 4398 682 4460 commendo
703 4398 1010 4454 Eximietati
1037 4407 1161 4452 tute.

723 4511 812 4570 DE
848 4511 1212 4580 SEQUENTE
1251 4508 1581 4565 EPISTOLA
1593 4547 1608 4560 .

683 4604 818 4678 (LIB.
860 4621 897 4660 ιι
936 4619 1222 4669 ιιετιιιιετη
1262 4619 1381 4660 ειη).
1424 4599 1652 4671 xxxvr.)

440 4694 518 4749 Eo
547 4696 658 4765 ipso
688 4705 913 4765 tempore
931 4738 945 4760 ,
980 4713 1078 4766 quo
1107 4705 1282 4751 contra
1321 4694 1618 4750 Donatistas
1647 4693 1963 4748 uehementer

363 4788 720 4849 exercebamur
739 4828 754 4852 ,
791 4795 835 4840 et
865 4796 1040 4840 contra
1073 4785 1378 4856 Pelagianos
1419 4785 1637 4839 exerceri
1659 4786 1771 4855 jam
1797 4799 1962 4852 caepe-

363 4893 539 4930 ramus
572 4875 668 4950 (a),
692 4877 885 4931 amicus
913 4877 1122 4948 quidam
1151 4877 1274 4930 mihi
1300 4876 1434 4930 misit
1454 4877 1669 4945 quinque
1687 4891 1718 4928 a
1741 4873 1958 4928 Cartha-

363 4969 484 5046 gine
507 4969 827 5038 quaestiones,
860 4978 905 5022 et
931 4969 1125 5039 rogavit
1155 4977 1208 5022 ut
1237 4985 1322 5022 eas
1349 4968 1425 5020 illi
1454 4965 1715 5021 scribendo
1739 4981 1961 5035 expone-

361 5079 472 5115 rem
495 5079 514 5128 ,-
535 5078 648 5130 qua:
675 5070 787 5116 sunt
812 5077 830 5115 :
856 5061 990 5127 Quid
1017 5061 1112 5116 sibi
1137 5061 1250 5114 velit
1279 5076 1374 5114 vox
1401 5060 1491 5113 illa
1517 5059 1743 5124 Domini,
1773 5074 1791 5108 ι
1825 5057 1962 5111 Deus

363 5170 529 5217 meus,
548 5153 683 5208 Deus
701 5152 1054 5222 meus,utquid
1080 5167 1158 5204 me
1183 5150 1490 5216 dereliquisti
1512 5169 1529 5202 ι
1551 5148 1764 5220 (Matth.
1783 5163 1958 5214 xxv",

433 5265 450 5294 ι
486 5262 742 5326 Bathittm.
781 5267 857 5326 Er.
881 5268 934 5311 et
979 5266 1235 5326 tres
1279 5259 1488 5326 habent,
1537 5255 1827 5326 circensem.
1873 5253 1962 5326 alii

361 5336 545 5373 omnes
580 5323 688 5372 libri
715 5362 730 5383 ,
757 5322 1022 5386 Cirtensem
1045 5319 1370 5386 Principalem
1380 5333 1406 5386 ;_
1419 5320 1465 5368 id
1492 5326 1571 5386 est
1610 5319 1818 5386 civitatis
1861 5319 1962 5366 Cir-

362 5387 526 5456 tensis
542 5380 817 5456 primarium
840 5384 1191 5456 magistratum,
1202 5380 1272 5431 uti
1297 5383 1437 5453 nobis
1458 5381 1655 5456 quidem
1668 5380 1896 5456 nvidetur.

431 5448 505 5518 (α)
525 5440 763 5518 ﬂaverat-3»
784 5440 1065 5518 Pelagianis
1097 5440 1326 5518 οιεὶνοενί
1349 5440 1962 5518 οωρέΨιὲιίΑἷείεοὲρέξιὶἱ·

359 5501 784 5580 ωόιίᾼειεηοέην
810 5501 1040 5580 emine:
1071 5520 1168 5580 ιιιιο
1182 5506 1282 5580 iam
1298 5501 1964 5580 ιεξιξξιέιιτςείξέἓξιί,ίέ³ίξῐξῑι1ιῖ

359 5559 467 5618 mni
498 5559 782 5618 caelestium
808 5565 862 5617 in'
890 5559 1252 5631 Canhaginens‘t
1285 5559 1486 5631 concilio
1513 5559 1775 5631 iudicatum
1791 5559 1962 5631 fuisse

358 5632 576 5698 produnt
596 5638 765 5698 Patres
790 5631 958 5698 synodi
989 5624 1192 5698 alter-ius
1216 5624 1612 5698 cartilaginosis
1640 5625 1750 5673 amni
1778 5624 1888 5698 4‘16,
1910 5624 1962 5698 in

360 5686 701 5755 Epistolarqua:
719 5692 796 5741 hic
813 5686 943 5742 edita
961 5697 1037 5740 est
1055 5691 1162 5750 175,
1181 5689 1265 5755 ubi
1284 5687 1341 5736 ad
1361 5686 1687 5738 Innocentium
1710 5686 1928 5755 scribunt
1946 5699 1959 5734 :

365 5746 547 5804 (unde
570 5746 746 5802 factum
765 5761 858 5814 est,
878 5760 933 5802 ut
961 5746 1317 5814 recensendum
1350 5746 1810 5814 putaremus_,_quid
1845 5753 1960 5814 ante

367 5833 394 5871 s
417 5815 574 5871 ferme
603 5807 989 5880 quimuen'niutn
1013 5825 1163 5876 super
1420 5807 1725 5863 nouune‘hic’
1741 5807 1868 5872 apud
1885 5814 1962 5860 Eo-

1518 344 1995 404 EPIS'I‘OLAHUM
2033 344 2304 402 CLXSSIS
2344 345 2428 402 Ill.

3527 349 3635 410 52:8

2050 462 2189 529 46)?
2215 472 2260 517 et
2287 463 2409 532 quid
2433 463 2499 518 sit
2537 461 2671 531 quod
2708 463 2780 516 ait
2809 461 3098 534 Apostolus,
3137 481 3156 514 s
3193 475 3262 519 Ut
3300 464 3354 518 in
3395 465 3643 523 chariton

2050 552 2265 605 radicati
2309 562 2356 606 et
2399 552 2601 622 fundali
2621 595 2636 616 ,
2689 553 3000 624 prarvaleatis
3051 554 3471 626 comprehendere
3515 571 3634 610 cunt

2051 643 2282 698 omnibus
2316 647 2501 700 sanctis
2525 661 2637 716 qua:
2673 645 2737 704 sit
2769 647 3011 712 latitudo,
3048 658 3095 700 et
3123 646 3405 718 longitudo,
3442 657 3490 702 et
3516 648 3638 702 alti-

2053 737 2196 802 tudo,
2221 746 2268 790 et
2298 739 2616 808 profundum
2643 739 2659 807 (
2685 737 2823 808 Eph.
2856 754 2934 802 ιιι,
2978 738 3066 804 Π,
3105 736 3169 793 18
3193 739 3209 804 )
3237 756 3250 792 :
3281 756 3300 791 ι
3335 747 3380 792 et
3404 755 3518 810 qua
3539 740 3640 795 sint

2051 830 2270 900 quinque
2290 831 2500 900 virgines
2521 830 2707 899 stulla',
2725 848 2894 905 qurere
2909 833 3157 901 sapientes
3178 829 3387 906 (Matth.
3407 848 3540 898 xxv,
3555 831 3636 904 2):

2053 930 2098 974 el
2123 937 2236 990 ante
2259 920 2358 974 sint
2389 924 2603 976 tenebrae
2630 923 2896 976 exteriores
2925 922 2943 994 (
2969 920 3052 976 Id.
3093 939 3232 987 xm,
3262 924 3370 995 15)
3397 942 3409 976 :
3438 932 3486 978 et
3509 940 3640 995 quo-

2053 1011 2203 1065 modo
2249 1011 2628 1083 intelligendum
2672 1014 2756 1080 sil,
2788 1031 2806 1063 t
2850 1012 3066 1067 Verbum
3114 1030 3232 1068 caro
3279 1017 3471 1086 factum
3515 1023 3590 1069 est
3615 1033 3635 1068 ι

2054 1103 2243 1175 (Joan.
2275 1121 2321 1168 ι,
2357 1103 2480 1176 14).
2526 1104 2634 1176 Ego
2673 1115 2838 1159 autem
2874 1106 3072 1161 intuens
3107 1107 3449 1178 supradiclam
3483 1107 3643 1162 luere-

2051 1195 2168 1258 sim,
2196 1210 2376 1249 novam
2404 1194 2661 1249 inimicam
2689 1198 2867 1267 gratia:
2891 1195 3008 1265 Dei,
3032 1207 3225 1251 sextam
3249 1197 3374 1250 mihi
3401 1199 3642 1269 proposui

2052 1290 2376 1356 quaestionem
2403 1288 2467 1343 de
2493 1289 2660 1360 gratia
2691 1287 2993 1343 Testamenti
3028 1287 3179 1342 Novi.
3216 1287 3295 1343 De
3332 1306 3431 1361 qua
3459 1289 3641 1359 dispu-

2053 1388 2166 1435 tans
2189 1422 2204 1443 ,
2231 1381 2526 1451 interposita
2553 1382 2864 1452 expositione
2893 1382 3074 1452 psalmi
3117 1381 3339 1436 vicesimi
3367 1383 3557 1453 primi,
3587 1383 3640 1436 in

2054 1475 2198 1543 cujus
2222 1473 2386 1542 capite
2413 1473 2656 1544 scriptum
2689 1482 2761 1528 est
2800 1473 2935 1542 quod
2977 1472 3225 1528 Dominus
3262 1472 3563 1528 exclamavit
3590 1473 3644 1527 in

2053 1581 2200 1619 cruce
2217 1606 2232 1630 ,
2271 1564 2407 1635 quod
2429 1563 2518 1618 ille
2540 1566 2734 1619 amicus
2773 1565 2828 1618 in
2853 1564 3029 1636 primis
3057 1565 3181 1618 mihi
3204 1564 3464 1637 proposuit
3488 1580 3646 1634 expo-

2055 1655 2316 1721 nendum;
2345 1655 2516 1710 omnia
2555 1654 2648 1710 illa
2687 1655 2908 1726 quinque
2938 1653 3146 1709 dissolvi
3163 1696 3178 1720 ,
3219 1671 3321 1709 non
3350 1655 3444 1709 hoc
3468 1655 3646 1710 ordine

2053 1764 2152 1818 quo
2180 1757 2321 1802 erant
2357 1748 2636 1819 proposita,
2671 1747 2761 1803 sed
2787 1748 2918 1802 sicut
2945 1747 3071 1801 mihi
3097 1746 3358 1801 disserenti
3381 1745 3444 1800 de
3479 1745 3647 1818 gratia

2055 1840 2193 1896 Novi
2217 1840 2541 1906 Testamenli,
2567 1851 2806 1912 tanquam
2831 1842 2934 1898 suis
2960 1843 3082 1896 locis
3107 1850 3442 1914 congruenter
3467 1857 3647 1896 occur-

2053 1951 2163 1990 rere
2191 1943 2480 2005 potuerunt.
2528 1934 2625 1988 Hic
2653 1935 2780 1990 liber
2813 1937 2887 1989 sic
2924 1935 3145 2006 incipit:
3187 1954 3206 1988 ι
3253 1935 3484 2006 Quinque
3519 1933 3645 1988 mihi

2056 2028 2361 2098 proposuisti
2387 2027 2675 2082 tractandas
2693 2028 2710 2059 ¹
2738 2028 3056 2098 qumsliones.
3090 2047 3108 2080 ι

2079 2170 2184 2230 DE
2230 2169 2534 2231 GRATIA
2574 2168 2769 2230 NOVI
2811 2168 3325 2230 TESTAMENTI
3368 2119 3648 2242 manu:

2809 2269 2905 2310 εευ

2519 2352 2851 2409 EPISTOLA
2892 2351 3185 2423 exuta)

2056 2445 2366 2516 Augustinus
2393 2444 2675 2511 Honorato,
2702 2443 3010 2514 respondens
3025 2444 3094 2496 ad
3119 2444 3257 2497 illius
3271 2443 3491 2514 quinque
3509 2457 3652 2512 quar-

2128 2524 2314 2579 stiones
2340 2543 2353 2579 :
2377 2533 2558 2594 praeter
2577 2540 2736 2594 quas,
2779 2533 2972 2578 sextam
2999 2523 3094 2577 sibi
3129 2521 3238 2592 ipse
3277 2522 3546 2593 proponit,
3586 2522 3652 2576 de

2128 2603 2294 2676 gratia
2320 2602 2455 2657 Novi
2475 2601 2802 2663 Testamenti.
2825 2603 3066 2656 adversus
3092 2599 3400 2672 Pelagianos
3424 2609 3652 2653 tractan-

2129 2681 2247 2735 dam
2262 2697 2281 2744 ;
2305 2691 2350 2734 et
2376 2681 2626 2751 psalmum
2653 2681 2942 2736 vicesimum
2962 2679 3182 2751 primunt
3204 2679 3273 2732 ad
3301 2694 3412 2733 eam
3439 2695 3544 2733 rem
3569 2687 3654 2734 to-

2129 2771 2234 2815 tum
2255 2762 2633 2828 interpretatur.

2131 2853 2183 2908 l.
2206 2852 2452 2922 Quinque
2471 2851 2600 2907 mihi
2631 2852 2952 2922 proposuisti
2981 2850 3380 2923 pe'rtractandas
3398 2849 3658 2920 quamiu-

2060 2960 2158 3012 nes
2196 2956 2354 3015 atque
2390 2943 2710 3009 solvendas,
2753 2943 3098 2999 dilectissime
3123 2943 3194 2998 mi
3222 2941 3387 2997 frater
3417 2941 3657 2997 llonora-

2063 3048 2113 3092 te
2135 3036 2232 3107 (b),
2259 3035 2382 3090 hinc
2411 3036 2532 3091 inde
2553 3044 2754 3105 raptas,
2783 3036 2920 3090 sicut
2945 3045 2996 3090 te
3022 3034 3105 3090 vel
3126 3034 3388 3106 legentem
3418 3047 3656 3098 movere.

2060 3128 2144 3183 vel
2173 3127 2422 3198 cogitanti
2457 3126 2549 3180 tibi
2581 3127 2632 3180 in
2665 3136 2894 3180 mentem
2939 3124 3118 3180 venire
3147 3130 3472 3194 potuerunt,
3512 3131 3568 3178 et
3602 3124 3658 3180 in

2062 3227 2404 3289 conSpectum
2427 3234 2601 3272 meum
2625 3209 2767 3272 fusas
2787 3215 3015 3288 quodam
3042 3215 3219 3270 modo.
3244 3213 3486 3282 Quarum
3514 3215 3662 3269 solu-

2063 3310 2262 3365 tionem
2291 3310 2336 3365 si
2367 3310 2524 3365 velim
2552 3307 2867 3364 disserendo
2895 3307 3162 3371 ordinare,
3187 3321 3294 3361 non
3323 3315 3380 3360 ut
3409 3305 3656 3376 carptim,

2063 3402 2202 3458 sicut
2237 3402 2522 3472 prepositze
2553 3409 2716 3468 sunt,
2747 3400 2813 3456 de
2840 3399 3060 3470 singulis
3097 3399 3356 3454 disseram
3376 3441 3391 3464 ,
3421 3397 3518 3454 sed
3552 3413 3662 3454 uno

2065 3493 2294 3562 quodam
2321 3502 2504 3547 tenore
2530 3491 2792 3546 sermonis
2819 3507 2908 3546 eas
2930 3493 3066 3545 inter
3086 3506 3143 3545 se
3163 3497 3475 3546 connectam
3500 3498 3662 3561 atque

2064 3594 2365 3648 contexunt,
2397 3583 2612 3640 difficile
2640 3599 2774 3654 Opus
2814 3576 3054 3647 videtur;
3088 3591 3144 3638 et
3170 3592 3347 3640 tamen
3377 3590 3507 3654 puto
3532 3580 3663 3638 faci-

2066 3677 2168 3730 lius
2197 3692 2289 3731 eas
2320 3676 2473 3738 solvi,
2505 3676 2546 3729 si
2581 3677 2680 3729 hoc
2710 3675 2904 3729 ἴσαμι-ιι.
2944 3673 3171 3730 Invicem
3213 3673 3412 3746 quippe
3437 3673 3662 3746 adjuva-

2066 3766 2228 3833 bunt,
2261 3767 2304 3821 si
2336 3766 2501 3821 altera
2533 3765 2776 3835 pendebit
2822 3766 2884 3820 et
2920 3765 3084 3820 altera
3107 3807 3122 3830 ,
3157 3765 3331 3822 donec
3353 3779 3544 3822 omnes
3571 3782 3664 3822 ve-

2067 3860 2214 3913 niant
2239 3859 2288 3912 in
2316 3860 2508 3914 seriem
2532 3859 2922 3929 disputationis,
2947 3874 3050 3914 non
3073 3859 3377 3929 singillatim
3401 3860 3664 3932 separatis

2066 3951 2220 4018 locis,
2263 3951 2414 4022 quasi
2446 3968 2776 4022 unaquaeque
2808 3952 2859 4006 in
2888 3967 2982 4006 sua
3014 3951 3213 4023 privata
3243 3952 3540 4008 intentione
3563 3953 3664 4008 ha-

2066 4042 2218 4108 bitet,
2252 4043 2343 4096 sed
2373 4058 2534 4097 unum
2573 4042 2770 4112 aliquid
2799 4042 3093 4108 intuentes,
3135 4050 3189 4097 et
3227 4057 3391 4098 unum
3423 4043 3664 4098 collabo-

2065 4143 2245 4188 rantes
2270 4133 2450 4187 sociali
2480 4134 2706 4198 ratione,
2737 4141 2789 4187 et
2819 4132 3085 4187 individua
3111 4132 3356 4188 veritate.

2139 4225 2289 4281 CAP.
2310 4223 2572 4279 PRIMUM
2581 4224 2720 4278 .-—2.
2742 4224 2958 4277 Voluisti
2982 4239 3107 4294 ergo
3126 4233 3177 4279 et
3198 4223 3397 4294 scripto
3417 4238 3662 4279 commo-

2070 4319 2226 4373 nuisti
2249 4318 2439 4388 exponi
2463 4327 2620 4386 atque
2642 4316 2835 4388 aperiri
2865 4316 2991 4383 tibi,
3015 4315 3139 4387 quid
3164 4316 3263 4371 sibi
3287 4317 3415 4372 velit
3442 4332 3543 4372 vox
3566 4316 3655 4371 illa

2070 4411 2299 4475 Domini,
2324 4408 2462 4462 Deus
2485 4425 2644 4474 meus,
2668 4407 2803 4462 Deus
2825 4425 2984 4474 meus,
3001 4418 3054 4461 ut
3071 4408 3195 4474 quid
3218 4424 3296 4462 me
3312 4404 3622 4480 dereliquisti
3635 4409 3662 4463 .’

2070 4512 2121 4556 et
2139 4501 2262 4572 quid
2287 4501 2354 4555 sit
2372 4499 2510 4570 quod
2531 4499 2814 4569 Apostolus
2834 4500 2926 4566 ait,
2951 4499 3017 4554 Ut
3044 4499 3094 4553 in
3121 4498 3598 4554 charilateradicali
3613 4508 3662 4555 el

2067 4595 2289 4667 fundati,
2315 4594 2628 4666 praevalentis
2652 4593 3071 4664 comprehendere
3088 4609 3200 4647 cum
3222 4593 3451 4648 omnibus
3471 4595 3661 4649 sanctis

2067 4702 2179 4758 qua:
2233 4687 2298 4739 sit
2353 4683 2605 4747 latitudo,
2651 4685 2950 4755 longitudo,
2997 4684 3214 4739 altitudo
3255 4693 3301 4738 et
3343 4683 3659 4755 profundum

2075 4833 2097 4862 s
2114 4815 2311 4864 clesiam
2327 4812 2752 4875 Carthaginensem
2771 4811 2917 4861 fuerit
2931 4812 3182 4874 agitatum,
3199 4829 3237 4875 r_
3249 4813 3481 4875 etc._ltuic
3495 4819 3658 4863 autem

2089 4878 2140 4924 ιγί
2159 4877 2213 4924 :ri
2234 4874 2435 4924 concilio
2456 4873 2548 4922 ιιόιι
2574 4873 2790 4936 interfuit
2808 4873 3116 4936 Augustinus,
3139 4873 3204 4924 ex
3226 4873 3310 4922 lib.
3332 4873 3364 4923 2
3387 4881 3592 4924 netract.
3610 4887 3657 4924 c.

2089 4891 2140 4924 )l'l
2159 4891 2213 4924 ll‘l
2234 4891 2435 4924 CODCIIIO
2456 4891 2548 4922 110!)
2574 4891 2790 4922 llllcrlllll
2808 4891 2880 4928 Au;

2065 4891 2146 4997 g3,
2171 4943 2222 4987 et
2246 4951 2310 4986 ex
2331 4937 2413 4986 lib.
2434 4937 2498 4985 de
2514 4936 2669 4983 Cestis
2688 4935 2880 4997 Pelagii.

2133 4994 2148 5031 ί
2178 4999 2372 5061 videtur
2399 4998 2696 5061 Augustinus
2715 4994 2866 5060 prima
2892 4996 3108 5061 epistolae
3133 4996 3223 5061 HQ
3246 4997 3395 5047 verba
3425 4994 3658 5061 retulisse

2067 5063 2228 5111 minus
2248 5057 2608 5110 fitleliterfn‘am
2628 5093 2642 5118 ,
2669 5057 2784 5108 licet
2806 5057 2979 5109 omnes
2999 5059 3110 5107 l-de.
3138 5061 3186 5108 in
3210 5057 3316 5107 loco
3348 5059 3658 5108 ltetraetatio—

2067 5139 2181 5173 num
2204 5123 2282 5171 hic
2303 5123 2450 5171 citato
2469 5123 2706 5180 habeant,
2731 5120 3010 5171 tractandas
3026 5159 3040 5183 ,
3066 5121 3212 5170 iidem
3234 5121 3370 5171 initio
3401 5121 3546 5183 epist.
3573 5133 3658 5171 se-

2067 5186 2269 5250 quentis
2286 5185 2449 5250 terunt
2469 5183 2870 5250 pertractandos._
2917 5189 2976 5233 Μ.

2133 5251 2148 5264 '
2185 5254 2235 5296 tu
2257 5246 2402 5306 hujus
2438 5240 2754 5306 castigatione
2799 5247 2872 5294 usi
2904 5257 3074 5294 sumus
3116 5242 3202 5356 lig.
3225 5240 3298 5293 bl.
3323 5244 3407 5294 bu.
3431 5256 3504 5293 cc.
3530 5241 3578 5291 If.
3602 5257 3655 5308 ε.

2157 5309 2234 5356 sb.
2259 5308 2415 5356 tribus
2435 5310 2514 5356 ab.
2541 5309 2698 5356 tribus
2730 5321 2773 5356 r.
2807 5307 2997 5356 duobus
3031 5319 3106 5356 vc.
3183 5307 3342 5356 uobus
3361 5321 3409 5356 v.
3455 5312 3508 5356 et
3551 5314 3654 5356 Am.

2067 5323 2132 5358 ιιι.
2157 5309 2236 5359 sb.
2259 5308 2415 5356 tribus
2435 5310 2514 5358 cb.
2541 5309 2698 5356 tribus
2730 5321 2773 5356 r.
2807 5307 2997 5357 duobus
3031 5319 3106 5356 vc.
3150 5307 3342 5356 duobus
3361 5321 3409 5356 v.
3455 5312 3508 5356 et
3551 5307 3654 5356 Am.

2510 5444 2620 5493 qua:
2637 5437 2803 5480 autem
2830 5430 2916 5481 HO
2935 5438 3056 5486 erat,
3074 5443 3202 5480 nunc
3223 5427 3333 5480 280.
3361 5429 3542 5492 Scripta
3560 5435 3658 5480 sta-

2065 5502 2153 5546 tim
2172 5502 2280 5555 post
2294 5502 2615 5555 SUperiorem.
2801 5554 2805 5555 ί
3061 5518 3065 5521 »

2129 5550 2481 5620 (ιὴλιιυιιῡῦιιωξ
2489 5556 2728 5620 paptismo
2745 5554 2959 5604 initiatus
2974 5553 3186 5620 nondum
3205 5559 3329 5620 erat,
3345 5559 3403 5603 ut
3417 5550 3574 5620 liquet
3591 5565 3657 5603 ex

2064 5615 2187 5666 libri
2206 5618 2350 5680 hujus
2374 5629 2418 5666 c.
2456 5617 2531 5675 19,
2556 5615 2605 5665 ιι.
2629 5615 2898 5680 48ἷ-ριιδιρει
2935 5628 3051 5680 vero
3084 5615 3143 5664 ad
3176 5615 3466 5680 presbyterii
3483 5626 3660 5680 munus

2067 5676 2385 5733 evectus'est:
2405 5680 2495 5727 nisi
2517 5681 2638 5728 forte
2658 5678 2836 5728 fallitur
2851 5676 3276 5739 Cassiodorus,qui
3296 5676 3346 5739 iri
3362 5676 3448 5725 lib.
3467 5677 3532 5726 de
3551 5677 3656 5726 Div.

2064 5746 2211 5805 Lech,
2239 5753 2281 5789 c.
2306 5740 2383 5798 l6,
2420 5741 2485 5790 ait
2505 5755 2627 5805 opus
2661 5741 2787 5792 istud
2825 5741 3057 5802 scriptum
3087 5735 3238 5800 ι’υῷδό
3272 5735 3335 5796 ad

2063 5804 2422 5866 presbyterwn.
