4014 6338
465 403 572 462 539

467 519 684 594 (Ephes.
712 530 791 579 tu,
822 512 908 584 l7)
936 529 950 566 :
980 517 1034 565 et
1056 521 1173 580 qua:
1202 503 1308 558 sint
1333 498 1561 594 virgines
1589 490 1831 594 quinque
1848 486 2049 594 stultae,

465 579 651 685 quisve
676 579 945 677 sapientes
969 579 1178 674 (Matth.
1202 610 1329 659 xxv,
1355 590 1410 662 9.)
1433 608 1445 643 :
1465 598 1521 644 et
1541 600 1667 685 quae.
1684 579 2052 685 sint-tenebrat

466 671 761 760 exteriores
784 671 993 770 (Matth.
1010 706 1142 753 mi,
1162 688 1253 756 15)
1271 703 1286 740 :
1303 693 1356 739 et
1371 678 1638 767 quomodo
1655 671 2053 744 intelligendum

467 796 557 859 sit,
586 769 802 846 Verbum
820 802 938 842 caro
959 788 1148 856 factum
1167 787 1238 833 est
1264 776 1439 848 (Joan.
1462 789 1501 838 ι,
1524 769 1635 839 ﬂ).
1660 769 1750 823 Ha:
1768 776 1890 821 sunt
1906 770 2055 859 certe

467 854 703 962 quinque
731 891 838 937 tam
873 854 1103 933 breviter
1128 887 1157 927 a
1183 886 1270 925 me
1292 870 1742 962 commemoratae,
1766 870 1924 962 quam
1961 854 2057 909 abs

470 948 521 1037 te
549 948 832 1049 propositae
861 967 1198 1041 qumstiones.
1233 958 1460 1016 Proinde
1491 956 1535 1011 si
1567 954 1760 1050 placet,
1799 948 2056 1050 addamus

470 1082 524 1127 et
549 1045 753 1125 sextam
772 1104 792 1131 ,
816 1070 871 1118 et
900 1058 1029 1117 illud
1059 1054 1392 1127 potissimum
1435 1047 1801 1118 requiramus,
1841 1054 1961 1110 quae
1986 1045 2060 1093 sit

470 1162 636 1235 gratia
665 1158 796 1214 Novi
823 1148 1171 1209 Testamenti.
1209 1146 1356 1203 llanc
1386 1155 1573 1197 omnes
1598 1138 1703 1235 illa:
1730 1137 2055 1196 intueantur,

471 1230 523 1309 et
544 1254 595 1307 in
623 1250 783 1315 hanc,
811 1254 869 1303 ut
894 1252 1191 1316 opportune
1215 1249 1440 1309 qumque
1469 1230 1719 1303 potuerit,
1745 1241 1879 1297 opus
1900 1238 2055 1280 suum

469 1345 712 1402 coniferat
742 1339 932 1405 nobis;
975 1352 1079 1391 non
1106 1349 1173 1390 eo
1201 1330 1404 1387 scilicet
1430 1325 1639 1390 ordine,
1666 1335 1774 1393 quo
1799 1333 1890 1374 eas
1917 1325 1974 1372 ut
2002 1324 2059 1371 tu

470 1432 815 1509 pr0posuisti,
840 1436 894 1486 et
912 1442 1013 1498 ego
1040 1422 1260 1485 recolui,
1288 1418 1381 1475 sed
1410 1428 1737 1485 unaquaeque
1740 1425 1876 1509 sum
1903 1407 2065 1509 fuerit

472 1498 794 1588 necessaria,
840 1520 981 1576 velut
1012 1525 1197 1572 vocata
1242 1509 1588 1582 respondeat,
1618 1510 1673 1562 et
1698 1502 1934 1559 officium
1977 1498 2059 1555 sui

470 1620 651 1694 operis
677 1615 916 1685 impleat.
946 1611 1084 1681 Ergo
1112 1608 1185 1664 ita
1214 1610 1462 1661 nascatur
1481 1597 1779 1694 etordium.

543 1683 768 1767 CAPUT
794 1703 989 1761 ll.——5.
1015 1702 1106 1758 Est
1126 1697 1368 1770 quaadam
1391 1693 1497 1748 vita
1516 1688 1749 1745 hominis
1765 1683 2066 1765 carnalibus

474 1801 721 1858 sensibus
747 1796 1031 1866 implicata,
1066 1788 1274 1862 gaudiis
1316 1784 1616 1841 carnalibus
1645 1779 1844 1845 dedita,
1873 1790 2066 1832 carna-

475 1897 581 1951 lem
612 1891 838 1962 fugitans
863 1885 1236 1947 offensionem,
1262 1880 1696 1947 voluptatemque
1726 1878 2064 1962 consectans.

476 1984 646 2054 llujus
672 1958 797 2035 vita:
825 1977 1049 2032 felicitas
1088 1969 1397 2041 temporalis
1426 1974 1509 2023 est
1535 1983 1549 2020 :
1578 1966 1644 2020 ab
1676 1963 1777 2017 bac
1804 1961 1913 2054 vita
1938 1958 2070 2054 inei-

481 2050 611 2147 pere
647 2068 979 2129 necessitatis
1005 2072 1109 2131 est,
1154 2065 1206 2117 in
1238 2078 1298 2117 ea
1339 2059 1628 2130 persistere
1661 2052 1965 2147 voluntatis.
2010 2050 2067 2147 In

477 2140 580 2224 hac
604 2166 803 2237 quippe
826 2177 891 2217 ex
922 2170 1073 2215 utero
1099 2156 1284 2211 matris
1314 2150 1491 2207 infans
1519 2147 1774 2210 funditur,
1804 2142 1963 2213 hujus
1987 2140 2067 2196 of-

481 2260 755 2316 fensiones
782 2262 1036 2325 quantum
1067 2258 1241 2320 potest
1271 2244 1501 2315 refugit,
1543 2241 1701 2310 hujus
1746 2237 1950 2309 appetit
1975 2249 2072 2289 vo-

481 2354 749 2421 luptates;
782 2346 912 2400 nihil
931 2342 1159 2413 amplius
1186 2339 1345 2393 valet.
1368 2335 1473 2393 Sed
1504 2344 1845 2405 posteaquam
1866 2326 2074 2421 venerit

480 2444 533 2497 in
547 2417 773 2495 natalem
803 2451 908 2507 qua
930 2435 983 2489 in
1010 2448 1075 2490 eo
1100 2429 1321 2486 rationis
1342 2441 1471 2483 usus
1499 2424 1732 2495 evigilet,
1766 2419 1960 2491 poterit
1982 2417 2083 2474 ad-

477 2533 598 2603 juta
627 2528 884 2583 divinitus
910 2524 1186 2579 voluntate
1219 2520 1416 2590 eligere
1440 2515 1662 2571 alteram
1689 2511 1852 2566 vitam
1875 2550 1890 2575 ,
1923 2508 2075 2603 cujus

480 2600 534 2680 in
561 2632 740 2679 mente
766 2618 1014 2691 gaudium
1043 2624 1145 2679 est,
1173 2614 1327 2683 cujus
1353 2612 1561 2665 interna
1588 2615 1751 2676 atque
1782 2611 1981 2658 teterna
2009 2600 2086 2657 fe-

484 2718 673 2775 licitas.
701 2712 847 2768 Inest
880 2710 1076 2781 quippe
1106 2706 1308 2761 homini
1332 2704 1508 2758 anima
1540 2699 1834 2763 rationalis,
1873 2698 1967 2754 sed
1994 2699 2045 2752 in
2065 2723 2090 2738 -

484 2815 652 2866 tcrest
675 2802 917 2876 ejusdem
955 2797 1177 2855 rationis
1210 2810 1309 2851 usu
1334 2795 1351 2825 ί
1377 2807 1607 2864 quonam
1634 2791 1810 2861 potius
1842 2790 2082 2844 volunta-

497 2915 603 2957 tem
634 2905 910 2956 convertat
931 2912 946 2962 ;
964 2905 1141 2949 utrum
1169 2891 1235 2946 ad
1262 2892 1402 2946 bona
1430 2887 1711 2945 exterioris
1731 2882 2083 2947 etinferioris,

493 3010 561 3048 an
598 2990 665 3047 ad
702 2990 841 3044 bona
881 2985 1148 3042 interioris
1182 2981 1579 3053 superiorisque
1616 2986 1850 3042 naturae;
1891 2975 1943 3029 id
1973 2981 2085 3040 est,

484 3094 661 3140 utrum
690 3090 747 3136 ut
788 3080 995 3134 fruatur
1021 3090 1243 3146 corpore
1284 3082 1337 3127 ct
1381 3081 1640 3141 tempore,
1668 3084 1735 3123 an
1761 3077 1816 3122 ut
1865 3065 2072 3121 fruatur

485 3176 763 3231 divinitate
783 3181 942 3243 atque
971 3168 1286 3225 mter-nitate.
1320 3165 1374 3219 In
1402 3164 1628 3233 quadam
1658 3160 1853 3231 quippe
1884 3156 2089 3213 medie-

488 3280 599 3326 tate
640 3268 806 3340 posita
842 3274 957 3332 est,
992 3263 1129 3319 infra
1170 3277 1229 3317 se
1264 3260 1466 3315 habens
1504 3257 1835 3329 corporalem
1877 3265 2087 3311 creatu-

495 3379 631 3427 ram,
657 3376 814 3431 supra
842 3375 900 3416 se
924 3366 1103 3413 autem
1133 3355 1211 3409 sui
1242 3366 1297 3409 et
1320 3353 1560 3425 corporis
1585 3353 1913 3408 Creatorem.

456 3436 459 3453 Ι
563 3456 617 3509 Δ.
660 3454 841 3509 Potest
871 3452 1031 3522 igitur
1050 3448 1225 3503 anima
1256 3445 1530 3501 rationalis
1549 3445 1708 3500 etiam
1731 3443 2007 3514 temporali
2030 3451 2086 3496 et

490 3544 755 3615 corporali
789 3543 1038 3597 felicitate
1065 3540 1201 3594 bene
1224 3538 1318 3604 uti,
1342 3539 1387 3593 si
1418 3554 1523 3592 non
1551 3552 1610 3592 se
1643 3534 1850 3591 dederit
1877 3542 2085 3589 creatu-

495 3654 587 3701 rm,
621 3634 873 3691 Creatore
908 3632 1172 3703 neglecto,
1195 3631 1288 3686 sed
1315 3646 1432 3687 eam
1461 3629 1638 3700 potius
1666 3628 1969 3684 felicitatem
2004 3625 2085 3681 fe-

490 3728 624 3781 cerit
642 3725 840 3780 servire
860 3723 1124 3787 Creatori,
1147 3723 1236 3793 qui
1256 3733 1309 3778 et
1336 3724 1500 3791 ipsam
1524 3736 1635 3776 sua:
1655 3719 1907 3774 bonitatis
1926 3719 2088 3773 abun-

493 3816 809 3883 dantiSsima
852 3814 1093 3885 largitate
1132 3813 1368 3867 donavit.
1409 3812 1558 3867 Sicut
1594 3811 1735 3865 enim
1784 3811 1919 3865 bona
1962 3819 2086 3865 sunt

496 3911 673 3970 omnia
702 3924 821 3979 qua:
855 3908 1058 3963 creavit
1086 3906 1225 3961 Deus
1247 3946 1260 3969 ,
1302 3904 1371 3960 ab
1414 3905 1523 3974 ipsa
1556 3904 1799 3957 rationali
1844 3911 2085 3958 creatura

494 4020 659 4076 usque
688 4001 752 4057 ad
780 4002 1016 4058 infimum
1041 4014 1273 4070 corpus:
1305 3999 1374 4052 ita
1406 3997 1544 4052 bene
1575 3996 1682 4067 agit
1712 3996 1763 4051 in
1794 3995 1877 4052 his
1909 3998 2083 4052 anima

496 4093 791 4163 ra'ionalis,
821 4094 865 4148 si
895 4091 1137 4149 ordinem
1166 4099 1363 4156 servet,
1390 4096 1442 4145 et
1470 4088 1864 4158 distinguendo,
1894 4088 2088 4159 eligen-

493 4187 597 4253 do,
635 4182 917 4256 pendendo
954 4181 1148 4238 subdat
1186 4181 1389 4236 minora
1430 4177 1722 4249 majoribus
1745 4220 1759 4242 ,
1789 4180 2085 4248 corporalia

495 4276 880 4345 Spiritualibus,
912 4274 1159 4329 inferiora
1186 4271 1568 4341 superioribus,
1602 4272 1910 4341 temporalia
1939 4286 2083 4327 sem-

495 4373 716 4451 piternis
742 4387 757 4427 ι
786 4384 854 4423 ne
879 4368 1210 4438 superiorum
1247 4366 1488 4436 neglectu
1519 4372 1574 4425 et
1601 4365 1837 4434 appetitu
1867 4365 2087 4421 inferio-

500 4479 617 4524 rum
651 4463 936 4531 (quoniam
963 4460 1086 4514 hinc
1120 4460 1178 4513 fit
1199 4460 1310 4529 ipsa
1336 4456 1606 4530 deterior)
1637 4469 1691 4512 et
1722 4473 1782 4514 se
1810 4467 1866 4514 et
1889 4474 2085 4529 corpus

496 4571 651 4610 suum
686 4555 859 4608 mittat
880 4555 901 4585 ²
927 4553 979 4608 in
1008 4552 1180 4623 pejus,
1213 4550 1304 4606 sed
1333 4552 1507 4620 potius
1543 4549 1785 4605 ordinata
1824 4550 2085 4606 cltarilate

498 4661 557 4700 se
578 4655 632 4698 et
656 4658 850 4714 corpus
871 4659 1022 4697 suum
1042 4648 1323 4698 convertat
1345 4641 1395 4694 in
1418 4640 1624 4695 melius.
1654 4638 1785 4694 Cum
1814 4641 1954 4696 enim
1978 4641 2085 4695 sint

499 4753 685 4792 mnnes
716 4736 1024 4792 substantia:
1069 4735 1382 4790 naturaliter
1406 4734 1580 4798 bonae,
1613 4733 1745 4787 ordo
1774 4733 1826 4787 in
1856 4734 1934 4788 eis
1965 4733 2084 4792 latt-

496 4833 654 4892 datus
682 4830 1006 4896 honoratur,
1038 4829 1357 4899 perversitas
1395 4826 1603 4899 culpata
1632 4826 1935 4882 damnatur.
1978 4828 2086 4884 Nec

498 4922 661 4982 efficit
700 4920 875 4975 anima
906 4934 1154 4990 perverse
1184 4925 1336 4973 utens
1377 4919 1666 4983 creaturis,
1709 4926 1766 4973 ut
1792 4919 2109 4974 ordinatio-o

503 5030 623 5069 nem
653 5014 869 5084 effugiat
907 5012 1216 5077 Creatoris;
1258 5010 1505 5082 quoniam
1536 5012 1579 5064 si
1610 5011 1696 5065 illa
1740 5012 1878 5067 male
1922 5012 2086 5067 utitur

499 5106 674 5173 bonis,
708 5105 797 5161 ille
836 5105 972 5160 bene
1011 5105 1175 5159 utitur
1203 5104 1361 5160 etiam
1405 5105 1557 5158 malis
1587 5124 1600 5159 :
1632 5121 1694 5158 ac
1736 5120 1830 5174 per
1864 5105 1967 5160 hoc
1997 5106 2084 5159 illa

500 5214 749 5279 perverse
786 5198 941 5253 bonis
970 5199 1165 5253 utendo
1209 5198 1267 5252 fit
1307 5198 1463 5264 mala,
1508 5198 1597 5252 ille
1638 5198 1883 5254 ordinate
1922 5200 2084 5254 etiam

501 5294 658 5351 malis
693 5291 887 5349 utendo
926 5300 1200 5362 permanet
1240 5292 1429 5345 bonus.
1467 5290 1566 5357 Qui
1614 5291 1755 5347 enim
1792 5291 1985 5361 injuste
2024 5306 2085 5347 se

502 5385 713 5443 ordinat
735 5384 786 5438 iit
810 5386 1060 5455 peccatis,
1080 5384 1220 5453 juste
1243 5382 1516 5438 ordinatur
1546 5382 1596 5436 in
1629 5383 1818 5451 pmnis.

574 5478 627 5533 5.
660 5477 860 5532 Vulens
894 5478 1069 5548 itaque
1108 5475 1247 5530 Deus
1288 5474 1572 5531 ostendere
1614 5476 1772 5531 etiam
1819 5486 2083 5532 terrenam

500 5572 959 5641 ‘trmporalemque
1004 5569 1304 5624 felicitatem
1345 5582 1499 5622 suum
1542 5567 1738 5622 donum
1783 5584 1933 5635 esse,
1987 5586 2085 5625 nec

572 5707 588 5769 ξ
623 5713 729 5755 Mss.
755 5704 976 5769 plerique
1001 5717 1014 5753 :
1040 5700 1263 5765 Ejusdem
1300 5700 1497 5752 rationis
1529 5714 1665 5753 nsunt
1698 5716 1901 5766 quonam
1932 5704 2086 5767 potira

505 5768 740 5835 concutite
756 5768 1039 5835 convertat.”
1250 5830 1262 5835 _
1297 5832 1307 5835 _
1333 5824 1345 5835 .
1474 5825 1482 5832 _

571 5833 593 5863 ³
627 5836 753 5879 Unus
776 5844 805 5878 e
828 5830 972 5879 \atie.
1004 5833 1134 5888 uss,
1161 5830 1308 5877 mutet
1328 5830 1376 5876 in
1407 5830 1559 5888 pejus.

1706 376 1764 426 S.
1806 363 2175 425 AUGUSTINI
2216 364 2515 424 EPISCOPI

3645 368 3752 430 5ιο

2163 479 2379 535 aliunde
2404 480 2505 536 nisi
2531 480 2599 537 ab
2622 480 2738 552 ipso
2761 482 2961 553 sperari
2980 494 3252 553 oportere,
3273 482 3542 555 prioribus
3568 486 3753 545 seculi

2158 572 2484 640 temporibus
2504 571 2918 642 dispensandum
2938 574 3201 645 judicavit
3219 575 3621 633 Testamentum
3649 576 3756 637 Ve-

2159 671 2266 727 tus,
2295 662 2436 734 quod
2465 665 2759 733 pertineret
2784 665 2849 720 ad
2879 664 3146 722 hominem
3176 676 3431 734 veterem,
3462 684 3491 723 a
3516 686 3626 741 quo
3652 671 3751 727 ista

2160 758 2266 812 vita
2295 773 2514 814 necesse
2540 766 2625 815 est
2649 759 2884 829 incipiat.
2925 760 3031 817 Sed
3058 760 3162 816 illa:
3191 760 3470 818 felicitates
3508 772 3746 834 patrum.

2162 848 2260 905 Dei
2276 849 2534 905 beneficio
2553 864 2825 906 concessa:
2845 851 3218 923 praedicantur,
3238 854 3481 924 quamvis
3508 855 3575 910 ad
3599 855 3756 912 istam

2162 941 2327 996 vitam
2374 942 2736 999 transitoriam
2782 946 3129 1015 pertinentes.
3172 946 3264 1002 llla
3307 948 3502 1019 quippe
3544 957 3759 1005 terrena

2164 1049 2388 1091 munera
2416 1035 2469 1090 in
2493 1036 2777 1093 manifesto
2806 1039 3250 1108 promittebantur
3274 1050 3329 1095 et
3352 1040 3763 1111 tribuebantur;

2166 1129 2218 1183 in
2262 1129 2471 1185 occulto
2513 1139 2690 1185 autem
2720 1130 2823 1186 illis
2863 1132 3110 1187 omnibus
3148 1134 3306 1189 rebus
3332 1132 3537 1189 Novum
3567 1136 3766 1192 Testa-

2166 1232 2405 1278 mentum
2452 1221 2678 1294 ﬁgurate
2706 1224 3177 1294 praenuntiabatur.
3208 1233 3262 1280 et
3287 1227 3595 1296 capiebatur
3614 1228 3767 1285 intel-

2168 1314 2381 1385 ligentia
2410 1330 2721 1386 paucorum,
2753 1331 2886 1386 quos
2911 1314 3098 1371 eadem
3118 1316 3285 1387 gratia
3312 1318 3625 1388 prophetico
3649 1336 3768 1375 mu-

2168 1421 2297 1461 nere
2323 1405 2512 1476 dignos
2534 1403 2755 1461 fecerat.
2786 1406 3173 1476 Dispensabant
3210 1423 3337 1479 ergo
3366 1409 3442 1464 illi
3468 1411 3640 1465 sancti
3669 1426 3769 1481 pro

2169 1496 2520 1569 congruentia
2572 1496 2826 1568 temporis
2864 1496 3265 1554 Testamentum
3306 1498 3490 1568 Vetus,
3531 1502 3772 1572 pertine-

2171 1588 2301 1644 bant
2331 1603 2462 1644 vero
2490 1587 2555 1643 ad
2589 1589 2991 1645 Testamentum
3031 1589 3257 1646 Novum.
3299 1591 3433 1647 Nam
3460 1601 3518 1648 et
3552 1593 3770 1665 quando

2174 1682 2524 1751 temporalem
2564 1679 2870 1736 felicitatem
2914 1682 3168 1753 agebant,
3213 1692 3466 1739 azternam
3500 1700 3686 1741 veram
3715 1696 3773 1745 et

2176 1771 2559 1843 praeferendam
2588 1771 2990 1843 intelligebant;
3022 1780 3080 1829 et
3116 1774 3271 1830 istam
3313 1776 3690 1834 ministrabant
3716 1779 3773 1834 in

2176 1863 2452 1936 mysterio,
2488 1863 2730 1918 ut-illam
2766 1874 3221 1935 consequerentur
3254 1864 3306 1920 in
3336 1867 3577 1936 praemio.
3618 1868 3687 1923 Et
3727 1870 3774 1926 si

2160 1950 2390 2025 quando
2428 1954 2769 2028 patiebantur
2806 1955 3063 2022 adversa,
3100 1957 3167 2011 ad
3193 1955 3297 2013 hoc
3326 1957 3685 2027 patiebantur,
3717 1969 3779 2016 ut

2180 2048 2585 2105 evidentissimo
2613 2047 2795 2102 divino
2827 2047 3092 2117 adjutorio
3130 2048 3371 2116 liberati,
3410 2051 3782 2121 glorificarent

2183 2138 2372 2203 Deum,
2404 2138 2640 2192 omnium
2665 2136 2925 2193 honorum
2955 2138 3279 2210 largitorem,
3308 2156 3413 2196 non
3434 2142 3606 2198 solum
3633 2158 3782 2201 sem-

2185 2229 2515 2300 piternorum
2538 2243 2658 2299 qua:
2688 2229 2773 2298 pie
2808 2227 3116 2300 sperabant,
3146 2246 3333 2286 verum
3363 2232 3525 2288 etiam
3564 2244 3782 2307 lemm-

2186 2322 2379 2377 ralium
2404 2314 2521 2391 qua':
2552 2319 2859 2391 prophetice
2886 2321 3273 2391 gubernabant.

2260 2411 2487 2468 CAPUT
2506 2411 2743 2467 [IL—6.
2774 2410 2900 2468 Cum
2928 2423 3095 2468 autem
3119 2416 3251 2470 venit
3290 2416 3548 2487 plenitudo
3575 2428 3783 2494 tempo-

2191 2504 2280 2569 ris,
2313 2513 2371 2558 ut
2391 2503 2557 2574 gratia
2587 2519 2705 2574 qute
2735 2504 3098 2560 occultabatur
3126 2505 3179 2562 in
3210 2506 3387 2562 Veteri
3413 2508 3784 2580 Testamento,

2189 2595 2297 2667 jam
2327 2596 2658 2651 revelarctur
2687 2597 2739 2652 in
2767 2595 2936 2665 Novo,
2961 2598 3096 2652 misit
3119 2598 3259 2654 Deus
3284 2599 3478 2656 Filium
3512 2620 3684 2671 suum,
3712 2609 3790 2678 [a-

2192 2696 2327 2741 ctum
2355 2702 2418 2741 ea:
2433 2688 2638 2741 muliere
2665 2686 2815 2759 (Gal.
2837 2704 2909 2756 tv,
2937 2687 3006 2762 4)
3029 2705 3044 2756 ;
3070 2706 3175 2761 quo
3196 2693 3430 2763 nomine,
3454 2697 3791 2767 proprietate

2194 2776 2459 2834 ltebraica:
2484 2777 2698 2849 linguae,
2728 2779 2904 2834 omnis
2926 2778 3121 2836 femina
3150 2795 3505 2855 nuncupatur,
3532 2791 3648 2845 sive
3668 2792 3791 2847 viro

2193 2869 2410 2937 intacta,
2440 2870 2554 2926 sive
2576 2870 2686 2940 jam
2717 2871 2900 2928 mixta.
2931 2872 3100 2941 Quem
3127 2885 3303 2931 autem
3331 2877 3522 2935 Filium
3552 2882 3788 2952 miserit,

2192 2961 2414 3032 ﬁerique
2440 2977 2505 3017 ex
2528 2961 2750 3018 muliere
2777 2963 3025 3031 voluerit,
3052 2975 3285 3036 quantus
3314 2969 3403 3026 ille
3429 2971 3570 3027 Deus
3594 2976 3667 3029 sit
3688 2977 3789 3047 qui

2195 3052 2332 3106 hanc
2358 3053 2711 3109 humilitatem
2734 3069 2832 3126 pro
2856 3056 3026 3113 salute
3048 3056 3284 3115 fidelium
3310 3061 3581 3133 suscipere
3607 3066 3793 3138 digna.

2194 3150 2279 3197 tus
2308 3142 2484 3209 fuerit,
2514 3151 2573 3197 ut
2590 3159 2869 3214 agnoscas,
2900 3161 3042 3202 nunc
3066 3150 3280 3206 attende
3305 3149 3651 3224 Evangelium
3677 3175 3693 3215 :
3720 3157 3792 3214 In

2192 3230 2444 3302 principio
2472 3240 2580 3285 erat
2616 3231 2856 3301 Verbum,
2892 3243 2938 3289 et
2983 3234 3199 3292 Verbum
3230 3250 3338 3294 erat
3361 3245 3499 3313 apud
3524 3242 3715 3313 Deum,
3745 3255 3793 3302 et

2192 3319 2333 3375 Deus
2360 3330 2467 3375 erat
2510 3320 2725 3377 Verbum
2750 3337 2770 3377 :
2790 3323 2885 3377 Itoc
2912 3334 3022 3380 erat
3050 3327 3103 3381 in
3138 3330 3388 3401 principio
3424 3334 3563 3404 apud
3592 3333 3790 3391 Deum.

2196 3410 2382 3465 Omnia
2410 3429 2502 3483 per
2519 3413 2686 3485 ipsum
2712 3415 2849 3485 facta
2876 3426 3014 3484 sunt,
3045 3428 3091 3472 et
3112 3420 3220 3475 sine
3246 3422 3356 3493 ipso
3383 3424 3573 3492 factum
3606 3436 3683 3483 est
3710 3430 3794 3484 ni-

2192 3501 2286 3555 hil.
2316 3501 2470 3568 Quod
2495 3508 2687 3575 factum
2717 3515 2791 3561 est
2820 3508 2873 3561 in
2905 3508 3017 3579 ipso
3055 3510 3157 3564 vita
3188 3523 3316 3581 erat,
3350 3524 3397 3569 et
3425 3517 3523 3570 vita
3559 3528 3668 3572 erat
3697 3520 3793 3578 tua:

2191 3596 2473 3663 hominum,
2526 3606 2573 3651 et
2609 3598 2699 3655 (ua:
2722 3601 2776 3653 in
2804 3599 3017 3655 tenebris
3043 3600 3193 3671 lucet,
3219 3614 3266 3656 et
3298 3606 3516 3664 tenebrte
3548 3627 3661 3666 eam
3683 3629 3793 3670 non

2191 3688 2676 3758 comprehenderunt
2700 3688 2892 3762 (Joan.
2918 3707 2957 3757 t,
2986 3693 3142 3767 1-5).
3171 3694 3269 3751 Hic
3301 3711 3429 3769 ergo
3459 3699 3622 3769 Deus,
3650 3701 3795 3759 Ver-

2191 3778 2317 3834 bum
2345 3779 2438 3836 Dei
2466 3796 2561 3850 per
2588 3782 2727 3852 quod
2750 3781 2885 3839 facta
2913 3792 3038 3841 sunt
3052 3786 3248 3854 omnia,
3267 3787 3433 3846 Filius
3463 3791 3556 3848 Dei
3576 3800 3682 3861 est,
3702 3794 3794 3853 itt-

2191 3871 2640 3927 commutabiliter
2662 3888 2887 3929 manens
2904 3915 2919 3941 ,
2959 3875 3157 3947 ubique
3178 3893 3436 3949 prmsens,
3464 3883 3609 3939 nullo
3633 3883 3792 3941 clau~

2190 3976 2284 4016 sus
2314 3962 2455 4031 loco,
2487 3978 2587 4019 nec
2624 3965 2883 4035 partiliter
2908 3982 3003 4037 per
3034 3978 3225 4023 cuncta
3257 3971 3499 4042 diffusus,
3527 3981 3790 4048 tanquam

2191 4054 2452 4109 minorem
2491 4064 2695 4125 partem
2734 4055 2926 4113 habeat
2955 4059 3007 4114 in
3034 4060 3226 4115 minori
3253 4063 3394 4132 loco,
3429 4074 3484 4121 et
3510 4066 3563 4121 in
3591 4069 3790 4140 majori

2192 4145 2485 4215 majorem,
2530 4145 2626 4201 scd
2667 4146 2864 4216 ubique
2907 4157 3082 4216 totus,
3127 4160 3287 4222 atque
3330 4153 3399 4209 ita
3444 4172 3550 4212 non
3589 4159 3791 4217 absens

2192 4234 2353 4289 etiam
2381 4234 2648 4291 mentibus
2675 4236 2980 4307 impiorum,
3007 4243 3251 4309 quamvis
3276 4258 3396 4299 eum
3418 4262 3523 4301 non
3549 4248 3789 4319 videant,

2190 4325 2332 4381 sicut
2362 4342 2461 4381 nec
2487 4327 2585 4380 ista
2613 4326 2702 4382 lux
2728 4327 2938 4384 videtur
2961 4331 3129 4385 oculis
3159 4346 3474 4403 prarsentata
3496 4353 3790 4399 caecorum.

2190 4417 2355 4474 Lucet
2380 4434 2508 4489 ergo
2532 4428 2588 4475 et
2613 4420 2667 4475 in
2694 4421 2925 4477 tenebris
2952 4423 3164 4493 talibus,
3189 4428 3374 4497 quales
3398 4431 3685 4501 Apostolus
3717 4437 3794 4491 si-

2189 4509 2406 4580 gnificat
2431 4510 2518 4565 ubi
2546 4510 2694 4576 dicit,
2729 4510 2927 4568 Fuisti:
2966 4516 3245 4587 aliquando
3272 4520 3503 4589 tcncbm',
3530 4539 3668 4577 nunc
3693 4542 3793 4581 au-

2193 4610 2290 4655 tem
2327 4601 2418 4657 luat
2443 4604 2497 4657 in
2529 4602 2752 4660 Domino
2792 4604 2968 4678 (Eph.
2996 4625 3047 4676 v,
3081 4609 3184 4684 8):
3209 4613 3302 4668 sed
3331 4628 3449 4670 eam
3478 4617 3609 4673 tales
3636 4627 3791 4677 tene-

2191 4695 2303 4751 brae
2330 4712 2434 4752 non
2455 4698 2997 4769 comprehenderunt.

2263 4789 2316 4843 7.
2346 4788 2593 4860 Suscepit
2625 4791 2802 4861 itaque
2830 4790 3096 4849 hominem
3141 4810 3300 4865 quem
3330 4798 3510 4855 videre
3540 4799 3790 4862 homines

2192 4890 2462 4950 poterant,
2492 4891 2552 4938 ut
2577 4882 2747 4937 sanati
2788 4898 2887 4953 per
2913 4884 3094 4953 fidem,
3138 4900 3321 4958 postea
3363 4892 3601 4949 viderent
3641 4899 3785 4968 quod

2193 4978 2322 5027 tunc
2367 4972 2550 5026 videre
2588 4986 2695 5032 non
2726 4981 2989 5042 poterant.
3018 4975 3123 5032 Sed
3152 4994 3220 5034 ne
3248 4979 3407 5036 homo
3431 4981 3677 5041 Christus
3720 5004 3789 5043 eo

2193 5060 2310 5130 ipso
2330 5076 2435 5131 quo
2460 5060 2738 5117 visibiliter
2756 5066 3061 5134 apparebat,
3092 5084 3194 5123 non
3216 5072 3523 5128 crederetur
3540 5085 3593 5130 et
3616 5077 3785 5148 Deus,

2194 5159 2505 5229 tantumque
2545 5152 2619 5207 illi
2649 5154 2976 5211 tribueretur
3007 5169 3264 5227 quantum
3296 5162 3492 5219 homini
3516 5169 3792 5225 excellen-

2194 5244 2415 5299 tissima;
2440 5245 2627 5314 gratia:
2645 5254 2804 5316 atque
2833 5248 3127 5317 sapientiae,
3160 5250 3280 5305 ideo
3306 5253 3403 5323 fuit
3423 5255 3573 5311 homo
3601 5261 3791 5317 missus

2088 5402 2098 5409 _
2194 5354 2226 5389 a
2246 5335 2373 5402 Deo,
2391 5337 2472 5390 cui
2486 5352 2666 5393 nomen
2687 5346 2793 5392 erat
2811 5336 3053 5405 Joannes.
3073 5339 3178 5394 Hic
3202 5344 3330 5398 venit
3350 5346 3405 5399 in
3424 5348 3784 5418 testimonium,

2192 5436 2250 5482 ut
2274 5429 2606 5485 testimonium
2636 5428 2914 5499 perhiberet
2942 5430 3005 5485 de
3025 5432 3230 5499 inmitte,
3259 5444 3315 5488 ut
3330 5452 3498 5492 omnes
3523 5442 3793 5500 crederent

2194 5536 2284 5592 per
2302 5519 2466 5573 illum.
2493 5518 2615 5574 Non
2638 5529 2745 5574 erat
2776 5519 2864 5576 ille
2889 5522 3077 5589 lumen,
3114 5527 3203 5579 sed
3226 5537 3282 5583 ut
3310 5531 3647 5587 testimonium
3672 5553 3792 5605 pet-

2196 5612 2384 5665 hiberet
2411 5612 2473 5665 de
2506 5610 2694 5665 Iuntina
2721 5612 2906 5681 (Joan.
2936 5630 2981 5680 ι,
3015 5614 3174 5688 6-8).
3202 5618 3404 5677 Tantus
3435 5624 3577 5679 enim
3620 5626 3795 5685 homo

2194 5701 2378 5756 debuit
2414 5701 2693 5772 perhibere
2729 5702 3084 5760 testimonium
3106 5706 3174 5763 de
3212 5710 3304 5766 illo
3329 5713 3419 5782 qui
3447 5729 3551 5770 non
3580 5726 3790 5774 tantum

2199 5794 2358 5855 homo
2381 5835 2396 5861 ,
2432 5808 2616 5855 verum
2655 5794 2816 5852 etiam
2848 5795 2992 5853 Deus
3022 5809 3156 5869 erat,
3193 5809 3251 5857 ut
3285 5802 3353 5860 de
3390 5803 3482 5862 illo
3516 5806 3792 5869 dicentur
