2061 3175
241 164 289 193 BM
836 163 1073 196 EPISTOLABL‘M
1093 164 1228 196 Cl..\SSlS
1246 172 1251 176 '
1262 171 1287 196 ”,.

240 221 345 258 quodin
359 222 426 250 natis
438 223 577 250 mulierum
586 229 664 249 nemo
674 227 828 258 exsurgeret
837 224 921 257 major
931 223 1033 250 Joanne

240 269 357 304 Baptista
376 268 487 304 (Matth.
504 277 545 301 χι,
565 269 609 303 Η)
629 278 634 295 :
654 269 693 296 sic
707 269 777 296 enim
797 269 841 296 ille
855 270 895 296 cui
915 269 1007 303 majori
1024 270 1032 285 ι

239 314 356 342 Joannes
363 314 541 341 testimonium
550 314 714 349 perhibebat,
722 314 911 349 intelligeretur
920 315 967 340 hoe
974 322 1033 341 esse

240 363 334 396 major,
344 369 396 397 quo
406 370 457 389 non
468 367 567 390 tantum
579 362 668 391 homo,
678 361 724 388 sed
734 362 812 388 etiam
823 362 890 388 Deus
903 367 968 387 erat.
980 360 1033 388 Lu-

239 416 298 434 meti
307 415 370 443 ergo
378 407 537 439 etJoannes,
547 407 592 434 sed
607 407 754 434 talelumeu
764 407 834 442 quali
850 407 1030 434 testimonium

237 453 360 489 perhibet
370 454 426 489 ipse
441 453 578 486 Dominus,
589 453 690 484 dicens,
705 452 754 479 Ille
764 457 816 479 erat
828 452 930 479 lucerna
941 453 1031 479 ardens

237 492 352 529 etlucem
362 501 481 537 (Joan,v,
495 502 553 537 55);
563 502 633 537 quod
644 507 670 529 et
680 502 815 536 discipulis
825 502 879 528 suis
888 501 964 534 dixit,
980 500 1031 527 Vos

237 548 295 575 nti:
311 541 394 575 lumen
407 548 495 574 mundi
510 556 519 574 :
533 554 611 582 atque
625 553 653 574 ut
668 547 821 575 ostenderet
838 547 915 582 quale
929 547 1029 577 lumen,

236 598 343 620 secutus
366 593 501 628 adjunxit,
526 593 608 621 Nemo
626 594 740 622 accendit
757 594 897 627 lucernam,
918 598 941 620 et
961 593 1031 627 ponit

236 646 290 667 eain
303 638 349 665 sub
362 638 456 671 modio,
473 639 517 665 sed
529 647 605 674 super
619 639 808 672 candelabrum,
824 644 850 665 ut
859 639 939 667 luceat
950 639 1031 665 omni.—

237 685 281 712 bus
295 685 337 719 qui
349 685 376 712 in
394 685 468 711 domo
483 690 540 712 sunt
554 686 607 711 :sic
623 686 704 711 luceat
721 686 805 712 lumen
824 690 930 712 vestrum
945 693 1029 711 coram

237 730 378 762 ltoniinibus
395 729 499 766 (Matth.
513 739 540 764 v,
556 730 664 766 ιιι-ιδ).
681 730 741 757 Ista:
761 730 947 757 similitudines
961 729 1029 756 data:

235 780 313 809 sunt,
332 779 361 803 ut
376 781 501 811 quantum
523 784 664 814 possumus
680 776 866 811 intelligamus,
880 776 921 802 vel
941 775 962 802 si
979 774 1029 801 hoc

234 820 350 848 nondum
376 829 534 856 possumus,
554 822 611 849 sine
632 822 683 849 ulla
704 821 867 849 dubitatione
889 820 1027 848 credamus

235 867 351 894 animam
362 867 519 895 rationalem
532 875 584 894 non
596 876 654 895 esse
667 873 787 894 naturam
799 867 860 898 Dei;
875 866 917 893 illa
930 866 1027 901 quippe

233 912 458 942 incommutabilis
477 918 517 940 est
539 922 545 939 :
568 913 615 940 sed
638 918 725 940 tamen
744 920 802 940 eam
821 920 899 947 posse
919 912 1026 947 partici-

233 956 320 993 pando
332 957 473 986 illuminari
486 966 493 990 ;
508 958 621 986 lucernm
632 958 728 993 quippe
738 957 846 985 accendi
861 957 988 993 indigent,
1000 962 1027 984 et

233 1003 366 1039 exstingui
382 1009 502 1039 possunt.
518 1004 579 1031 Ideo
601 1005 670 1039 quod
685 1005 781 1031 dicitur
793 1004 826 1031 de
838 1004 949 1036 Joanne,
967 1004 1026 1030 Non

233 1055 285 1076 erat
297 1049 340 1076 ille
350 1049 444 1083 lumen,
461 1049 494 1079 ad
510 1050 573 1080 illud
589 1051 695 1085 respicit
708 1052 796 1080 lumen
813 1050 882 1085 quod
896 1058 948 1077 non
967 1059 1027 1085 par-

233 1094 367 1129 ticipando
383 1095 555 1129 illuminatur,
571 1096 618 1124 sed
634 1097 691 1130 ejus
706 1096 905 1131 participatione
926 1096 1024 1123 illumi-

232 1145 328 1168 nantur
338 1148 396 1175 qua:
409 1140 442 1167 ab
455 1141 499 1167 illo
509 1141 700 1169 illuminmitnr.

267 1186 293 1214 8.
310 1186 427 1222 Denique
438 1188 567 1222 sequitur,
579 1187 641 1220 Erat
655 1189 737 1217 lumen
754 1197 837 1217 verum
846 1188 935 1222 (Joan.
949 1196 967 1220 ι,
978 1188 1004 1224 9)
1017 1197 1022 1215 :

231 1237 258 1261 et
268 1238 391 1269 tanquam
400 1242 580 1269 qumreremus
589 1235 722 1269 quomodo
731 1235 927 1265 discerperetur
935 1235 1023 1262 lumen

230 1287 322 1307 verum
335 1280 460 1307 alumine
473 1280 635 1311 illuminato.
648 1281 673 1308 id
685 1285 726 1309 est
736 1281 858 1313 Christus
873 1289 887 1308 a
902 1281 1005 1309 Joanne
1015 1302 1022 1314 ,

232 1323 304 1358 Erat,
315 1325 409 1360 inquit,
419 1326 502 1353 lumen
511 1335 607 1359 verum,
615 1327 682 1362 quod
695 1327 821 1354 illuminat
830 1336 928 1354 omnem
938 1327 1023 1354 Itami—

231 1378 286 1397 nem
298 1371 433 1398 venientem
445 1371 472 1398 in
487 1372 553 1398 hunc
568 1372 701 1400 mundum.
714 1372 740 1401 Si
752 1381 858 1401 omnem
874 1373 1021 1406 hominem,

231 1423 294 1451 ergo
303 1420 331 1443 et
341 1416 480 1444 Joannem.
492 1418 578 1452 Atque
589 1423 617 1444 ut
627 1418 710 1453 magis
725 1418 847 1446 ostendat
866 1418 943 1453 hujus
957 1419 1024 1445 divi-.

231 1462 338 1490 nitatem
353 1463 431 1498 longe
445 1465 628 1498 praestantiore
653 1465 793 1498 distantia,
810 1464 842 1492 In
855 1466 902 1492 hoc
917 1466 1021 1498 mundo,

231 1508 325 1544 inquit,
340 1514 392 1535 erat
402 1530 409 1542 ,
425 1514 448 1536 et
460 1510 567 1536 mundus
583 1518 626 1545 per
641 1519 696 1537 eum
712 1511 792 1546 [actus
806 1515 851 1541 est.
868 1515 890 1537 et
913 1511 1023 1538 mundus

230 1562 286 1580 eum
303 1562 353 1581 non
373 1556 496 1590 cognovit.
511 1555 567 1582 Non
587 1555 701 1583 mundus
712 1577 718 1587 ,
734 1556 777 1590 qui
792 1564 839 1590 per
861 1564 921 1583 eum
940 1557 1023 1584 factus

231 1603 283 1633 est,
298 1607 360 1627 cum
373 1608 424 1627 non
439 1601 562 1635 cognovit
575 1610 581 1628 :
593 1609 677 1636 neque
687 1601 759 1628 enim
773 1601 851 1628 habet
861 1602 913 1628 vim
925 1610 1023 1636 cogno-

233 1645 323 1672 scendi
337 1653 408 1679 euml
423 1646 473 1673 nisi
487 1646 622 1673 rationalis
636 1652 773 1679 creatura;
798 1648 918 1681 quamvis
942 1648 1021 1675 etiam

231 1691 346 1726 mundus
368 1692 417 1720 iste
431 1692 542 1719 visibilis
554 1700 600 1727 per
610 1700 670 1719 eum
687 1692 770 1719 factus
785 1693 829 1725 sit,
847 1693 897 1719 hoc
911 1697 952 1719 est
965 1701 1020 1720 c03-

233 1737 287 1770 lum
302 1742 328 1765 et
338 1742 406 1765 terra
423 1739 486 1766 :sed
499 1738 625 1766 mundum
647 1746 699 1766 non
714 1744 920 1774 eognoseentem
933 1740 1021 1766 incre-

230 1783 328 1818 pando,
345 1784 502 1819 signiﬁcavit
512 1785 632 1812 inﬁdeles
646 1785 804 1812 constitutos
819 1785 845 1811 in
860 1785 972 1812 mundo.

265 1830 292 1858 9.
314 1830 414 1858 Deinde
428 1831 556 1866 adjungit,
572 1830 605 1858 In
618 1840 664 1859 sua
672 1832 777 1867 propria
792 1832 866 1864 venit,
877 1837 900 1858 et
913 1833 952 1858 sui
965 1840 1021 1858 eum

229 1884 281 1904 non
295 1882 441 1912 receperunt
456 1886 464 1904 :
476 1878 531 1905 sive
542 1878 602 1913 quia
613 1883 640 1905 et
651 1878 700 1913 ipsi
710 1878 841 1909 inﬁdeles,
856 1878 881 1905 in
893 1883 1020 1913 quantum

229 1922 352 1950 homines
369 1928 441 1956 sunt,
457 1924 514 1958 ejus
530 1928 591 1951 sunt
614 1931 661 1958 per
671 1931 748 1960 quem
764 1924 847 1951 creati
868 1929 930 1951 sunt
945 1925 1021 1952 :sive

228 1979 292 2004 spos
308 1969 414 2005 proprie
426 1969 532 1997 Judteos
549 1969 658 2004 intelligi
674 1969 766 2000 voluit,
787 1977 819 1996 ex
834 1969 929 2003 quibus
942 1974 1020 1996 natu-

228 2025 285 2046 ram
300 2016 388 2047 carnis
400 2015 558 2050 assumpsit;
570 2022 619 2042 nec
631 2019 717 2041 tamen
731 2022 824 2042 omnes
837 2023 896 2042 eum
910 2023 962 2042 non
977 2023 1020 2043 re»

228 2065 366 2097 ceperunt.
378 2060 502 2094 Sequitur
518 2060 588 2087 enim
603 2064 629 2087 et
643 2060 714 2094 dicit,
733 2060 858 2094 Quotquot
881 2065 963 2087 autem
978 2069 1019 2087 rc-

227 2112 424 2144 eeperuntettm,
442 2107 511 2134 dedit
526 2107 560 2133 ei:
571 2110 714 2141 potestatem
732 2107 799 2140 ﬁlios
820 2107 865 2134 Dei
887 2108 951 2141 ﬁeri,
966 2116 1020 2134 cre-

229 2153 345 2189 dentibus
359 2152 385 2179 in
400 2151 500 2182 nomine
510 2152 574 2186 ejus,
589 2152 631 2186 qui
646 2160 695 2178 non
709 2160 740 2178 ea:
751 2152 925 2187 sanguinibus,
940 2162 1019 2188 neque

228 2198 399 2227 nvoluntate
424 2198 524 2229 carnis,
551 2206 629 2232 neque
644 2205 674 2224 ex
696 2197 822 2224 voluntate
847 2198 903 2231 viri,
931 2199 974 2226 sed
989 2207 1019 2226 ea:

228 2243 282 2272 Deo
294 2244 347 2272 nati
358 2248 415 2273 sunt
430 2243 546 2279 (10mm,
558 2243 645 2279 9-13).
661 2243 723 2271 Hmc
741 2249 782 2270 est
793 2245 875 2278 gratia
889 2244 954 2272 Nori
968 2245 1018 2272 Te-

227 2289 362 2321 stamenti,
374 2290 443 2324 quod
458 2289 483 2316 in
498 2289 591 2316 Vetere
606 2289 691 2323 latuit,
704 2297 752 2316 nec
766 2295 854 2321 tamen
865 2291 955 2326 ﬁguris
968 2292 1016 2319 ob-

229 2334 415 2363 umbrantibus
431 2334 582 2369 prophetari
610 2335 826 2370 pronuntiarique
842 2338 964 2370 cessavit,
989 2342 1016 2365 ut

229 2379 360 2415 intelligat
371 2381 457 2407 anima
475 2380 557 2413 Deum
572 2389 648 2407 suum
659 2402 666 2414 ,
683 2385 709 2408 et
722 2382 804 2416 gratia
820 2382 878 2416 ejus
892 2392 1016 2411 renasca-

227 2429 269 2452 tur
284 2426 330 2453 illi.
349 2426 410 2453 llmc
423 2427 520 2461 quippe
534 2427 656 2454 nativitas
669 2427 812 2461 spiritualis
826 2434 875 2460 est,
893 2429 952 2456 ideo
963 2439 1014 2457 non

224 2479 255 2498 cx
271 2472 453 2506 sanguinibus,
467 2480 517 2500 ron
537 2480 568 2506 ex
584 2473 719 2501 voluntate
734 2474 795 2506 viri,
810 2482 895 2509 neque
917 2483 948 2503 ex
970 2485 1015 2503 vo-

224 2517 324 2544 luntate
334 2517 431 2550 carnis,
446 2517 491 2544 sed
506 2526 536 2544 ex
549 2518 613 2544 Deo.

258 2562 371 2591 CAPUT
393 2563 435 2590 IV.
455 2564 543 2591 ——lO.
567 2564 627 2592 ΙΙωο
655 2566 734 2592 etiam
762 2565 868 2600 adoptio
893 2572 1012 2594 vocatur.

224 2607 337 2635 Eramus
353 2608 424 2639 enim
440 2609 538 2643 aliquid
551 2614 692 2644 antequam
706 2618 827 2639 essemus
842 2611 887 2638 lilii
902 2612 965 2645 Dei,
989 2617 1015 2639 et

222 2653 375 2688 accepimus
391 2654 562 2687 beneﬁcium,
575 2659 602 2681 ut
616 2657 737 2684 lierentus
745 2657 815 2690 quod
825 2665 878 2684 non
892 2666 1012 2691 eramus;

222 2697 348 2733 sicutqni
372 2698 522 2737 adoptatur,
546 2704 686 2735 antequam
708 2701 879 2736 adoptaretur
897 2703 1013 2731 nondum

222 2747 281 2771 erat
296 2743 365 2771 lilius
378 2744 434 2778 ejus
454 2753 468 2772 a
494 2753 545 2779 quo
561 2744 710 2779 adoptatur,
729 2746 784 2781 jam
797 2752 884 2774 tamen
899 2753 956 2775 erat
969 2750 1013 2783 qui

220 2789 402 2825 adoptaretur.
419 2791 450 2818 Et
461 2791 493 2818 ab
507 2791 557 2819 hac
569 2793 739 2826 generatione
749 2794 841 2828 gratia:
854 2794 1013 2823 discernitur

221 2835 267 2871 ille
280 2834 372 2869 Filius,
385 2836 429 2871 qui
451 2844 512 2864 cum
526 2842 596 2865 esset
611 2837 694 2865 Filius
709 2838 844 2872 Dei,\;enit
857 2844 883 2867 ut
897 2839 971 2868 ﬁeret
983 2841 1013 2868 ﬁ-

254 2890 263 2917 l
279 2890 314 2926 sic
325 2894 378 2927 Mss.
391 2895 418 2927 At
429 2892 485 2917 ald.
498 2893 619 2923 omittunt,
632 2893 727 2926 nuijmi.

1827 175 1881 205 542

1089 225 1139 254 lius
1148 226 1270 261 hominis,
1284 229 1449 267 donaretque
1461 233 1538 261 nobis
1550 234 1595 270 qul
1608 242 1714 263 eramus
1731 235 1777 264 ﬁlii
1792 235 1866 263 homi

1087 279 1162 306 num,
1173 273 1239 301 ﬁlios
1253 274 1301 303 Dei
1323 276 1391 304 ﬁeri.
1414 277 1511 307 Factus
1525 284 1566 308 est
1578 280 1676 315 quippc
1684 281 1729 308 ille
1742 281 1812 316 quod
1824 288 1877 310 non

1087 322 1154 350 erat,
1171 319 1217 346 sed
1231 324 1318 349 tamen
1329 322 1427 357 aliquid
1446 324 1517 353 aliud
1531 330 1603 357 erat;
1615 330 1641 354 et
1661 326 1712 353 hoc
1726 326 1812 362 ipsum
1826 326 1878 355 ali.

1086 363 1149 398 quid
1167 363 1282 394 Verbum
1295 367 1342 395 Dei
1356 374 1424 403 erat,
1442 377 1489 405 per
1502 371 1573 406 quod
1584 371 1651 399 facta
1662 376 1724 399 sunt
1739 372 1838 405 omnia,
1850 377 1878 401 ot

1086 407 1175 436 lumen
1191 418 1282 439 verum
1300 413 1370 448 quod
1393 415 1524 443 illuminat
1546 424 1653 444 omnem
1677 417 1811 446 hominem
1831 425 1877 445 νυν

1085 453 1201 482 nientem
1214 456 1240 483 in
1256 457 1327 486 hunc
1345 459 1482 494 mundum,
1498 465 1525 489 et
1538 462 1608 489 Deus
1620 462 1690 497 apud
1713 463 1807 490 Deum.
1820 462 1877 491 Nos

1084 506 1190 536 quoque
1204 510 1252 537 per
1272 503 1330 538 ejus
1342 506 1455 540 gratiam
1478 506 1540 535 facti
1553 514 1644 535 sumus
1658 508 1728 543 quod
1741 516 1794 536 non
1817 516 1879 538 era-

1083 555 1160 580 mus,
1175 548 1201 577 id
1221 554 1263 578 est
1282 551 1328 579 lilii
1342 552 1389 580 Dei
1406 553 1471 581 :sed
1487 558 1576 582 tamen
1597 555 1696 590 aliquid
1707 563 1826 590 eramus,
1848 560 1876 584 et

1084 592 1135 621 hoc
1145 594 1230 629 ipsum
1239 596 1338 631 aliquid
1353 599 1437 627 multo
1448 599 1567 633 inferius,
1583 600 1634 628 hoc
1656 606 1699 628 est
1719 601 1765 628 lilii
1785 601 1874 629 homiv

1082 647 1157 667 num.
1174 641 1315 670 Descendit
1336 652 1400 680 ergo
1415 645 1459 673 ille
1480 650 1509 673 ut
1527 654 1576 674 nos
1601 647 1823 679 ascendemmus.
1847 652 1875 676 ot

1082 693 1195 714 manens
1209 687 1235 714 in
1251 693 1344 716 natura
1359 697 1406 718 sua
1416 689 1501 719 factus
1515 695 1557 719 est
1571 692 1703 728 particeps
1710 697 1811 720 naturae
1825 700 1874 720 ηομ-

1082 736 1155 765 sine,
1171 736 1200 759 ut
1218 740 1268 760 nos
1288 739 1427 764 manentes
1446 735 1472 764 in
1488 741 1580 765 natura
1601 742 1691 765 nostra
1703 737 1874 768 enicareer

1081 777 1225 813 participes
1244 783 1347 825 natqrte
1365 781 1459 816 ipsius.
1474 781 1533 809 Non
1549 786 1636 810 tamen
1652 783 1691 811 sic
1702 792 1709 810 :
1720 791 1782 810 nam
1797 783 1872 813 illum

1081 826 1183 851 natura:
1197 828 1295 852 nostra:
1305 826 1471 861 participatio
1485 835 1537 854 non
1548 826 1613 856 fecit
1624 828 1802 862 deteriorem;
1820 836 1870 856 nos

1079 873 1168 896 autem
1180 869 1241 897 facit
1256 875 1356 899 natura:
1367 872 1438 900 illius
1451 873 1618 909 participatio
1633 874 1768 902 meliores.

1116 915 1159 942 Η.
1169 915 1239 943 Misit
1248 917 1336 953 itaque
1345 918 1413 945 Dm
1423 918 1520 946 Filium
1528 928 1603 947 suum
1612 920 1709 955 factum
1717 929 1749 948 at
1756 921 1871 954 muliere.

1078 962 1176 997 factum
1194 963 1240 990 sub
1258 962 1325 999 Lege
1344 964 1415 1000 (Gal.
1426 966 1514 1001 tv,4).
1532 966 1598 994 Nam
1616 967 1693 1002 Legis
1706 973 1871 995 sacramenta

1078 1009 1208 1044 percepit,
1220 1014 1247 1037 ut
1257 1018 1299 1037 eo:
1311 1011 1353 1046 qui
1362 1010 1407 1038 sub
1418 1012 1472 1047 lege
1479 1017 1560 1046 erant,
1569 1013 1710 1048 redimeret,
1718 1013 1744 1041 id
1754 1018 1796 1041 est
1802 1021 1872 1049 quos

1079 1053 1133 1082 Lex
1147 1062 1207 1083 reos
1227 1057 1335 1084 tenebat
1347 1057 1485 1085 occidente
1498 1058 1596 1092 littera,
1619 1059 1682 1087 dum
1706 1065 1868 1094 prateeptum

1078 1107 1130 1127 non
1146 1101 1311 1136 impleretur,
1331 1107 1473 1138 antequam
1496 1104 1642 1132 viviﬁcaret
1661 1105 1785 1140 spiritus;
1809 1106 1870 1141 quia

1077 1146 1193 1175 charitas
1215 1147 1261 1175 Dei
1276 1156 1335 1183 qua:
1351 1154 1512 1184 praeceptum
1538 1150 1642 1185 implet,
1666 1150 1822 1179 dill'unditur
1843 1151 1869 1178 in

1077 1192 1201 1220 cordibus
1220 1194 1318 1221 nostris
1331 1202 1379 1230 per
1397 1194 1524 1230 Spiritum
1537 1201 1657 1223 sanctum
1670 1196 1715 1231 qui
1735 1196 1812 1224 datus
1826 1201 1867 1224 est

1077 1238 1152 1265 nobis
1163 1238 1249 1273 (Rom.
1271 1247 1299 1273 v,
1310 1240 1348 1274 5).
1364 1239 1478 1268 Proinde
1492 1245 1555 1268 cum'
1565 1241 1685 1273 dixisset,
1703 1241 1737 1269 Ut
1760 1250 1802 1269 eos
1824 1243 1872 1277 qui

1076 1283 1122 1316 sub
1136 1282 1201 1319 Lege
1214 1289 1286 1312 erant
1295 1285 1438 1320 redimeret,
1452 1286 1579 1314 continuo
1594 1286 1740 1322 subjunxit,
1754 1286 1791 1316 Ut
1804 1288 1869 1315 ado-

1077 1328 1187 1366 ptionem
1210 1330 1323 1364 ﬁliorum
1343 1331 1509 1367 reciperentur
1530 1331 1610 1368 (Ibid.
1625 1333 1670 1367 5);
1691 1338 1719 1360 ut
1747 1332 1870 1361 videlicet

1076 1372 1154 1408 hujus
1176 1374 1287 1410 gratiam
1308 1375 1429 1404 beneﬁcii
1453 1377 1617 1405 discerneret
1635 1377 1670 1405 ab
1686 1378 1729 1405 illa
1744 1378 1802 1406 Filii
1821 1386 1869 1406 na-

1077 1421 1144 1452 tura,
1160 1419 1205 1454 qui
1219 1420 1317 1448 missus
1331 1425 1374 1449 est
1390 1422 1484 1456 Filius,
1508 1430 1560 1449 non
1583 1430 1629 1458 per
1643 1423 1812 1458 adoptionem
1827 1424 1868 1451 fa-

1075 1468 1151 1497 ctus,
1169 1464 1216 1492 sed
1228 1472 1335 1501 semper
1343 1466 1450 1502 genitus
1460 1467 1553 1499 Filius,
1564 1472 1593 1495 ut
1606 1469 1760 1504 participata
1774 1474 1867 1497 natura

1076 1510 1189 1539 liliorum
1201 1511 1350 1547 hominum,
1366 1512 1398 1540 ad
1412 1514 1620 1549 participandam
1638 1515 1718 1543 etiam
1731 1523 1806 1543 suam
1817 1523 1867 1543 na-

1074 1560 1160 1585 turam
1175 1557 1315 1594 adoptaret
1330 1558 1398 1586 lilios
1422 1558 1570 1588 hominum.
1596 1560 1763 1596 Quapropter
1786 1561 1867 1589 etiam

1075 1608 1135 1628 cum
1148 1601 1267 1637 dixisset,
1285 1602 1360 1630 Dedit
1381 1604 1416 1633 eis
1429 1609 1575 1639 potestatem
1589 1605 1656 1640 ﬁlios
1676 1606 1723 1635 Dei
1731 1607 1798 1641 fieri,
1810 1614 1868 1638 mo.

1074 1646 1191 1682 dumque
1205 1648 1381 1683 adjunxisset,
1398 1657 1431 1677 ne
1452 1650 1565 1681 carnalis
1580 1651 1772 1687 intelligeretur
1797 1653 1868 1684 nati.

1074 1692 1150 1725 vitas,
1165 1693 1235 1727 quod
1250 1693 1352 1721 scilicet
1369 1695 1408 1722 eis
1432 1695 1459 1722 id
1480 1696 1641 1730 pratstiterit,
1653 1697 1698 1733 qui
1717 1697 1822 1725 credunt
1839 1697 1867 1731 in

1073 1738 1174 1765 ηοηιίηε
1188 1739 1254 1774 ejus,
1268 1743 1295 1766 et
1311 1747 1359 1774 per
1372 1741 1483 1776 gratiam
1499 1747 1673 1770 renascuntur
1691 1743 1866 1780 spiritualem,

1073 1788 1124 1810 non
1143 1791 1174 1811 ea:
1187 1784 1367 1820 sanguinibus,
1389 1794 1469 1822 neque
1493 1795 1524 1814 ex
1537 1787 1664 1815 voluntate
1675 1788 1731 1821 viri,
1745 1797 1825 1824 neque
1836 1797 1868 1819 es

1073 1828 1200 1856 voluntate
1213 1830 1307 1863 carnis,
1322 1831 1367 1858 sed
1381 1839 1412 1858 ea:
1424 1831 1497 1865 Deo;
1512 1840 1573 1859 mox
1585 1833 1779 1861 commendavit
1791 1834 1867 1869 quasi

1073 1873 1152 1909 hujus
1174 1875 1365 1904 vicissitudinis
1382 1877 1390 1893 ι
1408 1869 1613 1906 sacrameritum.
1633 1879 1769 1914 Tanquam
1794 1880 1866 1908 enim

1072 1919 1162 1947 mirati
1176 1925 1278 1948 tantum
1293 1921 1392 1949 bonum
1406 1930 1459 1949 non
1475 1923 1635 1952 auderemus
1655 1929 1761 1959 optare,
1776 1926 1865 1955 statim

1072 1964 1219 1999 subjunxit,
1235 1965 1268 1993 Et
1283 1965 1394 1994 Verbum
1410 1976 1470 1995 caro
1484 1968 1579 2003 factum
1596 1974 1642 2001 est,
1664 1974 1689 1997 et
1706 1970 1826 1998 habitavit
1838 1971 1866 2002 in

1072 2009 1143 2037 nobis
1158 2010 1248 2047 (Joan.
1262 2019 1282 2046 ι,
1304 2011 1348 2049 Η)
1363 2013 1444 2048 (quod
1460 2021 1541 2041 unum
1557 2017 1598 2041 est
1616 2022 1648 2041 ex
1672 2015 1787 2051 quinque
1800 2016 1866 2054 illis,

1071 2063 1130 2091 qua:
1145 2055 1191 2083 tibi
1207 2057 1304 2091 exponi
1316 2057 1451 2094 voluisti);
1466 2062 1590 2094 tanquam
1603 2059 1703 2087 diceret
1720 2069 1727 2087 :
1742 2060 1764 2087 0
1776 2060 1866 2088 homi-
1905 2079 1907 2081 ι

1071 2101 1133 2128 nesl
1147 2102 1229 2129 nolite
1237 2101 1380 2137 desperare
1388 2110 1436 2130 vos
1451 2103 1595 2140 ﬁeriposse
1610 2104 1678 2132 ﬁlios
1685 2105 1747 2138 Del;
1763 2106 1823 2141 quia
1837 2111 1864 2139 et

1071 2147 1128 2182 ipse
1142 2147 1224 2175 Filius
1236 2148 1291 2182 Dei,
1305 2148 1355 2176 hoc
1364 2153 1415 2181 est,
1425 2149 1540 2177 Verbum
1554 2150 1610 2183 Dei,
1621 2158 1685 2179 caro
1697 2151 1795 2180 factum
1810 2157 1864 2190 est,

1070 2196 1097 2219 et
1106 2191 1233 2222 habitavit
1241 2192 1266 2220 in
1276 2193 1361 2221 nobis.
1371 2194 1482 2223 Reddite
1492 2195 1575 2223 vicem
1584 2204 1591 2229 ;
1600 2196 1734 2225 efﬁcimini
1743 2197 1862 2236 spiritus,

1071 2242 1098 2264 et
1114 2237 1232 2266 habitate
1247 2239 1273 2266 in
1285 2239 1331 2267 illo
1343 2241 1387 2276 qui
1407 2248 1470 2269 caro
1483 2241 1567 2270 factus
1580 2248 1629 2275 est,
1646 2249 1673 2271 et
1687 2243 1815 2272 habitavit
1836 2246 1863 2279 in

1069 2284 1153 2312 vobis.
1165 2284 1257 2321 Neque
1266 2286 1336 2314 enim
1343 2286 1398 2322 jam
1406 2287 1601 2323 desperandum
1610 2294 1651 2317 est
1661 2291 1864 2326 participatione

1073 2330 1150 2358 Verbi
1177 2330 1235 2359 ﬁeri
1257 2340 1335 2367 posse
1355 2332 1478 2362 homines
1496 2336 1563 2364 lilios
1579 2336 1641 2368 Dei,
1660 2337 1766 2371 quando
1781 2337 1863 2367 Filius

1069 2376 1115 2404 Dei
1132 2377 1332 2413 participatione
1346 2380 1434 2406 carnis
1450 2380 1533 2408 factus
1555 2386 1596 2409 est
1616 2382 1685 2409 ﬁlius
1699 2382 1824 2411 hominis.

1104 2422 1149 2450 12.
1169 2423 1223 2450 Nos
1237 2424 1323 2460 itaque
1339 2426 1479 2454 mutabiles
1487 2426 1512 2454 in
1520 2428 1613 2455 melius
1623 2430 1862 2466 commutati,par—.

1073 2468 1167 2503 licipes
1181 2469 1314 2497 efﬁcimur
1331 2470 1411 2498 Verbi
1427 2480 1434 2498 :
1450 2472 1567 2500 Verbum
1579 2478 1666 2501 autem
1685 2474 1862 2505 incommutat-

1068 2514 1120 2542 bile
1127 2515 1191 2543 nihil
1201 2516 1227 2543 in
1239 2516 1356 2544 deterius
1364 2523 1567 2552 commutatum,
1580 2520 1710 2555 particeps
1721 2522 1809 2550 carnis
1820 2522 1860 2550 ef-

1067 2560 1163 2587 fectum
1177 2565 1217 2589 est
1225 2562 1438 2590 rationalianiina
1447 2564 1590 2592 mediante.
1598 2564 1690 2601 Neque
1697 2566 1767 2594 enim
1779 2567 1859 2595 homo

1066 2605 1233 2638 Christus,’ut
1241 2607 1436 2642 Apollinarista:
1443 2609 1560 2637 lueretici
1571 2614 1740 2645 putaverunt,
1750 2617 1796 2640 aut
1804 2621 1857 2647 non

1066 2650 1294 2690 habuitlanimam,
1308 2658 1353 2680 aut
1367 2662 1419 2681 non
1433 2654 1524 2682 habuit
1533 2656 1705 2689 rationalem;
1722 2657 1768 2685 sed
1784 2666 1858 2686 more

1066 2705 1115 2725 suo
1129 2698 1277 2734 Scriptura,
1294 2698 1427 2728 utChristi
1442 2701 1617 2729 humilitatem
1629 2704 1713 2739 magis
1733 2705 1858 2732 ostende-

1067 2748 1117 2776 ret,
1133 2752 1167 2771 ne
1179 2746 1267 2772 carnis
1276 2753 1371 2774 nomen
1387 2747 1461 2782 quasi
1472 2747 1606 2783 indignum
1620 2748 1718 2784 aliquid
1728 2749 1859 2786 refugisse

1066 2790 1209 2824 videretur,
1230 2799 1336 2819 carnem
1360 2800 1409 2828 pro
1432 2793 1539 2821 homine
1557 2794 1759 2831 posuit:ncque
1785 2796 1857 2829 enim

1065 2869 1222 2925 ὠξῶἱὲιιι.
1231 2873 1259 2896 At
1268 2870 1337 2896 Corb.
1345 2873 1387 2896 Is.
1398 2870 1489 2904 alitque
1499 2872 1581 2904 [mbae
1591 2877 1657 2900 nota:
1779 2880 1860 2906 serna-
