4122 6350
395 455 517 526 quia
565 454 820 523 scriptum
863 459 966 518 est,
1034 449 1226 504 Videbit
1278 447 1438 501 cuiuis
1470 461 1588 499 caro
1627 443 1852 497 salutare
1885 438 1978 492 Dei

395 545 549 619 (fsai.
575 561 660 609 ιιι,
690 543 800 615 l0),
828 543 1020 597 anima:
1049 542 1118 596 ibi
1151 557 1255 595 non
1287 547 1409 592 sunt
1439 535 1812 605 intelligendaa.
1836 532 1978 587 Nihil

397 636 618 707 proinde
662 635 803 689 aliud
842 635 1042 689 dictum
1069 642 1169 696 est,
1233 629 1446 684 Verbum
1475 645 1592 682 caro
1631 628 1824 696 factum
1879 634 1975 692 est,

396 745 551 800 quam
569 728 613 784 si
643 729 926 792 diceretur,
956 726 1118 780 Filius
1148 725 1237 778 Dei
1259 724 1394 777 filius
1425 721 1652 776 hominis
1678 722 1844 774 factus
1872 728 1974 774 est.

399 821 500 886 Qui
521 836 636 874 cum
660 820 710 873 iu
733 822 896 890 forma
920 815 1015 871 Dei
1038 824 1185 880 esset,
1215 815 1350 868 sicut
1376 813 1502 868 dicit
1529 812 1813 882 Apostolus
1830 853 1843 876 ,
1876 828 1976 864 non

395 913 632 980 rapinam
659 911 928 964 arbitratus
965 918 1035 963 est
1073 925 1176 962 esse
1211 904 1424 976 aqualis
1454 905 1597 969 Deo;
1637 919 1808 973 neque
1833 902 1975 956 enim

397 1000 756 1070 usurpationis
784 1007 914 1062 erat,
947 1006 1003 1052 ut
1033 997 1215 1068 rapina
1236 997 1524 1061 diceretur,
1552 994 1648 1050 sed
1672 1002 1870 1047 naturae
1889 993 1976 1046 in-

395 1101 528 1156 erat,
573 1099 628 1144 ut
653 1099 795 1146 esset
827 1089 1046 1160 mqualis
1075 1107 1088 1142 :
1117 1092 1441 1158 semetipsum
1481 1094 1655 1141 tamen
1685 1085 1978 1150 exinanivit,’

397 1197 501 1236 non
533 1181 757 1235 formam
796 1181 887 1234 Dei
917 1181 1186 1244 amittens,
1220 1178 1316 1234 sed
1367 1178 1588 1233 formam
1637 1177 1776 1232 servi
1805 1177 1975 1231 susci-

399 1274 581 1342 piens;
614 1271 896 1324 humiliavit
928 1271 1268 1341 semetipsum,
1296 1273 1458 1340 factus
1475 1268 1706 1322 obediens
1734 1284 1892 1338 usque
1910 1268 1980 1320 ad

399 1372 624 1427 mortem,
651 1371 858 1417 mortem
882 1370 1048 1415 autem
1087 1362 1251 1416 crucis
1285 1359 1542 1432 (Philipp.
1576 1375 1634 1426 ιι,
1653 1358 1790 1429 6-8).
1820 1358 1980 1414 \‘ides

396 1452 846 1522 quemadmodum
898 1452 1146 1507 eumdem
1190 1450 1481 1515 hominem,
1534 1467 1692 1522 quem
1743 1450 1905 1505 Deum
1937 1451 1976 1517 ί,

395 1543 755 1607 commendat,
788 1552 846 1597 ut
885 1558 1109 1612 persona
1145 1559 1249 1598 una
1278 1544 1348 1597 sit
1372 1545 1428 1608 ';
1460 1557 1556 1606 ne,
1586 1558 1690 1596 non
1727 1542 1977 1608 Trinitas,

397 1634 492 1690 sed
529 1635 856 1704 quaternitas
903 1635 1201 1691 inducatur.
1231 1634 1380 1689 Sicut
1421 1633 1564 1688 enim
1613 1649 1718 1688 non
1759 1642 1980 1704 augetur

398 1740 652 1780 numerus
673 1741 1042 1796 personarum,
1067 1741 1192 1780 eum
1219 1725 1561 1780 acceditcaro
1589 1725 1802 1790 animm,
1835 1733 1889 1778 ut
1915 1725 1985 1780 sit

398 1832 534 1871 unus
571 1815 763 1879 homo;
797 1817 875 1872 sic
919 1831 1023 1870 non
1053 1825 1275 1886 augetur
1303 1830 1558 1871 numerus
1606 1831 1976 1884 personarum,

395 1923 518 1962 cum
545 1909 748 1963 accedit
774 1908 934 1964 homo
959 1908 1155 1974 Verbo,
1185 1917 1241 1964 ut
1271 1910 1339 1963 sit
1367 1923 1501 1963 unus
1529 1908 1792 1964 Christus.
1824 1908 1981 1979 Legi-

398 2013 485 2058 tur
511 2004 707 2072 itaque,
747 2001 963 2056 Verbum
1015 2019 1134 2056 caro
1179 2005 1367 2074 factum
1396 2011 1488 2068 est,
1530 2011 1588 2055 ut
1627 2001 1982 2072 intelligamus

399 2094 555 2164 hujus
577 2110 816 2165 personat
845 2095 1286 2165 singularitatem,
1319 2110 1424 2149 non
1463 2103 1520 2149 ut
1561 2095 1893 2165 suspicemur
1922 2094 1976 2149 in

395 2204 610 2243 carnem
628 2197 883 2242 mutatam
909 2187 1261 2242 divinitatem.

469 2277 694 2334 CAPUT
734 2277 795 2332 ν.
825 2307 883 2319 -
915 2278 1000 2333 15.
1043 2278 1224 2347 Itaque
1267 2277 1509 2332 Christus
1552 2277 1748 2342 homo,
1801 2284 1859 2331 ut
1884 2292 1982 2347 per

397 2383 522 2423 eum
545 2369 872 2425 revelaretur
897 2369 1026 2423 Novi
1048 2369 1216 2438 gratia
1247 2368 1593 2432 Testamenti,
1639 2383 1757 2437 qua:
1785 2382 1890 2421 non
1916 2367 1984 2421 ad

401 2459 768 2530 temporalem,
797 2459 890 2514 sed
913 2459 978 2514 ad
1008 2469 1260 2514 :eternam
1286 2459 1446 2513 vitam
1464 2460 1713 2528 pertinet,
1745 2473 1850 2512 non
1882 2457 1984 2511 uti—

399 2565 506 2619 que
533 2557 740 2606 terrena
779 2549 1026 2605 felicitate
1055 2549 1506 2605 commendandus
1547 2548 1663 2603 fuit.
1698 2549 1824 2604 lude
1849 2547 1980 2602 sub-

399 2641 578 2713 jectio,
610 2641 732 2696 inde
758 2643 937 2710 passio
956 2682 971 2708 ,
1001 2642 1122 2698 inde
1163 2641 1386 2713 ﬂagella,
1409 2650 1562 2711 sputa
1583 2682 1597 2707 ,
1625 2641 1981 2708 contumelia),

402 2747 554 2794 crux,
580 2733 818 2798 vulnera,
843 2741 896 2787 et
916 2740 1162 2801 tanquam
1190 2742 1439 2802 superato
1468 2731 1812 2801 subjectoque
1840 2747 1985 2786 mors

403 2823 536 2893 ipsa,
560 2830 615 2875 ut
650 2821 834 2876 ﬁdeles
860 2822 974 2892 ejus
995 2823 1259 2876 discerent
1288 2823 1443 2892 quale
1467 2822 1677 2892 pietatis
1707 2823 1984 2892 praemium

402 2913 469 2967 ab
493 2913 582 2966 illo
604 2913 758 2982 cujus
780 2913 870 2967 lilii
898 2914 1016 2968 facti
1043 2923 1241 2978 essent,
1263 2923 1446 2982 petere
1465 2923 1625 2983 atque
1646 2927 1862 2983 sperare
1892 2913 1986 2969 de-

403 3003 618 3068 bercut;
641 3020 708 3058 ne
733 3004 798 3059 ad
832 3005 932 3059 hoc
963 3020 1057 3074 pro
1086 3019 1281 3075 magno
1307 3004 1598 3060 serviretur
1617 3004 1724 3060 Deo
1747 3046 1762 3071 ,
1791 3013 1847 3058 ut
1879 3013 1985 3059 ter-

403 3109 588 3150 renam
611 3095 910 3151 felicitatem
928 3096 1144 3166 adipisci
1158 3104 1459 3166 qumrercnt
1475 3097 1563 3168 qui
1579 3097 1840 3153 servirent
1861 3098 1986 3168 ipsi,

404 3185 716 3256 abjicientes
743 3195 797 3242 et
840 3188 1214 3242 conculcantcs
1243 3187 1399 3242 fidem
1447 3204 1618 3256 suam,
1672 3189 1988 3244 azstimando

404 3293 525 3334 eam
553 3278 798 3334 mercede
823 3279 1075 3334 vilissima
1106 3297 1119 3332 :
1145 3279 1287 3334 unde
1311 3278 1794 3335 beneﬁcentissima
1813 3280 1988 3350 provi-

391 3369 582 3425 dentia
608 3370 945 3441 omnipotens
968 3371 1106 3425 Deus
1133 3379 1398 3425 terrenam
1423 3371 1730 3428 felicitatem
1760 3388 1986 3428 conces-

406 3463 475 3515 sit
501 3470 554 3516 et
584 3461 779 3531 impiis,
799 3477 863 3516 ne
890 3478 984 3531 pro
1005 3477 1195 3532 magno
1219 3473 1550 3534 qmereretur
1573 3481 1603 3520 a
1635 3464 1806 3520 bonis.
1850 3466 1986 3523 llinc

409 3552 497 3605 ille
517 3553 755 3620 psalmus
779 3555 1198 3622 septuagesimus
1229 3565 1282 3610 et
1307 3555 1572 3611 secundus
1597 3556 1988 3612 inducithomi-

408 3657 530 3696 nem
570 3643 912 3712 ptenitcutcm
935 3687 949 3709 ,
981 3645 1120 3714 quod
1152 3646 1438 3717 aliquando
1467 3648 1631 3704 corde
1661 3665 1764 3704 non
1806 3658 1985 3717 recto,

411 3734 520 3788 Deo
553 3751 646 3802 pro
667 3735 764 3790 hac
787 3737 1032 3791 mercede
1057 3738 1319 3805 servierit,
1349 3755 1451 3810 qua
1468 3755 1586 3795 cum
1612 3741 1812 3810 pollere
1831 3752 1990 3814 atque

409 3825 672 3880 excellere
716 3825 904 3894 impios
933 3827 1157 3894 videret,
1209 3828 1448 3886 turbatus
1474 3842 1710 3901 (mperat
1755 3835 1989 3904 cogitare

408 3915 548 3984 quod
581 3916 718 3971 Deus
744 3915 969 3972 humana
998 3935 1102 3973 non
1133 3930 1299 3974 curet.
1331 3921 1395 3975 Et
1423 3938 1542 3977 cum
1566 3923 1636 3978 ab
1663 3925 1758 3978 ista
1782 3925 1984 3996 cogita-

397 4007 552 4060 tione
579 4022 700 4062 eum
731 4018 1032 4064 sanctorum
1080 4011 1144 4064 ad
1175 4013 1336 4066 Deum
1372 4015 1743 4084 pertinentium
1773 4034 1990 4074 revoca-

409 4109 493 4153 ret
517 4100 806 4155 auctoritas
826 4144 841 4168 ,
871 4104 1104 4173 suscepit
1123 4113 1279 4175 atque
1309 4107 1534 4162 intendit
1559 4124 1850 4180 agnoscere
1881 4123 1987 4167 tam

405 4191 608 4260 grande
649 4203 934 4256 secretum,
974 4195 1113 4266 quod
1154 4197 1200 4250 ei
1229 4197 1486 4253 laboranti
1519 4215 1624 4254 non
1668 4203 1984 4270 patefactum

399 4293 510 4347 ρει,
542 4284 710 4337 donec
740 4285 960 4340 intraret
985 4289 1341 4343 sanctuarinm
1373 4290 1485 4354 Dei,
1513 4300 1569 4346 et
1595 4292 1911 4361 intelligeret
1936 4297 1987 4351 in

407 4375 694 4430 novissima
723 4377 777 4443 ³;
803 4379 900 4432 hoc
925 4391 1026 4444 est,
1049 4381 1217 4436 donec
1233 4391 1452 4452 accepto
1476 4382 1674 4453 Spiritu
1701 4398 1886 4441 sancto
1912 4387 1983 4442 di-

407 4477 581 4522 sceret
622 4467 925 4525 desiderare
964 4472 1168 4540 potiora
1189 4514 1202 4537 ,
1234 4483 1284 4527 et
1316 4475 1646 4544 prospiceret
1687 4492 1806 4546 qua:
1832 4493 1988 4547 poena

409 4558 581 4613 futura
613 4561 681 4616 sit
706 4561 910 4631 impiis,
951 4565 1110 4618 ctiam
1149 4567 1236 4635 qui
1275 4566 1422 4620 fcnea
1467 4569 1692 4637 quadam
1739 4569 1991 4626 felicitate

405 4653 770 4721 temper-aliter
795 4655 1116 4710 floruissent.
1159 4657 1308 4713 llunc
1353 4660 1614 4728 psalmum
1657 4665 1990 4732 septuagcsi

409 4760 554 4799 mtun
586 4746 911 4814 secundum,
961 4759 1115 4804 nocte
1145 4767 1244 4820 qua
1291 4753 1634 4808 illucesccbat
1679 4755 1988 4811 solemnilas

405 4833 698 4889 beatissimi
727 4837 972 4908 Cypriani
1009 4855 1104 4909 per
1131 4841 1478 4898 ministerium
1506 4853 1748 4900 nostrum
1777 4851 1988 4917 exposi-

406 4934 542 4990 tttm,
564 4925 678 4996 lege
705 4936 759 4981 et
778 4928 1061 4999 diligenter
1089 4931 1325 4987 adverte.

482 5020 566 5075 14.
589 5019 814 5076 Proinde
835 5022 995 5077 homo
1013 5023 1256 5080 Christus
1286 5026 1527 5099 idemque
1554 5028 1694 5085 Deus
1721 5030 1984 5098 Christus,

407 5109 561 5179 cujus
600 5112 1092 5169 misericordissima
1131 5117 1480 5184 humanitate,
1538 5128 1697 5191 atque
1733 5123 1783 5176 in
1837 5125 1989 5192 cujus

407 5204 577 5260 forma
604 5209 780 5263 servili
807 5208 1014 5264 discere
1034 5209 1348 5266 deberemus
1371 5214 1494 5283 quid
1528 5215 1578 5268 in
1602 5215 1699 5270 hac
1731 5218 1836 5271 vita
1864 5234 1993 5273 con-

408 5299 781 5365 temnendum,
814 5310 862 5355 et
886 5301 1012 5372 quid
1044 5302 1094 5357 in
1127 5303 1226 5356 alia
1249 5305 1568 5369 sperandum
1599 5315 1763 5373 esset,
1793 5309 1846 5362 in
1875 5309 1986 5379 ipsa

408 5392 685 5460 passione,
715 5393 766 5448 in
793 5410 895 5464 qua
923 5396 1022 5452 sibi
1065 5396 1178 5466 ejus
1205 5397 1400 5452 inimici
1441 5400 1616 5470 magni
1655 5401 1990 5472 victoresque

472 5528 490 5558 ⁸
528 5533 608 5575 Ms.
653 5528 790 5575 Corb.
852 5529 1047 5589 eptimm
1101 5537 1230 5579 noue
1271 5529 1422 5580 bibet
1447 5545 1458 5580 :
1485 5532 1716 5583 Eumdem
1758 5531 1995 5587 hominem

411 5597 657 5650 I‘r’ttmqm
683 5591 1002 5650 romuwmlut,
1026 5597 1094 5650 ut,
1121 5599 1216 5640 etc.

465 5655 491 5722 f
516 5660 574 5724 .Iu
601 5651 709 5724 md.
740 5659 866 5724 post
890 5666 985 5702 una
1007 5653 1098 5711 sit,
1126 5653 1492 5724 haecadduntur
1517 5669 1528 5703 :
1559 5657 1709 5708 I‘tiam
1729 5658 1884 5724 ﬁlium
1913 5660 1996 5714 Ito-

405 5716 552 5775 nn'gr's
574 5719 886 5775 protestetur:
908 5728 1020 5774 qua:
1043 5716 1191 5764 verba
1214 5716 1390 5765 absunt
1413 5731 1439 5764 a
1463 5725 1568 5766 Mss.

473 5774 500 5808 ⁸
526 5774 663 5836 Edd.,
683 5775 1012 5828 ianos-issine.
1038 5785 1094 5829 .tt
1117 5785 1206 5830 Mss
1230 5813 1245 5840 ,
1268 5776 1609 5834 iunctissima.

1631 329 1685 384 S.
1731 324 1864 382 AL'G
1875 320 2091 380 USTINI
2132 323 2432 380 EPISCOPI

3566 329 3666 399 5U

2079 415 2418 504 'videhantur,
2452 441 2686 512 suscepit
2713 456 2898 499 vocem
2936 441 3256 502 infirmitatis
3287 453 3516 514 nostra,
3560 460 3666 516 qua

2084 531 2240 586 simul
2262 534 2666 605 cruciﬁgebatur
2688 537 2702 566 ¹
2735 545 2888 591 vetus
2919 537 3076 590 homo
3105 546 3312 603 noster,
3353 547 3410 592 ut
3436 552 3664 595 evacua-

2087 633 2229 677 rctur
2256 640 2450 694 corpus
2477 627 2674 695 peccati
2695 625 2867 698 (Rom.
2891 627 3054 696 v1.6),
3071 636 3125 682 et
3146 626 3278 682 dixit
3303 645 3316 681 :
3341 625 3479 682 Deus
3496 644 3660 694 utens,

2085 712 2224 770 Deus
2244 733 2401 782 meus,
2421 717 2613 788 utquid
2633 735 2709 771 me
2733 717 3037 787 dereliquisti
3056 716 3225 792 (Psal.
3247 735 3335 778 xxi
3349 719 3452 785 2)?
3466 719 3534 774 Et
3555 721 3660 776 hoc

2084 822 2247 863 unum
2283 807 2349 862 de
2375 808 2607 881 quinque
2636 809 2922 880 propositis
2950 809 3070 864 tuis.
3099 808 3190 866 Sic
3211 810 3393 879 incipit
3421 809 3661 885 psalmus

2085 900 2368 958 vicesimus
2403 903 2634 972 primus,
2661 903 2748 973 qui
2779 902 2847 957 de
2871 903 3116 972 passione
3142 903 3330 979 ipsius,
3359 914 3414 958 et
3455 905 3660 960 revela-

2086 991 2227 1046 tione
2263 993 2446 1062 gratia:
2482 1009 2639 1064 quam
2687 993 2928 1048 ﬁdelibus
2973 992 3228 1051 faciendis
3264 993 3657 1066 liberandisque

2083 1085 2277 1150 attulit,
2303 1086 2353 1138 in
2385 1087 2659 1156 prophetia
2684 1094 2830 1141 tanto
2849 1093 2972 1141 ante
2993 1096 3240 1147 cantatus
3267 1095 3369 1143 est.

2153 1173 2379 1232 CAPUT
2418 1175 2506 1231 Vl.
2536 1177 2714 1232 -15,
2737 1177 2964 1231 Proinde
2983 1176 3228 1232 eumdem
3252 1177 3532 1248 psalmum,
3557 1192 3659 1236 cut-

2080 1267 2167 1337 jus
2183 1267 2516 1337 prephetiam
2538 1268 2795 1322 Dominus
2814 1267 2880 1322 ad
2898 1284 2956 1323 se
2983 1267 3246 1337 pertinere
3257 1267 3662 1334 demonstrans,

2085 1357 2199 1428 ejus
2227 1358 2454 1428 primum
2481 1373 2694 1414 versum
2715 1359 3048 1422 exclamavit,
3079 1373 3199 1413 cum
3231 1358 3488 1430 penderet
3511 1359 3564 1414 in
3601 1359 3666 1415 li-

2083 1465 2208 1520 gno,
2249 1451 2718 1506 commemorando
2738 1451 3156 1522 exponendoque
3173 1466 3496 1520 percurram,
3523 1461 3664 1508 ute-x

2087 1542 2187 1597 hoc
2207 1543 2467 1614 intelligas
2486 1543 2933 1614 quemadmodum
2971 1545 3138 1616 gratia
3168 1543 3505 1600 Testamenti
3527 1545 3662 1600 Novi

2086 1649 2187 1690 nec
2207 1649 2273 1689 eo
2298 1643 2536 1704 tempore
2569 1636 2864 1702 tacebatur,
2898 1635 3112 1706 quando
3157 1637 3211 1692 in
3245 1635 3434 1692 Vetere
3456 1636 3672 1692 velaba-

2087 1734 2188 1780 tur.
2215 1726 2415 1781 Dicitur
2429 1726 2572 1782 enim
2597 1741 2662 1781 ex
2690 1741 2914 1796 persona
2940 1725 3316 1798 Christi,quod
3346 1727 3412 1781 ad
3440 1725 3666 1782 formam

2087 1817 2226 1871 servi
2250 1817 2460 1884 attinet,
2499 1818 2549 1871 in
2577 1832 2680 1887 qua
2711 1817 3018 1887 portabatur
3043 1828 3222 1874 nostra
3249 1818 3544 1873 infirmitas.
3579 1818 3672 1873 Di-

2087 1909 2164 1962 xit
2217 1909 2359 1962 enim
2399 1917 2452 1962 et
2477 1907 2546 1963 de
2593 1908 2687 1963 illo
2722 1908 2883 1962 Isaias
2920 1926 2935 1964 :
2979 1907 3079 1962 Ille
3113 1909 3430 1978 inﬁrmitates
3472 1920 3673 1965 nostras

2088 2007 2276 2068 portat,
2309 2007 2356 2052 et
2382 2014 2474 2072 pro
2513 1999 2656 2052 nobis
2684 1999 2737 2052 in
2761 1998 3016 2054 doloribus
3051 2009 3122 2054 est
3154 1998 3284 2071 (fsai
3337 2015 3446 2064 un,
3475 2000 3552 2072 4).
3583 2001 3667 2056 Ex

2087 2092 2244 2161 hujus
2297 2092 2454 2163 igitur
2481 2092 2803 2150 inﬁrmitatis
2850 2108 3002 2158 voce,
3048 2092 3115 2148 de
3145 2109 3244 2163 qua
3270 2093 3464 2148 Paulus
3493 2094 3546 2148 in
3592 2109 3662 2149 eo

2085 2182 2227 2253 quod
2271 2183 2487 2254 petebat
2522 2197 2629 2239 non
2659 2182 2968 2250 exauditus,
2994 2191 3049 2239 et
3085 2182 3206 2238 ideo
3249 2183 3477 2252 quodam
3507 2183 3672 2239 modo

2085 2273 2392 2340 derelictus,
2421 2275 2570 2330 audit
2611 2283 2791 2330 tamen
2819 2289 2849 2328 a
2877 2273 3121 2340 Domino,
3165 2273 3360 2344 Suﬂicit
3392 2275 3479 2328 tibi
3503 2274 3671 2345 gratia

2087 2384 2234 2433 mea;
2263 2385 2381 2422 nam
2407 2368 2566 2424 virtus
2591 2367 2645 2423 in
2690 2366 2984 2436 inﬁrmitate
3031 2368 3291 2436 per/icitur
3339 2366 3405 2439 (ll
3436 2366 3554 2422 Cor.
3572 2383 3670 2429 xtl,

2088 2457 2146 2528 9)
2180 2476 2192 2512 :
2223 2472 2297 2512 ex
2336 2473 2467 2514 voce
2494 2473 2621 2530 ergo
2649 2457 2805 2528 hujus
2832 2457 3150 2512 infirmitatis
3179 2467 3395 2523 nostrm,
3427 2473 3585 2529 quam
3615 2458 3671 2514 in

2089 2565 2146 2604 se
2186 2550 2580 2621 transﬁguravit
2607 2560 2765 2622 caput
2797 2558 3056 2617 nostrum,
3088 2549 3279 2605 dicitur
3306 2550 3356 2606 in
3385 2549 3488 2606 hoc
3517 2550 3662 2623 psal-

2088 2657 2196 2706 mo,
2228 2640 2370 2696 Deus
2408 2658 2567 2706 meus,
2599 2639 2739 2696 Deus
2768 2657 2926 2708 meus,
2952 2641 3145 2712 respice
3168 2642 3220 2698 in
3264 2657 3382 2703 me;
3409 2658 3564 2718 quare
3587 2658 3667 2696 me

2089 2732 2437 2802 dereliquisti?
2467 2733 2520 2788 In
2549 2748 2614 2788 eo
2641 2734 2836 2804 quippe
2861 2732 3246 2803 derelinquittu'
3273 2733 3590 2808 deprecans,
3613 2734 3667 2794 in

2089 2839 2326 2892 quonon
2362 2823 2658 2879 exauditur.
2695 2825 2842 2879 Hanc
2875 2825 2926 2879 in
2955 2839 3013 2880 se
3058 2839 3245 2880 vocem
3282 2824 3678 2895 transﬁguravit

2089 2912 2267 2976 Jesus,
2297 2929 2481 2969 vocem
2508 2915 2708 2969 scilicet
2745 2915 2988 2985 corporis
3021 2916 3125 2981 sui,
3169 2915 3268 2970 hoc
3306 2925 3389 2970 est
3424 2915 3679 2972 Ecclesia:

2091 3019 2203 3060 sua:
2233 3020 2264 3060 a
2293 3015 2478 3061 vetere
2515 3005 2730 3062 homine
2756 3005 2808 3061 in
2846 3021 3041 3062 novum
3069 3005 3423 3062 reformanda:
3445 3025 3472 3074 ς.
3490 3020 3684 3065 vocem

2091 3098 2294 3152 scilicet
2316 3097 2642 3153 inﬁrmitatis
2669 3113 2780 3153 suae
2807 3097 3074 3165 humanm,
3099 3098 3184 3153 cui
3220 3097 3527 3169 deneganda
3560 3097 3681 3154 fue-

2090 3199 2212 3245 rant
2249 3190 2389 3246 bona
2425 3191 2633 3247 Veteris
2661 3189 3022 3258 Testamenti,
3047 3200 3106 3246 ut
3129 3192 3267 3250 bona
3309 3191 3441 3247 Novi
3491 3191 3682 3250 Testes

2093 3282 2259 3336 menti
2282 3291 2467 3351 optare
2509 3291 2668 3352 atque
2694 3296 2912 3352 sperare
2931 3282 3040 3351 jam
3067 3281 3323 3339 disceret.

2165 3373 2251 3428 lt}.
2279 3371 2335 3428 In
2358 3373 2460 3428 illis
2480 3382 2655 3429 autem
2687 3374 2891 3429 Veteris
2917 3373 3244 3429 Testamenti
3273 3375 3461 3440 bonis,
3485 3373 3559 3430 ad
3581 3389 3676 3430 ve-

2093 3473 2258 3519 tcrem
2281 3463 2549 3520 hominem
2578 3465 2967 3534 pertinentibus
2990 3505 3006 3531 ,
3047 3465 3312 3536 prmcipue
3351 3466 3684 3537 concupisci-

2093 3565 2180 3611 tur
2205 3557 2325 3610 vita:
2356 3556 2512 3627 hujus
2537 3557 2816 3627 productio
2840 3557 3161 3630 temporalis,
3190 3565 3248 3610 ut
3271 3557 3540 3627 aliquanto
3562 3556 3683 3612 diu~

2094 3649 2198 3702 tius
2247 3656 2505 3711 teneatur,
2555 3648 2677 3718 quia
2724 3662 2938 3718 semper
2981 3663 3085 3702 non
3131 3657 3323 3717 potest.
3374 3647 3497 3703 Ideo
3536 3646 3680 3702 diem

2093 3739 2282 3792 mortis
2304 3753 2490 3794 omnes
2511 3738 2722 3809 quidem
2744 3738 3031 3793 affuturum
3061 3737 3253 3802 sciunt,
3283 3747 3336 3794 et
3354 3754 3476 3795 eum
3503 3747 3681 3795 tamen

2094 3844 2280 3884 omnes
2305 3838 2397 3883 aut
2437 3844 2571 3898 pene
2601 3844 2786 3884 omnes
2814 3829 3029 3884 differre
3065 3840 3357 3897 conantur,
3397 3829 3559 3885 etiam
3587 3829 3684 3900 qui

2097 3929 2214 3992 post
2239 3929 2462 3975 mortem
2485 3936 2541 3976 se
2565 3921 2772 3976 beatius
2791 3919 3014 3975 credunt
3037 3935 3157 3976 esse
3178 3921 3410 3975 victuros
3437 3938 3450 3974 :
3481 3928 3688 3975 tantam

2096 4014 2255 4068 habet
2281 4015 2386 4068 vim
2428 4013 2605 4067 carnis
2632 4022 2688 4067 et
2719 4012 2911 4067 anima:
2941 4012 3095 4068 dulce
3134 4011 3483 4066 consortium.
3514 4010 3694 4067 Nemo

2094 4106 2235 4159 enim
2267 4119 2498 4174 unquam
2524 4119 2738 4158 carnem
2759 4120 2909 4158 suam
2931 4102 3054 4158 odio
3077 4104 3258 4158 habuit
3279 4103 3436 4176 (Eph.
3457 4119 3512 4168 v,
3541 4103 3684 4176 29):

2092 4206 2142 4250 et
2191 4205 2466 4264 propterea
2503 4211 2608 4250 non
2650 4196 2758 4250 vult
2798 4195 2972 4248 anima
3004 4196 3084 4250 vel
3125 4195 3190 4249 ad
3231 4206 3442 4265 tempus
3479 4195 3546 4251 ab
3571 4195 3688 4266 ejus

2093 4288 2251 4341 etiam
2283 4287 2588 4341 infirmitate
2625 4286 2928 4350 discedere,
2965 4287 3206 4356 quamvis
3243 4301 3370 4340 eam,
3401 4301 3460 4342 se
3498 4287 3549 4340 in
3582 4287 3690 4341 line

2094 4381 2209 4436 sine
2239 4381 2545 4435 inﬁrmitate
2572 4381 2622 4434 in
2651 4389 2907 4434 aeternum
2932 4387 3265 4450 recepturam
3287 4393 3406 4434 esse
3428 4378 3684 4435 conﬁdat.

2095 4474 2323 4528 Proinde
2352 4482 2532 4528 mente
2560 4472 2798 4526 serviens
2820 4472 2918 4542 legi
2940 4472 3054 4533 Dei,
3078 4486 3238 4526 carne
3267 4479 3444 4526 autem
3467 4470 3688 4525 trahens

2095 4564 2357 4618 desideria
2387 4563 2586 4632 peccati
2618 4561 2793 4635 (Rom.
2816 4578 2911 4629 vn,
2937 4561 3055 4633 23),
3083 4561 3274 4633 quibus
3299 4564 3331 4594 ι
3349 4561 3567 4618 obedire
3597 4575 3690 4616 ve-

2095 4663 2171 4708 tat
2214 4655 2533 4724 Apostolus,
2593 4653 2788 4708 mentis
2840 4652 3054 4724 quidem
3103 4653 3308 4706 ratione
3355 4649 3692 4722 concupiscit

2097 4747 2255 4800 homo
2283 4748 2400 4817 pius
2427 4747 2679 4812 dissolvi,
2719 4755 2774 4802 et
2802 4763 2920 4802 esse
2949 4762 3069 4802 cum
3099 4745 3314 4801 Christo
3340 4745 3601 4817 (Philipp.
3629 4759 3692 4811 ις,

2093 4839 2184 4909 23)
2208 4857 2222 4904 ;
2251 4840 2343 4894 sed
2372 4839 2423 4893 id
2450 4855 2608 4895 sensu
2637 4839 2811 4894 carnis
2841 4847 3053 4894 recusat
3079 4847 3136 4894 et
3158 4838 3346 4906 refugit
3370 4880 3384 4902 ,
3413 4846 3471 4892 et
3495 4838 3540 4893 si
3567 4837 3691 4895 ﬁeri

2096 4930 2283 4999 possit,
2310 4946 2415 4986 non
2447 4931 2560 4985 vult
2585 4930 2911 5000 exspoliari,
2947 4929 3043 4985 sed
3080 4927 3422 5000 supervestiri
3445 4971 3460 4992 ,
3494 4937 3552 4982 ut
3591 4928 3690 4983 abs

2097 5022 2374 5076 sorbeatur
2392 5021 2532 5092 quod
2555 5022 2776 5077 mortale
2798 5031 2881 5076 est
2903 5037 2934 5076 a
2961 5021 3062 5076 vita
3084 5021 3147 5094 (ll
3168 5020 3287 5076 Cor.
3311 5036 3342 5075 v
3357 5064 3372 5087 ,
3394 5021 3485 5090 4,),
3504 5019 3554 5074 id
3580 5027 3695 5086 est,

2097 5125 2155 5168 nt
2182 5115 2248 5168 ab
2278 5115 2580 5170 inﬁrmitate
2606 5115 2673 5168 ad
2701 5115 3152 5169 immortalitatem
3179 5113 3339 5168 etiam
3369 5113 3541 5186 ipsum
3564 5126 3690 5173 eor:-

2101 5222 2198 5276 pus
2223 5205 2338 5261 sine
2366 5215 2538 5262 morte
2564 5206 2737 5260 media
2770 5205 3141 5262 transferatur.

2172 5300 2257 5351 l7.
2291 5297 2397 5354 Sed
2425 5298 2538 5353 haec
2563 5298 2720 5353 verba
2748 5341 2763 5366 ,
2795 5299 2987 5368 quibus
3024 5297 3291 5352 humanus
3322 5295 3439 5357 dies
3477 5304 3532 5351 et
3566 5296 3700 5350 vitae

2100 5392 2258 5462 hujus
2285 5392 2558 5464 prolixitas
2581 5393 2996 5463 concupiscitur,
3021 5390 3183 5446 verba
3203 5399 3328 5445 sunt
3347 5389 3686 5456 delictorum,

2165 5593 2180 5622 ί
2221 5599 2318 5653 Am.
2340 5589 2448 5653 nad.
2464 5598 2515 5640 et
2529 5588 2685 5653 Er.,t°tt
2707 5589 2812 5653 ipsa
2833 5586 3066 5651 passione,
3087 5585 3138 5638 in
3159 5599 3254 5651 qua
3275 5586 3368 5638 sibi
3389 5585 3448 5637 ab
3466 5585 3571 5650 ejus
3594 5587 3692 5640 ini-

2100 5655 2239 5704 micis
2261 5651 2494 5716 ﬁgebatur
2515 5659 2645 5716 vetus
2667 5651 2805 5702 homo
2824 5657 3000 5716 uoster.

2165 5720 2184 5747 ¹
2218 5709 2484 5779 usam».
2510 5715 2690 5778 aliique
2725 5711 2972 5775 nonnulli,
3007 5724 3154 5764 carne
3184 5717 3342 5764 autem
3373 5709 3467 5779 εσσε
3501 5715 3695 5778 pacm

2105 5787 2182 5836 cui
2203 5777 2398 5831 obuiire
2420 5782 2559 5828 vetat.
