4122 6350
406 399 510 457 518

405 525 463 571 et
491 515 649 584 longe
690 518 815 568 sunt
854 508 923 564 ab
961 521 1021 562 ea
1052 505 1223 560 salute
1256 502 1407 573 cujus
1453 501 1687 555 nonduin
1733 515 1880 566 rem,
1912 498 2005 551 sed

403 624 515 681 3am
539 621 691 678 spem
715 603 977 675 gerimus;
1004 599 1069 655 de
1094 614 1196 668 qua
1214 598 1467 665 scriptum
1488 603 1589 658 est,
1617 593 1747 658 Quia
1768 610 1856 661 spe
1878 592 2005 643 saltéi

408 700 532 772 facti
560 712 736 753 sumus
762 710 784 748 ς
810 708 926 761 spes
944 700 1111 744 autem
1126 704 1240 757 qua:
1257 687 1448 739 videtur
1471 702 1568 739 non
1596 692 1667 738 est
1688 700 1799 751 spes
1822 682 1999 734 (Rom.

409 808 539 855 vui,
576 790 693 858 Ἡ).
740 787 967 855 Ideoque
1007 792 1061 837 et
1105 783 1155 835 in
1204 780 1307 834 isto
1344 778 1546 848 psalmo
1585 791 1704 830 cum
1746 775 2001 840 dixisset,

410 882 550 937 Deus
576 896 715 935 meus
735 920 748 941 ,
779 877 915 929 Deus
942 891 1080 928 meus
1099 915 1114 941 ,
1146 872 1334 942 respice
1358 872 1406 923 in
1434 884 1546 933 me;
1572 886 1726 939 quare
1757 884 1835 920 me
1860 867 2001 921 dere-

407 973 600 1045 liquisti
617 974 643 1028 ?
667 970 921 1027 continuo
950 966 1219 1035 subjungit
1237 1006 1250 1028 ,
1284 962 1453 1033 Longe
1477 979 1508 1014 a
1534 963 1695 1015 salute
1723 977 1831 1012 inea
1861 958 2006 1013 verba

408 1066 710 1121 delictorum
759 1076 1019 1124 meorum;
1062 1058 1112 1112 id
1158 1064 1261 1122 est,
1316 1056 1429 1109 haec
1482 1053 1637 1108 verba
1693 1052 2003 1105 delictorum

412 1172 654 1212 meorum
683 1162 831 1217 sunt,
859 1162 913 1207 ct
940 1154 1093 1221 longe
1122 1148 1189 1202 ab
1216 1149 1300 1202 illa
1332 1148 1501 1202 salute
1530 1161 1645 1200 mea
1674 1154 1813 1209 sunt,
1846 1160 2004 1214 quam

411 1251 545 1307 mihi
572 1265 679 1305 non
711 1246 951 1313 Veteris,
992 1243 1087 1299 sed
1124 1242 1255 1297 Novi
1291 1239 1616 1294 Testamenti
1651 1237 1818 1308 gratia
1852 1237 2003 1305 polli-

411 1352 584 1399 cetur.
632 1339 946 1409 Quanquam
986 1336 1148 1391 etiam
1196 1334 1274 1388 sic
1316 1331 1564 1401 distingui
1610 1337 1811 1400 potest,
1867 1328 2005 1383 Deus

412 1414 553 1489 meus
571 1475 586 1499 ,
620 1432 755 1486 Deus
789 1446 946 1493 meus,
974 1428 1165 1496 respice
1200 1426 1252 1479 in
1283 1439 1389 1488 me;
1413 1439 1567 1493 quare
1592 1438 1668 1476 me
1698 1421 2006 1490 dereliquisti

414 1529 564 1599 (erige
584 1542 617 1579 a
635 1524 796 1579 salute
820 1522 964 1576 mea?
988 1529 1236 1589 tanquam
1258 1518 1481 1583 diceret,
1506 1514 1871 1584 Relinqueudo
1898 1530 2003 1579 me,

413 1620 516 1675 hoc
544 1627 646 1681 est,
678 1632 786 1672 non
814 1631 899 1670 me
929 1612 1290 1673 exaudiendo,
1322 1610 1478 1679 longe
1504 1608 1675 1662 factus
1697 1624 1754 1661 es
1784 1623 1811 1659 a
1837 1608 2007 1661 salute

412 1726 555 1773 mea.
592 1707 840 1779 praesenti
866 1706 1067 1761 scilicet
1089 1705 1258 1758 salute
1282 1701 1433 1770 hujus
1455 1700 1574 1754 vitae
1604 1717 1616 1751 :
1646 1708 1704 1752 ut
1728 1699 1863 1751 alius
1882 1713 2005 1752 sen-

412 1818 508 1857 sus
550 1801 647 1864 sit,
689 1798 835 1853 verba
878 1797 1174 1850 delictorum
1212 1808 1462 1855 meorum,
1508 1790 1559 1844 id
1598 1799 1711 1853 est,
1758 1791 1854 1843 ista
1890 1805 2008 1858 qua:

412 1893 545 1958 dixi,
572 1890 730 1946 verba
759 1898 879 1944 sunt
908 1888 1224 1942 delictorum
1257 1896 1513 1946 meormn,
1549 1880 1668 1950 quia
1698 1880 1852 1934 verba
1885 1888 2009 1933 sunt

411 1984 705 2041 carnalium
731 1981 1139 2038 desideriorum.

483 2078 575 2134 18.
604 2077 729 2131 llaec
768 2091 833 2131 ex
878 2088 1105 2144 persona
1150 2071 1232 2126 sui
1275 2068 1518 2140 corporis
1559 2066 1805 2122 Christus
1850 2064 2005 2132 dicit,

412 2170 557 2243 quod
581 2178 665 2225 est
699 2168 958 2225 Ecclesia.
998 2167 1122 2221 llaec
1150 2180 1214 2220 ex
1254 2177 1482 2233 persona
1522 2160 1652 2215 dicit
1688 2157 2011 2213 infirmitatis

412 2264 592 2319 carnis
637 2262 879 2334 peccati,
927 2274 1085 2330 quam
1138 2254 1531 2325 transﬁguravit
1576 2253 1631 2307 in
1692 2267 1808 2307 eam
1847 2265 2007 2320 quam

414 2354 643 2425 sumpsit
662 2370 727 2409 ex
748 2351 987 2423 Virgine,
1014 2348 1413 2406 similitudinem
1440 2344 1617 2400 carnis
1638 2342 1860 2413 peccati.
1888 2342 2010 2395 Hmc

413 2448 656 2516 Sponsus
681 2460 745 2500 ex
777 2457 1002 2514 persona
1032 2455 1241 2510 sponsae
1270 2437 1523 2507 loquitur,
1552 2436 1675 2504 quia
1700 2432 1869 2486 nnivit
1890 2446 2008 2487 eam

414 2538 512 2593 sibi
546 2536 777 2607 quodam
810 2534 990 2589 modo.
1030 2534 1095 2588 Et
1119 2529 1257 2601 apud
1287 2529 1505 2593 lsaiam,
1550 2525 1638 2581 ubi
1669 2524 1831 2591 dicit,
1862 2523 2007 2578 Sicut

412 2647 598 2702 sponso
634 2629 860 2700 alligavit
889 2626 1012 2679 mihi
1037 2626 1272 2688 mitram,
1314 2632 1360 2675 et
1386 2620 1517 2673 sicut
1546 2632 1786 2685 sponsam
1814 2614 2011 2668 ornavit

412 2740 492 2777 me
514 2729 808 2778 ornamento
836 2717 988 2789 (Isai.
1020 2733 1131 2781 ut,
1166 2715 1256 2786 l0)
1292 2730 1304 2766 :
1334 2710 1561 2782 alligavit
1600 2708 1742 2771 mihi,
1778 2712 1835 2761 et
1858 2721 2011 2759 orna-

413 2817 482 2868 vit
507 2830 605 2881 me,
638 2822 890 2879 tanquam
922 2808 1078 2863 unius
1104 2821 1205 2860 vox
1234 2813 1316 2859 est
1336 2845 1351 2870 ,
1382 2812 1437 2858 et
1475 2810 1649 2856 tamen
1677 2811 1931 2867 sponsum
1958 2802 2013 2850 et

415 2921 666 2976 sponsam
708 2903 977 2959 Christum
1023 2899 1369 2969 intelligimus
1411 2905 1465 2951 et
1506 2892 1821 2948 Ecclesium.
1862 2887 1967 2943 Sed
1995 2927 2009 2951 ,

416 3007 563 3052 erunt
592 2996 695 3050 duo
733 2995 787 3049 in
828 3009 980 3047 carne
1013 3008 1146 3054 una;
1184 2995 1553 3044 sacramentum
1589 2997 1855 3052 magnum,
1888 2977 2015 3032 dicit

416 3090 703 3160 Apostolus
727 3130 741 3154 ,
766 3088 820 3141 in
847 3085 1045 3139 Christo
1076 3092 1122 3136 et
1152 3082 1202 3135 in
1232 3079 1456 3134 Ecclesia
1492 3075 1651 3149 (Eph.
1676 3088 1729 3135 v,
1761 3072 1818 3126 3i
1836 3111 1850 3135 ,
1879 3068 1970 3139 39)

727 3138 856 3248 ν
881 3177 982 3229 duo
1002 3218 1016 3240 ,
1045 3174 1131 3228 sed
1158 3189 1259 3227 una
1300 3186 1416 3223 caro
1444 3138 1653 3238 (bIatlh.
1692 3180 1815 3225 xix,
1844 3162 1923 3232 6).
1954 3138 2015 3215 εί

414 3287 546 3342 ergo
574 3286 700 3325 caro
729 3284 829 3323 una
850 3308 866 3333 ,
897 3266 1137 3337 profecto
1170 3267 1534 3333 competenter
1571 3257 1729 3313 etiam
1755 3270 1854 3307 vox
1886 3268 2009 3306 una.

415 3362 555 3431 Quid
583 3362 666 3415 hic
694 3360 910 3430 quaeris,
940 3358 1168 3412 humana
1193 3352 1492 3417 infirmitas,
1526 3364 1709 3404 vocem
1742 3346 1895 3402 Verbi
1919 3359 2014 3413 per

419 3453 561 3524 quod
606 3452 739 3506 facta
786 3459 911 3504 sunt
949 3448 1171 3502 omnia?
1213 3444 1347 3501 Audi
1395 3444 1573 3514 potius
1615 3454 1799 3493 vocem
1837 3436 2012 3491 carnis

418 3559 541 3614 qua:
574 3544 702 3596 facta
728 3551 812 3596 est
842 3542 979 3594 inter
1001 3539 1177 3593 omnia
1202 3555 1215 3602 ;
1246 3536 1494 3605 quoniam
1534 3530 1746 3586 Verbum
1773 3546 1891 3583 caro
1927 3532 2012 3599 fu-

416 3645 551 3688 rtum
578 3644 683 3698 est,
719 3643 763 3687 et
789 3631 1026 3685 habitavit
1054 3631 1108 3682 in
1145 3628 1304 3682 nobis.
1338 3626 1472 3681 Audi
1517 3624 1694 3694 potius
1734 3618 2012 3674 medicina:

415 3743 625 3790 vocem,
658 3742 760 3797 qua
788 3726 991 3780 sanaris
1020 3735 1076 3779 ut
1101 3723 1280 3777 videas
1309 3723 1495 3782 Deum,
1520 3733 1678 3789 quem
1706 3715 1801 3771 tibi
1830 3715 2011 3770 viden-

415 3820 541 3873 dum
569 3819 802 3881 distulit;
826 3818 1093 3871 hominem
1123 3824 1300 3869 autem
1322 3811 1609 3868 videndum
1637 3809 1833 3874 attulit,
1861 3807 2008 3861 occi-

416 3912 650 3967 dendum
675 3910 884 3965 obtulit.
910 3907 1218 3963 imitandum
1238 3904 1479 3967 contulit,
1503 3901 1823 3958 credendum
1843 3909 2012 3954 trans-

418 4005 567 4067 tulit,
607 4012 664 4057 ut
703 4004 801 4057 ista
838 4002 940 4056 fide
984 4001 1050 4055 ad
1092 3998 1376 4053 videndum
1408 3998 1571 4052 Deum
1604 3995 1797 4050 mentis
1825 3992 2012 4047 oculus

417 4104 713 4150 sanaretur.
743 4095 878 4161 Quid
908 4110 1036 4165 ergo
1070 4093 1418 4161 dedignamur
1443 4090 1626 4145 audire
1666 4103 1850 4145 vocem
1892 4104 2011 4143 cor-

416 4188 562 4257 poris
606 4202 673 4242 ex
724 4202 819 4241 ore
868 4187 1097 4258 capitis?
1146 4184 1383 4241 Ecclesia
1432 4185 1485 4237 in
1542 4183 1635 4237 illo
1690 4183 2008 4252 patiebatur,

416 4279 629 4348 quando
655 4293 750 4349 pro
772 4279 1008 4333 Ecclesia
1036 4278 1331 4347 patiebatur
1361 4293 1375 4331 :
1405 4275 1542 4329 sicut
1562 4275 1722 4331 etiam
1755 4275 1807 4328 in
1835 4274 2012 4329 Eccle-

416 4374 493 4427 sia
523 4373 818 4443 patiebatur
851 4373 984 4442 ipse,
1019 4370 1231 4441 quando
1261 4384 1359 4439 pro
1389 4368 1480 4423 illo
1506 4367 1745 4421 Ecclesia
1775 4366 2014 4435 patieba-

418 4472 524 4518 tur.
554 4463 686 4519 Nam
717 4464 851 4518 sicut
880 4463 1178 4517 audivimus
1218 4460 1473 4516 Ecclesia:
1500 4474 1687 4514 vocem
1716 4459 1768 4512 in
1796 4456 2011 4512 Christo

416 4556 686 4626 patientis,
715 4555 869 4621 Deus,
895 4555 1026 4609 Deus
1038 4571 1196 4620 naeus,
1218 4554 1425 4623 respice,
1450 4551 1668 4615 etc.,sic
1679 4551 1837 4604 etiam
1855 4550 2008 4603 audi-

419 4646 590 4700 vimus
630 4646 825 4702 Christi
868 4649 1052 4701 vocem
1096 4645 1148 4700 in
1189 4644 1425 4699 Ecclesia
1474 4641 1719 4712 patientis
1744 4681 1759 4709 ,
1808 4640 2005 4707 Saule,

421 4736 602 4800 Saule,
626 4739 747 4810 quid
774 4754 851 4790 me
875 4737 1183 4809 persequeris
1213 4735 1347 4809 (Aet.
1371 4751 1454 4798 Ix,
1480 4733 1557 4804 4).

498 4827 724 4884 CAPUT
755 4827 863 4882 νη.
884 4858 957 4868 --
983 4827 1069 4882 19.
1105 4828 1235 4881 Cum
1273 4827 1450 4895 itaque
1481 4839 1585 4878 non
1607 4823 1921 4878 cx'audimur
1940 4823 2007 4877 ad

421 4918 727 4986 temporalia
742 4917 878 4971 bona
893 4917 1168 4972 retinenda
1189 4917 1276 4971 vel
1302 4913 1663 4985 adipiscenda,
1684 4912 1893 4983 quando
1910 4927 2006 4982 pro

422 5010 505 5063 his
537 5008 889 5078 deprecamur
914 5009 1080 5064 Deum
1100 5050 1115 5074 ,
1146 5009 1198 5062 in
1238 5023 1302 5062 eo
1329 5006 1469 5077 quod
1502 5021 1599 5061 nos
1627 5022 1731 5061 non
1760 5004 2002 5071 exaudit,

419 5098 739 5169 derelinquit
759 5116 855 5153 nos
875 5117 888 5153 :
908 5099 1000 5155 sed
1024 5100 1088 5153 ad
1118 5099 1321 5168 potiora
1339 5140 1351 5161 ,
1375 5115 1492 5167 quzc
1522 5099 1635 5151 vult
1660 5107 1719 5152 ut
1742 5098 2003 5167 intelliga-

420 5204 560 5253 mus,
579 5198 634 5245 et
663 5189 1028 5258 praeferamus,
1044 5198 1095 5245 et
1113 5189 1567 5259 concupiscamus,
1591 5203 1694 5242 non
1721 5203 1820 5242 nos
1846 5188 2003 5243 derc-

420 5280 632 5353 linquit.
661 5283 816 5340 Unde
845 5283 1085 5353 sequitur
1111 5282 1350 5337 Psalmus
1372 5322 1386 5345 ,
1415 5289 1469 5334 et
1494 5280 1653 5345 dicit,
1682 5279 1905 5335 Clamavi
1937 5280 2005 5333 ad

420 5383 468 5427 te
483 5391 572 5442 per
585 5374 739 5434 diem.
758 5392 848 5430 nec
862 5374 1100 5429 exaudies
1124 5371 1144 5445 (
1154 5372 1293 5426 Psal.
1328 5388 1440 5437 χχι,
1470 5369 1522 5441 5)
1545 5388 1558 5435 ;
1578 5382 1624 5426 et
1651 5382 1794 5426 nocte
1812 5388 1830 5427 :
1845 5372 2003 5427 etiam

422 5464 507 5518 hic
530 5465 864 5530 subauditur,
892 5482 983 5519 nec
1012 5465 1269 5519 exaudies.
1295 5445 1398 5518 Sed
1424 5462 1545 5515 vide
1569 5462 1695 5531 quid
1724 5463 1961 5541 adjuugit
1988 5482 2000 5517 :

420 5562 468 5607 et
499 5571 601 5608 non
640 5555 709 5607 ad
732 5556 1072 5623 insipientiam
1101 5554 1245 5607 mihi.
1276 5554 1387 5607 Hoc
1416 5567 1543 5620 ergo
1571 5552 1699 5606 dicit
1730 5570 1741 5604 ε
1774 5551 1890 5605 Non
1920 5569 2005 5607 me

419 5642 635 5710 quidem
661 5644 913 5699 exaudies
942 5645 1257 5698 clamantem
1282 5658 1375 5713 per
1398 5641 1562 5705 diem,
1591 5642 1640 5695 id
1665 5652 1745 5697 est
1774 5643 1825 5695 in
1847 5642 2004 5696 rebus

420 5735 715 5806 prosperis,
738 5744 796 5790 ut
820 5750 910 5791 eas
935 5751 1040 5790 non
1068 5735 1340 5801 amittam;
1373 5744 1424 5789 et
1455 5742 1633 5797 nocte,
1658 5734 1709 5788 id
1732 5743 1813 5788 est
1840 5736 1890 5787 in
1920 5751 2004 5789 rc-

419 5826 519 5883 bus
544 5826 803 5897 adversis,
838 5836 893 5884 ut
918 5842 1171 5899 prospera
1198 5842 1316 5897 qnze
1341 5827 1532 5880 amissa
1563 5836 1704 5891 sunt,
1736 5827 1955 5882 redeant
1986 5848 1998 5882 :

1590 380 2065 445 EPISTOLARUM
2107 382 2379 444 CLASSIS
2418 388 2503 443 [ΙΙ.

3586 393 3690 452 546

2114 515 2295 555 verum
2318 502 2416 558 hoc
2445 505 2572 559 mihi
2598 504 2786 559 nonad
2809 504 3157 576 insipientiam
3179 505 3373 570 facies;
3398 505 3489 560 sed
3512 507 3691 577 potius

2114 601 2170 645 ut
2190 593 2391 662 sapiam
2420 596 2544 665 quid
2568 597 2676 665 jam
2707 613 2797 666 per
2824 597 2954 650 Novi
2985 596 3306 651 Testamenti
3329 596 3547 666 gratiam
3577 613 3606 650 a
3636 605 3687 650 te

2111 693 2425 751 exspectare
2445 725 2458 749 ,
2500 687 2624 754 quid
2651 686 2955 741 desiderare
2976 728 2991 753 ,
3035 686 3160 756 quid
3193 701 3412 756 poscere
3440 685 3685 741 debeam.

2108 771 2292 826 Clamo
2309 775 2499 844 quippe
2517 793 2613 846 ego
2629 786 2685 831 ut
2705 778 2830 831 mihi
2849 779 2981 831 bona
2998 777 3303 846 temporalia
3324 793 3431 830 non
3447 777 3687 831 auferan.

2113 871 2226 915 tur:
2252 863 2325 916 Tu
2351 877 2519 919 autem
2558 869 2608 921 in
2644 879 2814 922 sancto
2847 870 3060 933 habitas,
3091 870 3200 923 laus
3228 867 3391 922 Israel
3412 868 3569 939 (Ibid.
3603 871 3685 941 4).

2109 953 2241 1007 Nolo
2269 963 2327 1008 ut
2349 957 2688 1024 derelinquas
2713 960 3190 1028 concupiscentiam
3224 975 3415 1023 meam,
3446 976 3544 1029 qua
3575 976 3693 1013 car-

2111 1046 2282 1099 nalcm
2315 1046 2617 1102 felicitatem
2646 1052 2873 1118 requiro.
2907 1050 3094 1104 Verum
3124 1050 3237 1105 ha-c
3259 1059 3340 1105 est
3362 1051 3412 1105 in
3444 1051 3689 1106 sordibus

2112 1138 2412 1203 vetustatis,
2436 1147 2489 1191 tu
2518 1149 2692 1194 autem
2715 1143 2908 1209 quaeris
2934 1140 3241 1196 munditiam
3272 1140 3554 1206 novitatis;
3583 1159 3687 1196 non

2110 1228 2442 1283 exandicndo
2466 1229 2619 1284 istam
2647 1230 2985 1300 cupiditatem
3018 1234 3290 1303 relinquis,
3314 1234 3437 1303 quia
3461 1234 3691 1286 charita-

2112 1326 2214 1371 tem
2246 1320 2296 1372 in
2319 1335 2420 1388 qua
2449 1320 2675 1385 habites,
2710 1324 2933 1392 requiris
2967 1342 2979 1378 :
3010 1325 3238 1378 charitas
3265 1336 3441 1380 autem
3476 1325 3565 1379 Dei
3588 1324 3677 1379 dif-

2111 1411 2349 1467 funditur
2370 1414 2420 1467 in
2440 1415 2687 1470 cordibus
2710 1417 2925 1483 nostris,
2949 1418 3041 1472 sed
3067 1434 3158 1486 per
3177 1418 3428 1487 Spiritqu
3448 1427 3688 1473 sanctum

2111 1503 2196 1572 qui
2224 1502 2377 1556 datus
2410 1514 2494 1558 est
2535 1505 2688 1560 nobis
2718 1505 2893 1577 (Rom.
2923 1524 2955 1561 γ
2974 1550 2987 1573 ,
3020 1506 3095 1579 ὅ).
3126 1507 3247 1562 Ideo
3270 1508 3320 1561 in
3348 1517 3518 1562 sancto
3543 1508 3694 1562 [tabi-

2112 1603 2219 1655 tas,
2258 1594 2368 1648 laus
2410 1594 2611 1662 Israel;
2652 1596 2766 1650 laus
2807 1597 3097 1652 videntium
3143 1608 3223 1665 te,
3271 1600 3390 1669 quia
3422 1617 3525 1655 non
3556 1601 3606 1655 iu
3635 1617 3694 1657 se

2114 1686 2427 1751 laudantur,
2469 1688 2561 1742 sed
2600 1689 2649 1742 in
2697 1698 2765 1744 te.
2794 1689 2927 1757 Quid
2963 1691 3105 1744 enini
3148 1690 3342 1745 habent
3391 1692 3531 1762 quod
3581 1709 3689 1747 non

2112 1789 2431 1847 acceperunt
2478 1779 2519 1849 (l
2554 1779 2670 1834 Cor.
2701 1797 2752 1834 tv
2774 1824 2787 1845 ,
2823 1782 2875 1852 7)
2908 1779 2931 1834 ’ἓ
2963 1795 3015 1835 ιιι
3057 1782 3143 1852 qui
3180 1782 3466 1853 gloriatur,
3498 1785 3549 1837 in
3586 1784 3682 1838 Do.

2113 1871 2259 1923 mino
2288 1872 2541 1940 glorietur
2568 1870 2675 1943 (Id.
2701 1889 2734 1937 I,
2766 1873 2879 1943 5i).

2182 1960 2271 2017 ΞΟ.
2302 1964 2425 2018 ιιωο
2447 1973 2527 2019 est
2546 1966 2712 2034 gratia
2738 1963 2870 2020 Novi
2894 1965 3219 2021 Testamenti
3252 1983 3263 2017 :
3296 1982 3415 2020 nam
3441 1966 3490 2019 in
3518 1965 3694 2020 Veteri

2114 2051 2495 2123 Testamento,
2527 2057 2739 2126 quando
2773 2058 3182 2112 commcndahas
3214 2057 3421 2111 nonnisi
3451 2073 3478 2110 a
3513 2067 3561 2111 te
3591 2056 3697 2126 peti

2114 2145 2420 2214 sperarique
2441 2146 2638 2201 debere
2663 2149 2822 2203 etiam
2845 2148 3012 2217 ipsam
3037 2158 3298 2202 terrenam
3322 2151 3696 2217 temporalem-

2114 2252 2216 2305 quc
2235 2236 2554 2303 felicitatem,
2572 2236 2637 2290 In
2658 2246 2703 2292 te
2721 2249 3041 2308 speraverant
3063 2248 3230 2309 patres
3253 2238 3439 2301 nostri;
3463 2256 3697 2309 sperave-

2114 2340 2251 2397 runt,
2275 2332 2494 2386 eteruisti
2512 2349 2615 2386 eos.
2631 2332 2710 2385 Ad
2729 2342 2774 2388 te
2791 2329 3151 2399 claimwerunt,
3175 2342 3221 2386 et
3241 2332 3367 2386 salvi
3392 2333 3519 2403 facti
3544 2344 3692 2397 sunt;

2114 2439 2165 2475 in
2182 2433 2228 2477 te
2238 2433 2583 2493 speraverant,
2600 2436 2645 2479 et
2660 2442 2758 2479 non
2772 2437 2885 2479 sunt
2902 2428 3098 2497 confusi
3113 2422 3281 2496 (Psal.
3293 2439 3407 2491 XXI,
3422 2425 3553 2495 5,6).
3576 2425 3697 2480 Illos

2115 2516 2311 2586 quippe
2333 2526 2513 2584 patres
2541 2518 2679 2572 inter
2709 2518 2951 2573 inimicos
2979 2534 3104 2573 suos
3133 2518 3392 2584 viventes,
3416 2526 3469 2572 et
3498 2518 3697 2574 divitiis

2117 2606 2368 2677 implesti,
2393 2620 2447 2663 et
2470 2610 2536 2664 ab
2562 2610 2803 2665 hostibus
2830 2612 3033 2677 eruisti,
3057 2609 3418 2683 gloriosusque
3446 2613 3697 2667 victorias

2116 2708 2393 2769 reportare
2414 2700 2607 2767 fecisti,
2637 2711 2689 2756 ct
2710 2701 2777 2756 de
2799 2699 3021 2757 diversis
3042 2717 3136 2757 eos
3155 2702 3415 2756 mortibus
3443 2703 3699 2758 Iiberasti.

2118 2789 2221 2845 Pro
2249 2791 2353 2846 alio
2383 2791 2677 2861 subjecisti,
2708 2808 2776 2848 ne
2806 2792 3076 2859 feriretur,
3104 2793 3323 2847 arietem
3363 2790 3512 2861 (Gen.
3546 2809 3657 2847 xxu
3684 2834 3699 2858 ,

2118 2880 2229 2951 15).
2257 2883 2430 2936 Alium
2458 2882 2524 2937 de
2553 2883 2830 2951 putredine
2860 2898 3068 2947 saluum,
3098 2893 3153 2937 et
3174 2884 3219 2937 el
3246 2883 3401 2954 dupla
3426 2900 3542 2953 quae
3568 2884 3701 2937 allii—

2122 2982 2266 3026 serat
2312 2972 2760 3044 reddidisti,(lob.
2790 2990 2927 3040 xui,
2969 2974 3076 3044 10).
3124 2970 3297 3028 Alium
3340 2975 3475 3028 inter
3522 2975 3703 3029 leones

2116 3064 2412 3119 esurientes
2445 3066 2667 3118 illtcsum
2708 3067 3076 3135 integrumque
3118 3066 3337 3120 servasti
3377 3064 3536 3139 (Dan.
3568 3081 3661 3120 xiv
3685 3108 3700 3131 ,

2116 3156 2318 3226 50-40).
2349 3156 2583 3210 Aliorum
2628 3157 2765 3211 inter
2792 3156 3031 3211 flammas
3069 3156 3520 3211 deambulantium
3551 3168 3702 3227 grata

2118 3261 2247 3301 voce
2295 3247 2539 3303 laudatus
2592 3263 2652 3302 es
2699 3246 2806 3318 (Id.
2835 3264 2924 3312 nt,
2968 3245 3181 3318 25-90).
3228 3246 3357 3301 Tale
3402 3248 3595 3317 aliquid
3645 3248 3701 3303 in

2117 3336 2335 3391 Christo
2379 3339 2759 3408 exspectabant
2789 3338 2899 3393 fieri
2929 3334 3096 3393 Juda-i
3117 3380 3131 3404 ,
3161 3337 3299 3391 unde
3348 3338 3631 3407 probarent
3656 3339 3700 3393 si

2116 3448 2242 3487 vere
2268 3432 2432 3486 Filius
2472 3432 2564 3487 Dei
2613 3440 2775 3487 esset.
2819 3432 2894 3485 Ex
2931 3447 3116 3487 eorum
3147 3447 3369 3500 persona
3405 3432 3533 3485 etin
3567 3431 3702 3485 libro

2116 3525 2400 3596 Sapientia:
2427 3525 2620 3580 dicitur
2649 3543 2662 3578 :
2705 3524 2869 3579 Morte
2896 3525 3185 3594 turpissima
3220 3523 3607 3578 condemnemus
3634 3524 3702 3577 il-

2115 3617 2224 3671 lum
2252 3633 2270 3670 :
2298 3617 2390 3671 erit
2418 3618 2551 3670 enim
2588 3626 2840 3687 respectus
2868 3616 2920 3669 in
2944 3614 3253 3669 sermonibus
3280 3615 3455 3686 ipsius.
3482 3615 3543 3669 Si
3567 3615 3700 3668 enim

2115 3725 2258 3762 verus
2282 3710 2295 3740 ¹
2326 3708 2420 3762 Dei
2452 3709 2617 3763 Filius
2647 3717 2740 3773 est,
2771 3708 3006 3777 suscipiet
3032 3723 3147 3761 eum
3173 3716 3219 3760 et
3249 3708 3475 3761 liberabit
3501 3723 3612 3760 eum
3639 3706 3703 3761 de

2113 3802 2344 3854 manibus
2382 3802 2772 3854 contrariorum.
2820 3797 2981 3862 Ilaec,
3028 3798 3234 3867 inquit,
3279 3799 3620 3868 cogitaverunt
3657 3811 3703 3852 et

2114 3904 2401 3949 erraverunt
2435 3909 2454 3948 :
2481 3893 2747 3948 exctecavit
2772 3893 2906 3946 enim
2929 3907 3012 3945 eos
3040 3891 3233 3944 malitia
3260 3906 3433 3944 eorum
3461 3890 3614 3961 (Sap.
3641 3907 3700 3955 ιι,

2118 3990 2185 4045 l8
2217 3988 2331 4061 2i).
2382 3987 2734 4043 Attendentcs
2774 3986 2969 4055 quippe
3014 3995 3221 4054 tempus
3265 3984 3474 4038 Veteris
3516 3983 3704 4038 Testa-

2114 4082 2300 4147 mcnti,
2329 4090 2379 4136 et
2412 4079 2555 4134 illam
2584 4087 2791 4147 patrum
2816 4077 2975 4130 etiam
2999 4075 3343 4144 temporalem
3369 4074 3699 4138 felicitatem,

2116 4174 2168 4229 in
2192 4190 2294 4244 qua
2322 4173 2426 4227 illis
2452 4169 2748 4227 exhibenda
2782 4167 3164 4221 demonstravit
3206 4168 3341 4221 Deus
3387 4166 3544 4220 etiam
3579 4168 3700 4222 talia

2114 4265 2251 4319 dona
2295 4279 2389 4318 sua
2421 4277 2577 4327 esse,
2622 4276 2729 4315 non
2774 4258 3023 4313 viderunt
3049 4258 3158 4327 jam
3195 4274 3313 4313 esse
3344 4268 3552 4327 tempus
3590 4274 3698 4328 quo

2113 4356 2441 4411 revelaretur
2490 4354 2540 4407 in
2587 4351 2801 4407 Christo
2844 4350 2982 4405 bona
3027 4361 3223 4405 mterna
3268 4351 3481 4422 proprie
3530 4352 3694 4407 Deum

2113 4452 2368 4515 praestare
2418 4443 2607 4513 justis,
2668 4441 2755 4512 qui
2816 4441 2953 4496 bona
3018 4441 3327 4509 temporalia
3381 4451 3597 4513 ριέεειξιι
3647 4455 3700 4499 et

2113 4551 2309 4605 unpns.

2101 4587 2408 4685 .-Π-ἑῶ)οΤ
2438 4587 2747 4681 “IL—~21.
2774 4623 3007 4694 Denique
3028 4637 3147 4678 cum
3169 4622 3406 4691 dixisset,
3428 4623 3494 4678 In
3516 4636 3562 4679 te
3580 4644 3698 4697 spc-

2110 4729 2345 4773 raverunt
2375 4727 2542 4789 patres
2570 4716 2760 4780 nostri;
2791 4722 3153 4785 speraverant,
3195 4725 3241 4768 et
3272 4717 3444 4770 eruisti
3481 4735 3583 4771 eos.
3615 4718 3697 4771 Ad

2111 4821 2159 4865 te
2182 4811 2541 4873 clamauerunt,
2571 4816 2617 4860 et
2640 4805 2769 4860 salvi
2799 4806 2922 4877 [acti
2952 4814 3100 4869 sunt;
3129 4806 3182 4858 in
3211 4815 3258 4859 te
3277 4817 3615 4876 speraverant,
3650 4819 3695 4861 et

2110 4921 2211 4958 non
2244 4914 2361 4956 sunt
2402 4901 2632 4969 confusi;
2678 4899 2798 4953 vide
2838 4897 2964 4968 quid
3006 4898 3348 4968 adiunxerit:
3382 4898 3490 4969 Ego
3524 4911 3689 4954 autem

2109 5010 2220 5048 sum
2242 4994 2419 5047 vermis
2445 5002 2489 5046 et
2510 5008 2612 5045 non
2632 4991 2799 5044 homo.
2823 4989 2975 5058 Quod
2999 4990 3206 5045 videtur
3226 4990 3438 5061 quidem
3464 4991 3529 5046 ad
3548 5008 3696 5047 com-

2111 5084 2463 5140 mendandam
2505 5083 2856 5137 humilitatem
2901 5081 3214 5151 simpliciter
3262 5080 3497 5147 dictum,
3546 5093 3601 5137 ut
3636 5102 3695 5139 se

2110 5176 2164 5231 in
2193 5174 2359 5232 oculis
2390 5173 2852 5244 persequentium,
2894 5171 3311 5242 ahjectissimum
3355 5173 3603 5243 quiddam
3641 5186 3696 5231 et

2109 5265 2622 5337 contemptissimum
2671 5264 3105 5320 demonstraret:
3139 5264 3232 5319 sed
3283 5280 3388 5319 non
3441 5275 3524 5320 est
3561 5282 3693 5321 eon—

2112 5360 2394 5417 temnenda
2437 5357 2659 5413 altitudo
2703 5356 2893 5412 secreti
2934 5354 3372 5427 profunditasqne
3412 5358 3692 5428 mysterii,

2094 5452 2407 5524 ‘prmsertim
2438 5451 2490 5505 in
2520 5451 2598 5505 eis
2622 5448 2820 5511 verbis,
2858 5464 2975 5518 qua!
3004 5456 3151 5502 tanto
3179 5447 3440 5502 Salvalori
3470 5449 3520 5502 in
3555 5467 3693 5519 pra:-

2109 5546 2371 5600 dicatione
2395 5542 2685 5614 prephctia:
2714 5548 3044 5608 coaptantur.
3085 5538 3263 5593 Dictus
3303 5549 3385 5593 est
3415 5539 3538 5596 hinc
3567 5556 3688 5596 seno

2109 5654 2201 5694 sus
2223 5634 2644 5707 elegantissimus
2663 5648 2693 5687 a
2719 5632 2982 5702 prioribus
3010 5628 3103 5703 (a),
3130 5630 3250 5685 ideo
3277 5646 3335 5685 se
3358 5630 3455 5686 hoc
3478 5633 3692 5686 nemine

2174 5766 2348 5827 ‘Etlt‘i.,
2373 5766 2417 5817 si
2438 5763 2563 5816 enim
2585 5776 2693 5814 vere
2716 5771 2820 5813 Dea.
2845 5769 2951 5812 Mss.
2977 5774 3167 5827 omnes,
3188 5776 3330 5813 verus

2171 5825 2390 5892 (a)‘lrig.
2410 5830 2539 5878 hom.
2564 5828 2622 5876 15
2644 5828 2694 5875 in
2715 5833 2843 5887 tum,
2864 5831 2914 5874 et
2933 5826 3064 5873 .tmh.
3086 5826 3133 5874 in
3150 5825 3277 5875 hunc
3295 5825 3415 5890 psal.
