4122 6350
437 379 543 438 587

435 497 705 556 Christum
734 494 1073 568 prtenuntiari
1108 492 1358 558 voluisse,
1391 491 1513 560 quia
1541 489 1738 544 vermis
1767 488 1831 543 de
1858 501 2018 542 carne

434 590 552 646 sine
580 588 861 643 concubitu
900 586 1155 646 nascitur,
1189 585 1323 637 sicut
1362 581 1451 635 ille
1481 588 1635 635 natus
1677 588 1758 635 est
1796 579 1864 633 de
1907 579 2019 633 vir-

433 681 577 752 gine.
624 679 726 735 Sed
756 680 810 733 in
840 678 972 732 libro
1000 691 1096 729 suo
1134 673 1266 739 Job,
1297 688 1420 728 cum
1459 671 1525 726 de
1560 671 1817 725 creaturis
1855 670 2018 725 cccle-

434 773 604 829 stibus
650 773 952 842 loqueretur
994 767 1133 838 quod
1175 768 1225 821 in
1258 766 1350 820 Dei
1389 774 1673 833 conspectu
1723 763 1880 817 etiam
1928 764 2016 816 vix

432 864 562 935 ipsa:
590 862 800 919 mundtc
825 862 949 927 sint,
986 859 1186 925 Quanto
1208 858 1389 928 magis,
1413 856 1597 926 inquit,
1627 855 1774 909 homo
1797 852 2014 925 putredo

431 964 478 1010 et
498 953 635 1025 filius
656 953 869 1007 hominis
889 950 1065 1004 vermis
1095 947 1235 1020 (Job.
1261 962 1379 1003 xxv
1399 990 1414 1015 ,
1446 945 1499 1013 5,
1523 947 1556 1002 6
1585 944 1639 1018 )l
1669 945 2010 1000 Putredinem

430 1064 528 1120 pro
552 1047 874 1104 mortalitate
906 1044 1108 1114 posuit,
1140 1059 1257 1114 quae
1278 1042 1387 1111 jam
1414 1041 1557 1096 velut
1583 1048 1893 1110 conceptam
1920 1053 2007 1109 ge-
2068 1108 2071 1111 η

428 1140 500 1195 rit
528 1138 783 1194 moriendi
811 1138 1201 1202 necessitatem,
1232 1135 1284 1190 in
1310 1149 1464 1205 quam
1496 1131 1767 1204 peccando
1794 1140 2011 1186 contru-

360 1282 365 1285 .
426 1248 519 1289 sus
556 1240 638 1289 est
666 1231 863 1297 homo;
894 1239 949 1285 et
976 1229 1139 1284 lilium
1168 1228 1399 1283 heminis
1444 1241 1678 1281 vermem
1723 1236 1903 1279 natum
1942 1223 2009 1280 de

426 1323 703 1396 putredine
729 1324 880 1395 quasi
900 1329 1126 1393 putrem,
1146 1321 1247 1376 hoc
1266 1330 1349 1375 est
1368 1316 1435 1375 de
1457 1308 1778 1376 mortalitate
1806 1324 2005 1371 morte-'-

423 1418 771 1488 ηολιβαι·
802 1415 913 1472 hue
938 1416 992 1471 in
1016 1414 1100 1470 his
1127 1413 1307 1469 verbis
1333 1412 1546 1477 Psalmi,
1589 1411 1749 1465 alium
1791 1424 2005 1465 sensum

424 1523 803 1579 loquerere
823 1506 1141 1573 mm,
1166 1504 1267 1561 ille
1292 1503 1507 1575 quidem
1550 1502 1698 1557 salvo
1724 1517 1895 1572 neque
1921 1515 2009 1557 rea

421 1600 646 1673 probato
672 1618 686 1654 :
716 1608 775 1655 ut
804 1614 908 1654 non
935 1598 1109 1654 solum
1138 1596 1606 1667 mrqund
1633 1595 1743 1663 ait,
1768 1593 1878 1666 Ego
1905 1610 2004 1649 aus

420 1703 519 1750 tem
543 1709 655 1748 sum
676 1693 854 1747 vermis
873 1734 888 1759 ,
920 1691 1015 1748 sed
1045 1692 1205 1747 etiam
1235 1680 1365 1744 illud
1391 1689 1535 1759 quod
1560 1688 1795 1752 milia,
1824 1696 1883 1742 et
1902 1702 2009 1743 non

419 1791 570 1845 homo
591 1804 611 1854 ;
634 1788 921 1844 secundum
958 1786 1083 1842 illud
1113 1784 1252 1855 quod
1280 1784 1347 1839 de
1372 1784 1508 1838 libro
1544 1782 1645 1838 Job
1676 1796 2007 1837 commemo-

417 1880 553 1946 ravi,
577 1889 825 1951 tanquam
853 1879 1076 1943 diceret,
1101 1878 1212 1948 Ego
1237 1885 1412 1931 autem
1441 1890 1558 1929 sum
1588 1875 1725 1929 ﬁlius
1746 1873 1996 1940 hominis,

416 1982 472 2028 et
508 1988 611 2027 non
644 1972 804 2026 homo
837 1989 849 2025 :
884 1987 989 2025 non
1028 1968 1169 2040 quod
1200 1968 1359 2022 homo
1390 1982 1495 2022 non
1531 1967 1599 2021 sit
1632 1966 1906 2031 Christus,
1933 1964 1999 2021 de

416 2077 523 2133 quo
559 2062 686 2117 dicit
714 2061 1031 2131 Apostolus,
1081 2058 1227 2115 Unus
1256 2067 1329 2113 est
1352 2058 1596 2111 mediator
1622 2056 1716 2110 Dei
1751 2066 1797 2111 et
1836 2056 2000 2110 homi-

414 2169 556 2219 num,
588 2153 735 2207 homo
761 2150 989 2206 Christus
1014 2150 1163 2205 Iesus
1197 2150 1238 2223 (Ι
1262 2147 1395 2203 Tim.
1428 2165 1494 2213 tt,
1520 2148 1609 2221 5);
1654 2148 1830 2203 omnis
1856 2149 1995 2203 enim

413 2243 554 2297 ﬁlius
590 2242 857 2307 hominis,
890 2240 1049 2295 homo
1078 2250 1197 2305 est;
1236 2239 1329 2295 sed
1359 2239 1425 2295 ad
1463 2238 1745 2310 quemdam
1782 2240 1998 2309 respicit

411 2346 600 2388 sensus
635 2332 768 2394 iste,
800 2334 891 2401 qui
921 2331 998 2386 sic
1026 2330 1186 2385 homo
1219 2327 1418 2396 fuerit,
1462 2338 1520 2384 ut
1547 2344 1652 2383 non
1683 2339 1823 2384 esset
1857 2329 1996 2384 ﬁlius

412 2422 663 2490 hominis,
706 2421 757 2478 id
799 2430 881 2478 est
922 2420 1111 2477 Adam.
1156 2420 1317 2475 Forte
1360 2435 1488 2490 ergo
1528 2421 1607 2475 sic
1646 2431 1728 2476 est
1769 2421 1991 2485 dictum,

411 2511 525 2585 Ego
548 2524 713 2568 autem
738 2530 851 2568 sum
870 2513 1066 2577 vermis,
1094 2522 1138 2566 et
1159 2528 1259 2565 non
1281 2510 1452 2578 homo,
1479 2509 1531 2565 id
1559 2517 1662 2577 est,
1693 2525 1791 2580 ego
1816 2520 1993 2565 autem

410 2618 527 2658 sum
557 2603 695 2660 ﬁlius
721 2603 970 2667 hominis,
994 2610 1174 2658 etnon
1198 2601 1360 2656 homo
1386 2620 1398 2655 :
1426 2610 1674 2672 tanquam
1702 2602 1990 2668 diceretur,

410 2692 525 2765 Ego
550 2705 728 2750 autem
756 2709 873 2750 sum
900 2693 1143 2750 Christus
1164 2735 1179 2761 ,
1208 2693 1260 2748 in
1284 2706 1389 2763 quo
1409 2705 1597 2748 omnes
1623 2692 1989 2760 viviﬁcantur;

408 2798 516 2840 non
542 2785 711 2842 Adam
729 2828 745 2854 ,
782 2786 834 2841 in
863 2802 968 2857 quo
992 2800 1180 2840 omnes
1209 2783 1509 2839 moriuntur
1542 2782 1585 2854 (ι
1610 2782 1725 2838 Cor.
1749 2799 1840 2850 xv,
1873 2782 1988 2855 22).

477 2878 569 2935 εἰ.
611 2880 686 2934 Ac
716 2893 810 2947 per
836 2876 961 2945 hoc,
992 2877 1256 2941 homines,
1285 2873 1473 2930 discite
1497 2889 1590 2945 per
1611 2876 1831 2946 gratiam
1856 2873 1991 2929 Novi

406 2971 733 3029 Testamentl
781 2969 889 3039 jam
944 2968 1105 3022 vitam
1146 2965 1525 3036 concupiscere
1588 2966 1988 3034 sempiternam.

406 3066 542 3135 Quid
565 3078 661 3135 pro
682 3076 873 3133 magno
901 3061 973 3116 ita
992 3074 1089 3115 vos
1110 3058 1269 3113 vultis
1293 3073 1324 3112 a
1363 3056 1590 3113 Domino
1627 3055 1695 3111 de
1725 3066 1894 3111 morte
1924 3057 1989 3110 li-

406 3156 603 3223 berari,
626 3153 765 3210 sicut
792 3151 1001 3208 liberati
1028 3157 1151 3205 sunt
1183 3158 1362 3220 patres
1388 3147 1575 3215 vestri,
1604 3147 1815 3217 quando
1842 3161 1990 3202 com-

408 3247 693 3304 mendabat
730 3245 870 3299 Deus
915 3244 1075 3299 etiam
1115 3250 1343 3297 terrenae
1386 3239 1651 3295 fclicitatis
1694 3249 1886 3309 prmter
1930 3253 1989 3294 se

409 3354 516 3395 non
551 3352 669 3393 esse
693 3336 853 3390 alium
880 3332 1228 3404 largitorem?
1270 3331 1362 3385 llla
1392 3329 1616 3385 felicitas
1654 3328 1721 3384 ad
1750 3339 1987 3385 veterem

407 3428 676 3485 hominem
708 3425 955 3497 pertinet,
979 3440 1097 3494 qua:
1123 3432 1357 3478 vetustas
1382 3422 1449 3475 ab
1470 3422 1638 3476 Adam
1658 3421 1819 3491 cmpit
1841 3438 1854 3473 :
1878 3419 1987 3491 Ego

407 3532 574 3575 autem
600 3535 709 3573 sum
734 3517 933 3580 vermis,
957 3524 1003 3568 et
1030 3531 1129 3569 non
1159 3514 1344 3577 homo;
1375 3512 1637 3577 Christus,
1666 3527 1775 3567 non
1795 3511 1983 3567 Adam.

409 3612 454 3665 Α
477 3608 643 3665 veteri
670 3615 877 3662 veteres
908 3603 1099 3665 fuistis,
1125 3618 1153 3656 a
1175 3616 1314 3657 novo
1339 3602 1462 3657 novi
1483 3610 1654 3657 estote
1682 3619 1694 3656 :
1720 3602 1788 3656 ab
1818 3601 1986 3657 Adam

411 3698 657 3755 homines
689 3738 703 3762 ,
744 3711 773 3749 a
808 3693 1021 3748 Christo
1065 3694 1154 3747 ﬁlii
1203 3693 1497 3746 hominum.
1528 3690 1642 3746 Non
1692 3693 1832 3747 enim
1873 3693 1988 3749 sine

407 3805 565 3846 causa
602 3785 1010 3842 familiarissime
1038 3783 1291 3838 Dominus
1319 3785 1375 3837 in
1415 3781 1705 3853 Evangelia
1730 3798 1789 3838 se
1823 3784 1987 3837 ﬁlium

407 3878 636 3936 hominis
670 3876 880 3951 (Matth.
922 3889 1052 3939 xvu,
1084 3876 1119 3931 9
1141 3917 1155 3941 ,
1195 3873 1283 3947 12)
1317 3874 1447 3929 dicit
1491 3875 1660 3945 magis
1701 3889 1856 3945 quam
1886 3875 1987 3929 ho-

408 3976 606 4032 minem
650 3990 666 4029 :
706 3986 806 4028 nec
844 3970 959 4026 sine
997 3984 1154 4025 causa
1199 3968 1250 4024 in
1290 3969 1395 4023 alio
1425 3969 1660 4039 psalmo,
1704 3967 1985 4035 Homines,

407 4067 594 4138 inquit,
624 4073 669 4119 et
698 4063 927 4136 jumenta
954 4059 1120 4116 salvos
1147 4061 1322 4134 facies,
1363 4059 1612 4126 Domine;
1647 4062 1775 4115 sicut
1808 4062 1987 4114 multi-

407 4160 594 4233 plicata
612 4165 683 4213 est
708 4155 1048 4210 misericordia
1073 4163 1181 4221 tua,
1207 4152 1365 4208 Deus.
1389 4154 1497 4208 Abs
1528 4162 1579 4209 te
1607 4154 1799 4223 quippe
1826 4154 1985 4208 etiam

408 4248 509 4305 ista
528 4247 669 4304 salus
699 4244 1001 4301 hominibus
1025 4245 1384 4315 iumentisque
1413 4244 1730 4299 communis.
1758 4243 1865 4300 Sed
1891 4245 1987 4300 ha-

409 4339 541 4397 bent
584 4340 740 4395 aliam
793 4337 1036 4393 homines
1084 4336 1205 4391 novi
1250 4338 1513 4408 propriam
1555 4337 1835 4407 quamdam
1864 4346 1919 4393 et
1954 4351 1986 4393 a

405 4433 764 4505 iumentorum
793 4429 1061 4485 consortio
1085 4437 1401 4499 separatam,
1420 4444 1536 4498 qum
1556 4427 1623 4483 ad
1643 4426 1844 4482 Novum
1868 4443 1987 4498 per-

412 4527 545 4581 tinet
579 4523 975 4579 Testamentum
1019 4521 1036 4553 ¹
1068 4538 1082 4574 :
1110 4519 1308 4574 habent
1347 4520 1599 4585 omnino;
1640 4535 1761 4575 nam
1791 4522 1857 4575 de
1897 4521 1985 4576 illa

409 4614 606 4670 ibidem
640 4612 878 4682 sequitur
900 4619 954 4666 et
975 4608 1121 4675 dicit,
1154 4608 1279 4663 Filii
1298 4619 1461 4663 autem
1492 4610 1748 4664 hominum
1766 4610 1857 4665 sub
1883 4620 1987 4683 leg-

409 4707 541 4761 mine
567 4704 766 4757 alarunt
804 4711 1003 4755 tuarum
1037 4698 1327 4770 sperabunt.
1350 4699 1740 4755 lnebriabuntur
1757 4701 1819 4755 ab
1839 4702 1987 4757 uber-

410 4805 510 4852 tate
532 4794 710 4849 domus
748 4801 870 4859 tute,
902 4800 963 4863 et
993 4799 1207 4845 torrente
1230 4788 1498 4861 voluptatis
1522 4801 1623 4845 tum
1648 4790 1837 4862 potabis
1878 4807 1981 4847 eos.

412 4887 660 4957 Quoniam
693 4884 831 4955 apud
860 4892 907 4937 te
930 4892 1003 4937 est
1028 4883 1141 4953 fons
1163 4881 1295 4946 vitaz,
1326 4892 1370 4935 et
1396 4882 1449 4934 in
1477 4880 1662 4935 lumine
1687 4891 1772 4935 tuo
1795 4882 1984 4936 videbi-

409 4996 522 5034 mus
551 4981 717 5034 lumen
741 4975 917 5049 (Psal.
944 4990 1111 5040 xxxv,
1150 4972 1314 5045 740):
1358 4973 1621 5042 posterius
1664 4973 1812 5038 dixit,
1857 4973 1987 5029 Filii

407 5080 574 5125 autem
600 5069 880 5134 hontinum,
910 5074 1158 5135 tanquam
1200 5063 1529 5133 distinguens
1572 5064 1640 5119 ab
1686 5065 1986 5119 hominibus

408 5164 548 5220 ﬁlios
574 5159 869 5216 hominum.
916 5158 971 5212 ln
1020 5157 1105 5211 illa
1150 5157 1343 5226 quippe
1384 5154 1632 5210 felicitate
1660 5156 1773 5225 ejus
1801 5156 1986 5211 salutis

407 5272 528 5328 qua:
554 5253 850 5311 communis
877 5260 957 5305 est
976 5249 1280 5305 hominibus
1305 5260 1356 5303 et
1376 5248 1651 5317 jumentis,
1678 5264 1744 5305 eo
1772 5249 1986 5305 nomine

408 5345 532 5403 illos
569 5345 834 5416 appellare
860 5339 1046 5407 voluit,
1075 5355 1181 5411 quo
1208 5338 1698 5395 demonstrarentur
1740 5339 1806 5393 ad
1838 5338 1983 5394 illum

408 5438 638 5512 primum
681 5435 951 5489 hominem
1003 5433 1286 5500 pertinere,
1330 5445 1434 5500 quo
1474 5439 1708 5486 vetustas
1744 5431 1905 5500 rmpit
1933 5439 1988 5485 et

411 5543 578 5595 mors,
602 5527 692 5598 qui
720 5526 798 5580 sic
825 5524 924 5579 fuit
958 5523 1140 5589 homo,
1170 5531 1225 5576 ut
1262 5536 1368 5576 non
1397 5530 1539 5576 esset
1567 5522 1706 5577 ﬁlius
1734 5520 1983 5577 hominis.

412 5619 533 5676 Istis
558 5626 731 5673 autem
761 5614 1155 5686 posterioribus,
1202 5612 1292 5684 qui
1321 5623 1535 5682 sperant
1576 5614 1733 5668 aliam
1765 5613 1988 5670 felicita-

411 5724 541 5783 tem,
567 5720 623 5767 et
649 5710 808 5766 fontis
831 5708 954 5763 vitae
989 5706 1306 5762 iueﬂ’abilem
1336 5705 1677 5776 voluptatem,
1708 5716 1761 5763 ct
1786 5707 1984 5777 scmpi.

525 5830 610 5877 Is.
633 5823 791 5885 Corb.,
816 5824 1189 5872 sacramentwn.

1639 371 1699 427 5.
1739 363 2107 427 AUGUSTINI
2142 366 2441 427 EPISCOPI

3607 387 3711 443 5&8

2126 488 2261 541 terni
2300 489 2516 547 luminis
2556 491 2734 549 lumen
2760 534 2776 561 ,
2821 494 2923 551 hoc
2963 502 3157 555 nm’nen
3191 499 3461 572 imposuit,
3501 520 3610 572 quo
3648 522 3710 564 se

2122 576 2432 637 familiarius
2470 584 2723 654 appellari
2763 586 2927 641 voluit
2969 590 3223 645 Dominus
3254 607 3438 648 eorunt
3478 595 3530 650 in
3568 612 3704 667 quos

2122 670 2241 724 talis
2268 673 2433 739 gratia
2466 675 2691 729 revelata
2718 685 2818 740 est,
2850 692 3049 749 eosque
3071 680 3206 736 ﬁlios
3225 682 3499 741 hominum
3522 699 3699 757 [mnus

2119 777 2275 831 qttam
2301 763 2542 822 homines
2570 769 2867 837 appellavit.

2187 853 2276 908 25.
2303 855 2419 911 Non
2449 866 2622 913 autem
2658 862 2930 917 existimes
2969 866 3117 933 quasi
3149 866 3429 924 locutionis
3458 872 3695 942 regulam

2118 944 2206 1015 ﬁgi
2234 958 2483 1017 perpetua
2512 951 2630 1022 lege
2673 955 3005 1021 servandam,
3038 967 3095 1012 ttt
3138 960 3459 1034 ubiCumque
3502 965 3696 1034 legeris

2116 1037 2360 1106 homines,
2386 1051 2477 1096 aut
2512 1043 2646 1113 ﬁlios
2674 1046 2952 1116 hominum,
2980 1053 3269 1109 secundum
3314 1054 3447 1117 haut
3502 1058 3698 1115 distin-

2114 1130 2346 1188 ctionem
2389 1149 2601 1206 semper
2638 1137 2900 1212 intelligas
2939 1158 2952 1195 :
2986 1144 3079 1198 sed
3106 1154 3164 1200 ut
3208 1161 3268 1201 se
3318 1147 3560 1205 habuerit
3584 1154 3695 1207 cir-

2112 1224 2425 1279 cumstantia
2454 1224 2718 1297 lectionis,
2742 1232 2883 1287 unde
2902 1247 3109 1299 sensus,
3141 1236 3184 1290 si
3217 1246 3379 1306 patet,
3415 1240 3687 1307 hauritur;

2111 1312 2155 1367 si
2187 1313 2331 1382 latet,
2355 1317 2577 1372 eruitur.
2605 1318 2755 1375 Sicut
2778 1321 2829 1376 in
2855 1321 2955 1378 hoc
2984 1324 3102 1380 loco
3125 1326 3315 1396 psalmi
3337 1328 3510 1400 hujus,
3526 1348 3687 1402 quem

2112 1413 2215 1458 non
2247 1417 2459 1462 moveat
2485 1408 2838 1468 distinctionis
2882 1415 3140 1470 intentio?
3168 1432 3290 1473 cum
3330 1421 3420 1477 ille
3461 1424 3551 1493 qui
3601 1424 3690 1479 di-

2108 1504 2278 1565 xerat,
2306 1496 2373 1553 In
2398 1508 2445 1554 te
2469 1514 2791 1572 speraverunt
2819 1517 2987 1578 patres
3013 1509 3190 1576 nostri,
3214 1521 3261 1564 et
3286 1514 3458 1567 eruisti
3475 1530 3581 1570 eos.
3609 1517 3695 1571 Ad

2108 1597 2156 1642 te
2172 1590 2528 1660 clamauerunt,
2561 1605 2607 1649 et
2633 1596 2763 1651 salvi
2784 1600 2905 1668 facti
2931 1610 3079 1666 sunt;
3097 1603 3151 1656 in
3179 1612 3226 1657 te
3249 1618 3597 1675 speraverunt,
3635 1618 3685 1662 et

2106 1696 2209 1735 non
2231 1682 2349 1736 sunt
2361 1686 2574 1756 confusi,
2602 1688 2892 1759 subjungit,
2923 1689 3034 1761 Ego
3062 1704 3230 1747 autem
3262 1710 3282 1748 :
3307 1711 3411 1750 non
3436 1699 3580 1753 enim
3609 1701 3689 1753 ait

2105 1773 2209 1837 sie,
2231 1774 2441 1846 Begu;
2465 1777 2579 1844 sed,
2613 1777 2725 1850 Ego
2754 1788 2941 1834 autem.
2970 1776 3107 1851 Quid
3136 1800 3265 1855 ergo
3289 1786 3391 1841 iste
3415 1789 3502 1858 qui
3524 1804 3583 1844 se
3614 1791 3687 1845 ita

2104 1862 2417 1935 disrhsguit?
2441 1866 2743 1940 £90m
2770 1887 2883 1925 sum
2906 1874 3104 1941 vernus,
3130 1873 3378 1945 inquit,et
3395 1893 3493 1930 non
3510 1879 3689 1945 homo;

2104 1964 2353 2026 tanquam
2398 1959 2503 2014 illis
2544 1976 2683 2031 quos
2730 1963 3011 2029 mandisti,
3042 1974 3098 2019 et
3124 1969 3333 2034 eruisti,
3385 1983 3501 2023 eam
3531 1986 3687 2024 com-

2102 2046 2382 2103 mendares
2412 2048 2716 2107 felicitatem
2742 2068 2860 2123 qu:
2886 2054 2959 2110 ad
2988 2055 3155 2113 Vetus
3191 2060 3462 2127 pertinens
3489 2060 3684 2116 Testa-

2102 2150 2359 2204 mentum,
2387 2140 2589 2197 homini
2618 2145 2783 2199 veteri
2812 2146 3091 2203 trilmeuda
3120 2158 3285 2217 esset,
3312 2151 3405 2223 qui
3428 2153 3589 2221 capit
3616 2154 3686 2208 ab

2101 2229 2290 2298 Adam,
2317 2230 2428 2304 Ego
2448 2241 2612 2287 autem
2637 2249 2749 2288 sum
2772 2238 2986 2301 vermis;
3011 2237 3115 2293 hoc
3143 2250 3226 2295 est
3256 2240 3405 2298 Rbus
3420 2244 3680 2311 hominis,

2101 2335 2205 2375 non
2246 2322 2427 2391 homo,
2473 2324 2611 2380 sicut
2663 2325 2753 2382 ille
2799 2326 2962 2383 homo
2998 2330 3088 2401 qui
3140 2348 3247 2387 non
3282 2332 3379 2387 fuit
3412 2333 3689 2395 ﬁliushun

2098 2426 2278 2467 mlnlS.

2168 2501 2394 2559 CAPUT
2415 2504 2581 2559 lX.-
2594 2506 2683 2562 24.
2702 2510 2779 2563 Ac
2798 2523 2892 2579 per
2913 2510 3015 2566 hoc
3034 2522 3083 2567 et
3114 2515 3255 2583 quod
3280 2516 3537 2587 sequitur,
3567 2517 3679 2589 0p-

2099 2592 2355 2663 probrium
2378 2595 2657 2663 hominum,
2703 2608 2752 2654 et
2791 2600 3003 2670 abjectio
3030 2604 3204 2673 plebis.
3236 2604 3421 2660 Omnes
3444 2608 3532 2676 qui
3557 2624 3679 2663 con-

2096 2687 2370 2756 spiciebant
2393 2705 2491 2756 me,
2519 2692 2891 2748 subsannabant
2916 2711 3013 2762 me,
3041 2705 3087 2749 et
3115 2697 3265 2750 locuti
3290 2710 3406 2753 sunt
3436 2699 3601 2764 labiis,
3628 2710 3681 2756 et

2096 2786 2355 2831 moverunt
2378 2788 2549 2849 caput.
2579 2779 2814 2851 Speravit
2837 2784 2891 2838 in
2930 2783 3108 2849 Deum,
3139 2796 3279 2840 eruat
3316 2804 3452 2854 eum,
3484 2789 3681 2845 salsum

2095 2867 2252 2937 faciat
2275 2885 2407 2935 eum,
2440 2872 2679 2940 quoniam
2707 2875 2811 2928 vult
2854 2891 2989 2930 eum.
3035 2877 3148 2933 lloc
3178 2879 3232 2933 in
3283 2879 3454 2945 labiis,
3486 2896 3591 2937 non
3623 2883 3677 2938 in

2093 2962 2256 3016 corde
2281 2962 2548 3029 dixerunt,
2579 2965 2885 3022 insultando
2922 2968 3061 3038 quod
3094 2985 3200 3025 non
3227 2970 3395 3035 ﬁeret,
3428 2988 3536 3028 non
3561 2989 3681 3030 cre~

2092 3052 2270 3108 dendo
2293 3055 2435 3124 quod
2466 3054 2701 3111 futurum
2728 3066 2890 3113 esset.
2921 3060 3144 3116 Factum
3163 3072 3249 3118 est
3269 3074 3444 3120 autem
3470 3065 3674 3135 ethoc,

2094 3145 2187 3199 sed
2213 3145 2351 3201 sicut
2376 3147 2487 3203 ﬁeri
2508 3149 2789 3218 oportebat
2813 3151 2864 3205 in
2892 3151 3002 3208 ﬁlio
3029 3153 3281 3223 hominis,
3331 3156 3386 3211 in
3415 3172 3522 3227 quo
3549 3172 3678 3228 spes

2092 3245 2306 3294 ceterum
2332 3241 2452 3296 vitm
2480 3240 2652 3297 fuerat
2697 3243 2984 3299 revelanda
3031 3245 3097 3300 ad
3144 3246 3350 3302 Novum
3402 3249 3677 3318 pertinens

2091 3328 2511 3399 Testamentum,
2553 3349 2657 3388 non
2698 3335 2835 3390 sicut
2882 3335 2957 3390 illi
2999 3339 3409 3408 exspecmbant;
3455 3350 3512 3395 et
3551 3341 3676 3410 quia

2092 3420 2205 3475 ﬁeri
2249 3437 2354 3475 non
2400 3423 2680 3490 videbant,
2731 3435 2979 3497 tanquam
3034 3439 3283 3497 superato
3328 3430 3675 3498 iusultabant,

2089 3515 2417 3583 pertinentes
2456 3516 2522 3571 ad
2562 3517 2957 3593 Testamentum
3004 3513 3265 3576 Vetus'et
3310 3520 3579 3578 hominem
3620 3524 3675 3578 in

2091 3620 2197 3674 quo
2222 3620 2409 3680 omnes
2438 3608 2756 3673 moriuntur,
2791 3625 2896 3664 non
2925 3610 2993 3665 ad
3020 3610 3184 3664 ﬁlium
3215 3613 3448 3667 hominis
3484 3613 3539 3667 in
3566 3629 3674 3683 quo

2090 3709 2277 3752 omnes
2292 3695 2718 3753 viviﬁcabuntur.
2736 3699 2958 3755 Mortem
2976 3702 3171 3771 quippe
3192 3702 3367 3757 intulit
3392 3703 3553 3758 homo
3571 3704 3673 3760 sibi

2091 3787 2306 3858 ﬁlioque
2332 3788 2563 3844 hominis
2595 3807 2609 3844 :
2640 3792 2801 3845 vitam
2825 3807 2953 3847 vero
2987 3794 3163 3848 attulit
3204 3793 3405 3849 homini
3436 3797 3673 3850 moriens

2091 3888 2146 3935 et
2185 3894 2468 3951 resurgens
2505 3880 2671 3937 Filius
2710 3882 2974 3949 hominis,
3010 3884 3355 3953 opprobrium
3395 3885 3670 3942 hominum

2089 3979 2145 4026 et
2164 3971 2390 4048 abjectio
2416 3971 2585 4042 plebis
2605 3986 2771 4042 usque
2794 3973 2860 4027 ad
2886 3982 3136 4029 mortem.
3165 3974 3279 4029 Hoc
3297 3974 3442 4030 enim
3466 3976 3483 4008 ί
3502 3976 3673 4031 voluit

2089 4063 2199 4133 pati
2242 4063 2295 4117 in
2321 4072 2606 4133 conspectu
2635 4062 2990 4130 inimicorum,
3014 4079 3120 4135 quo
3148 4078 3269 4119 eum
3302 4072 3553 4136 tanquam
3582 4067 3673 4121 de-

2083 4154 2332 4210 relictum
2383 4162 2658 4224 putarent,
2705 4164 2763 4210 ut
2807 4156 2974 4225 gratia
3018 4155 3483 4214 commendaretur
3534 4155 3669 4211 Novi

2089 4244 2438 4309 Testamenti,
2479 4261 2581 4316 qua
2606 4245 2934 4302 disceremus
2962 4246 3119 4301 aliam
3162 4262 3406 4317 quaerere
3451 4247 3672 4303 felicita-

2092 4345 2220 4403 tem,
2251 4351 2371 4405 qum
2395 4350 2538 4392 nunc
2561 4344 2644 4391 est
2663 4336 2717 4390 in
2745 4335 2868 4404 ﬁde,
2903 4346 3085 4406 postea
3114 4351 3242 4391 vero
3267 4337 3370 4391 erit
3394 4337 3446 4391 in
3466 4337 3665 4406 specie.

2093 4426 2345 4491 Quamdiu
2369 4429 2500 4481 enim
2524 4444 2698 4482 sumus
2720 4429 2775 4482 in
2803 4442 3033 4498 corpore,
3074 4427 3149 4482 ait
3182 4427 3489 4497 Apostolus,
3531 4443 3674 4497 perc-

2089 4521 2349 4593 grinamur
2380 4537 2413 4573 a
2448 4519 2700 4585 Domino;
2729 4537 2818 4590 per
2847 4519 3000 4588 ﬁdem
3037 4519 3171 4573 enim
3194 4518 3539 4585 ambulamus,
3567 4534 3671 4572 non

2091 4627 2180 4682 per
2202 4611 2416 4681 speciem
2441 4609 2516 4681 (ll
2546 4610 2665 4665 Cor.
2692 4624 2744 4676 v,
2770 4610 2824 4676 6,
2857 4610 2932 4681 7)
2965 4625 2981 4663 :
3012 4617 3070 4665 et
3096 4609 3218 4665 ideo
3261 4624 3404 4664 nunc
3442 4610 3494 4663 in
3533 4623 3667 4680 spe,

2091 4713 2216 4757 tunc
2239 4704 2290 4756 in
2315 4718 2395 4757 re.

2157 4793 2248 4848 25.
2281 4792 2516 4864 Denique
2548 4793 2991 4849 resurrectionem
3016 4806 3188 4858 suam,
3217 4806 3376 4861 quam
3402 4807 3506 4845 non
3529 4791 3669 4845 sicut

2087 4896 2323 4941 nostram
2353 4886 2405 4939 in
2428 4885 2641 4955 longum
2678 4884 2878 4939 diﬁ‘erri
2924 4884 3224 4953 oportebat,
3257 4892 3313 4936 ut
3343 4884 3394 4936 in
3421 4882 3670 4950 exemplo

2082 4982 2263 5036 carnis
2286 4982 2401 5049 ejus
2424 4980 2752 5034 disceremus
2774 4978 2902 5048 quid
2926 4977 2980 5031 iu
2997 4986 3177 5031 nostra
3198 4990 3415 5044 sperare
3438 4974 3669 5029 debere-

2088 5089 2228 5137 mus,
2275 5072 2443 5126 noluit
2486 5070 2675 5126 alienis
2716 5070 3105 5133 demonstrare,
3136 5068 3229 5123 sed
3268 5068 3378 5121 suis
3412 5085 3429 5121 :
3478 5067 3670 5121 alienis

2087 5165 2226 5231 dico,
2259 5179 2363 5219 non
2393 5173 2599 5228 natura,
2630 5162 2723 5217 sed
2750 5162 2895 5227 vitio,
2939 5160 3080 5230 quod
3119 5175 3331 5227 semper
3371 5168 3455 5213 est
3481 5168 3666 5213 contra

2089 5268 2351 5314 naturam.
2398 5256 2637 5310 Mortuus
2665 5263 2747 5310 est
2774 5269 2903 5324 ergo
2930 5255 2982 5307 in
3022 5264 3315 5323 conspectu
3366 5252 3665 5313 hominum,

2086 5350 2379 5405 resurrexit
2417 5358 2592 5402 autem
2643 5347 2696 5401 in
2745 5353 3031 5416 conspectu
3078 5344 3306 5399 ﬁliorum
3356 5343 3666 5405 hominum;

2088 5441 2212 5512 quia
2253 5453 2399 5494 mors
2446 5438 2512 5493 ad
2564 5437 2833 5492 hominem
2882 5436 3199 5505 pertinebat,
3243 5433 3570 5488 resurrectio
3597 5431 3667 5486 ad

2090 5534 2254 5587 ﬁlium
2285 5531 2513 5585 hominis
2544 5548 2557 5583 :
2590 5529 2727 5584 sicut
2750 5528 2892 5583 enim
2923 5526 2977 5581 in
3007 5526 3179 5580 Adam
3203 5539 3391 5581 omnes
3422 5523 3666 5577 morinu~

2090 5633 2197 5690 tur,
2225 5624 2302 5678 sic
2325 5631 2382 5678 et
2410 5623 2462 5677 in
2492 5620 2705 5677 Christo
2728 5635 2914 5675 omnes
2942 5618 3368 5674 vivilicabuntur.
3411 5614 3481 5671 Ut
3511 5615 3671 5685 igitur

2156 5761 2174 5792 ι
2207 5755 2339 5827 Edd.,
2368 5763 2521 5827 Usque
2537 5753 2601 5805 ad
2614 5757 2811 5803 mortem
2822 5748 3059 5802 arimhoc.
3083 5752 3190 5799 Mss.
3208 5743 3431 5809 usquead
3452 5748 3671 5798 martem.

2100 5829 2195 5872 HOC
2216 5826 2356 5880 eruta,
2382 5826 2478 5869 etc.
