4122 6350
318 388 421 444 519

316 508 569 580 exemplo
589 522 700 565 suae
721 507 897 564 carnis
917 506 1292 564 exhortaretur
1318 502 1445 559 ﬁdel
1455 518 1513 559 es
1540 515 1668 557 suos
1688 535 1693 541 ι
1711 509 1918 568 tempo-

238 650 247 656 .
316 602 486 657 ralem
516 615 617 671 pro
648 609 849 656 αξιοι-ιιι
874 599 1177 654 felicitatem
1217 605 1584 659 contemnere,
1634 606 1803 662 usque
1846 589 1912 644 ad

316 702 547 748 mortem
569 692 787 762 pertulit
803 699 1182 761 persequentes
1203 698 1361 759 atque
1374 686 1675 749 saevientes,
1693 692 1747 738 et
1764 680 1915 752 quasi

316 785 457 839 victo
491 792 551 838 ct
574 797 833 855 oppresso
854 781 1083 852 superbe
1104 780 1406 835 illudentes.
1430 776 1581 844 Quod
1598 783 1774 830 autem
1796 788 1917 828 car-

317 891 440 930 nem
485 890 642 932 suam
672 873 1030 939 resuscitavit,
1060 882 1113 927 ct
1137 871 1518 942 discipulorum
1545 864 1919 936 eonspectibus

318 975 372 1021 et
396 965 740 1021 contactibus
775 963 1029 1031 reddidit,
1056 962 1242 1033 eisque
1271 960 1573 1016 videntibus
1598 954 1839 1013 ascendit
1865 956 1923 1008 in

316 1056 539 1120 caelum,
591 1056 736 1125 ipsos
781 1053 1082 1120 aediﬁcavit,
1132 1060 1187 1108 et
1232 1051 1357 1121 quid
1405 1058 1737 1120 exspectare,
1792 1045 1918 1117 quid

322 1145 619 1217 medicare
643 1145 919 1212 deberent,
938 1142 1337 1200 evidentissima
1358 1141 1577 1196 veritate
1592 1139 1923 1194 demonstra-

320 1236 413 1291 vit.
438 1236 570 1292 Illos
594 1246 773 1292 autem
798 1250 828 1290 a
848 1235 1042 1306 quibus
1071 1242 1216 1289 tanta
1250 1234 1390 1289 mala
1408 1220 1578 1302 usque
1603 1230 1669 1284 ad
1695 1236 1921 1283 mortem

320 1328 637 1398 pertulerat,
667 1326 818 1398 quasi
842 1325 911 1380 de
932 1325 1027 1381 illo
1046 1332 1297 1394 superato
1321 1332 1377 1378 et
1403 1324 1667 1378 exstincto
1690 1318 1923 1390 glorian-

320 1426 421 1483 tes,
452 1417 507 1472 in
536 1433 602 1472 ea
638 1416 891 1487 opinione
916 1415 1235 1486 dereliquit,
1267 1423 1327 1470 ut
1354 1413 1594 1485 quisquis
1617 1426 1803 1467 eorum
1832 1423 1921 1464 sa-

320 1511 428 1567 lute
454 1521 662 1568 aeterna
691 1510 870 1565 salvus
897 1508 1012 1564 ﬁeri
1039 1508 1220 1573 vellet,
1244 1506 1346 1562 hoc
1365 1505 1434 1562 de
1458 1504 1600 1561 illius
1622 1501 1815 1558 mortui
1839 1516 1920 1555 re-

322 1603 664 1661 surrectione
709 1600 971 1666 crederet,
1024 1600 1164 1670 quod
1219 1599 1256 1654 ii
1306 1598 1394 1670 qui
1439 1596 1706 1661 viderunt,
1758 1593 1925 1665 signis

319 1691 757 1748 eontestantibus
782 1691 1225 1761 praedicaverunt,
1250 1697 1305 1745 et
1330 1703 1428 1760 pro
1454 1703 1516 1745 ea
1544 1686 1925 1759 praedicatione

320 1785 524 1840 similia
554 1784 761 1854 perpeti
788 1798 895 1839 non
924 1783 1319 1839 dubitaverunt.

390 1873 631 1929 CAPUT
654 1872 698 1928 Χ
714 1912 729 1927 .
757 1904 829 1915 —
849 1873 944 1928 26.
970 1873 1307 1944 Quapropter
1334 1872 1495 1927 etiam
1519 1868 1749 1926 lacubus
1788 1882 1925 1925 unus

322 1980 386 2021 ex
428 1964 712 2035 Apostolis
747 1964 884 2035 ejus,
940 1964 993 2020 in
1040 1963 1277 2034 Epistola
1307 1977 1425 2031 sua,
1470 1977 1593 2017 cum
1624 1962 1927 2016 hortaretur

326 2054 519 2110 fideles
547 2055 640 2125 qui
680 2066 799 2125 post
831 2055 1129 2125 passionem
1170 2063 1225 2110 et
1255 2053 1697 2109 resurrectionem
1730 2051 1924 2107 Christi

325 2147 504 2202 adhuc
525 2147 583 2201 in
616 2147 716 2202 ista
743 2148 847 2202 vita
870 2147 1206 2213 tenebantur,
1235 2146 1685 2217 dispensationem
1720 2144 1925 2201 Veteris

330 2239 663 2295 Testamenti
691 2238 925 2310 Novique
944 2240 1299 2310 distinguens,
1320 2238 1708 2303 Sustinentiam,
1731 2235 1922 2307 inquit,

323 2331 423 2386 Job
448 2332 683 2397 audistis,
706 2342 753 2386 et
774 2333 928 2402 finem
949 2333 1155 2387 Domini
1176 2332 1370 2386 vidistis
1391 2330 1594 2401 (Jacobi
1617 2334 1671 2394 v,
1701 2326 1791 2401 ll)
1820 2347 1832 2381 :
1858 2344 1926 2385 ne

330 2423 454 2479 ideo
468 2424 733 2495 patienter
750 2424 1076 2480 sustinerent
1097 2424 1408 2493 temporalia
1432 2425 1588 2489 mala,
1616 2430 1673 2477 ut
1697 2423 1799 2478 sibi
1821 2421 1925 2477 hoc

328 2516 704 2572 restitueretur
719 2517 861 2587 quod
877 2516 1144 2587 recepisse
1155 2516 1378 2587 legimus
1389 2515 1490 2570 Job
1503 2515 1658 2586 (xui,
1678 2514 1925 2586 lO).Na‘m

330 2616 385 2661 et
400 2605 472 2661 ab
498 2606 591 2661 illo
614 2606 838 2663 vulnere
864 2614 1025 2677 atque
1054 2606 1333 2677 putredine
1357 2606 1535 2661 salvus
1562 2606 1730 2660 factus
1749 2615 1852 2670 est,
1873 2614 1929 2661 et

330 2697 379 2752 ei
405 2706 604 2753 cuncta
629 2712 749 2767 quas
790 2698 1063 2763 amiserat,
1090 2697 1322 2768 duplicia
1363 2706 1488 2752 sunt
1514 2697 1756 2751 restituta
1789 2714 1803 2750 :
1838 2696 1927 2752 ubi

331 2790 494 2848 etiam
522 2790 896 2846 commendata
929 2798 1013 2845 est
1040 2789 1450 2846 resurrectionis
1489 2788 1638 2843 fides.
1670 2787 1804 2844 Nam
1832 2788 1926 2843 filii

335 2895 441 2935 non
472 2879 643 2949 dupli,
674 2878 769 2934 sed
800 2879 1016 2935 totidem
1043 2878 1257 2946 redditi,
1281 2879 1439 2934 etiam
1476 2878 1595 2933 illos
1624 2894 1765 2949 quos
1789 2878 1926 2933 ami-

336 2980 480 3025 serat
510 2978 907 3025 resurrecturos
947 2970 1342 3041 signifiearunt;
1373 2978 1431 3024 ut
1475 2970 1552 3024 sic
1584 2969 1685 3039 ipsi
1714 2984 1928 3039 quoque

334 3058 735 3131 illis‘prioribus
755 3060 961 3131 juncti,
991 3077 1023 3116 a
1051 3060 1386 3118 restitutione
1409 3061 1556 3131 dupli
1585 3075 1692 3115 non
1719 3061 1927 3117 inveni-

335 3165 523 3210 rentur
562 3153 745 3210 alieni.
798 3154 866 3210 Ut
910 3169 1039 3225 ergo
1086 3169 1192 3209 non
1240 3154 1399 3209 talem
1438 3153 1926 3209 remunerationem

339 3261 698 3316 speraremus,
732 3247 944 3317 quando
968 3247 1106 3302 mala
1134 3248 1444 3318 temporalia
1476 3255 1800 3318 pateremur,
1822 3262 1927 3302 non

335 3335 825 3403 ait,Snstinentiam
848 3345 905 3392 et
930 3336 1091 3393 finem
1117 3336 1219 3392 Job
1238 3336 1495 3405 audistis;
1518 3336 1612 3392 sed
1641 3337 1735 3401 ait,
1765 3336 1929 3392 Susti-

338 3430 565 3483 nentiant
581 3427 679 3483 Job
694 3429 930 3497 audistis,
954 3438 1001 3485 et
1025 3430 1181 3498 finem
1192 3427 1401 3483 Domini
1420 3430 1617 3484 vidistis
1641 3447 1654 3484 :
1679 3437 1929 3500 tanquam

342 3522 571 3586 diceret,
602 3522 730 3578 Mala
761 3522 1073 3593 temporalia
1100 3522 1238 3577 sicut
1256 3521 1358 3583 Job
1380 3522 1675 3587 sustinete;
1701 3521 1795 3577 sed
1834 3537 1931 3592 pro

342 3610 443 3667 hac
467 3612 784 3668 sustinentia
812 3629 918 3668 non
947 3614 1260 3685 temporalia
1287 3612 1425 3668 bona
1447 3622 1679 3683 sperate,
1709 3628 1827 3683 quae
1854 3611 1928 3667 illi

340 3713 493 3759 aucta
517 3703 814 3771 redierunt,
838 3704 932 3760 sed
964 3714 1163 3760 aeterna
1204 3705 1400 3775 potius,
1448 3719 1568 3774 quae
1608 3704 1660 3759 in
1703 3703 1932 3759 Domino

339 3803 748 3865 praecesserunt.
779 3795 881 3851 Job
900 3809 1031 3866 ergo
1061 3795 1129 3851 de
1163 3795 1264 3849 illis
1298 3795 1538 3866 patribus
1560 3803 1692 3860 erat,
1726 3795 1817 3866 qui
1837 3810 1932 3850 ex-

340 3886 723 3952 clamaverunt,
775 3894 832 3942 et
876 3888 1010 3943 salvi
1057 3886 1183 3943 facti
1226 3895 1369 3942 sunt.
1415 3886 1547 3943 Cum
1591 3887 1733 3942 enim
1781 3886 1928 3954 dicit,

344 3972 455 4045 Ego
478 3985 669 4041 autem,
700 3978 831 4032 satis
857 3978 1091 4034 insinuat
1116 3993 1221 4050 qua
1250 3962 1437 4033 salute
1460 3977 1580 4033 illos
1609 3979 1783 4035 salvos
1811 3993 1933 4035 esse

343 4063 510 4120 factos
529 4064 659 4120 velit
678 4065 933 4138 intelligi;
965 4067 1018 4123 in
1039 4083 1142 4138 qua
1166 4068 1276 4138 ipse
1294 4067 1475 4138 utique
1492 4067 1779 4123 derelictus
1800 4077 1887 4124 est
1912 4085 1927 4122 :

343 4170 447 4210 non
472 4155 619 4227 quod
645 4156 717 4211 illi
753 4172 783 4211 a
819 4158 990 4214 salute
1032 4166 1231 4214 mterna
1276 4158 1473 4214 fuerint
1513 4158 1709 4224 alieni;
1756 4158 1851 4213 sed
1879 4161 1931 4213 in

343 4246 554 4301 occulto
577 4256 703 4304 tunc
726 4256 845 4303 erat
868 4248 1012 4319 quod
1040 4248 1093 4303 in
1113 4248 1329 4304 Christo
1353 4246 1528 4303 fuerat
1563 4248 1929 4303 revelandum.

346 4337 403 4393 In
434 4337 613 4395 Veteri
641 4340 837 4411 quippe
865 4339 1211 4397 Testamento
1237 4340 1478 4395 velamen
1510 4347 1591 4395 est
1626 4339 1768 4409 quod
1807 4348 1933 4395 tunc

345 4429 633 4495 auferetur,
660 4444 781 4485 cum
808 4431 874 4486 ad
901 4431 1170 4487 Christum
1197 4433 1425 4503 quisque
1454 4430 1577 4486 inde
1608 4431 1881 4486 transierit
1913 4448 1927 4486 :

347 4534 454 4590 quo
512 4522 769 4577 eruciﬁxo
814 4522 1059 4579 velamen
1124 4524 1287 4579 etiam“
1340 4523 1522 4593 templi
1573 4524 1797 4578 scissum
1851 4532 1934 4579 est

347 4609 574 4681 (Matth.
603 4626 777 4679 xxvn,
805 4614 868 4669 51
890 4611 933 4684 ),
970 4623 1030 4669 ιιι
1061 4613 1449 4685 significaretur
1476 4612 1619 4684 quod
1648 4613 1934 4683 Apostolus

347 4700 415 4755 de
461 4701 725 4758 velamine
765 4704 975 4761 Veteris
1014 4702 1344 4763 Testamenti
1392 4706 1547 4774 dixit,
1594 4706 1833 4779 quoniam
1879 4707 1933 4761 in

347 4789 547 4847 Christo
561 4804 832 4849 evacuatur
852 4795 915 4865 (ll
937 4794 1058 4852 Cor.
1086 4812 1162 4860 ιιι,
1186 4797 1296 4867 ii).

416 4882 509 4938 27.
535 4883 671 4940 Nam
696 4895 752 4942 et
779 4886 833 4941 in
855 4887 962 4943 illis
990 4888 1227 4958 patribus
1254 4887 1497 4958 quamvis
1522 4888 1816 4955 rarissima,
1851 4901 1931 4945 ta-

348 4988 469 5029 mea
502 4974 734 5044 fuerunt,
766 4986 822 5033 et
845 4992 1012 5050 usque
1038 4978 1104 5032 ad
1130 4988 1356 5034 mortem
1377 4981 1617 5050 exempla
1643 4980 1928 5051 patientia},

346 5078 377 5117 a
402 5065 663 5136 sanguine
686 5066 819 5123 Abel
848 5082 1014 5139 usque
1037 5067 1102 5123 ad
1128 5069 1437 5138 sanguinem
1467 5070 1736 5127 Zachariae
1761 5071 1929 5143 (Luc.

348 5169 425 5222 ιι,
450 5156 565 5230 5|);
590 5173 819 5229 quorum
839 5160 1151 5231 sanguinem
1175 5160 1304 5215 dicit
1331 5161 1582 5217 Dominus
1604 5162 1762 5223 Iesus
1788 5172 1842 5218 ct
1865 5163 1933 5219 ab

346 5248 426 5305 eis
449 5248 769 5321 exigendum
788 5251 878 5322 qui
904 5251 957 5306 in
987 5261 1191 5322 patrum
1221 5269 1462 5320 suorum,
1484 5270 1515 5311 a
1536 5256 1727 5326 quibus
1743 5256 1818 5311 illi
1837 5272 1932 5311 oc-

347 5341 443 5395 cisi
469 5349 615 5408 sunt,
656 5340 935 5413 iniquitate
975 5345 1315 5413 persisterent
1350 5357 1446 5403 :et
1485 5347 1537 5401 in
1566 5348 1713 5403 Novo
1742 5348 1933 5404 Testa.

349 5440 533 5488 mento
559 5448 659 5489 nec
683 5432 871 5501 defuit,
904 5449 1002 5490 nec
1029 5435 1180 5492 deest
1204 5437 1463 5493 bonorum
1487 5438 1721 5494 fidelium
1748 5441 1932 5497 multi-

350 5524 499 5592 tudo,
528 5526 621 5596 qui
646 5527 807 5581 etiam
834 5526 936 5583 ista
968 5530 1245 5599 temporali
1285 5530 1536 5589 felicitate
1562 5535 1929 5606 prmpolleant,

348 5626 403 5672 et
429 5616 486 5672 in
522 5632 586 5673 ea
634 5616 908 5691 largitoris
950 5621 1043 5676 Dei
1085 5621 1371 5677 bonitatem
1412 5624 1934 5698 misericordiamque

348 5712 717 5781 experiantur,
759 5722 1003 5769 tenentes
1028 5724 1202 5771 tamen
1246 5716 1387 5785 quod
1429 5717 1763 5788 dispensator
1800 5720 1933 5776 Novi

336 5798 678 5859 'Testamenti
701 5802 954 5860 divitibus
974 5803 1127 5876 hujus
1148 5806 1332 5862 smculi
1358 5808 1641 5878 Apostolus
1656 5813 1931 5882 prmcepit,

1481 371 1963 435 EPISTOLARUM
1996 371 2273 430 CLASSIS
2322 371 2411 428 Ill.

3506 371 3619 431 550.

2023 509 2123 548 non
2148 492 2358 564 superbe
2384 510 2583 565 sapere,
2612 509 2768 562 neque
2786 507 2990 565 sperare
3011 490 3062 546 in
3082 500 3273 546 incerto
3294 490 3610 556 divitiarum,

2024 587 2112 639 sed
2140 586 2192 639 in
2231 585 2335 639 Deo
2359 585 2467 639 vivo
2490 584 2576 656 qui
2605 594 2808 653 prwstat
2836 583 2978 637 nobis
3005 582 3174 637 omnia
3201 581 3514 636 abundanter
3541 581 3607 638 ad

2024 676 2328 745 fruendum;
2357 685 2407 728 ut
2434 676 2554 730 bene
2575 677 2785 745 faciant,
2823 675 3000 729 divites
3037 676 3139 729 sint
3174 677 3227 727 in
3262 672 3491 743 operibus
3522 673 3612 726 bo-

2026 768 2122 834 nis,
2148 768 2296 840 facile
2322 766 2563 833 tribuant,
2592 767 2978 833 communicent,
3008 765 3343 819 thesaurizent
3368 765 3462 818 sibi
3486 764 3606 833 fun~

2026 858 2315 912 damentum
2347 857 2531 912 bonum
2565 859 2616 912 in
2656 858 2903 926 futurum,
2944 865 2997 911 ut
3029 856 3413 928 apprehendant
3445 871 3611 909 veram

2025 950 2251 1019 vitant(l
2289 949 2424 1003 Tim.
2447 965 2523 1015 γι,
2552 946 2761 1021 17-19)
2795 967 2809 1003 :
2842 948 3014 1019 qualis
3055 949 3106 1002 in
3138 946 3331 1002 Christi
3362 960 3467 1001 non
3494 955 3607 999 tan-

2030 1051 2137 1095 tum
2161 1042 2367 1110 spiritu,
2395 1056 2579 1095 verum
2607 1042 2765 1095 etiam
2787 1056 2946 1105 carne
2975 1039 3307 1095 manifestata
3337 1047 3448 1105 est,
3492 1054 3613 1092 cum

2027 1135 2316 1188 resurrexit
2343 1133 2640 1198 amortuis,
2670 1149 2772 1187 non
2800 1133 3008 1202 qualem
3054 1132 3225 1187 ind-.ei
3271 1132 3321 1186 in
3363 1131 3453 1186 illo
3493 1146 3610 1201 pcr-

2027 1233 2308 1291 emerunt,
2350 1224 2563 1294 quando
2599 1240 2719 1279 eum
2756 1222 2824 1279 de
2848 1224 3092 1280 tnatiibus
3131 1240 3315 1279 eorum
3344 1225 3482 1279 Deus
3510 1238 3615 1277 non

2026 1317 2183 1383 eruit,
2227 1333 2457 1388 eumque
2510 1317 2857 1388 dereliquisse
2903 1316 3049 1372 visus
3086 1326 3167 1372 est
3204 1316 3614 1382 exclamantent,

2028 1406 2170 1462 Deus
2194 1424 2355 1474 meus,
2388 1408 2524 1463 Deus
2561 1420 2732 1473 meus;
2773 1408 2949 1478 utquid
2978 1424 3056 1461 me
3078 1405 3427 1478 dereliquisti?
3457 1415 3516 1461 ω
3551 1421 3617 1461 eo

2030 1502 2190 1557 modo
2232 1503 2285 1557 in
2325 1518 2385 1558 se
2428 1503 2826 1573 transfiguraret
2872 1513 3135 1573 martyres
3180 1518 3326 1567 suos,
3380 1504 3470 1574 qui
3518 1501 3623 1557 etsi

2032 1593 2166 1649 mori
2200 1593 2417 1658 nollent,
2448 1594 2588 1663 quod
2610 1594 2771 1647 etiam
2810 1588 2968 1648 Petro
2991 1593 3149 1658 dixit,
3182 1594 3319 1647 Alter
3356 1602 3405 1648 te
3433 1594 3623 1663 cinget,

2029 1693 2077 1738 et
2098 1686 2221 1755 feret
2246 1701 2345 1754 quo
2370 1693 2425 1738 tu
2463 1700 2564 1738 non
2589 1684 2695 1750 vis;
2719 1684 3016 1755 significans
3042 1696 3141 1754 qua
3176 1692 3336 1736 morte
3366 1684 3622 1752 clariﬁca-

2032 1783 2175 1829 turus
2200 1784 2307 1828 erat
2338 1774 2504 1829 Deum
2525 1772 2701 1845 (Joan.
2732 1788 2844 1837 xxt,
2877 1771 2987 1845 18),
3021 1784 3076 1829 ει
3102 1775 3172 1829 ob
3198 1772 3299 1828 hoc
3332 1788 3364 1828 a
3392 1773 3499 1828 Deo
3524 1788 3622 1828 suo

2034 1864 2271 1920 derelicti
2321 1865 2629 1920 viderentur
2669 1865 2735 1920 ad
2784 1871 3030 1935 tempus,
3075 1880 3196 1920 cum
3245 1864 3323 1920 eis
3367 1872 3622 1935 prteslare

2033 1955 2201 2011 nollet
2239 1956 2378 2026 quod
2425 1955 2639 2021 vellent,
2681 1954 2824 2010 illam
2855 1970 3038 2009 vocem
3070 1954 3248 2010 cordis
3294 1955 3618 2021 emitterent,

2031 2047 2285 2118 iilumque
2309 2047 2624 2109 adhiberent
2653 2047 2858 2118 pietatis
2882 2046 3151 2112 ali‘ectum,
3182 2061 3340 2116 quem
3371 2045 3621 2117 passione

2033 2137 2374 2207 impendente
2398 2152 2491 2193 ore
2523 2137 2737 2207 proprio
2765 2136 3017 2191 Dominus
3038 2138 3321 2205 expressit,
3355 2151 3447 2190 eos
3488 2135 3541 2189 in
3563 2148 3623 2188 sc

2031 2228 2324 2284 identidem
2364 2226 2769 2298 transﬁgurans.
2826 2224 3007 2279 Verum
3046 2242 3147 2278 non
3187 2224 3322 2296 quod
3357 2239 3447 2295 ego
3485 2223 3619 2288 volo,

2030 2320 2120 2375 sed
2137 2320 2273 2391 quod
2297 2328 2350 2373 tu
2376 2320 2469 2386 vis,
2502 2319 2658 2372 Pater
2682 2317 2897 2389 (Matth.
2931 2330 3085 2382 xxvn,
3114 2316 3226 2387 59).

2101 2410 2326 2467 CAPUT
2356 2410 2448 2466 XI.
2464 2441 2533 2450 —
2548 2410 2638 2466 28.
2660 2410 2715 2465 In
2739 2424 2843 2478 quo
2867 2409 3008 2463 enim
3028 2408 3287 2478 primitus,
3314 2406 3414 2461 nisi
3437 2407 3487 2461 in
3506 2406 3622 2477 ipso

2031 2504 2205 2575 capite
2232 2513 2415 2558 nostro
2440 2517 2702 2573 apparere
2739 2500 2939 2564 debuit,
2969 2508 3189 2572 promer
3227 2514 3384 2568 quam
3416 2499 3577 2553 vitam
3606 2498 3623 2530 ί

2031 2594 2304 2650 christiani
2328 2594 2553 2649 sumus?
2584 2593 2868 2663 Propterea
2887 2605 2993 2645 non
3020 2590 3113 2656 ait,
3137 2590 3277 2646 Deus
3294 2605 3463 2655 lllCllS,
3486 2590 3624 2644 Deus

2032 2700 2205 2751 meus,
2231 2685 2560 2756 dereliquisti
2585 2699 2703 2747 me;
2733 2682 2827 2737 sed
2853 2697 3067 2737 causam
3089 2681 3419 2737 commonuit
3440 2681 3624 2752 requi~

2035 2776 2281 2843 rendam,
2320 2792 2440 2831 cum
2481 2775 2703 2841 addidit,
2747 2773 2924 2843 utquid
2947 2772 3259 2846 dereliquiin
3283 2773 3401 2827 me?
3443 2772 3494 2827 id
3521 2782 3625 2839 est,

2031 2881 2217 2935 quare,
2246 2875 2462 2936 propter
2480 2864 2627 2935 quid,
2661 2879 2820 2935 quam
2842 2863 2912 2918 ob
2939 2863 3194 2918 causam?
3215 2863 3464 2919 Profecto
3477 2864 3619 2918 enim

2033 2968 2148 3013 erat
2174 2959 2350 3029 aliqua
2376 2973 2553 3023 causa,
2585 2973 2751 3028 eaque
2774 2972 2879 3012 non
2916 2971 3099 3027 parva,
3144 2966 3200 3011 ut
3231 2955 3345 3012 Noe
3381 2956 3628 3011 liberaret

2032 3049 2100 3104 de
2129 3048 2348 3115 diluvio,
2392 3048 2526 3105 Loth
2553 3049 2622 3104 de
2660 3048 2863 3103 caelesti
2889 3047 3155 3112 incendio,
3187 3046 3332 3102 Isaac
3359 3047 3424 3103 de
3450 3047 3627 3102 immi-

2033 3142 2176 3197 nenti
2202 3142 2398 3212 gladio,
2427 3141 2622 3211 Joseph
2649 3141 2715 3196 de
2740 3141 3005 3197 calumnia
3034 3141 3270 3197 mulieris
3297 3150 3349 3195 et
3376 3141 3615 3197 custodia

2032 3232 2285 3298 carceris,
2314 3232 2532 3304 Moysen
2563 3232 2630 3287 ab
2665 3231 2953 3304 Egyptiis,
2980 3232 3128 3287 Raab
3153 3231 3220 3286 ab
3248 3231 3457 3287 excidio
3494 3232 3627 3288 civi-

2036 3325 2178 3391 tatis,
2207 3325 2506 3381 Susannam
2521 3341 2552 3381 a
2575 3326 2797 3381 testibus
2818 3324 2986 3392 falsis,
3007 3324 3279 3380 Danielem
3304 3340 3335 3380 a
3356 3324 3625 3394 leonibus,

2037 3424 2148 3473 tres
2176 3417 2318 3473 viros
2344 3417 2412 3472 ab
2436 3417 2665 3488 ignibus,
2697 3417 2935 3488 aliosque
2965 3425 3143 3487 patres
3169 3416 3256 3486 qui
3293 3416 3628 3473 exclamave-

2037 3517 2183 3574 runt,
2226 3517 2280 3564 et
2323 3508 2458 3565 salvi
2502 3507 2626 3563 facti
2656 3517 2810 3573 sunt;
2842 3519 2898 3564 et
2948 3508 3219 3563 Christum
3271 3507 3337 3562 de
3384 3509 3629 3565 manibus

2033 3597 2338 3654 Iudaeorum
2365 3614 2470 3653 non
2500 3598 2772 3666 liberaret,
2803 3614 3031 3669 eumque
3052 3598 3104 3653 in
3130 3599 3628 3668 potestatcsazvien-

2036 3688 2167 3743 tium
2193 3703 2363 3759 usque
2391 3688 2458 3744 ad
2497 3689 2687 3743 mortis
2726 3688 2933 3743 exitum
2975 3688 3389 3758 derelinqueret.
3429 3688 3625 3760 thnid

2037 3781 2177 3837 hoc?
2198 3791 2415 3853 propter
2437 3783 2563 3853 quid
2593 3784 2715 3848 hoc,
2746 3784 2846 3838 nisi
2886 3795 3103 3854 propter
3132 3783 3259 3838 illud
3295 3784 3437 3855 quod
3470 3785 3627 3857 paulo

2035 3884 2156 3943 post
2182 3875 2232 3928 in
2262 3875 2449 3930 eodem
2476 3876 2680 3946 psalmo
2710 3875 2857 3941 dicit,
2884 3892 2985 3931 non
3008 3876 3076 3928 ad
3099 3876 3445 3946 insipientiam
3472 3876 3630 3938 mihi;

2037 3963 2142 4020 1ιοε
2171 3973 2273 4032 est,
2305 3966 2516 4035 corpori
2546 3981 2688 4031 meo,
2730 3966 2987 4022 Ecclesia:
3013 3981 3168 4031 meae,
3200 3967 3435 4021 minimis
3462 3966 3630 4019 meis?

2035 4055 2169 4111 Nam
2196 4065 2251 4111 et
2278 4057 2330 4111 in
2355 4057 2662 4127 Evangelio,
2695 4057 2909 4123 Quando
2929 4056 3019 4112 uni
3041 4073 3103 4111 ea:
3135 4057 3355 4111 minimis
3396 4057 3517 4110 meis
3553 4062 3628 4126 fc-

2035 4146 2196 4212 cistis,
2229 4147 2415 4217 inquit,
2444 4147 2568 4201 mihi
2592 4148 2779 4219 fecistis
2814 4145 3040 4219 (Matt/3.
3096 4163 3229 4213 xxv,
3278 4148 3389 4219 40).
3420 4147 3507 4202 Sic
3534 4148 3632 4201 ita-

2036 4252 2140 4306 que
2164 4237 2363 4292 dictum
2393 4246 2489 4301 est,
2524 4246 2569 4292 et
2598 4254 2697 4290 non
2720 4237 2789 4290 ad
2823 4237 3165 4306 insipientiam
3193 4238 3338 4305 mihi,
3361 4238 3629 4307 quomodo

2036 4325 2234 4380 dictum
2256 4337 2358 4393 est,
2389 4327 2513 4381 mihi
2538 4328 2746 4399 fecistis,
2780 4334 2837 4381 et
2860 4327 2938 4383 sic
2965 4327 3162 4383 dictum
3204 4337 3306 4396 est,
3351 4347 3505 4402 quare
3549 4348 3627 4385 me

2035 4420 2367 4489 dereliquisti,
2397 4421 2666 4491 quomodo
2701 4420 2900 4477 dictum
2927 4429 3028 4486 est,
3052 4420 3153 4487 Qui
3191 4438 3276 4477 vos
3314 4425 3512 4496 recipit,
3548 4443 3625 4480 me

2036 4511 2253 4583 recipit;
2282 4520 2329 4565 ct
2353 4512 2441 4582 qui
2460 4527 2544 4566 vos
2565 4514 2776 4583 spernit,
2805 4522 2854 4566 et
2885 4528 2965 4566 me
2993 4514 3184 4584 spernit
3213 4512 3362 4588 (Luc.
3408 4531 3465 4580 x,
3516 4515 3626 4586 16).

2036 4603 2150 4658 Νοιι
2172 4618 2299 4673 ergo
2322 4604 2388 4659 ad
2419 4604 2771 4673 insipientiam
2795 4604 2969 4670 nobis,
2995 4604 3089 4659 sed
3112 4615 3170 4660 ut
3185 4607 3454 4675 sapiamus
3478 4628 3490 4663 :
3515 4624 3620 4662 non

2036 4705 2256 4766 promer
2286 4695 2443 4751 istam
2467 4695 2649 4760 vitam,
2670 4695 2723 4750 in
2739 4711 2842 4765 qua
2868 4710 2967 4750 nos
2995 4695 3133 4751 Deus
3152 4697 3440 4768 aliquando
3461 4713 3627 4768 usque

2036 4786 2101 4841 ad
2130 4795 2356 4842 mortem
2396 4787 2825 4857 persequentium
2862 4787 3107 4842 manibus
3151 4786 3491 4860 derelinquit,
3532 4790 3626 4845 sed

2039 4888 2258 4947 propter
2286 4878 2428 4931 illam
2451 4878 2831 4947 sempiternam
2873 4893 2974 4933 nos
2999 4877 3195 4933 debere
3219 4895 3339 4935 esse
3383 4879 3627 4934 christia-

2037 4985 2171 5034 nos;
2201 4970 2323 5040 qnia
2362 4968 2463 5024 hoc
2490 4970 2542 5024 in
2577 4969 2669 5025 illo
2694 4969 3039 5040 praecessisse
3059 4972 3348 5041 intuemur,
3377 4988 3446 5027 ex
3479 4973 3631 5044 cujus

2038 5074 2253 5114 llOﬂIllle
2275 5074 2354 5114 Sic
2374 5074 2556 5115 VOCillll
2564 5075 2646 5114 ur.

2108 5150 2198 5207 29.
2240 5152 2377 5207 Ecce
2415 5151 2486 5204 ita
2525 5150 2719 5206 factum
2758 5162 2840 5206 est
2867 5169 2883 5207 :
2911 5160 3088 5207 tamen
3115 5161 3217 5207 tam
3246 5153 3393 5207 multi
3426 5170 3529 5208 non
3560 5155 3630 5210 ob

2036 5242 2178 5299 aliud
2201 5243 2384 5298 volunt
2410 5257 2530 5298 esse
2560 5242 2868 5311 christiani,
2905 5242 3008 5299 nisi
3041 5253 3096 5298 ut
3126 5244 3284 5315 hujus
3312 5246 3432 5300 vitae
3460 5247 3629 5301 felici-

2040 5347 2148 5393 tate
2194 5339 2563 5408 perfruantur;
2619 5335 2848 5407 ideoque
2893 5336 2980 5392 illa
3022 5336 3302 5395 deﬁciente
3355 5339 3635 5413 delicium.

2038 5428 2199 5496 Quid,
2239 5428 2286 5486 si
2311 5444 2416 5484 non
2443 5428 2495 5483 in
2518 5429 2635 5499 ipso
2655 5437 2842 5484 nostro
2869 5427 3042 5499 capite
3069 5436 3176 5484 tam
3198 5430 3402 5501 insigne
3430 5433 3630 5488 consti-

2038 5530 2277 5577 tueretur
2319 5523 2623 5592 exemplum
2649 5564 2666 5591 ,
2704 5537 2812 5593 quo
2838 5523 3165 5579 disceremus
3198 5539 3295 5595 pro
3324 5526 3629 5583 cmlestihus

2039 5625 2250 5673 terrena
2294 5626 2663 5683 contemnere,
2696 5631 2805 5671 non
2831 5617 3176 5686 respicientes
3203 5633 3322 5688 qua:
3360 5617 3626 5687 videntur,

2038 5706 2132 5763 sed
2161 5723 2279 5778 qua:
2308 5724 2413 5763 non
2439 5708 2723 5764 videntur?
2748 5723 2868 5778 quae
2890 5709 3031 5763 enim
3065 5709 3329 5776 videntur,
3365 5721 3625 5781 tempora-

2106 5823 2123 5853 ί
2149 5821 2282 5884 Edd.,
2306 5830 2499 5888 propter
2519 5836 2665 5889 quant
2688 5835 2884 5876 causam
2907 5821 3183 5876 Christiani.
3208 5831 3334 5889 Mss,
3363 5821 3525 5878 vitam.
