4122 6350
481 465 554 524 lia
584 471 738 530 sunt;
762 477 880 534 qum
907 471 1082 518 autem
1114 478 1218 516 non
1248 461 1511 525 videntur,
1541 465 1742 513 mterna
1762 458 1824 526 (ll
1857 457 1973 512 Cor.
1999 473 2074 522 tv,

485 559 552 615 i8
575 557 616 630 )ρ
647 557 793 625 Quos
831 557 882 610 in
921 571 979 610 se
1012 556 1232 610 vocibus
1273 554 1377 608 illis
1419 551 1797 621 transfigurare
1831 551 2077 620 dignatus

482 659 586 706 est.
629 647 767 702 Nam
790 657 1044 717 quantum
1076 645 1141 699 ad
1172 646 1342 713 ipsum
1372 644 1594 708 attinet,
1627 641 1893 712 quomodo
1921 641 2078 695 vellet

482 741 700 797 liberart
741 740 808 794 ab
847 739 935 793 illa
966 737 1096 792 hora
1118 779 1133 804 ,
1164 737 1252 807 qui
1279 746 1565 806 propterea
1602 734 1898 789 veneratin
1931 734 2076 787 illam

482 834 670 890 horam
685 832 864 905 (Joan.
893 845 966 887 xu
985 874 998 895 ,
1029 829 1145 903 27.)
1177 830 1200 883 ?
1227 840 1315 884 aut
1337 828 1604 900 quomodo
1629 829 1706 882 sic
1729 828 2073 898 loquebatur,

480 927 632 999 quasi
660 925 801 997 quod
846 924 1012 978 nollet
1056 923 1105 978 ei
1150 920 1434 985 accideret,
1467 934 1586 974 cum
1627 927 1940 989 potestatem
1982 918 2078 972 ha-

481 1019 656 1077 buerit
674 1017 905 1090 ponendi
927 1016 1155 1070 animam
1177 1028 1348 1079 suam,
1377 1023 1432 1067 et
1453 1013 1641 1067 iterant
1664 1011 1905 1067 sumendi
1932 1026 2072 1074 eam,

481 1128 583 1170 nec
633 1127 751 1168 eam
801 1111 1078 1182 quisquam
1122 1107 1334 1164 tolleret
1381 1107 1447 1160 ab
1496 1105 1608 1170 illo,
1655 1104 1749 1160 sed
1801 1119 1917 1158 eam
1963 1091 2076 1172 ipse

478 1213 702 1276 poneret
721 1211 773 1257 et
788 1207 1101 1265 resumeret,
1125 1199 1263 1253 sicut
1289 1199 1341 1252 in
1379 1196 1666 1266 Evangelio
1716 1195 1844 1249 dicit
1873 1193 1984 1264 (Id.
2015 1209 2072 1257 x,

480 1293 612 1361 18)?
649 1292 754 1348 Sed
787 1291 969 1363 procul
994 1290 1156 1346 dubio
1185 1303 1285 1344 nos
1307 1289 1357 1342 in
1379 1289 1482 1343 illis
1510 1286 1730 1342 vocibus
1757 1301 1988 1350 eramus,
2021 1294 2076 1340 et

482 1393 642 1456 caput
672 1398 767 1454 pro
805 1398 902 1438 suo
931 1396 1155 1452 corpore
1184 1380 1498 1450 loquebatur
1517 1418 1531 1444 ,
1571 1393 1675 1432 non
1703 1377 1964 1447 disjuncta
2003 1377 2075 1431 sis

474 1475 815 1549 gnificatione
844 1475 1020 1540 vocis,
1053 1473 1141 1529 ubi
1177 1472 1441 1528 connexio
1477 1485 1580 1525 non
1605 1469 1928 1540 disjungitur
1957 1468 2075 1523 uni-

475 1577 772 1714 tat(lisdPlJ'l‘
799 1655 916 1711 XII.
938 1685 1008 1695 -—
1029 1654 1122 1710 50.
1150 1653 1392 1722 Denique
1417 1653 1468 1706 in
1490 1651 1704 1705 Psalmo
1732 1649 1992 1720 sequitur,
2020 1657 2075 1704 et

474 1763 636 1804 orans
651 1747 866 1802 adverte
881 1745 1004 1817 quid
1023 1745 1166 1801 dicat
1184 1761 1195 1798 :
1219 1743 1488 1809 Quoniam,
1511 1741 1700 1811 inquit,
1719 1740 1980 1794 extruxisti
1997 1756 2075 1793 me

473 1841 538 1895 de
552 1850 738 1907 ventre,
754 1855 865 1910 spes
882 1854 993 1892 mea
1013 1837 1076 1891 ab
1098 1835 1327 1890 uberibus
1349 1834 1524 1888 matris
1541 1847 1679 1886 mete.
1704 1831 1767 1885 In
1788 1841 1835 1885 te
1844 1832 2072 1904 jactatus

471 1949 586 1989 sum
610 1948 674 1986 e1:
699 1941 872 1996 utero;
899 1930 962 1984 de
985 1937 1150 1984 ventre
1177 1927 1349 1981 matris
1383 1941 1508 1981 mea!
1537 1924 1672 1979 Deus
1716 1940 1855 1977 meus
1891 1941 1940 1978 es
1976 1933 2028 1976 tu
2053 1938 2072 1978 :

473 2021 496 2096 (
507 2022 646 2077 Psat.
663 2037 776 2085 xxi,
793 2021 878 2084 10.
898 2021 987 2091 Η)
1003 2030 1254 2089 tanquam
1273 2017 1495 2082 diceret,
1514 2016 1588 2071 De
1605 2014 1705 2067 alia
1720 2029 1797 2078 re,
1814 2024 1868 2068 et
1885 2013 1952 2068 ab
1969 2013 2071 2069 alia

472 2114 630 2169 aliam
653 2129 763 2169 rem
789 2127 875 2167 me
903 2110 1178 2180 trajecisti,
1208 2119 1266 2164 ut
1287 2117 1345 2162 tu
1369 2108 1442 2162 sis
1467 2105 1597 2160 mihi
1622 2104 1821 2160 bonum
1845 2120 1940 2174 pro
1966 2114 2071 2160 ter-

473 2206 620 2263 renis
644 2206 798 2261 bonis
827 2203 1165 2259 mortalitatis
1195 2201 1372 2270 hujus,
1400 2214 1556 2270 quam
1586 2199 1640 2254 in
1672 2198 1859 2254 matris
1885 2207 2072 2252 ventre

378 2357 382 2361 ,
472 2298 695 2354 sortitus
713 2312 853 2364 sum,
876 2295 1028 2365 cujus
1051 2294 1216 2348 ubera
1237 2291 1375 2348 suxi.
1397 2291 1522 2347 Htec
1543 2291 1685 2346 enim
1707 2297 1941 2346 vetustas
1965 2297 2067 2350 est,

471 2388 542 2444 de
569 2404 672 2459 qua
701 2401 788 2442 me
819 2396 874 2441 tu
916 2384 1226 2450 extraxisti;
1271 2392 1328 2439 et
1373 2379 1460 2438 illa
1502 2382 1733 2437 carnalis
1775 2379 2070 2436 nativitatis

473 2480 612 2535 bona
637 2486 782 2542 sunt,
811 2493 840 2530 a
871 2477 1063 2547 quibus
1091 2484 1144 2530 tu
1173 2489 1298 2546 spes
1325 2489 1445 2530 mea
1469 2489 1530 2528 es
1559 2490 1574 2527 :
1603 2471 1726 2528 inde
1750 2471 1894 2526 enim
1923 2469 1990 2526 ad
2019 2479 2070 2526 te

471 2584 764 2626 conversus
792 2583 934 2623 sum.
963 2567 1029 2621 Et
1051 2579 1116 2621 ea:
1138 2575 1300 2628 utero,
1331 2564 1386 2620 id
1410 2572 1512 2628 est,
1538 2563 1628 2635 qui
1649 2578 1715 2619 ex
1738 2563 1820 2617 his
1841 2562 1894 2616 in
1915 2571 2070 2616 utero

472 2660 753 2726 inchoavi,
782 2659 837 2714 in
870 2667 918 2714 te
939 2660 1165 2730 jactatus
1190 2671 1339 2719 sum:
1370 2655 1436 2712 ad
1468 2664 1520 2711 te
1548 2656 1754 2711 scilicet
1782 2655 2065 2716 transiens,

471 2763 640 2810 totum
682 2769 769 2809 me
797 2752 890 2808 tibi
917 2751 1279 2807 committens.
1319 2749 1550 2820 Ideoque
1584 2748 1650 2803 de
1686 2756 1856 2801 ventre
1893 2744 2069 2799 matris

470 2862 596 2903 utea
619 2888 634 2914 ,
666 2845 719 2902 id
745 2855 828 2902 est
853 2844 923 2901 de
960 2843 1116 2900 bonis
1155 2840 1334 2897 carnis
1363 2855 1521 2912 quam
1556 2838 1760 2908 sumpsi
1790 2839 1844 2892 in
1881 2844 2070 2892 ventre

471 2940 660 2997 matris
686 2953 818 2994 mea:
836 2979 854 3007 ,
883 2936 1017 2991 Deus
1043 2951 1180 2990 meus
1207 2951 1260 2990 es
1287 2944 1361 3000 tu,
1388 2945 1446 2988 ut
1471 2932 1540 2988 de
1570 2931 1652 2986 his
1688 2941 1742 2985 tu
1770 2930 1844 2985 sis
1867 2929 2066 2985 bonum

470 3046 648 3087 meum
670 3047 684 3084 :
707 3044 770 3086 ea
799 3028 1066 3085 locutione
1092 3026 1292 3081 dictum
1317 3032 1418 3089 est,
1445 3039 1509 3079 ac
1533 3024 1578 3078 si
1606 3022 1892 3085 diceretur,
1918 3019 2065 3076 verbi

469 3124 660 3197 gratia,
691 3124 765 3178 De
793 3131 933 3177 terra
959 3121 1154 3176 caelum
1182 3117 1382 3184 habito,
1411 3115 1515 3171 hoe
1541 3122 1643 3178 est,
1677 3113 1802 3168 hinc
1830 3112 1921 3167 illo
1942 3113 2070 3167 emi-

469 3215 652 3287 gravi;
679 3221 732 3269 et
760 3213 860 3268 ista
906 3219 1090 3266 nostra
1134 3210 1187 3264 in
1228 3208 1375 3262 illum
1405 3205 1800 3275 transfigumtio
1830 3215 1908 3258 est
1933 3241 1948 3268 ,
1976 3202 2066 3272 qui

469 3320 569 3379 per
587 3306 812 3378 gratiam
839 3302 1167 3359 Tcstamenti
1197 3298 1328 3355 Novi
1367 3306 1634 3352 mutamus
1664 3296 1854 3358 vitam,
1887 3303 2066 3348 trans-

469 3405 661 3454 euntes
689 3396 756 3452 de
775 3403 955 3450 vetere
983 3392 1051 3448 ad
1083 3407 1293 3447 novam.
1326 3389 1457 3444 Nam
1480 3389 1568 3442 ille
1597 3387 1735 3441 bane
1764 3401 1874 3440 rem
1895 3399 2066 3440 sacra-

469 3499 653 3545 mento
696 3502 807 3544 sua:
852 3483 1114 3558 passionis
1164 3479 1678 3549 resurrectionisque
1721 3475 2062 3547 signiﬁcans,

468 3595 686 3637 carnem
711 3577 936 3634 mutavit
963 3575 1030 3630 de
1050 3573 1370 3629 mortalitate
1394 3571 1456 3625 ad
1475 3568 1924 3624 immortalitatem
1950 3567 2063 3622 :vi-

467 3683 576 3729 tam
612 3687 738 3727 vero
763 3687 868 3725 non
895 3666 1119 3724 mutavit
1141 3666 1208 3720 de
1235 3672 1498 3719 vetustate
1526 3663 1578 3716 in
1619 3661 1938 3724 novitatem,
1971 3658 2064 3728 qui

467 3779 737 3836 nunquam
783 3761 882 3816 fuit
922 3759 975 3815 in
1023 3757 1329 3828 impietate,
1358 3753 1500 3809 unde
1541 3751 1794 3807 transiret
1834 3749 1902 3805 ad
1943 3749 2062 3820 pie-

467 3867 655 3914 tatem.

538 3949 627 4005 3i.
667 3946 980 4016 Quanquam
1008 3955 1114 3998 non
1140 3936 1424 3995 defuerunt
1449 3936 1539 4008 qui
1566 3935 1668 3990 hoc
1694 3932 1834 4004 quod
1860 3933 2061 3988 dictum

463 4050 568 4106 est,
590 4037 664 4093 De
673 4047 842 4092 ventre
855 4035 1030 4089 matris
1047 4048 1171 4087 mete
1187 4030 1326 4084 Deus
1343 4045 1483 4084 meus
1502 4045 1552 4084 es
1571 4037 1642 4091 tu,
1661 4026 1780 4081 ideo
1799 4026 1864 4080 ad
1889 4027 2060 4095 ipsum

463 4137 622 4200 caput
648 4136 886 4184 nostrum
911 4124 1183 4197 pertinere
1216 4118 1497 4186 sentirent,
1533 4117 1786 4188 quoniam
1821 4116 1981 4170 Pater
2003 4115 2057 4168 in

464 4230 669 4276 tantum
698 4225 783 4274 est
808 4219 948 4272 Deus
975 4214 1112 4286 ejus,
1143 4213 1196 4267 in
1223 4219 1483 4282 quantum
1519 4208 1680 4263 homo
1705 4217 1788 4262 est
1814 4209 1866 4261 in
1890 4207 2057 4261 forma

463 4311 625 4378 servi,
648 4309 824 4366 nonin
841 4313 1100 4379 quantum
1118 4304 1191 4359 illi
1221 4301 1440 4372 aequalis
1461 4301 1514 4354 in
1537 4299 1706 4354 forma
1731 4299 1824 4353 Dei
1849 4308 1930 4352 est
1945 4297 2055 4367 (a);

464 4399 588 4457 ideo
613 4401 689 4455 De
712 4409 881 4455 ventre
904 4397 1079 4451 matris
1095 4410 1223 4450 mea:
1244 4393 1378 4447 Deus
1405 4407 1546 4446 meus
1566 4406 1618 4444 es
1643 4400 1719 4476 tu:
1750 4404 1813 4443 ac
1842 4387 1886 4442 si
1915 4388 2060 4442 diee-

463 4500 586 4557 ret,
617 4491 694 4546 Ex
723 4505 790 4545 eo
817 4489 959 4560 quod
985 4487 1146 4540 homo
1174 4484 1344 4538 factus
1371 4497 1489 4536 sum
1510 4522 1525 4546 ,
1555 4481 1694 4534 Deus
1719 4493 1871 4534 meus
1889 4493 1948 4532 es
1976 4485 2054 4532 tu.

462 4582 568 4639 Sed
593 4580 718 4652 quid
747 4588 863 4645 est,
899 4577 976 4632 Tu
1005 4574 1266 4630 extruxisti
1291 4589 1372 4627 me
1399 4571 1461 4626 de
1487 4579 1683 4635 ventre,
1713 4567 1761 4624 si
1791 4568 1857 4623 ad
1884 4569 2056 4637 ipsum

463 4673 645 4730 Jesum
688 4671 756 4727 de
801 4669 1018 4740 Virgine
1059 4674 1397 4739 procreatum
1441 4661 1703 4717 refertur?
1741 4658 1893 4729 quasi
1925 4659 2058 4712 alios

464 4765 608 4821 Deus
638 4777 745 4818 non
775 4760 1058 4826 extrahat,
1099 4758 1152 4813 in
1195 4756 1349 4826 cujus
1389 4752 1722 4825 providentia
1761 4759 1844 4806 est
1881 4749 2057 4804 omnis

465 4856 600 4912 ordo
631 4851 882 4910 nascendi
908 4868 921 4904 :
948 4865 1017 4906 an
1043 4848 1165 4904 inde
1186 4845 1490 4918 significare
1514 4843 1683 4899 voluit
1705 4850 1912 4912 partum
1939 4841 2055 4896 Vir-

462 4948 602 5020 glnis
627 4953 834 5001 servata
859 4941 1178 5013 virginitatis
1201 4938 1501 5009 integritate
1530 4934 1790 5000 mirabili,
1815 4947 1936 4987 cum
1957 4933 2052 4998 ait,

465 5038 548 5095 Tu
575 5037 838 5094 extruxisti
877 5051 958 5090 me
1000 5035 1064 5088 de
1096 5040 1264 5088 ventre
1289 5030 1467 5084 matris
1507 5042 1664 5090 mete;
1691 5035 1750 5079 ut
1775 5024 1917 5095 quod
1948 5023 2072 5079 illic-

461 5131 776 5187 mirabiliter
804 5129 998 5183 factum
1028 5133 1140 5192 est,
1166 5139 1287 5179 eum
1319 5123 1462 5178 Deus
1491 5119 1681 5175 fecisse
1711 5117 1926 5182 dicitur,
1954 5131 2049 5171 ne-

461 5223 593 5280 mini
615 5220 924 5277 incredibile
955 5216 1236 5273 videatur?
1259 5214 1398 5286 Quid
1423 5226 1551 5283 ergo
1571 5218 1653 5266 est
1671 5218 1725 5266 et
1745 5209 1894 5273 illud,
1921 5208 2053 5278 Spes

427 5349 434 5356 -
461 5331 574 5370 mea
603 5314 665 5368 ab
685 5311 917 5367 uberibus
931 5309 1110 5364 matris
1128 5307 1292 5361 mete?
1311 5303 1590 5372 Quomodo
1610 5303 1781 5356 ethoc
1794 5300 1858 5354 ad
1878 5300 2049 5368 ipsum

458 5412 619 5476 caput
643 5401 901 5459 Ecclesia
928 5397 1118 5454 referri
1150 5403 1341 5466 potest,
1368 5392 1522 5463 quasi
1556 5407 1680 5461 spes
1708 5390 1823 5459 ejus
1849 5404 1968 5458 quae
1995 5387 2048 5442 in

460 5495 573 5552 Deo
599 5503 702 5557 est,
733 5507 764 5546 a
793 5490 979 5544 matris
1009 5487 1260 5542 uberibus
1287 5485 1336 5539 ei
1364 5482 1604 5554 coeperit,
1637 5495 1742 5535 non
1769 5488 1823 5534 et
1850 5487 1974 5532 ante
1996 5478 2048 5532 in

459 5587 578 5658 ipso
600 5583 787 5640 utero?
806 5581 990 5651 Neque
1015 5580 1155 5634 enim
1179 5591 1302 5648 spes
1326 5576 1428 5629 alia
1455 5572 1789 5642 intelligenda
1813 5579 1914 5636 est,
1945 5570 2047 5625 nisi

459 5689 562 5750 qua
582 5676 814 5732 futurum
841 5683 957 5728 erat
991 5679 1050 5726 ut
1091 5671 1230 5724 Deus
1267 5682 1388 5722 eum
1432 5665 1692 5722 exaltaret
1715 5679 1746 5718 a
1786 5661 2043 5717 mortuis:

519 5788 595 5855 (α)
613 5789 849 5848 Ambros,
868 5785 953 5836 lib.
978 5785 998 5835 1
1021 5783 1086 5833 de
1105 5783 1234 5841 Fide,
1253 5794 1296 5830 et
1317 5780 1364 5828 6.

1714 341 1770 400 ὃ.
1813 341 2180 400 AUGUSTINI
2218 342 2516 400 EPISCOPI

2189 465 2354 511 totum
2379 458 2481 512 hoc
2503 459 2718 528 quippe,
2743 460 3034 516 secundum
3057 461 3105 516 id
3129 462 3269 533 quod
3299 461 3458 522 homo
3483 465 3654 524 factus
3672 481 3778 537 est,

2184 547 2399 604 dicitur.
2425 553 2506 604 An
2530 551 2666 606 forte
2693 553 2813 621 quia
2839 553 3000 608 ubera
3031 556 3344 610 feminarum
3365 558 3432 612 ab
3451 559 3566 628 ipso
3587 577 3779 617 conce~

2187 651 2276 712 ptu
2308 644 2360 696 in
2390 644 2684 698 ubertatem
2715 648 3013 714 promoveri
3040 647 3391 716 prohibentur
3411 693 3424 712 .
3453 655 3530 707 sic
3557 653 3775 726 intelligi

2183 734 2367 798 voluit,
2400 734 2460 786 ab
2489 735 2757 800 uberibus;
2788 745 3034 806 tauquam
3063 738 3262 794 diceret
3282 781 3294 804 ,
3324 741 3398 794 Ex
3427 758 3534 812 quo
3558 760 3780 801 carnem

2183 825 2421 893 sumpsi,
2452 827 2536 879 cui
2577 827 2720 880 carni
2763 826 2935 882 fuerat
2962 830 3224 897 speranda
3272 831 3683 891 immortalitas:
3719 848 3779 894 ut

2183 931 2290 970 non
2329 927 2452 971 ante
2495 933 2619 988 spes
2658 919 2705 972 ei
2752 928 2929 985 esset,
2953 935 3073 974 cum
3105 922 3157 974 in
3198 922 3364 976 forma
3395 924 3484 978 Dei
3513 936 3687 994 esset,
3721 931 3776 984 in

2182 1023 2283 1076 qua
2314 1009 2440 1062 nihil
2485 1010 2535 1063 in
2567 1011 2756 1066 melius
2784 1013 3090 1066 mutandum
3131 1026 3300 1082 chet;
3330 1019 3423 1071 sed
3453 1019 3516 1071 ab
3544 1019 3777 1076 uberibus

2181 1101 2376 1165 matris,
2399 1100 2449 1154 id
2471 1111 2550 1155 est
2571 1103 2638 1156 ab
2661 1104 2772 1172 ipsa
2794 1108 3130 1174 susceptione
3149 1109 3347 1170 carnis,
3373 1126 3490 1178 qua:
3509 1113 3778 1182 concipie-

2181 1191 2338 1246 batur
2368 1193 2418 1246 in
2445 1207 2539 1262 spe
2558 1235 2572 1259 ,
2615 1195 2766 1264 cujus
2791 1198 2904 1266 spei
2934 1214 3019 1252 res
3044 1197 3216 1252 futura
3253 1210 3388 1268 erat,
3420 1217 3542 1258 cum
3572 1204 3638 1259 ad
3668 1205 3775 1259 im-

2181 1283 2558 1338 mortalitatem
2588 1285 2656 1340 de
2687 1299 2859 1343 morte
2889 1291 3172 1345 transiret?

2249 1376 2337 1430 52.
2363 1376 2466 1432 Sed
2488 1378 2627 1447 quod
2651 1379 2849 1434 dictum
2873 1390 2973 1447 est,
2997 1381 3062 1436 In
3083 1393 3129 1437 te
3145 1384 3364 1451 iactatus
3383 1403 3494 1440 sum
3517 1405 3582 1442 ea:
3606 1400 3770 1456 utero,

2179 1467 2447 1536 quomodo
2516 1471 2756 1539 coaptari
2801 1473 2961 1542 capiti
3025 1476 3223 1542 possit,
3275 1476 3676 1548 ignorozquasi
3718 1481 3773 1536 in

2179 1566 2331 1614 utero
2353 1575 2473 1614 cum
2507 1570 2684 1626 esset,
2713 1578 2816 1616 non
2846 1564 2896 1616 in
2929 1565 3036 1619 Deo
3071 1564 3262 1630 fuerit,
3293 1568 3342 1621 in
3373 1585 3479 1637 quo
3508 1570 3734 1626 vivimus
3753 1613 3770 1636 ,

2179 1665 2484 1718 movemur,
2515 1661 2568 1707 et
2589 1669 2772 1708 sumus
2800 1654 2816 1722 (
2829 1656 2936 1707 Act.
2967 1671 3095 1720 xvn,
3122 1655 3252 1727 28);
3278 1668 3370 1712 aut
3397 1661 3533 1714 illius
3557 1662 3774 1719 infantis

2176 1741 2353 1794 anima
2397 1743 2705 1804 rationalis,
2753 1760 2816 1797 ex
2857 1760 2963 1813 quo
3002 1760 3128 1800 caro
3171 1750 3428 1817 processit
3467 1765 3534 1804 ex
3577 1763 3768 1816 utero,

2179 1833 2344 1888 Deum
2374 1848 2590 1900 Spei-are
2617 1836 2858 1906 ceperit.
2888 1836 2995 1890 Nisi
3025 1836 3162 1892 forte
3185 1839 3508 1895 credendum
3532 1851 3634 1908 est,
3659 1844 3770 1912 jam

2177 1934 2304 1979 nato
2325 1926 2556 1980 animam
2585 1929 2896 1982 rationalem
2919 1932 3230 1997 accessisse,
3252 1949 3373 2002 qum
3404 1934 3539 1988 intra
3567 1936 3772 1991 viscera

2176 2018 2361 2072 matris
2391 2018 2564 2074 adhuc
2592 2021 2640 2074 ei
2669 2019 2920 2075 defuisset
2950 2040 2963 2076 :
2991 2032 3043 2078 et
3072 2025 3322 2092 quoniam
3348 2026 3534 2081 eadem
3569 2029 3768 2094 anin‘ia,

2174 2124 2292 2177 quae
2320 2110 2467 2163 carni
2493 2109 2598 2178 jam
2631 2121 2770 2164 natze
2795 2111 2971 2166 addita
3012 2123 3128 2179 est,
3157 2115 3265 2169 Deo
3295 2115 3616 2182 inlnercbat,
3649 2117 3771 2174 ideo

2173 2199 2466 2255 secundum
2488 2201 2732 2256 eamdem
2755 2217 2970 2258 carnem
2995 2205 3196 2260 dictum
3219 2221 3338 2261 esse
3357 2208 3768 2264 existimandum

2174 2300 2286 2357 cst,
2318 2290 2386 2345 In
2414 2300 2461 2346 te
2491 2294 2718 2364 jactatus
2758 2311 2870 2348 sum
2915 2311 2977 2349 ea:
3023 2307 3203 2362 utero;
3242 2307 3492 2368 tanquam
3533 2299 3770 2367 diceret,

2177 2386 2306 2440 Eam
2334 2387 2552 2442 sortitus
2579 2403 2697 2442 sum
2724 2377 2955 2443 animam
2982 2406 3050 2446 ex
3079 2398 3252 2455 utero,
3279 2407 3397 2462 qua:
3421 2393 3512 2448 tibi
3541 2394 3771 2450 cohaire-

2173 2485 2277 2532 ret.
2311 2477 2419 2532 Sed
2463 2479 2582 2548 quis
2609 2478 2803 2534 audeat
2844 2480 2896 2535 in
2941 2480 3079 2536 hanc
3121 2497 3179 2536 se
3209 2491 3411 2537 temere
3437 2484 3769 2553 praecipitare

2173 2571 2491 2625 sententiam
2519 2609 2534 2636 ,
2565 2587 2685 2626 cum
2716 2573 2851 2628 ratio
2879 2575 2947 2628 de
2975 2573 3202 2630 adventu
3233 2575 3313 2629 vel
3343 2585 3535 2631 exortu
3571 2576 3768 2631 animae

2174 2658 2228 2714 in
2259 2668 2405 2714 tanto
2427 2669 2630 2715 naturae
2654 2662 2918 2731 profundo
2944 2664 3021 2718 sic
3045 2665 3228 2729 lateat,
3268 2675 3323 2718 ut
3357 2664 3525 2719 satius
3551 2666 3622 2720 sit
3647 2681 3764 2720 eam

2173 2764 2390 2822 semper
2431 2767 2672 2823 quaerere
2714 2754 2964 2823 quamdiu
3010 2756 3059 2808 in
3104 2755 3202 2810 hac
3241 2756 3348 2810 vita
3375 2771 3578 2821 sumus,
3606 2771 3766 2826 quam

2171 2841 2460 2912 aliquando
2509 2843 2778 2899 invenisse
2838 2845 3217 2913 praesumere?
3267 2845 3343 2900 Ex
3397 2846 3486 2900 illa
3538 2860 3664 2901 vero
3713 2847 3767 2902 in

2171 2933 2406 3002 seipsum
2453 2933 2920 3004 transfiguratione
2945 2945 3125 2990 nostra
3167 2936 3611 3005 quemadmodum
3641 2951 3769 3006 pos-

2169 3034 2291 3081 sent
2311 3024 2427 3080 lucc
2451 3026 2618 3095 accipi
2642 3066 2656 3089 ,
2679 3026 2877 3081 dictum
2905 3038 3005 3082 est.
3029 3027 3083 3083 Si
3104 3028 3229 3097 quid
3259 3037 3437 3083 autem
3463 3028 3569 3100 diri
3598 3030 3770 3099 potuit

2169 3117 2592 3183 conveniendus,
2627 3117 2709 3172 vel
2739 3119 2991 3187 potuerit,
3027 3119 3220 3173 nullius
3249 3118 3655 3190 praejudicamus
3679 3120 3768 3176 in-

2168 3208 2347 3280 genio,
2370 3208 2629 3263 doctrinae
2657 3209 2855 3263 nullius
2881 3209 3198 3264 invidemus.

2239 3299 2468 3354 CAPUT
2483 3297 2787 3355 Xlll.—55.
2801 3299 2916 3355 Jam
2936 3300 3064 3355 illud
3075 3299 3216 3371 quod
3229 3300 3485 3371 sequitur,
3509 3299 3593 3355 Ne
3607 3301 3768 3356 disce-

2169 3392 2263 3446 das
2283 3408 2314 3444 a
2333 3408 2430 3456 me,
2457 3392 2694 3460 quoniam
2719 3391 2976 3447 tribulatio
2998 3394 3230 3462 proxima
3253 3402 3350 3460 est,
3364 3394 3482 3449 vide
3499 3402 3556 3448 ut
3571 3395 3769 3449 illumi-

2169 3492 2262 3538 net
2284 3483 2731 3554 quemadmodum
2753 3483 2956 3538 dictant
2982 3485 3082 3549 sit,
3117 3484 3286 3548 Quare
3319 3499 3398 3539 me
3430 3484 3765 3553 dereliquisti.

2167 3573 2447 3640 Quomodo
2474 3575 2616 3628 enim
2655 3573 2976 3644 dereliquit,
3005 3576 3092 3630 cui
3117 3575 3341 3643 dicitur,
3370 3575 3453 3630 Ne
3475 3577 3709 3630 discedas
3733 3593 3769 3630 α

2167 3679 2266 3729 me,
2287 3663 2386 3718 nisi
2403 3663 2525 3733 quia
2541 3663 2958 3733 dereliquitvitre
2971 3665 3164 3720 veteris
3177 3666 3522 3735 temporalem
3539 3665 3771 3721 felicita-

2169 3755 2316 3809 tem?
2342 3754 2578 3824 Rogatur
2601 3765 2781 3810 autem
2807 3769 2874 3810 ne
2896 3755 3136 3811 discedat
3161 3765 3216 3811 et
3237 3756 3452 3812 deserat
3473 3771 3621 3826 Spem
3641 3757 3768 3812 vita:

2165 3857 2403 3903 tolerate.
2431 3847 2538 3903 Sed
2559 3848 2685 3918 quid
2707 3859 2809 3913 est,
2836 3849 3074 3919 quoniam
3105 3849 3364 3903 tribulatio
3390 3849 3625 3919 proxima
3650 3850 3769 3904 est?

2165 3939 2317 4009 quasi
2353 3939 2404 3993 ei
2430 3940 2608 4008 passio
2631 3938 2804 3994 adhuc
2839 3939 3173 4006 immineret,
3195 3955 3316 3995 cum
3353 3941 3403 3995 in
3439 3941 3550 4012 ipsa
3589 3941 3767 3997 media

2168 4029 2417 4098 passione
2459 4029 2560 4083 ista
2601 4029 2779 4084 dicere
2813 4029 3135 4098 intelligatur
3156 4071 3172 4097 ,
3207 4045 3327 4100 quae
3355 4031 3422 4085 de
3450 4030 3543 4086 illo
3581 4031 3634 4086 in
3661 4031 3767 4088 hoc

2164 4120 2369 4191 psalmo
2399 4120 2710 4189 prophetata
2731 4129 2873 4176 sunt.
2899 4121 2994 4175 llic
3023 4121 3166 4176 enim
3195 4121 3440 4177 dicturus
3466 4131 3549 4177 est
3570 4122 3761 4191 etiam,

2163 4225 2283 4280 qua:
2313 4211 2365 4264 in
2393 4211 2680 4282 Evsngelio
2705 4211 3038 4282 apertissime
3064 4213 3261 4282 scripta
3291 4223 3440 4277 sunt,
3467 4211 3766 4268 Dioiseruur

2163 4301 2259 4356 sibi
2279 4303 2572 4357 uestimenta
2590 4320 2720 4368 utea,
2747 4314 2794 4357 et
2814 4320 2968 4373 super
2987 4313 3169 4359 uestem
3193 4322 3357 4361 meai):
3384 4307 3624 4360 miserunt
3647 4323 3766 4361 sor-

2162 4405 2260 4448 tem
2281 4394 2491 4465 (Matth.
2519 4411 2689 4458 xxvu,
2712 4395 2805 4465 55)
2827 4413 2840 4461 ;
2866 4396 3005 4466 quod
3026 4395 3222 4451 factum
3243 4406 3327 4451 cst
3344 4413 3465 4452 cum
3493 4398 3599 4466 jam
3630 4413 3765 4468 pen—

2161 4485 2316 4540 deret
2343 4486 2394 4539 in
2429 4485 2593 4555 ligno.
2620 4485 2756 4552 Quid
2800 4496 2883 4540 est
2911 4501 3074 4556 ergo,
3107 4487 3366 4540 tribulatio
3389 4489 3620 4556 proxima
3645 4497 3719 4542 est
3739 4529 3758 4555 ,

2163 4576 2217 4631 in
2239 4592 2341 4645 qua
2369 4576 2546 4632 media
2575 4577 2920 4646 loquebatur?
2945 4579 3048 4633 Sed
3079 4579 3326 4634 nimirum
3363 4579 3491 4634 illud
3531 4581 3641 4634 vult
3679 4581 3765 4635 in-

2164 4667 2348 4735 telligi.
2369 4667 2492 4737 quia
2511 4681 2631 4722 cum
2648 4681 2776 4721 caro
2797 4669 2847 4722 in
2870 4667 3143 4723 doloribus
3161 4677 3244 4723 est
3262 4677 3316 4722 et
3342 4669 3396 4723 in
3413 4668 3604 4738 panis,
3626 4684 3761 4739 pro-

2161 4758 2302 4812 fecto
2329 4759 2505 4812 anima
2539 4767 2661 4811 tunc
2707 4758 2869 4813 habet
2910 4773 3158 4827 magnum
3199 4773 3421 4825 agonem
3467 4760 3757 4827 patientia,

2161 4849 2214 4902 in
2245 4865 2348 4918 quo
2375 4864 2443 4902 ne
2468 4847 2702 4914 deficiat,
2727 4847 3078 4903 laborandum
3115 4857 3171 4904 et
3199 4849 3458 4904 orandum
3483 4860 3582 4906 est.
3616 4851 3760 4905 Nihil

2160 4949 2242 4995 est
2268 4951 2445 4995 autem
2477 4939 2668 4994 anima:
2703 4955 2800 4994 sua
2826 4955 2988 4995 carne
3010 4941 3358 5012 propinquius
3386 4960 3398 4996 :
3429 4941 3549 4997 ideo
3573 4943 3756 4997 mundi

2161 5031 2316 5100 hujus
2335 5031 2560 5100 quilibet
2585 5045 2808 5102 magnus
2835 5031 3208 5101 pcrfectusque
3245 5043 3604 5102 contemptor,
3630 5047 3756 5086 cum

2159 5124 2286 5178 alibi
2315 5125 2529 5193 patitur,
2554 5124 2685 5178 nihil
2713 5124 2931 5193 patitur.
2963 5123 3148 5178 Potest
3170 5125 3316 5180 enim
3340 5126 3598 5179 adhibere
3625 5124 3758 5193 vigi-

2161 5217 2264 5272 letn
2313 5217 2612 5284 rationem,
2661 5231 2783 5270 cum
2829 5216 3026 5270 amittit
3070 5217 3208 5272 bona
3257 5233 3376 5288 qua:
3423 5218 3755 5272 extrinsecus

2158 5317 2370 5375 sunt,et
2393 5308 2461 5362 ab
2486 5308 2666 5362 animo
2690 5308 2963 5377 sapientis,
2983 5307 3075 5378 qui
3104 5325 3167 5363 ex
3195 5309 3484 5377 cupiditate
3511 5323 3614 5366 non
3644 5307 3755 5361 haz-

2157 5407 2259 5464 ret,
2289 5400 2404 5453 sine
2427 5398 2588 5453 dubio
2611 5398 2766 5467 longe
2790 5408 2941 5464 sunt;
2964 5407 3019 5453 et
3039 5413 3143 5453 non
3163 5413 3351 5453 curare
3371 5398 3510 5467 quod
3535 5398 3749 5466 patitur,

2157 5491 2276 5560 quia
2305 5504 2407 5544 nec
2433 5489 2648 5558 patitur.
2681 5487 2815 5543 Cum
2843 5503 2972 5543 vero
2997 5490 3194 5543 amittit
3219 5489 3481 5558 praecipua
3509 5486 3752 5555 corporis

2157 5581 2317 5644 bona,
2350 5580 2403 5636 id
2423 5589 2507 5634 est
2531 5580 2772 5649 corporis
2796 5580 2956 5634 vitam
2984 5595 3047 5633 ac
3071 5579 3318 5643 salutem,
3342 5577 3450 5646 jam
3482 5576 3750 5630 tribulatio

2156 5672 2395 5741 proxima
2422 5680 2504 5725 est
2531 5670 2692 5724 animi
2725 5669 2878 5724 bonis
2901 5707 2938 5734 ,.
2961 5670 3153 5735 quibus
3182 5669 3291 5738 ipse
3322 5667 3464 5722 intus
3501 5678 3745 5736 tanquam

2158 5752 2398 5832 corporis
2419 5761 2667 5816 dominus
2693 5769 2777 5815 cst
2799 5778 2812 5812 :
2837 5759 2962 5828 quid
2994 5759 3150 5814 faciet
3176 5758 3409 5829 qualibet
3434 5758 3660 5826 ratione,
3687 5763 3747 5808 ut
