4122 6350
320 501 426 542 non
450 481 632 539 doleat
654 494 775 537 cum
797 492 991 549 corpus
1005 476 1312 533 vulneratur
1331 483 1422 529 aut
1441 474 1629 539 uritur,
1651 473 1735 528 cui
1762 480 1909 527 tanto

321 575 635 647 implicatur
662 571 935 629 consortio
955 608 974 639 ,
1004 579 1061 626 ut
1087 567 1196 640 pati
1226 566 1429 639 possit,
1459 580 1563 621 non
1589 564 1769 620 dolere
1808 578 1915 618 non

330 666 537 740 possit?

398 759 490 814 54.
530 757 656 812 Ideo
680 766 734 811 et
752 752 997 810 diabolus
1027 752 1169 807 hunc
1196 749 1421 805 nocendi
1448 748 1687 803 ordinem
1712 755 1914 811 tenens,

326 851 469 906 illius
499 849 674 920 magni
705 848 802 902 viri
828 862 987 919 quem
1011 845 1368 917 postulaverat
1408 841 1739 906 tentandum,
1771 840 1919 911 prius

324 952 545 999 externa
576 941 713 997 bona
739 940 948 1009 accepit
975 938 1028 993 in
1054 944 1368 1008 potestatem
1392 952 1406 989 :
1432 934 1622 1005 quibus
1650 932 1840 987 ablatis
1865 940 1920 987 et

326 1034 571 1107 perditis,
589 1049 711 1089 cum
728 1033 874 1087 illum
889 1031 1262 1086 inconcussum
1277 1027 1512 1087 videret;
1531 1025 1736 1081 dixerat
1751 1024 1914 1086 enim,

328 1127 580 1181 Dominus
598 1126 757 1193 dedit,
779 1124 1033 1180 Dominus
1053 1121 1290 1186 abstulit;
1314 1121 1443 1175 sicut
1466 1118 1684 1174 Domino
1705 1117 1914 1187 placuit,

327 1218 399 1272 ita
415 1221 607 1289 factum
622 1224 694 1271 est
718 1232 737 1270 :
754 1215 819 1270 sit
835 1231 1016 1269 nomen
1032 1213 1237 1268 Domini
1253 1211 1560 1267 benedictum
1578 1209 1718 1283 (Job.
1737 1225 1776 1275 ι,
1792 1207 1852 1262 ‘Zl
1866 1206 1919 1279 ),°

328 1311 491 1365 etiam
512 1324 730 1365 carnem
751 1306 1090 1364 cruciandam
1108 1306 1327 1360 vulnere
1346 1303 1659 1376 postulavit,
1692 1301 1781 1355 tali
1799 1315 1918 1355 cum

330 1417 398 1456 eo
425 1402 718 1473 conﬂigens
746 1400 1069 1465 certamine,
1100 1407 1160 1454 ut
1189 1397 1326 1452 bona
1357 1396 1595 1466 proxima
1622 1394 1916 1459 invaderet,

330 1491 434 1546 hoc
476 1500 560 1547 est
605 1490 847 1562 corporis
893 1490 1060 1555 bona;
1092 1488 1281 1559 quibus
1309 1487 1402 1542 ille
1441 1485 1663 1557 perditis
1702 1485 1746 1538 si
1785 1482 1921 1538 forte

330 1581 744 1647 succumberet,
790 1590 949 1652 atque
996 1580 1063 1636 ad
1107 1580 1433 1650 impietatem
1481 1592 1578 1632 cor
1622 1576 1917 1640 inclinaret,

331 1675 495 1730 etiam
523 1675 659 1730 bona
685 1674 845 1729 animi
871 1674 1197 1744 dcpcrirent,
1221 1672 1414 1743 quibus
1437 1670 1718 1740 pcrdendis
1739 1668 1846 1739 jam
1868 1670 1919 1723 in

330 1780 557 1835 corpore
580 1766 804 1821 saeviens
825 1764 1048 1821 vicinius
1071 1772 1299 1818 tentator
1320 1762 1564 1817 instabat.
1584 1760 1820 1830 Denique
1834 1759 1922 1815 ille

330 1856 413 1910 vir
433 1857 488 1911 in
516 1866 660 1911 tanta
692 1856 981 1911 tentatione
1002 1896 1019 1921 ,
1048 1855 1135 1909 ubi
1164 1862 1279 1909 erat
1305 1852 1466 1908 animi
1496 1851 1652 1907 bonis
1683 1851 1921 1921 proxima

331 1950 627 2017 tribulatio,
659 1948 902 2020 quamvis
923 1948 1087 2002 multa
1116 1945 1428 2017 prophetico
1458 1944 1703 2015 loquatur
1725 1978 1741 2010 ,
1768 1942 1923 2012 longe

331 2049 510 2095 tamen
558 2039 795 2110 loquitur
838 2038 999 2093 aliter
1035 2053 1193 2109 quam
1237 2052 1357 2093 cum
1399 2036 1487 2091 illa
1525 2044 1741 2092 externa
1786 2036 1922 2090 bona

328 2131 666 2201 deperissent
686 2130 796 2204 (Id.
831 2146 868 2197 ι,
900 2130 1009 2202 ll),
1036 2130 1091 2185 in
1112 2128 1305 2200 quibus
1327 2128 1465 2183 tilios
1503 2141 1608 2182 non
1637 2125 1919 2192 amiserat,

328 2221 428 2278 sed
462 2225 809 2292 praemiserat.

401 2315 492 2370 55.
532 2314 739 2370 Clamat
782 2329 911 2384 ergo
946 2314 1196 2384 martyris
1240 2313 1417 2367 anima
1460 2310 1830 2380 transfigurata
1868 2311 1920 2364 in

325 2406 623 2474 Christum,
651 2422 774 2463 cum
792 2408 901 2477 jam
924 2408 976 2462 in
997 2422 1157 2463 carne
1182 2406 1422 2461 tribulari
1450 2405 1691 2475 coeperit,
1718 2413 1773 2461 et
1797 2404 1925 2459 dicit

329 2499 463 2565 Deo,
497 2513 527 2553 a
553 2513 661 2570 quo
688 2498 945 2554 derelicta
974 2498 1134 2553 estin
1167 2507 1374 2553 terrena
1401 2496 1669 2559 felicitate,
1691 2496 1784 2551 sed
1804 2510 1923 2566 quae

328 2604 452 2645 cum
475 2590 567 2643 illo
586 2599 667 2645 est
693 2590 743 2644 in
766 2605 861 2660 spe
878 2590 999 2644 vitae
1020 2598 1253 2653 antennae,
1278 2587 1359 2642 Ne
1380 2587 1609 2641 discedas
1627 2588 1659 2641 α
1680 2602 1775 2653 me,
1795 2602 1921 2655 quo-

328 2682 468 2736 niam
495 2681 751 2737 tribulatio
770 2682 998 2753 proxima
1019 2690 1091 2736 est
1114 2696 1256 2736 :non
1285 2688 1365 2735 est
1404 2680 1455 2735 in
1485 2695 1613 2751 agro
1638 2694 1758 2735 meo
1776 2722 1791 2745 ,
1815 2693 1921 2733 non

328 2772 384 2827 in
413 2788 566 2841 auro,
596 2788 705 2829 non
731 2774 783 2828 in
816 2786 1027 2843 pecore,
1049 2786 1151 2826 non
1179 2772 1231 2826 in
1263 2773 1414 2827 tectis
1434 2764 1591 2842 atque
1611 2770 1919 2842 parietibus,

331 2878 439 2920 non
466 2865 521 2921 in
549 2881 792 2922 meorum
819 2866 1163 2931 orbitatibus;
1192 2865 1285 2920 sed
1312 2866 1363 2920 in
1388 2878 1549 2920 carne
1571 2880 1687 2919 mea
1712 2873 1814 2931 est,
1836 2864 1921 2918 cui

329 2955 574 3025 copulor,
597 2957 681 3012 cui
700 2966 1007 3023 connector,
1033 2955 1187 3027 cujus
1212 2970 1425 3011 sensum
1455 2971 1564 3011 non
1593 2955 1793 3010 habere
1815 2968 1919 3010 non

332 3061 579 3116 possum;
621 3047 763 3104 unde
797 3062 884 3103 me
925 3047 992 3103 de
1029 3048 1273 3119 proximo
1297 3056 1477 3119 urget,
1505 3056 1623 3103 uta
1648 3046 1919 3117 patientia:

329 3139 527 3194 virtute
553 3139 817 3195 deliciam.
842 3138 924 3194 Ne
939 3139 1167 3194 discedas
1187 3157 1219 3193 a
1239 3156 1355 3206 me;
1374 3140 1610 3210 quoniam
1626 3154 1726 3192 non
1744 3148 1816 3193 est
1835 3138 1922 3209 qui

328 3231 539 3299 adjuvet
588 3245 608 3284 :
651 3246 825 3301 neque
867 3231 1091 3297 amicus,
1136 3246 1309 3301 neque
1348 3231 1697 3303 propinquus,
1740 3245 1916 3302 neque

330 3318 561 3376 humana
598 3322 731 3387 laus,
767 3338 941 3393 neque
967 3323 1250 3393 praeteritae
1274 3324 1574 3379 recordatio
1602 3324 1917 3394 voluptatis,

329 3428 505 3485 neque
526 3414 722 3485 aliquid
747 3430 932 3470 eorum
960 3431 1065 3486 quo
1086 3424 1309 3471 terrenae
1334 3414 1605 3471 felicitatis
1634 3414 1783 3470 ruina
1817 3414 1922 3470 ful-

328 3503 490 3571 citur,
514 3520 687 3576 neque
706 3505 820 3577 ipsa
858 3518 977 3577 quae
1009 3507 1060 3561 in
1096 3507 1275 3561 animo
1300 3516 1381 3562 est
1404 3521 1527 3562 meo
1556 3506 1785 3563 humana
1814 3509 1922 3563 vir-

328 3604 443 3660 tus;
468 3598 592 3667 quia
619 3598 663 3651 si
696 3606 750 3651 tu
773 3598 977 3653 deseris
996 3639 1009 3660 ,
1041 3613 1159 3669 qua:
1187 3597 1415 3652 hominis
1433 3598 1636 3653 virtus?

395 3686 628 3743 CAPUT
653 3687 1004 3757 XlV.—Quid
1024 3698 1105 3744 est
1133 3689 1275 3744 enim
1307 3688 1487 3756 homo,
1512 3689 1611 3744 nisi
1633 3690 1774 3760 quod
1798 3704 1915 3746 nte-

328 3794 448 3835 mor
485 3795 545 3836 es
573 3782 729 3850 ejus?

397 3875 490 3931 56.
532 3875 980 3931 Circumdederunt
1006 3893 1086 3931 me
1109 3876 1252 3931 vituli
1281 3878 1426 3931 multi
1457 3893 1475 3931 :
1502 3876 1605 3933 hoc
1634 3887 1716 3933 est
1746 3878 1916 3933 mino-

327 3981 415 4022 res
460 3968 516 4023 in
548 3968 719 4038 plebe.
768 3969 923 4024 Tauri
963 3971 1171 4042 pingues
1213 3970 1512 4025 obsederunt
1542 3988 1619 4024 me
1646 3985 1664 4024 :
1694 3970 1795 4025 hac
1837 3980 1919 4025 est

327 4059 542 4130 superbi
568 4075 632 4115 ac
655 4061 865 4127 divites,
901 4061 1164 4134 principes
1192 4062 1381 4132 plebis.
1415 4062 1735 4133 Aperuerunl
1762 4064 1812 4115 in
1843 4078 1920 4116 me

327 4167 382 4203 os
405 4169 557 4207 suum
586 4168 605 4207 :
628 4154 941 4220 clamantes,
972 4152 1244 4224 Cruci/ige,
1276 4154 1515 4223 eruciﬁge
1544 4152 1694 4223 (Luc.
1742 4168 1914 4221 χχιιι,

326 4241 441 4312 21).
478 4246 632 4307 Quasi
653 4246 730 4301 leo
749 4247 952 4316 rapiens
972 4255 1017 4301 et
1041 4245 1244 4317 rugiens
1268 4262 1285 4299 :
1304 4257 1593 4316 rapuerunt
1609 4246 1750 4300 enim
1771 4261 1918 4300 como

327 4332 650 4402 prehensum
700 4322 1023 4387 adducentes
1062 4335 1129 4390 ad
1176 4336 1488 4401 praesidem,
1542 4342 1598 4390 et
1637 4336 1913 4405 rugierunt

327 4423 558 4493 petendo
586 4423 700 4493 ejus
730 4432 975 4479 mortem.
1023 4422 1167 4478 Sicut
1194 4439 1328 4493 aqua
1370 4422 1560 4490 effusus
1601 4441 1715 4478 sum
1743 4440 1762 4478 :
1794 4432 1914 4478 tan-

325 4532 483 4587 quam
516 4525 574 4571 ut
600 4517 651 4571 in
678 4530 763 4571 me
789 4515 920 4586 lapsi
958 4515 1208 4571 caderent
1241 4525 1608 4586 persecutores
1638 4516 1765 4571 mei.
1792 4516 1913 4570 Dis-

326 4626 472 4678 persa
491 4618 607 4664 sunt
641 4609 813 4663 omnia
834 4624 948 4662 ossa
962 4625 1070 4662 mea
1085 4608 1238 4679 :quid
1256 4616 1381 4662 sunt
1395 4622 1538 4674 ossa,
1559 4609 1658 4663 nisi
1675 4611 1915 4679 Corporis

327 4697 695 4755 ﬁrmamenta?
719 4698 925 4771 Corpus
952 4709 1128 4755 autem
1154 4699 1372 4765 Christi,
1410 4700 1649 4756 Ecclesia
1680 4719 1694 4755 :
1730 4701 1913 4755 firma-

326 4800 505 4845 menta
549 4802 726 4847 autem
756 4791 1008 4846 Ecclesiae
1042 4792 1151 4861 qui.
1184 4792 1283 4846 nisi
1327 4793 1587 4862 Apostoli,
1635 4793 1723 4863 qui
1755 4794 1912 4847 etiam

326 4882 591 4937 columnae
628 4882 752 4937 alibi
777 4881 1185 4953 nuncupantur?
1213 4882 1276 4937 Hi
1307 4883 1487 4951 utique
1512 4881 1740 4953 dispersi
1766 4895 1911 4947 sunt,

326 4985 446 5026 cum
473 4972 541 5027 ad
564 4976 865 5043 passionem
896 4976 1009 5045 ipse
1026 4974 1331 5039 duceretur,
1354 4975 1439 5029 vel
1468 4989 1589 5029 cum
1615 4986 1761 5031 esset
1789 4991 1913 5044 pas-

326 5079 415 5118 sus
438 5072 497 5119 et
518 5072 779 5120 mortuus.
809 5065 1026 5121 Factum
1041 5077 1112 5121 est
1126 5081 1253 5138 ergo
1268 5083 1354 5121 cor
1366 5082 1529 5120 meum
1545 5078 1785 5139 tanquam
1798 5084 1914 5121 cem

324 5156 600 5224 tiquescens
612 5157 664 5210 in
678 5157 843 5211 medio
861 5158 1043 5212 ventris
1063 5158 1178 5212 mei.
1207 5158 1317 5213 Hoc
1328 5173 1455 5212 sane
1470 5158 1912 5228 quemadmodum

324 5249 482 5318 capiti
514 5257 718 5314 nostro,
750 5249 914 5319 ipsius
943 5251 1181 5320 corporis
1208 5251 1460 5305 salvatori
1494 5259 1790 5320 coaptetur,
1829 5251 1911 5304 in-

324 5341 506 5396 venire
548 5341 767 5397 difficile
792 5351 893 5397 est.
934 5342 1116 5413 Neque
1159 5343 1298 5398 enim
1330 5343 1428 5397 nisi
1473 5358 1665 5413 magno
1711 5358 1912 5413 pavore

323 5432 601 5502 contingit,
634 5441 691 5487 ut
707 5448 802 5487 cor
825 5433 971 5489 velut
994 5447 1116 5489 cera
1139 5433 1392 5504 liquescat
1413 5434 1700 5489 humanum
1727 5451 1740 5487 :
1765 5433 1909 5503 quod

325 5523 464 5579 unde
488 5524 543 5578 in
569 5523 663 5579 illo
705 5523 819 5581 fieri
848 5534 1049 5595 posset,
1080 5526 1169 5596 qui
1196 5532 1509 5595 potestatem
1540 5523 1769 5579 habebat
1808 5540 1907 5595 po‘

325 5613 485 5668 nendi
526 5625 583 5670 et
609 5618 899 5688 recipiendi
926 5620 1156 5673 animam
1197 5618 1389 5672 suam?
1417 5617 1521 5673 Sed
1553 5617 1792 5687 profecto
1817 5626 1910 5673 aut

323 5706 658 5762 infirmorum
690 5722 906 5765 suorum
936 5709 989 5765 in
1029 5725 1089 5765 se
1124 5709 1395 5764 transtulit
1420 5724 1673 5775 causam;
1706 5710 1816 5765 sive
1843 5710 1911 5765 11-Δ

321 5795 492 5854 lorum
524 5799 616 5869 qui
648 5809 798 5869 metu,
833 5802 1021 5858 mortis
1064 5811 1371 5872 pavescunt,
1410 5805 1543 5861 sicut
1573 5805 1689 5876 ipse
1720 5804 1908 5861 Petrus

558 5892 791 5957 SANCT.
829 5895 1105 5956 Acousr.
1152 5894 1230 5954 ll.

1498 358 1982 417 El'lSTOl.AttUll
2021 358 2309 417 CLASSIS-
2346 340 2432 416 ιιι.

3501 375 3602 428 δεδι

2024 488 2087 526 ex
2110 487 2321 545 egregio
2351 482 2737 546 praesumptore
2767 484 2874 533 tam
2900 478 3087 534 creber
3110 490 3329 551 negator
3353 484 3602 551 effectus;

2022 565 2136 620 sive
2176 566 2389 621 illorum
2417 567 2508 636 qui
2537 568 2749 623 tristitia
2792 569 2992 627 salubri
3026 573 3429 641 contabescunt,
3471 578 3608 632 sicut

2023 655 2163 711 idem
2191 657 2302 727 ipse
2331 658 2520 714 Petrus
2546 674 2667 714 cum
2704 675 2887 717 amare
2929 661 3091 717 flevit.
3135 663 3266 719 Nam
3307 674 3361 721 et
3395 666 3607 722 tristitia

2021 748 2171 817 quasi
2201 750 2359 804 solvit
2383 766 2476 805 cor
2505 769 2517 804 :
2553 751 2693 807 unde
2721 752 2915 809 dicitur
2941 754 3100 810 etiam
3124 772 3297 827 graece
3337 759 3477 828 quod
3511 776 3609 830 ap-

2024 841 2215 911 pellata
2241 843 2311 897 sit
2351 849 2494 905 λύπη.
2548 846 2654 901 Aut
2678 856 2824 902 certe
2861 849 3172 917 profundum
3215 862 3611 908 sacramentum

2024 947 2122 987 nos
2164 933 2454 1004 intelligere
2481 936 2667 1002 voluit,
2697 946 2752 991 ut
2778 938 2954 993 cordis
2982 940 3061 994 sui
3092 942 3306 997 nomine
3346 943 3612 1012 signiﬁca~

2023 1032 2106 1079 ret
2135 1023 2435 1094 Seripturas
2455 1041 2597 1093 suas,
2632 1028 2719 1084 ubi
2744 1029 2859 1099 ejus
2882 1031 3059 1101 utique
3085 1033 3276 1089 latebat
3300 1036 3607 1101 consilium,

2022 1114 2166 1184 quod
2196 1124 2319 1172 tunc
2354 1128 2596 1186 apertum
2626 1129 2727 1186 est,
2769 1134 2888 1176 cum
2919 1137 2981 1178 ea
3007 1139 3125 1193 qua:
3149 1124 3216 1181 de
3245 1125 3336 1180 illo
3374 1127 3606 1196 prophe-

2025 1214 2131 1260 tata
2153 1205 2385 1271 fuerunt,
2420 1225 2606 1278 passus
2644 1212 2899 1281 implevit.
2943 1215 3140 1272 Solutus
3164 1227 3285 1273 sunt
3313 1234 3441 1289 ergo
3465 1220 3594 1277 Scri-

2024 1307 2195 1367 ptune
2233 1299 2349 1369 ejus
2395 1301 2447 1355 itt
2479 1301 2543 1356 iis
2583 1319 2701 1373 qua:
2732 1305 2960 1375 perfecta
2989 1318 3113 1363 sunt
3158 1308 3389 1365 adventu
3437 1312 3552 1382 ejus
3588 1356 3605 1378 ,

2024 1391 2333 1456 nativitate,
2387 1395 2672 1463 passione,
2722 1401 3142 1469 resurrectione,
3199 1403 3586 1473 glorilieatione

2023 1481 2153 1548 Quis
2176 1484 2318 1538 enim
2352 1486 2453 1553 iam
2482 1501 2542 1539 ea
2575 1502 2679 1541 non
2707 1489 2948 1560 intelligit
2981 1492 3031 1545 in
3062 1492 3359 1562 Proplietis,
3390 1499 3603 1567 quando

2026 1587 2194 1643 usque
2222 1574 2285 1628 ad
2316 1575 2645 1632 intellectum
2675 1579 2835 1634 etiam
2859 1582 3089 1636 carnalis
3113 1584 3462 1641 multitudinis
3492 1604 3607 1659 per-

2026 1666 2322 1720 venerunt?
2368 1683 2523 1736 quam
2574 1668 2799 1725 fortasse
2845 1670 3162 1741 signiﬁcavit
3207 1674 3380 1730 medio
3410 1679 3610 1733 ventris

2025 1756 2129 1820 sui,
2159 1766 2213 1810 ιιι
2236 1757 2287 1811 in
2312 1757 2427 1826 ejus
2447 1773 2671 1829 corpore
2695 1760 2835 1830 quod
2853 1771 2935 1816 est
2958 1762 3213 1829 Ecclesia,
3237 1767 3385 1836 quasi
3412 1770 3612 1824 ventris

2027 1847 2200 1903 locum
2233 1848 2422 1905 habeat
2446 1852 2676 1908 carnalis
2702 1862 2755 1909 et
2782 1853 3042 1911 infirmior
3072 1858 3373 1915 multitudo.
3426 1861 3532 1916 Aut
3562 1863 3606 1918 si

2026 1940 2226 1995 ventris
2269 1957 2461 1997 nomen
2507 1944 2673 2014 magis
2703 1944 3044 2002 interioribus
3087 1951 3359 2020 competit,
3404 1952 3470 2006 ad
3515 1969 3609 2009 eos

2030 2031 2202 2100 potius
2221 2033 2308 2102 qui
2338 2033 2679 2103 perfectiores
2704 2046 2845 2102 sunt,
2865 2037 3258 2107 Scripturarum
3283 2044 3607 2100 intellectum

2029 2123 2295 2191 pertinere
2325 2134 2676 2180 monstratum
2707 2136 2811 2193 est,
2840 2143 2960 2182 cum
2985 2142 3083 2184 cor
3109 2130 3245 2201 ejus,
3274 2132 3325 2187 id
3356 2143 3437 2189 est
3463 2134 3610 2190 Scri-

2028 2220 2198 2280 pturae
2227 2213 2345 2283 ejus
2386 2230 2504 2285 quae
2547 2218 2824 2272 continent
2864 2220 3144 2275 consilium
3183 2222 3321 2291 ejus,
3354 2223 3405 2278 in
3435 2226 3612 2280 medio

2027 2320 2234 2371 corum,
2269 2305 2369 2361 hoc
2396 2308 2559 2363 estin
2597 2309 2915 2378 cogitatione
2959 2325 3166 2376 eorum,
3200 2321 3448 2383 tanquam
3486 2330 3610 2370 cera

2026 2393 2355 2459 dissolvitur,
2398 2397 2501 2454 hoc
2525 2407 2625 2466 est,
2674 2399 2881 2457 fervore
2907 2403 3124 2473 Spiritus
3148 2405 3399 2475 aperitur,
3429 2406 3611 2479 dispu-

2028 2494 2190 2549 tatur,
2221 2488 2521 2556 exponitur.

2098 2579 2323 2637 CAPUT
2365 2581 2482 2637 XV.
2503 2612 2575 2624 ——
2592 2584 2681 2639 57.
2727 2583 2940 2640 Examit
2968 2587 3099 2642 velut
3142 2596 3267 2644 testa
3292 2590 3447 2645 virtus
3475 2607 3607 2647 mea.
3634 2604 3639 2605 ’

2028 2671 2186 2729 Testa
2219 2673 2339 2743 igne
2377 2675 2583 2731 firmata
2610 2684 2729 2732 est:
2757 2678 2837 2734 sic
2868 2688 2923 2732 et
2952 2680 3120 2735 virtus
3148 2682 3386 2751 corporis
3410 2682 3609 2739 Christi

2029 2780 2133 2819 non
2159 2766 2298 2821 sicut
2318 2765 2499 2825 fenum
2530 2768 2651 2839 igne
2670 2771 3023 2837 consumitur,
3052 2772 3147 2827 sed
3176 2774 3314 2830 sicut
3334 2784 3465 2831 testa
3490 2792 3612 2847 pas-

2025 2856 2177 2912 sione
2207 2857 2352 2913 velut
2380 2859 2498 2929 igne
2521 2859 2783 2916 firmatur.
2820 2860 2953 2917 Vasa
2980 2863 3112 2917 enim
3130 2864 3277 2933 ﬁguli
3305 2867 3482 2935 probat
3505 2869 3612 2937 for-

2026 2965 2149 3015 nox,
2188 2950 2327 3006 sicut
2353 2952 2460 3006 alio
2487 2953 2605 3007 loco
2631 2952 2904 3023 Scriptura
2928 2953 3076 3021 dicit,
3112 2966 3159 3010 et
3191 2956 3419 3013 [tantines
3442 2960 3611 3031 justas

2025 3042 2233 3095 tentatia
2258 3042 2599 3098 tribulationis
2644 3042 2829 3115 (Eccli.
2856 3060 3029 3113 xxvn,
3070 3047 3148 3118 6).
3200 3047 3265 3119 Et
3290 3049 3464 3120 lingua
3497 3069 3610 3107 meo

2024 3132 2236 3188 adltcsit
2262 3135 2494 3205 faucibus
2531 3137 2673 3191 meis.
2724 3137 2905 3193 Potest
2947 3138 3157 3209 quidem
3197 3140 3468 3198 silentium
3495 3145 3611 3215 ejus

2026 3226 2378 3296 significatum
2413 3228 2601 3295 videri,
2630 3230 2772 3300 quod
2799 3239 2855 3286 et
2876 3231 3013 3288 alius
3055 3234 3307 3304 prepheta
3328 3251 3609 3293 commen-

2024 3317 2134 3384 dat,
2161 3334 2281 3374 cum
2300 3319 2449 3385 dicit,
2475 3320 2620 3376 Sicut
2634 3338 2798 3393 agnus
2818 3339 2990 3378 coram
3004 3326 3238 3381 tondente
3255 3328 3349 3399 fuit
3370 3329 3477 3383 sine
3496 3346 3612 3385 ecce

2028 3410 2181 3481 (lsai.
2204 3427 2313 3479 ιιιι,
2335 3410 2411 3484 7).
2437 3411 2541 3468 Sed
2562 3413 2608 3467 si
2625 3413 2852 3484 linguam
2871 3415 3009 3485 ejus,
3032 3431 3126 3471 eos
3152 3416 3205 3473 in
3228 3418 3342 3488 ejus
3362 3434 3607 3489 corpore,

2024 3504 2166 3575 quod
2193 3515 2277 3561 est
2302 3505 2558 3572 Ecclesia,
2589 3506 2962 3579 intelligamus,
2989 3523 3087 3579 per
3104 3526 3239 3582 quos
3260 3529 3412 3569 suum
3440 3516 3612 3586 loqui-

2026 3602 2113 3650 tur
2141 3596 2485 3667 Evangelium
2513 3613 2529 3662 ;
2582 3606 2705 3653 tunc
2732 3599 2851 3669 ejus
2880 3599 3120 3657 faucibus
3162 3603 3457 3671 adhaerent,
3489 3622 3610 3662 cum

2025 3702 2056 3742 a
2087 3690 2366 3759 praeceptis
2390 3690 2506 3759 ejus
2533 3706 2637 3745 non
2665 3692 2942 3747 recedunt.

2096 3780 2185 3835 '58.
2223 3781 2376 3848 Quod
2414 3796 2543 3837 vero
2579 3783 2834 3853 sequitur,
2869 3782 2935 3837 Et
2962 3784 3012 3838 in
3042 3785 3294 3854 pulverem
3322 3791 3495 3844 martis
3519 3791 3607 3845 de-

2024 3874 2215 3929 duxisti
2240 3890 2336 3942 me,
2368 3875 2634 3945 quomodo
2670 3876 2828 3946 capiti
2855 3877 3228 3946 coaptabitur;
3271 3881 3599 3952 quandoqui-

2023 3965 2147 4021 dem
2174 3980 2368 4035 corpus
2393 3966 2529 4035 ejus,
2561 3966 2703 4036 quod
2731 3967 2883 4022 tertia
2926 3967 3014 4023 die
3043 3971 3351 4035 resurrexit,
3398 3989 3502 4027 non
3529 3984 3609 4028 est

2026 4059 2208 4127 utique
2236 4057 2290 4110 in
2317 4057 2592 4126 pulverem
2624 4057 2984 4112 dissolutum?
3013 4074 3114 4114 nec
3149 4061 3304 4115 aliter
3348 4077 3605 4132 exposue-

2024 4158 2149 4203 runt
2171 4149 2411 4218 Apostoli
2439 4148 2579 4219 quod
2604 4149 2655 4203 in
2685 4150 2793 4203 alio
2817 4150 3020 4219 psalmo
3048 4152 3276 4220 positum
3297 4164 3397 4220 est,
3430 4154 3609 4227 Neque

2023 4239 2170 4293 dabis
2194 4249 2420 4294 sanctum
2446 4249 2585 4293 tuum
2608 4240 2775 4294 videre
2800 4243 3190 4312 corruptionem,
3220 4244 3322 4298 nisi
3345 4246 3466 4315 quia
3494 4250 3611 4316 ejus

2023 4347 2148 4387 caro
2175 4347 2281 4386 non
2310 4342 2393 4388 est
2420 4342 2690 4400 corrupta,
2736 4349 2855 4403 qua:
2895 4344 3001 4387 tam
3042 4336 3287 4391 celeriter
3315 4340 3613 4395 resurrexit

2025 4421 2200 4494 (Psal.
2247 4438 2343 4489 xv,
2387 4423 2493 4486 10;
2535 4424 2647 4478 Act.
2685 4438 2755 4490 ιι,
2802 4424 2872 4478 24
2900 4424 3011 4493 ω).
3053 4425 3206 4483 Unde
3247 4429 3373 4484 item
3424 4430 3475 4485 in
3505 4432 3612 4485 alio

2025 4516 2229 4584 psalmo
2263 4515 2412 4581 dicit,
2463 4516 2591 4581 Qui:
2615 4517 2809 4570 utilitas
2851 4517 2902 4569 in
2929 4519 3176 4589 sanguine
3200 4537 3329 4587 meo,
3357 4522 3477 4576 dum
3521 4523 3613 4577 ἀει

2022 4606 2205 4660 scendo
2239 4607 2292 4660 in
2319 4607 2723 4677 corruptionem?
2754 4605 3017 4677 Numquid
3037 4610 3353 4677 confitebitur
3374 4612 3462 4665 tibi
3494 4616 3611 4683 pul-

2022 4700 2116 4764 vis,
2147 4707 2235 4752 aut
2274 4698 2592 4753 annuntiabit
2618 4699 2872 4753 veritatem
2899 4708 3035 4751 tuam
3064 4700 3081 4769 (
3104 4699 3248 4755 Psal.
3273 4718 3422 4769 χχιχ,
3472 4705 3539 4758 10
3559 4704 3613 4773 )⁴1
3705 4698 3713 4707 ’

2025 4789 2128 4844 hoc
2152 4789 2356 4844 scilicet
2382 4788 2585 4854 dicens,
2626 4788 2767 4857 quod
2795 4788 2842 4843 si
2867 4804 2932 4844 eo
2959 4789 3137 4857 modo,
3165 4807 3272 4861 quo
3306 4804 3359 4847 et
3386 4795 3564 4849 ceteri
3588 4834 3606 4861 ,

2022 4890 2264 4935 mortuus
2304 4880 2657 4935 dimitteretur
2695 4880 2752 4933 in
2793 4880 3085 4948 pulverem,
3130 4892 3185 4937 et
3225 4898 3350 4937 caro
3376 4884 3493 4954 ejus
3520 4900 3607 4941 re-

2021 4973 2333 5028 surrectioni
2379 4972 2580 5027 ultimae
2622 4982 2944 5040 servaretur,
2978 4975 3121 5028 nulla
3151 4985 3294 5030 esset
3326 4978 3525 5033 utilitas
3550 4981 3603 5035 in

2021 5065 2278 5135 sanguine
2317 5063 2471 5134 ejus;
2514 5063 2635 5133 quia
2686 5063 2812 5117 nihil
2854 5064 3132 5133 prodesset
3159 5081 3304 5120 mors
3329 5068 3464 5135 ejus,
3507 5085 3608 5126 nec

2020 5156 2423 5210 annuntiaretur
2458 5155 2653 5211 veritas
2685 5155 2797 5221 Dei,
2828 5170 2947 5225 qua:
2976 5156 3121 5209 illum
3152 5159 3403 5213 continuo
3431 5176 3609 5216 resura

2021 5256 2289 5302 recturum
2315 5261 2434 5302 esse
2460 5247 2791 5317 ptaedixerat.
2846 5246 2982 5314 Quid
3012 5247 3112 5302 sibi
3149 5250 3261 5303 vult
3300 5265 3428 5320 ergo
3464 5254 3607 5322 quod

2020 5340 2124 5399 hoc
2148 5341 2268 5396 loco
2293 5340 2402 5405 ait,
2431 5339 2499 5394 Et
2515 5341 2570 5394 in
2600 5341 2851 5411 pulverem
2876 5341 3053 5397 martis
3076 5343 3327 5398 deduxisti
3351 5348 3469 5401 me?
3495 5347 3609 5402 Nisi

2017 5446 2214 5503 corpus
2237 5433 2355 5502 ejus
2379 5431 2704 5502 accipiamus
2734 5433 3047 5500 Ecclesiam,
3080 5435 3131 5490 in
3159 5451 3261 5506 qua
3291 5437 3367 5491 illi
3392 5439 3481 5508 qui
3511 5454 3610 5509 pro

2018 5523 2137 5591 ejus
2158 5524 2373 5579 nomine
2407 5523 2549 5594 passi
2579 5532 2722 5589 sunt,
2745 5522 2833 5580 vel
2859 5525 3152 5594 patiuntur,
3180 5542 3288 5582 non
3312 5529 3384 5583 ita
3410 5538 3468 5583 ut
3495 5530 3609 5599 ipse

2017 5617 2125 5673 cito
2152 5625 2456 5688 resurgunt,
2500 5616 2594 5672 sed
2640 5617 2695 5671 in
2725 5619 2912 5673 mortis
2941 5619 3212 5689 pulverem
3237 5620 3568 5679 deducuntur
3589 5665 3605 5690 ,

2018 5715 2133 5763 tum
2157 5707 2527 5774 resurrecturi,
2560 5724 2681 5764 cum
2710 5709 2842 5764 illud
2869 5718 3080 5779 tempus
3104 5714 3309 5768 venerit
3335 5713 3401 5769 de
3426 5729 3533 5785 quo
3554 5716 3608 5770 iu

2017 5800 2303 5872 Evangelia
2337 5799 2481 5869 dicit,
2526 5798 2698 5857 Veniet
2731 5800 2852 5855 ‘rora
2872 5800 3075 5870 quando
3110 5818 3281 5860 omnes
3308 5803 3471 5875 quiin
3495 5818 3610 5861 mo.

2763 5893 3105 5971 (Dtx-huit
3127 5897 3167 5975 λ
