  <div class='ocr_page' id='page_1' title='image "/cluster/home/n/w/nwhite01/storage/ocr_20150623/33/hvd.32044015471451/283.png"; bbox 0 0 4014 6338; ppageno 0'>
   <div class='ocr_carea' id='block_1_1' title="bbox 500 312 621 371">
    <p class='ocr_par' dir='ltr' id='par_1_1' title="bbox 500 312 621 371">
     <span class='ocr_line' id='line_1_1' title="bbox 500 312 621 371; baseline 0.017 -2"><span class='ocrx_word' id='word_1_1' title='bbox 500 312 621 371; x_wconf 59' lang='grc'><strong>1153</strong></span> 
     </span>
    </p>
   </div>
   <div class='ocr_carea' id='block_1_2' title="bbox 514 422 2089 498">
    <p class='ocr_par' dir='ltr' id='par_1_2' title="bbox 514 422 2089 498">
     <span class='ocr_line' id='line_1_2' title="bbox 514 422 2089 498; baseline -0.004 -15"><span class='ocrx_word' id='word_1_2' title='bbox 514 427 765 485; x_wconf 81' lang='lat' dir='ltr'><strong>numentis</strong></span> <span class='ocrx_word' id='word_1_3' title='bbox 802 436 939 495; x_wconf 79' lang='lat' dir='ltr'><strong>sunt,</strong></span> <span class='ocrx_word' id='word_1_4' title='bbox 966 427 1172 481; x_wconf 77' lang='lat' dir='ltr'><strong>audient</strong></span> <span class='ocrx_word' id='word_1_5' title='bbox 1190 430 1363 481; x_wconf 74' lang='lat' dir='ltr'><strong>uocem</strong></span> <span class='ocrx_word' id='word_1_6' title='bbox 1391 426 1519 498; x_wconf 74' lang='lat' dir='ltr'><strong>ejus,</strong></span> <span class='ocrx_word' id='word_1_7' title='bbox 1547 434 1595 481; x_wconf 85' lang='lat' dir='ltr'><strong>et</strong></span> <span class='ocrx_word' id='word_1_8' title='bbox 1622 423 1885 495; x_wconf 73' lang='lat' dir='ltr'><strong>procedant</strong></span> <span class='ocrx_word' id='word_1_9' title='bbox 1914 422 2089 493; x_wconf 85' lang='lat' dir='ltr'><strong>(Joan.</strong></span> 
     </span>
    </p>
   </div>
   <div class='ocr_carea' id='block_1_3' title="bbox 515 514 2093 590">
    <p class='ocr_par' dir='ltr' id='par_1_3' title="bbox 515 514 2093 590">
     <span class='ocr_line' id='line_1_3' title="bbox 515 514 2093 590; baseline -0.001 -18"><span class='ocrx_word' id='word_1_10' title='bbox 515 518 821 590; x_wconf 67' lang='lat'><strong>11,28,29).</strong></span> <span class='ocrx_word' id='word_1_11' title='bbox 868 520 974 573; x_wconf 84' lang='lat' dir='ltr'><strong>Aut</strong></span> <span class='ocrx_word' id='word_1_12' title='bbox 1008 525 1154 573; x_wconf 90' lang='lat' dir='ltr'><strong>certe</strong></span> <span class='ocrx_word' id='word_1_13' title='bbox 1181 517 1381 587; x_wconf 87' lang='lat' dir='ltr'><strong>tropice</strong></span> <span class='ocrx_word' id='word_1_14' title='bbox 1422 515 1693 588; x_wconf 80' lang='lat' dir='ltr'><strong>pulverem</strong></span> <span class='ocrx_word' id='word_1_15' title='bbox 1735 514 1920 570; x_wconf 75' lang='lat' dir='ltr'><strong>inertis</strong></span> <span class='ocrx_word' id='word_1_16' title='bbox 1950 514 2093 584; x_wconf 86' lang='lat' dir='ltr'><strong>ipsos</strong></span> 
     </span>
    </p>
   </div>
   <div class='ocr_carea' id='block_1_4' title="bbox 513 608 2091 684">
    <p class='ocr_par' dir='ltr' id='par_1_4' title="bbox 513 608 2091 684">
     <span class='ocr_line' id='line_1_4' title="bbox 513 608 2091 684; baseline -0.004 -15"><span class='ocrx_word' id='word_1_17' title='bbox 513 612 728 669; x_wconf 62' lang='lat' dir='ltr'><strong>indutos</strong></span> <span class='ocrx_word' id='word_1_18' title='bbox 769 608 990 684; x_wconf 75' lang='lat' dir='ltr'><strong>intelligi</strong></span> <span class='ocrx_word' id='word_1_19' title='bbox 1031 610 1215 679; x_wconf 85' lang='lat' dir='ltr'><strong>voluit,</strong></span> <span class='ocrx_word' id='word_1_20' title='bbox 1256 611 1308 666; x_wconf 92' lang='lat' dir='ltr'><strong>in</strong></span> <span class='ocrx_word' id='word_1_21' title='bbox 1336 624 1560 682; x_wconf 85' lang='lat' dir='ltr'><strong>quorum</strong></span> <span class='ocrx_word' id='word_1_22' title='bbox 1608 624 1794 664; x_wconf 89' lang='lat' dir='ltr'><strong>manus</strong></span> <span class='ocrx_word' id='word_1_23' title='bbox 1834 608 2091 664; x_wconf 85' lang='lat' dir='ltr'><strong>deductus</strong></span> 
     </span>
    </p>
   </div>
   <div class='ocr_carea' id='block_1_5' title="bbox 510 698 2092 776">
    <p class='ocr_par' dir='ltr' id='par_1_5' title="bbox 510 698 2092 776">
     <span class='ocr_line' id='line_1_5' title="bbox 510 698 2092 776; baseline -0.003 -16"><span class='ocrx_word' id='word_1_24' title='bbox 510 713 596 761; x_wconf 89' lang='lat' dir='ltr'><strong>est</strong></span> <span class='ocrx_word' id='word_1_25' title='bbox 621 721 635 759; x_wconf 89' lang='lat'><strong>:</strong></span> <span class='ocrx_word' id='word_1_26' title='bbox 667 704 924 776; x_wconf 84' lang='lat' dir='ltr'><strong>scriptum</strong></span> <span class='ocrx_word' id='word_1_27' title='bbox 950 711 1034 759; x_wconf 82' lang='lat' dir='ltr'><strong>est</strong></span> <span class='ocrx_word' id='word_1_28' title='bbox 1062 703 1229 771; x_wconf 90' lang='lat' dir='ltr'><strong>enim,</strong></span> <span class='ocrx_word' id='word_1_29' title='bbox 1260 699 1382 757; x_wconf 83' lang='lat' dir='ltr'><strong>Non</strong></span> <span class='ocrx_word' id='word_1_30' title='bbox 1420 700 1498 757; x_wconf 88' lang='lat' dir='ltr'><strong>sie</strong></span> <span class='ocrx_word' id='word_1_31' title='bbox 1534 700 1698 773; x_wconf 78' lang='lat' dir='ltr'><strong>impii,</strong></span> <span class='ocrx_word' id='word_1_32' title='bbox 1727 716 1829 755; x_wconf 85' lang='lat' dir='ltr'><strong>non</strong></span> <span class='ocrx_word' id='word_1_33' title='bbox 1863 701 1937 755; x_wconf 83' lang='lat' dir='ltr'><strong>sic</strong></span> <span class='ocrx_word' id='word_1_34' title='bbox 1955 714 1976 765; x_wconf 88' lang='grc'><strong><em>;</em></strong></span> <span class='ocrx_word' id='word_1_35' title='bbox 1999 698 2092 755; x_wconf 85' lang='lat' dir='ltr'><strong>sed</strong></span> 
     </span>
    </p>
   </div>
   <div class='ocr_carea' id='block_1_6' title="bbox 511 788 2087 866">
    <p class='ocr_par' dir='ltr' id='par_1_6' title="bbox 511 788 2087 866">
     <span class='ocr_line' id='line_1_6' title="bbox 511 788 2087 866; baseline -0.001 -18"><span class='ocrx_word' id='word_1_36' title='bbox 511 806 752 865; x_wconf 76' lang='lat' dir='ltr'><strong>tanquam</strong></span> <span class='ocrx_word' id='word_1_37' title='bbox 776 794 938 865; x_wconf 78' lang='lat' dir='ltr'><strong>pulsis</strong></span> <span class='ocrx_word' id='word_1_38' title='bbox 963 809 1111 866; x_wconf 79' lang='lat' dir='ltr'><strong>quem</strong></span> <span class='ocrx_word' id='word_1_39' title='bbox 1128 791 1330 865; x_wconf 77' lang='lat' dir='ltr'><strong>projleit</strong></span> <span class='ocrx_word' id='word_1_40' title='bbox 1353 799 1526 848; x_wconf 70' lang='lat' dir='ltr'><strong>vastus</strong></span> <span class='ocrx_word' id='word_1_41' title='bbox 1548 807 1582 846; x_wconf 90' lang='lat' dir='ltr'><strong>a</strong></span> <span class='ocrx_word' id='word_1_42' title='bbox 1608 790 1897 863; x_wconf 79' lang='lat' dir='ltr'><strong>facieterrta</strong></span> <span class='ocrx_word' id='word_1_43' title='bbox 1913 788 2087 863; x_wconf 79' lang='lat' dir='ltr'><strong>(Paul.</strong></span> 
     </span>
    </p>
   </div>
   <div class='ocr_carea' id='block_1_7' title="bbox 512 886 657 957">
    <p class='ocr_par' dir='ltr' id='par_1_7' title="bbox 512 886 657 957">
     <span class='ocr_line' id='line_1_7' title="bbox 512 886 657 957; baseline 0 -16"><span class='ocrx_word' id='word_1_44' title='bbox 512 902 552 953; x_wconf 84' lang='grc' dir='ltr'><strong>ι,</strong></span> <span class='ocrx_word' id='word_1_45' title='bbox 579 886 657 957; x_wconf 65' lang='grc' dir='ltr'><strong>Α).</strong></span> 
     </span>
    </p>
   </div>
   <div class='ocr_carea' id='block_1_8' title="bbox 578 975 2086 1049">
    <p class='ocr_par' dir='ltr' id='par_1_8' title="bbox 578 975 2086 1049">
     <span class='ocr_line' id='line_1_8' title="bbox 578 975 2086 1049; baseline -0.002 -15"><span class='ocrx_word' id='word_1_46' title='bbox 578 978 806 1037; x_wconf 75' lang='lat' dir='ltr'><strong>CAPUT</strong></span> <span class='ocrx_word' id='word_1_47' title='bbox 844 976 981 1035; x_wconf 74' lang='grc' dir='ltr'><strong>Χνι.</strong></span> <span class='ocrx_word' id='word_1_48' title='bbox 1018 1007 1092 1020; x_wconf 92' lang='grc'><strong><em>-</em></strong></span> <span class='ocrx_word' id='word_1_49' title='bbox 1114 977 1203 1035; x_wconf 79' lang='lat'><strong>39.</strong></span> <span class='ocrx_word' id='word_1_50' title='bbox 1252 977 1490 1049; x_wconf 78' lang='lat' dir='ltr'><strong>Denique</strong></span> <span class='ocrx_word' id='word_1_51' title='bbox 1531 977 1800 1048; x_wconf 86' lang='lat' dir='ltr'><strong>sequitur,</strong></span> <span class='ocrx_word' id='word_1_52' title='bbox 1833 975 2086 1042; x_wconf 74' lang='lat' dir='ltr'><strong>Quoniam</strong></span> 
     </span>
    </p>
   </div>
   <div class='ocr_carea' id='block_1_9' title="bbox 496 1067 2085 1140">
    <p class='ocr_par' dir='ltr' id='par_1_9' title="bbox 496 1067 2085 1140">
     <span class='ocr_line' id='line_1_9' title="bbox 496 1067 2085 1140; baseline -0.001 -16"><span class='ocrx_word' id='word_1_53' title='bbox 496 1069 934 1127; x_wconf 76' lang='lat' dir='ltr'><strong>circumdederunt</strong></span> <span class='ocrx_word' id='word_1_54' title='bbox 950 1086 1029 1125; x_wconf 86' lang='lat' dir='ltr'><strong>me</strong></span> <span class='ocrx_word' id='word_1_55' title='bbox 1044 1084 1192 1125; x_wconf 80' lang='lat' dir='ltr'><strong>canes</strong></span> <span class='ocrx_word' id='word_1_56' title='bbox 1210 1067 1357 1125; x_wconf 77' lang='lat' dir='ltr'><strong>multi</strong></span> <span class='ocrx_word' id='word_1_57' title='bbox 1372 1085 1392 1135; x_wconf 89' lang='lat'><strong><em>;</em></strong></span> <span class='ocrx_word' id='word_1_58' title='bbox 1416 1068 1683 1124; x_wconf 74' lang='lat' dir='ltr'><strong>concilium</strong></span> <span class='ocrx_word' id='word_1_59' title='bbox 1700 1068 2085 1140; x_wconf 75' lang='lat' dir='ltr'><strong>malignantiunt</strong></span> 
     </span>
    </p>
   </div>
   <div class='ocr_carea' id='block_1_10' title="bbox 503 1160 2081 1234">
    <p class='ocr_par' dir='ltr' id='par_1_10' title="bbox 503 1160 2081 1234">
     <span class='ocr_line' id='line_1_10' title="bbox 503 1160 2081 1234; baseline -0.002 -15"><span class='ocrx_word' id='word_1_60' title='bbox 503 1164 692 1221; x_wconf 84' lang='lat' dir='ltr'><strong>obsedit</strong></span> <span class='ocrx_word' id='word_1_61' title='bbox 710 1180 791 1220; x_wconf 85' lang='lat' dir='ltr'><strong>me</strong></span> <span class='ocrx_word' id='word_1_62' title='bbox 810 1178 831 1220; x_wconf 92' lang='lat'><strong><em>:</em></strong></span> <span class='ocrx_word' id='word_1_63' title='bbox 852 1172 1100 1234; x_wconf 92' lang='lat' dir='ltr'><strong>tanquam</strong></span> <span class='ocrx_word' id='word_1_64' title='bbox 1130 1163 1277 1234; x_wconf 89' lang='lat' dir='ltr'><strong>ipsos</strong></span> <span class='ocrx_word' id='word_1_65' title='bbox 1294 1162 1488 1218; x_wconf 93' lang='lat' dir='ltr'><strong>dixerit</strong></span> <span class='ocrx_word' id='word_1_66' title='bbox 1515 1162 1785 1233; x_wconf 82' lang='lat' dir='ltr'><strong>pulverem</strong></span> <span class='ocrx_word' id='word_1_67' title='bbox 1811 1161 1999 1216; x_wconf 90' lang='lat' dir='ltr'><strong>mortis</strong></span> <span class='ocrx_word' id='word_1_68' title='bbox 2028 1160 2081 1216; x_wconf 85' lang='lat' dir='ltr'><strong>in</strong></span> 
     </span>
    </p>
   </div>
   <div class='ocr_carea' id='block_1_11' title="bbox 490 1250 2081 1326">
    <p class='ocr_par' dir='ltr' id='par_1_11' title="bbox 490 1250 2081 1326">
     <span class='ocr_line' id='line_1_11' title="bbox 490 1250 2081 1326; baseline -0.003 -14"><span class='ocrx_word' id='word_1_69' title='bbox 490 1270 661 1326; x_wconf 78' lang='lat' dir='ltr'><strong>quem</strong></span> <span class='ocrx_word' id='word_1_70' title='bbox 685 1254 946 1311; x_wconf 87' lang='lat' dir='ltr'><strong>deductus</strong></span> <span class='ocrx_word' id='word_1_71' title='bbox 969 1262 1071 1320; x_wconf 85' lang='lat' dir='ltr'><strong>est,</strong></span> <span class='ocrx_word' id='word_1_72' title='bbox 1094 1268 1230 1326; x_wconf 88' lang='lat' dir='ltr'><strong>quos</strong></span> <span class='ocrx_word' id='word_1_73' title='bbox 1255 1253 1385 1309; x_wconf 87' lang='lat' dir='ltr'><strong>dixit</strong></span> <span class='ocrx_word' id='word_1_74' title='bbox 1411 1265 1572 1310; x_wconf 89' lang='lat' dir='ltr'><strong>canes</strong></span> <span class='ocrx_word' id='word_1_75' title='bbox 1595 1251 1789 1308; x_wconf 84' lang='lat' dir='ltr'><strong>multos</strong></span> <span class='ocrx_word' id='word_1_76' title='bbox 1821 1262 1877 1307; x_wconf 90' lang='lat' dir='ltr'><strong>et</strong></span> <span class='ocrx_word' id='word_1_77' title='bbox 1898 1250 2081 1307; x_wconf 85' lang='lat' dir='ltr'><strong>conci-</strong></span> 
     </span>
    </p>
   </div>
   <div class='ocr_carea' id='block_1_12' title="bbox 495 1342 2078 1415">
    <p class='ocr_par' dir='ltr' id='par_1_12' title="bbox 495 1342 2078 1415">
     <span class='ocr_line' id='line_1_12' title="bbox 495 1342 2078 1415; baseline -0.002 -14"><span class='ocrx_word' id='word_1_78' title='bbox 495 1346 628 1401; x_wconf 76' lang='lat' dir='ltr'><strong>tium</strong></span> <span class='ocrx_word' id='word_1_79' title='bbox 673 1345 1107 1415; x_wconf 83' lang='lat' dir='ltr'><strong>malignantium;</strong></span> <span class='ocrx_word' id='word_1_80' title='bbox 1145 1359 1308 1400; x_wconf 88' lang='lat' dir='ltr'><strong>canes</strong></span> <span class='ocrx_word' id='word_1_81' title='bbox 1349 1359 1444 1401; x_wconf 82' lang='lat' dir='ltr'><strong>eos</strong></span> <span class='ocrx_word' id='word_1_82' title='bbox 1484 1343 1729 1399; x_wconf 89' lang='lat' dir='ltr'><strong>videlicet</strong></span> <span class='ocrx_word' id='word_1_83' title='bbox 1764 1342 2078 1413; x_wconf 81' lang='lat' dir='ltr'><strong>appellans,</strong></span> 
     </span>
    </p>
   </div>
   <div class='ocr_carea' id='block_1_13' title="bbox 496 1434 2080 1508">
    <p class='ocr_par' dir='ltr' id='par_1_13' title="bbox 496 1434 2080 1508">
     <span class='ocr_line' id='line_1_13' title="bbox 496 1434 2080 1508; baseline 0 -18"><span class='ocrx_word' id='word_1_84' title='bbox 496 1436 591 1507; x_wconf 85' lang='lat' dir='ltr'><strong>qui</strong></span> <span class='ocrx_word' id='word_1_85' title='bbox 619 1436 932 1508; x_wconf 87' lang='lat' dir='ltr'><strong>plerumque</strong></span> <span class='ocrx_word' id='word_1_86' title='bbox 955 1446 1138 1492; x_wconf 88' lang='lat' dir='ltr'><strong>contra</strong></span> <span class='ocrx_word' id='word_1_87' title='bbox 1165 1434 1475 1493; x_wconf 88' lang='lat' dir='ltr'><strong>innocentes</strong></span> <span class='ocrx_word' id='word_1_88' title='bbox 1500 1435 1713 1499; x_wconf 84' lang='lat' dir='ltr'><strong>latrant,</strong></span> <span class='ocrx_word' id='word_1_89' title='bbox 1737 1449 1859 1489; x_wconf 89' lang='lat' dir='ltr'><strong>cum</strong></span> <span class='ocrx_word' id='word_1_90' title='bbox 1887 1435 2080 1504; x_wconf 86' lang='lat' dir='ltr'><strong>quibus</strong></span> 
     </span>
    </p>
   </div>
   <div class='ocr_carea' id='block_1_14' title="bbox 498 1524 2075 1597">
    <p class='ocr_par' dir='ltr' id='par_1_14' title="bbox 498 1524 2075 1597">
     <span class='ocr_line' id='line_1_14' title="bbox 498 1524 2075 1597; baseline -0.001 -16"><span class='ocrx_word' id='word_1_91' title='bbox 498 1542 605 1584; x_wconf 88' lang='lat' dir='ltr'><strong>non</strong></span> <span class='ocrx_word' id='word_1_92' title='bbox 626 1526 824 1584; x_wconf 88' lang='lat' dir='ltr'><strong>habent</strong></span> <span class='ocrx_word' id='word_1_93' title='bbox 841 1525 1301 1583; x_wconf 80' lang='lat' dir='ltr'><strong>consuetudinem.</strong></span> <span class='ocrx_word' id='word_1_94' title='bbox 1339 1525 1455 1582; x_wconf 78' lang='lat' dir='ltr'><strong>iam</strong></span> <span class='ocrx_word' id='word_1_95' title='bbox 1484 1541 1611 1581; x_wconf 90' lang='lat' dir='ltr'><strong>vero</strong></span> <span class='ocrx_word' id='word_1_96' title='bbox 1639 1526 1692 1581; x_wconf 91' lang='lat' dir='ltr'><strong>in</strong></span> <span class='ocrx_word' id='word_1_97' title='bbox 1720 1525 1784 1581; x_wconf 88' lang='lat' dir='ltr'><strong>iis</strong></span> <span class='ocrx_word' id='word_1_98' title='bbox 1804 1541 1922 1597; x_wconf 82' lang='lat' dir='ltr'><strong>qua:</strong></span> <span class='ocrx_word' id='word_1_99' title='bbox 1945 1524 2075 1580; x_wconf 84' lang='lat' dir='ltr'><strong>sub-</strong></span> 
     </span>
    </p>
   </div>
   <div class='ocr_carea' id='block_1_15' title="bbox 493 1616 2076 1692">
    <p class='ocr_par' dir='ltr' id='par_1_15' title="bbox 493 1616 2076 1692">
     <span class='ocr_line' id='line_1_15' title="bbox 493 1616 2076 1692; baseline -0.001 -18"><span class='ocrx_word' id='word_1_100' title='bbox 493 1620 700 1692; x_wconf 71' lang='lat' dir='ltr'><strong>iungit,</strong></span> <span class='ocrx_word' id='word_1_101' title='bbox 760 1630 1009 1691; x_wconf 83' lang='lat' dir='ltr'><strong>tauquam</strong></span> <span class='ocrx_word' id='word_1_102' title='bbox 1061 1617 1409 1690; x_wconf 76' lang='lat' dir='ltr'><strong>Evangelium</strong></span> <span class='ocrx_word' id='word_1_103' title='bbox 1468 1618 1741 1673; x_wconf 78' lang='lat' dir='ltr'><strong>recitatur.</strong></span> <span class='ocrx_word' id='word_1_104' title='bbox 1794 1616 2076 1673; x_wconf 89' lang='lat' dir='ltr'><strong>Crucilixio</strong></span> 
     </span>
    </p>
   </div>
   <div class='ocr_carea' id='block_1_16' title="bbox 494 1707 2077 1785">
    <p class='ocr_par' dir='ltr' id='par_1_16' title="bbox 494 1707 2077 1785">
     <span class='ocr_line' id='line_1_16' title="bbox 494 1707 2077 1785; baseline -0.003 -18"><span class='ocrx_word' id='word_1_105' title='bbox 494 1712 688 1784; x_wconf 85' lang='lat' dir='ltr'><strong>quippe</strong></span> <span class='ocrx_word' id='word_1_106' title='bbox 699 1711 814 1785; x_wconf 87' lang='lat' dir='ltr'><strong>ejus</strong></span> <span class='ocrx_word' id='word_1_107' title='bbox 825 1711 1137 1785; x_wconf 82' lang='lat' dir='ltr'><strong>exprimitur</strong></span> <span class='ocrx_word' id='word_1_108' title='bbox 1153 1711 1204 1766; x_wconf 92' lang='lat' dir='ltr'><strong>in</strong></span> <span class='ocrx_word' id='word_1_109' title='bbox 1217 1725 1283 1767; x_wconf 93' lang='lat' dir='ltr'><strong>eo</strong></span> <span class='ocrx_word' id='word_1_110' title='bbox 1297 1709 1437 1783; x_wconf 91' lang='lat' dir='ltr'><strong>quod</strong></span> <span class='ocrx_word' id='word_1_111' title='bbox 1452 1708 1602 1776; x_wconf 90' lang='lat' dir='ltr'><strong>dicit,</strong></span> <span class='ocrx_word' id='word_1_112' title='bbox 1621 1707 1884 1763; x_wconf 89' lang='lat' dir='ltr'><strong>Foderunt</strong></span> <span class='ocrx_word' id='word_1_113' title='bbox 1897 1723 2077 1762; x_wconf 76' lang='lat' dir='ltr'><strong>manus</strong></span> 
     </span>
    </p>
   </div>
   <div class='ocr_carea' id='block_1_17' title="bbox 492 1801 2071 1877">
    <p class='ocr_par' dir='ltr' id='par_1_17' title="bbox 492 1801 2071 1877">
     <span class='ocr_line' id='line_1_17' title="bbox 492 1801 2071 1877; baseline -0.004 -17"><span class='ocrx_word' id='word_1_114' title='bbox 492 1821 633 1860; x_wconf 77' lang='lat' dir='ltr'><strong>meas</strong></span> <span class='ocrx_word' id='word_1_115' title='bbox 654 1814 703 1861; x_wconf 89' lang='lat' dir='ltr'><strong>et</strong></span> <span class='ocrx_word' id='word_1_116' title='bbox 730 1805 880 1877; x_wconf 79' lang='lat' dir='ltr'><strong>pedes</strong></span> <span class='ocrx_word' id='word_1_117' title='bbox 917 1820 1073 1870; x_wconf 82' lang='lat' dir='ltr'><strong>meos,</strong></span> <span class='ocrx_word' id='word_1_118' title='bbox 1116 1803 1556 1859; x_wconf 79' lang='lat' dir='ltr'><strong>dinumeraverunt</strong></span> <span class='ocrx_word' id='word_1_119' title='bbox 1589 1801 1761 1856; x_wconf 85' lang='lat' dir='ltr'><strong>omnia</strong></span> <span class='ocrx_word' id='word_1_120' title='bbox 1781 1816 1900 1855; x_wconf 86' lang='lat' dir='ltr'><strong>ossa</strong></span> <span class='ocrx_word' id='word_1_121' title='bbox 1939 1814 2071 1854; x_wconf 82' lang='lat' dir='ltr'><strong>mea.</strong></span> 
     </span>
    </p>
   </div>
   <div class='ocr_carea' id='block_1_18' title="bbox 484 1889 2073 1967">
    <p class='ocr_par' dir='ltr' id='par_1_18' title="bbox 484 1889 2073 1967">
     <span class='ocr_line' id='line_1_18' title="bbox 484 1889 2073 1967; baseline -0.006 -13"><span class='ocrx_word' id='word_1_122' title='bbox 484 1895 606 1967; x_wconf 59' lang='lat' dir='ltr'><strong>ipsi</strong></span> <span class='ocrx_word' id='word_1_123' title='bbox 649 1910 765 1951; x_wconf 73' lang='lat' dir='ltr'><strong>vero</strong></span> <span class='ocrx_word' id='word_1_124' title='bbox 791 1895 1226 1951; x_wconf 73' lang='lat' dir='ltr'><strong>considerarerunt</strong></span> <span class='ocrx_word' id='word_1_125' title='bbox 1264 1902 1313 1949; x_wconf 87' lang='lat' dir='ltr'><strong>et</strong></span> <span class='ocrx_word' id='word_1_126' title='bbox 1351 1900 1714 1963; x_wconf 69' lang='lat' dir='ltr'><strong>conspexerunt</strong></span> <span class='ocrx_word' id='word_1_127' title='bbox 1754 1907 1852 1946; x_wconf 88' lang='lat' dir='ltr'><strong>me.</strong></span> <span class='ocrx_word' id='word_1_128' title='bbox 1891 1889 2073 1946; x_wconf 64' lang='lat' dir='ltr'><strong>Fossaa</strong></span> 
     </span>
    </p>
   </div>
   <div class='ocr_carea' id='block_1_19' title="bbox 488 1983 2067 2057">
    <p class='ocr_par' dir='ltr' id='par_1_19' title="bbox 488 1983 2067 2057">
     <span class='ocr_line' id='line_1_19' title="bbox 488 1983 2067 2057; baseline -0.003 -15"><span class='ocrx_word' id='word_1_129' title='bbox 488 1996 614 2044; x_wconf 89' lang='lat' dir='ltr'><strong>sunt</strong></span> <span class='ocrx_word' id='word_1_130' title='bbox 624 1988 766 2044; x_wconf 85' lang='lat' dir='ltr'><strong>enim</strong></span> <span class='ocrx_word' id='word_1_131' title='bbox 781 1987 946 2043; x_wconf 78' lang='lat' dir='ltr'><strong>clavis</strong></span> <span class='ocrx_word' id='word_1_132' title='bbox 968 2001 1157 2043; x_wconf 88' lang='lat' dir='ltr'><strong>manus</strong></span> <span class='ocrx_word' id='word_1_133' title='bbox 1171 1995 1225 2043; x_wconf 91' lang='lat' dir='ltr'><strong>et</strong></span> <span class='ocrx_word' id='word_1_134' title='bbox 1245 1985 1408 2057; x_wconf 83' lang='lat' dir='ltr'><strong>pedes</strong></span> <span class='ocrx_word' id='word_1_135' title='bbox 1430 1986 1567 2056; x_wconf 84' lang='lat' dir='ltr'><strong>ejus,</strong></span> <span class='ocrx_word' id='word_1_136' title='bbox 1586 1992 1785 2040; x_wconf 89' lang='lat' dir='ltr'><strong>etcum</strong></span> <span class='ocrx_word' id='word_1_137' title='bbox 1809 1983 2067 2039; x_wconf 80' lang='lat' dir='ltr'><strong>extende-</strong></span> 
     </span>
    </p>
   </div>
   <div class='ocr_carea' id='block_1_20' title="bbox 481 2075 2063 2151">
    <p class='ocr_par' dir='ltr' id='par_1_20' title="bbox 481 2075 2063 2151">
     <span class='ocr_line' id='line_1_20' title="bbox 481 2075 2063 2151; baseline -0.002 -17"><span class='ocrx_word' id='word_1_138' title='bbox 481 2089 636 2135; x_wconf 79' lang='lat' dir='ltr'><strong>retur</strong></span> <span class='ocrx_word' id='word_1_139' title='bbox 656 2079 711 2135; x_wconf 87' lang='lat' dir='ltr'><strong>in</strong></span> <span class='ocrx_word' id='word_1_140' title='bbox 742 2079 903 2151; x_wconf 84' lang='lat' dir='ltr'><strong>ligno,</strong></span> <span class='ocrx_word' id='word_1_141' title='bbox 920 2077 1314 2150; x_wconf 80' lang='lat' dir='ltr'><strong>quodammodo</strong></span> <span class='ocrx_word' id='word_1_142' title='bbox 1339 2085 1615 2133; x_wconf 86' lang='lat' dir='ltr'><strong>numerata</strong></span> <span class='ocrx_word' id='word_1_143' title='bbox 1638 2084 1763 2131; x_wconf 81' lang='lat' dir='ltr'><strong>sunt</strong></span> <span class='ocrx_word' id='word_1_144' title='bbox 1787 2090 1906 2131; x_wconf 86' lang='lat' dir='ltr'><strong>ossa</strong></span> <span class='ocrx_word' id='word_1_145' title='bbox 1929 2075 2063 2145; x_wconf 84' lang='lat' dir='ltr'><strong>ejus.</strong></span> 
     </span>
    </p>
   </div>
   <div class='ocr_carea' id='block_1_21' title="bbox 474 2165 2068 2240">
    <p class='ocr_par' dir='ltr' id='par_1_21' title="bbox 474 2165 2068 2240">
     <span class='ocr_line' id='line_1_21' title="bbox 474 2165 2068 2240; baseline -0.004 -14"><span class='ocrx_word' id='word_1_146' title='bbox 474 2170 866 2227; x_wconf 74' lang='lat' dir='ltr'><strong>Consideratus</strong></span> <span class='ocrx_word' id='word_1_147' title='bbox 888 2179 974 2226; x_wconf 89' lang='lat' dir='ltr'><strong>est</strong></span> <span class='ocrx_word' id='word_1_148' title='bbox 996 2180 1173 2226; x_wconf 86' lang='lat' dir='ltr'><strong>autem</strong></span> <span class='ocrx_word' id='word_1_149' title='bbox 1200 2178 1363 2240; x_wconf 85' lang='lat' dir='ltr'><strong>atque</strong></span> <span class='ocrx_word' id='word_1_150' title='bbox 1386 2176 1706 2239; x_wconf 86' lang='lat' dir='ltr'><strong>conspectus</strong></span> <span class='ocrx_word' id='word_1_151' title='bbox 1731 2166 1855 2237; x_wconf 85' lang='lat' dir='ltr'><strong>quid</strong></span> <span class='ocrx_word' id='word_1_152' title='bbox 1880 2166 1953 2221; x_wconf 86' lang='lat' dir='ltr'><strong>illi</strong></span> <span class='ocrx_word' id='word_1_153' title='bbox 1981 2165 2068 2221; x_wconf 81' lang='lat' dir='ltr'><strong>fu-</strong></span> 
     </span>
    </p>
   </div>
   <div class='ocr_carea' id='block_1_22' title="bbox 484 2258 2064 2327">
    <p class='ocr_par' dir='ltr' id='par_1_22' title="bbox 484 2258 2064 2327">
     <span class='ocr_line' id='line_1_22' title="bbox 484 2258 2064 2327; baseline -0.004 -11"><span class='ocrx_word' id='word_1_154' title='bbox 484 2270 662 2317; x_wconf 86' lang='lat' dir='ltr'><strong>turum</strong></span> <span class='ocrx_word' id='word_1_155' title='bbox 686 2269 846 2327; x_wconf 88' lang='lat' dir='ltr'><strong>esset,</strong></span> <span class='ocrx_word' id='word_1_156' title='bbox 878 2270 934 2318; x_wconf 90' lang='lat' dir='ltr'><strong>et</strong></span> <span class='ocrx_word' id='word_1_157' title='bbox 958 2269 1137 2317; x_wconf 85' lang='lat' dir='ltr'><strong>utrum</strong></span> <span class='ocrx_word' id='word_1_158' title='bbox 1164 2260 1373 2317; x_wconf 75' lang='lat' dir='ltr'><strong>veniret</strong></span> <span class='ocrx_word' id='word_1_159' title='bbox 1394 2259 1537 2316; x_wconf 75' lang='lat' dir='ltr'><strong>Elius</strong></span> <span class='ocrx_word' id='word_1_160' title='bbox 1568 2266 1624 2315; x_wconf 91' lang='lat' dir='ltr'><strong>et</strong></span> <span class='ocrx_word' id='word_1_161' title='bbox 1649 2258 1897 2314; x_wconf 77' lang='lat' dir='ltr'><strong>liberaret</strong></span> <span class='ocrx_word' id='word_1_162' title='bbox 1919 2272 2064 2311; x_wconf 86' lang='lat' dir='ltr'><strong>eum.</strong></span> 
     </span>
    </p>
   </div>
   <div class='ocr_carea' id='block_1_23' title="bbox 478 2351 1045 2427">
    <p class='ocr_par' dir='ltr' id='par_1_23' title="bbox 478 2351 1045 2427">
     <span class='ocr_line' id='line_1_23' title="bbox 478 2351 1045 2427; baseline 0.007 -21"><span class='ocrx_word' id='word_1_163' title='bbox 478 2351 697 2424; x_wconf 69' lang='lat' dir='ltr'><strong>(Matth.</strong></span> <span class='ocrx_word' id='word_1_164' title='bbox 725 2368 902 2421; x_wconf 89' lang='lat' dir='ltr'><strong>xxvu,</strong></span> <span class='ocrx_word' id='word_1_165' title='bbox 926 2351 1045 2427; x_wconf 71' lang='grc' dir='ltr'><strong>ιο).</strong></span> 
     </span>
    </p>
   </div>
   <div class='ocr_carea' id='block_1_24' title="bbox 551 2437 2066 2514">
    <p class='ocr_par' dir='ltr' id='par_1_24' title="bbox 551 2437 2066 2514">
     <span class='ocr_line' id='line_1_24' title="bbox 551 2437 2066 2514; baseline -0.003 -14"><span class='ocrx_word' id='word_1_166' title='bbox 551 2444 643 2501; x_wconf 70' lang='grc' dir='ltr'><strong>ιο.</strong></span> <span class='ocrx_word' id='word_1_167' title='bbox 682 2443 800 2501; x_wconf 75' lang='lat' dir='ltr'><strong>iam</strong></span> <span class='ocrx_word' id='word_1_168' title='bbox 846 2443 974 2500; x_wconf 90' lang='lat' dir='ltr'><strong>illud</strong></span> <span class='ocrx_word' id='word_1_169' title='bbox 1002 2442 1144 2514; x_wconf 91' lang='lat' dir='ltr'><strong>quod</strong></span> <span class='ocrx_word' id='word_1_170' title='bbox 1182 2440 1438 2513; x_wconf 89' lang='lat' dir='ltr'><strong>sequitur,</strong></span> <span class='ocrx_word' id='word_1_171' title='bbox 1476 2439 1676 2496; x_wconf 77' lang='lat' dir='ltr'><strong>nullius</strong></span> <span class='ocrx_word' id='word_1_172' title='bbox 1710 2437 2066 2510; x_wconf 82' lang='lat' dir='ltr'><strong>expositionis</strong></span> 
     </span>
    </p>
   </div>
   <div class='ocr_carea' id='block_1_25' title="bbox 474 2531 2065 2606">
    <p class='ocr_par' dir='ltr' id='par_1_25' title="bbox 474 2531 2065 2606">
     <span class='ocr_line' id='line_1_25' title="bbox 474 2531 2065 2606; baseline -0.003 -18"><span class='ocrx_word' id='word_1_173' title='bbox 474 2533 683 2606; x_wconf 82' lang='lat' dir='ltr'><strong>indiget</strong></span> <span class='ocrx_word' id='word_1_174' title='bbox 706 2550 721 2589; x_wconf 90' lang='lat'><strong>:</strong></span> <span class='ocrx_word' id='word_1_175' title='bbox 745 2533 1033 2590; x_wconf 66' lang='lat' dir='ltr'><strong>Dirimant</strong></span> <span class='ocrx_word' id='word_1_176' title='bbox 1051 2532 1149 2588; x_wconf 83' lang='lat' dir='ltr'><strong>sibi</strong></span> <span class='ocrx_word' id='word_1_177' title='bbox 1170 2531 1461 2589; x_wconf 63' lang='lat' dir='ltr'><strong>vesti-seua</strong></span> <span class='ocrx_word' id='word_1_178' title='bbox 1482 2547 1614 2598; x_wconf 76' lang='lat' dir='ltr'><strong>mea,</strong></span> <span class='ocrx_word' id='word_1_179' title='bbox 1635 2539 1683 2585; x_wconf 86' lang='lat' dir='ltr'><strong>et</strong></span> <span class='ocrx_word' id='word_1_180' title='bbox 1705 2546 1858 2600; x_wconf 75' lang='lat' dir='ltr'><strong>super</strong></span> <span class='ocrx_word' id='word_1_181' title='bbox 1881 2538 2065 2585; x_wconf 76' lang='lat' dir='ltr'><strong>uestem</strong></span> 
     </span>
    </p>
   </div>
   <div class='ocr_carea' id='block_1_26' title="bbox 474 2619 2065 2691">
    <p class='ocr_par' dir='ltr' id='par_1_26' title="bbox 474 2619 2065 2691">
     <span class='ocr_line' id='line_1_26' title="bbox 474 2619 2065 2691; baseline -0.003 -11"><span class='ocrx_word' id='word_1_182' title='bbox 474 2642 643 2681; x_wconf 72' lang='lat' dir='ltr'><strong>stream</strong></span> <span class='ocrx_word' id='word_1_183' title='bbox 666 2625 908 2681; x_wconf 76' lang='lat' dir='ltr'><strong>ntiserunt</strong></span> <span class='ocrx_word' id='word_1_184' title='bbox 942 2633 1148 2681; x_wconf 65' lang='lat' dir='ltr'><strong>sortem.</strong></span> <span class='ocrx_word' id='word_1_185' title='bbox 1192 2620 1370 2680; x_wconf 74' lang='lat' dir='ltr'><strong>Verba</strong></span> <span class='ocrx_word' id='word_1_186' title='bbox 1394 2620 1588 2678; x_wconf 88' lang='lat' dir='ltr'><strong>deinde</strong></span> <span class='ocrx_word' id='word_1_187' title='bbox 1627 2636 1747 2691; x_wconf 77' lang='lat' dir='ltr'><strong>qua:</strong></span> <span class='ocrx_word' id='word_1_188' title='bbox 1773 2619 2065 2676; x_wconf 83' lang='lat' dir='ltr'><strong>subtexun-</strong></span> 
     </span>
    </p>
   </div>
   <div class='ocr_carea' id='block_1_27' title="bbox 475 2711 2061 2787">
    <p class='ocr_par' dir='ltr' id='par_1_27' title="bbox 475 2711 2061 2787">
     <span class='ocr_line' id='line_1_27' title="bbox 475 2711 2061 2787; baseline -0.004 -12"><span class='ocrx_word' id='word_1_189' title='bbox 475 2730 585 2787; x_wconf 75' lang='lat' dir='ltr'><strong>tur,</strong></span> <span class='ocrx_word' id='word_1_190' title='bbox 612 2718 815 2775; x_wconf 85' lang='lat' dir='ltr'><strong>orantis</strong></span> <span class='ocrx_word' id='word_1_191' title='bbox 851 2725 999 2785; x_wconf 85' lang='lat' dir='ltr'><strong>sunt,</strong></span> <span class='ocrx_word' id='word_1_192' title='bbox 1027 2726 1136 2774; x_wconf 88' lang='lat' dir='ltr'><strong>tam</strong></span> <span class='ocrx_word' id='word_1_193' title='bbox 1160 2731 1225 2773; x_wconf 90' lang='lat' dir='ltr'><strong>ex</strong></span> <span class='ocrx_word' id='word_1_194' title='bbox 1253 2729 1482 2787; x_wconf 84' lang='lat' dir='ltr'><strong>persona</strong></span> <span class='ocrx_word' id='word_1_195' title='bbox 1508 2713 1715 2785; x_wconf 89' lang='lat' dir='ltr'><strong>capitis,</strong></span> <span class='ocrx_word' id='word_1_196' title='bbox 1746 2713 1798 2769; x_wconf 89' lang='lat' dir='ltr'><strong>id</strong></span> <span class='ocrx_word' id='word_1_197' title='bbox 1834 2720 1920 2770; x_wconf 85' lang='lat' dir='ltr'><strong>est</strong></span> <span class='ocrx_word' id='word_1_198' title='bbox 1958 2711 2061 2768; x_wconf 80' lang='lat' dir='ltr'><strong>ho—</strong></span> 
     </span>
    </p>
   </div>
   <div class='ocr_carea' id='block_1_28' title="bbox 475 2804 2060 2881">
    <p class='ocr_par' dir='ltr' id='par_1_28' title="bbox 475 2804 2060 2881">
     <span class='ocr_line' id='line_1_28' title="bbox 475 2804 2060 2881; baseline -0.004 -14"><span class='ocrx_word' id='word_1_199' title='bbox 475 2811 636 2868; x_wconf 85' lang='lat' dir='ltr'><strong>minis</strong></span> <span class='ocrx_word' id='word_1_200' title='bbox 675 2809 1004 2875; x_wconf 87' lang='lat' dir='ltr'><strong>mediatoris.</strong></span> <span class='ocrx_word' id='word_1_201' title='bbox 1047 2824 1209 2881; x_wconf 84' lang='lat' dir='ltr'><strong>quam</strong></span> <span class='ocrx_word' id='word_1_202' title='bbox 1252 2823 1322 2865; x_wconf 89' lang='lat' dir='ltr'><strong>ex</strong></span> <span class='ocrx_word' id='word_1_203' title='bbox 1349 2821 1577 2880; x_wconf 80' lang='lat' dir='ltr'><strong>persona</strong></span> <span class='ocrx_word' id='word_1_204' title='bbox 1618 2804 1878 2878; x_wconf 87' lang='lat' dir='ltr'><strong>corporis,</strong></span> <span class='ocrx_word' id='word_1_205' title='bbox 1918 2805 2060 2877; x_wconf 88' lang='lat' dir='ltr'><strong>quod</strong></span> 
     </span>
    </p>
   </div>
   <div class='ocr_carea' id='block_1_29' title="bbox 471 2895 2057 2973">
    <p class='ocr_par' dir='ltr' id='par_1_29' title="bbox 471 2895 2057 2973">
     <span class='ocr_line' id='line_1_29' title="bbox 471 2895 2057 2973; baseline -0.006 -15"><span class='ocrx_word' id='word_1_206' title='bbox 471 2901 833 2970; x_wconf 84' lang='lat' dir='ltr'><strong>estEeclesia,</strong></span> <span class='ocrx_word' id='word_1_207' title='bbox 852 2916 1011 2973; x_wconf 90' lang='lat' dir='ltr'><strong>quam</strong></span> <span class='ocrx_word' id='word_1_208' title='bbox 1030 2899 1156 2956; x_wconf 88' lang='lat' dir='ltr'><strong>dicit</strong></span> <span class='ocrx_word' id='word_1_209' title='bbox 1176 2899 1336 2956; x_wconf 83' lang='lat' dir='ltr'><strong>etiam</strong></span> <span class='ocrx_word' id='word_1_210' title='bbox 1353 2897 1567 2954; x_wconf 78' lang='lat' dir='ltr'><strong>unicam</strong></span> <span class='ocrx_word' id='word_1_211' title='bbox 1582 2911 1752 2952; x_wconf 88' lang='lat' dir='ltr'><strong>suam.</strong></span> <span class='ocrx_word' id='word_1_212' title='bbox 1776 2895 1854 2951; x_wconf 83' lang='lat' dir='ltr'><strong>Tu</strong></span> <span class='ocrx_word' id='word_1_213' title='bbox 1866 2905 2057 2964; x_wconf 75' lang='lat' dir='ltr'><strong>suum,</strong></span> 
     </span>
    </p>
   </div>
   <div class='ocr_carea' id='block_1_30' title="bbox 475 2986 2060 3065">
    <p class='ocr_par' dir='ltr' id='par_1_30' title="bbox 475 2986 2060 3065">
     <span class='ocr_line' id='line_1_30' title="bbox 475 2986 2060 3065; baseline -0.001 -18"><span class='ocrx_word' id='word_1_214' title='bbox 475 2991 710 3059; x_wconf 70' lang='lat' dir='ltr'><strong>Domine,</strong></span> <span class='ocrx_word' id='word_1_215' title='bbox 758 2992 950 3064; x_wconf 88' lang='lat' dir='ltr'><strong>inquit,</strong></span> <span class='ocrx_word' id='word_1_216' title='bbox 990 3008 1056 3048; x_wconf 83' lang='lat' dir='ltr'><strong>ne</strong></span> <span class='ocrx_word' id='word_1_217' title='bbox 1078 2989 1230 3063; x_wconf 74' lang='lat' dir='ltr'><strong>longe</strong></span> <span class='ocrx_word' id='word_1_218' title='bbox 1267 2990 1430 3065; x_wconf 84' lang='lat' dir='ltr'><strong>facias</strong></span> <span class='ocrx_word' id='word_1_219' title='bbox 1470 2986 1719 3045; x_wconf 66' lang='lat' dir='ltr'><strong>auxilium</strong></span> <span class='ocrx_word' id='word_1_220' title='bbox 1746 2998 1887 3044; x_wconf 75' lang='lat' dir='ltr'><strong>tuum</strong></span> <span class='ocrx_word' id='word_1_221' title='bbox 1912 3004 1933 3044; x_wconf 90' lang='lat'><strong><em>:</em></strong></span> <span class='ocrx_word' id='word_1_222' title='bbox 1957 2988 2060 3045; x_wconf 89' lang='lat' dir='ltr'><strong>hoc</strong></span> 
     </span>
    </p>
   </div>
   <div class='ocr_carea' id='block_1_31' title="bbox 472 3079 2055 3154">
    <p class='ocr_par' dir='ltr' id='par_1_31' title="bbox 472 3079 2055 3154">
     <span class='ocr_line' id='line_1_31' title="bbox 472 3079 2055 3154; baseline -0.002 -16"><span class='ocrx_word' id='word_1_223' title='bbox 472 3082 539 3138; x_wconf 84' lang='lat' dir='ltr'><strong>ad</strong></span> <span class='ocrx_word' id='word_1_224' title='bbox 583 3082 701 3154; x_wconf 84' lang='lat' dir='ltr'><strong>ejus</strong></span> <span class='ocrx_word' id='word_1_225' title='bbox 741 3098 957 3139; x_wconf 87' lang='lat' dir='ltr'><strong>carnem</strong></span> <span class='ocrx_word' id='word_1_226' title='bbox 1000 3083 1259 3154; x_wconf 85' lang='lat' dir='ltr'><strong>pertinet,</strong></span> <span class='ocrx_word' id='word_1_227' title='bbox 1303 3081 1453 3153; x_wconf 85' lang='lat' dir='ltr'><strong>cujus</strong></span> <span class='ocrx_word' id='word_1_228' title='bbox 1499 3081 1821 3137; x_wconf 80' lang='lat' dir='ltr'><strong>resurrectio</strong></span> <span class='ocrx_word' id='word_1_229' title='bbox 1866 3079 2055 3136; x_wconf 87' lang='lat' dir='ltr'><strong>nonin</strong></span> 
     </span>
    </p>
   </div>
   <div class='ocr_carea' id='block_1_32' title="bbox 472 3172 2056 3246">
    <p class='ocr_par' dir='ltr' id='par_1_32' title="bbox 472 3172 2056 3246">
     <span class='ocr_line' id='line_1_32' title="bbox 472 3172 2056 3246; baseline 0.001 -18"><span class='ocrx_word' id='word_1_230' title='bbox 472 3174 686 3246; x_wconf 80' lang='lat' dir='ltr'><strong>longum</strong></span> <span class='ocrx_word' id='word_1_231' title='bbox 710 3184 797 3231; x_wconf 86' lang='lat' dir='ltr'><strong>est</strong></span> <span class='ocrx_word' id='word_1_232' title='bbox 839 3175 1029 3242; x_wconf 85' lang='lat' dir='ltr'><strong>missa,</strong></span> <span class='ocrx_word' id='word_1_233' title='bbox 1058 3184 1116 3230; x_wconf 90' lang='lat' dir='ltr'><strong>ut</strong></span> <span class='ocrx_word' id='word_1_234' title='bbox 1140 3174 1386 3230; x_wconf 88' lang='lat' dir='ltr'><strong>aliorum.</strong></span> <span class='ocrx_word' id='word_1_235' title='bbox 1422 3172 1492 3229; x_wconf 82' lang='lat' dir='ltr'><strong>In</strong></span> <span class='ocrx_word' id='word_1_236' title='bbox 1516 3174 1857 3246; x_wconf 63' lang='lat' dir='ltr'><strong>defensionem</strong></span> <span class='ocrx_word' id='word_1_237' title='bbox 1891 3190 2056 3229; x_wconf 74' lang='lat' dir='ltr'><strong>nteant</strong></span> 
     </span>
    </p>
   </div>
   <div class='ocr_carea' id='block_1_33' title="bbox 468 3265 2054 3337">
    <p class='ocr_par' dir='ltr' id='par_1_33' title="bbox 468 3265 2054 3337">
     <span class='ocr_line' id='line_1_33' title="bbox 468 3265 2054 3337; baseline 0.003 -19"><span class='ocrx_word' id='word_1_238' title='bbox 468 3266 640 3337; x_wconf 77' lang='lat' dir='ltr'><strong>aspice</strong></span> <span class='ocrx_word' id='word_1_239' title='bbox 669 3281 689 3320; x_wconf 90' lang='lat'><strong><em>:</em></strong></span> <span class='ocrx_word' id='word_1_240' title='bbox 714 3265 924 3337; x_wconf 80' lang='lat' dir='ltr'><strong>nequid</strong></span> <span class='ocrx_word' id='word_1_241' title='bbox 948 3275 1177 3323; x_wconf 87' lang='lat' dir='ltr'><strong>noceant</strong></span> <span class='ocrx_word' id='word_1_242' title='bbox 1195 3266 1416 3333; x_wconf 88' lang='lat' dir='ltr'><strong>inimici,</strong></span> <span class='ocrx_word' id='word_1_243' title='bbox 1440 3268 1533 3337; x_wconf 80' lang='lat' dir='ltr'><strong>qui</strong></span> <span class='ocrx_word' id='word_1_244' title='bbox 1562 3266 1662 3321; x_wconf 84' lang='lat' dir='ltr'><strong>sibi</strong></span> <span class='ocrx_word' id='word_1_245' title='bbox 1688 3265 1931 3321; x_wconf 80' lang='lat' dir='ltr'><strong>videntur</strong></span> <span class='ocrx_word' id='word_1_246' title='bbox 1951 3266 2054 3322; x_wconf 88' lang='lat' dir='ltr'><strong>ali-</strong></span> 
     </span>
    </p>
   </div>
   <div class='ocr_carea' id='block_1_34' title="bbox 468 3357 2052 3429">
    <p class='ocr_par' dir='ltr' id='par_1_34' title="bbox 468 3357 2052 3429">
     <span class='ocr_line' id='line_1_34' title="bbox 468 3357 2052 3429; baseline 0.003 -20"><span class='ocrx_word' id='word_1_247' title='bbox 468 3357 595 3426; x_wconf 83' lang='lat' dir='ltr'><strong>quid</strong></span> <span class='ocrx_word' id='word_1_248' title='bbox 619 3358 853 3428; x_wconf 86' lang='lat' dir='ltr'><strong>potuisse</strong></span> <span class='ocrx_word' id='word_1_249' title='bbox 876 3373 1095 3414; x_wconf 88' lang='lat' dir='ltr'><strong>carnem</strong></span> <span class='ocrx_word' id='word_1_250' title='bbox 1124 3358 1436 3429; x_wconf 87' lang='lat' dir='ltr'><strong>perimendo</strong></span> <span class='ocrx_word' id='word_1_251' title='bbox 1460 3359 1757 3413; x_wconf 79' lang='lat' dir='ltr'><strong>mortalem.</strong></span> <span class='ocrx_word' id='word_1_252' title='bbox 1802 3357 1917 3414; x_wconf 67' lang='lat' dir='ltr'><strong>lion</strong></span> <span class='ocrx_word' id='word_1_253' title='bbox 1953 3372 2052 3413; x_wconf 81' lang='lat' dir='ltr'><strong>au-</strong></span> 
     </span>
    </p>
   </div>
   <div class='ocr_carea' id='block_1_35' title="bbox 468 3446 2055 3519">
    <p class='ocr_par' dir='ltr' id='par_1_35' title="bbox 468 3446 2055 3519">
     <span class='ocr_line' id='line_1_35' title="bbox 468 3446 2055 3519; baseline 0.003 -20"><span class='ocrx_word' id='word_1_254' title='bbox 468 3456 577 3500; x_wconf 66' lang='lat' dir='ltr'><strong>tum</strong></span> <span class='ocrx_word' id='word_1_255' title='bbox 603 3457 816 3512; x_wconf 91' lang='lat' dir='ltr'><strong>nocent,</strong></span> <span class='ocrx_word' id='word_1_256' title='bbox 860 3448 908 3503; x_wconf 91' lang='lat' dir='ltr'><strong>si</strong></span> <span class='ocrx_word' id='word_1_257' title='bbox 931 3446 1250 3504; x_wconf 87' lang='lat' dir='ltr'><strong>defendente</strong></span> <span class='ocrx_word' id='word_1_258' title='bbox 1274 3449 1443 3519; x_wconf 86' lang='lat' dir='ltr'><strong>gratia</strong></span> <span class='ocrx_word' id='word_1_259' title='bbox 1467 3449 1578 3510; x_wconf 87' lang='lat' dir='ltr'><strong>Dei.</strong></span> <span class='ocrx_word' id='word_1_260' title='bbox 1610 3463 1714 3503; x_wconf 88' lang='lat' dir='ltr'><strong>non</strong></span> <span class='ocrx_word' id='word_1_261' title='bbox 1744 3449 1823 3503; x_wconf 88' lang='lat' dir='ltr'><strong>eis</strong></span> <span class='ocrx_word' id='word_1_262' title='bbox 1845 3448 1913 3503; x_wconf 88' lang='lat' dir='ltr'><strong>ad</strong></span> <span class='ocrx_word' id='word_1_263' title='bbox 1940 3464 2055 3503; x_wconf 86' lang='lat' dir='ltr'><strong>ma-</strong></span> 
     </span>
    </p>
   </div>
   <div class='ocr_carea' id='block_1_36' title="bbox 468 3536 2049 3608">
    <p class='ocr_par' dir='ltr' id='par_1_36' title="bbox 468 3536 2049 3608">
     <span class='ocr_line' id='line_1_36' title="bbox 468 3536 2049 3608; baseline 0.003 -18"><span class='ocrx_word' id='word_1_264' title='bbox 468 3536 578 3590; x_wconf 86' lang='lat' dir='ltr'><strong>lum</strong></span> <span class='ocrx_word' id='word_1_265' title='bbox 625 3538 801 3592; x_wconf 86' lang='lat' dir='ltr'><strong>anima</strong></span> <span class='ocrx_word' id='word_1_266' title='bbox 841 3546 1089 3608; x_wconf 86' lang='lat' dir='ltr'><strong>superata</strong></span> <span class='ocrx_word' id='word_1_267' title='bbox 1132 3538 1432 3594; x_wconf 80' lang='lat' dir='ltr'><strong>consentiat</strong></span> <span class='ocrx_word' id='word_1_268' title='bbox 1471 3556 1488 3594; x_wconf 86' lang='lat'><strong>:</strong></span> <span class='ocrx_word' id='word_1_269' title='bbox 1525 3538 1603 3595; x_wconf 86' lang='lat' dir='ltr'><strong>sic</strong></span> <span class='ocrx_word' id='word_1_270' title='bbox 1645 3539 1787 3593; x_wconf 87' lang='lat' dir='ltr'><strong>enim</strong></span> <span class='ocrx_word' id='word_1_271' title='bbox 1830 3548 1885 3593; x_wconf 90' lang='lat' dir='ltr'><strong>et</strong></span> <span class='ocrx_word' id='word_1_272' title='bbox 1926 3539 2049 3594; x_wconf 86' lang='lat' dir='ltr'><strong>alibi</strong></span> 
     </span>
    </p>
   </div>
   <div class='ocr_carea' id='block_1_37' title="bbox 469 3629 2050 3703">
    <p class='ocr_par' dir='ltr' id='par_1_37' title="bbox 469 3629 2050 3703">
     <span class='ocr_line' id='line_1_37' title="bbox 469 3629 2050 3703; baseline 0.006 -23"><span class='ocrx_word' id='word_1_273' title='bbox 469 3629 840 3699; x_wconf 75' lang='lat' dir='ltr'><strong>prophetatum</strong></span> <span class='ocrx_word' id='word_1_274' title='bbox 867 3640 971 3699; x_wconf 90' lang='lat' dir='ltr'><strong>est,</strong></span> <span class='ocrx_word' id='word_1_275' title='bbox 992 3630 1149 3687; x_wconf 81' lang='lat' dir='ltr'><strong>Terra</strong></span> <span class='ocrx_word' id='word_1_276' title='bbox 1167 3632 1355 3686; x_wconf 73' lang='lat' dir='ltr'><strong>trodim</strong></span> <span class='ocrx_word' id='word_1_277' title='bbox 1373 3632 1517 3688; x_wconf 85' lang='lat' dir='ltr'><strong>estin</strong></span> <span class='ocrx_word' id='word_1_278' title='bbox 1535 3648 1716 3687; x_wconf 82' lang='lat' dir='ltr'><strong>manus</strong></span> <span class='ocrx_word' id='word_1_279' title='bbox 1739 3633 1883 3703; x_wconf 74' lang='lat' dir='ltr'><strong>impii</strong></span> <span class='ocrx_word' id='word_1_280' title='bbox 1901 3650 1919 3698; x_wconf 87' lang='lat'><strong><em>;</em></strong></span> <span class='ocrx_word' id='word_1_281' title='bbox 1949 3632 2050 3689; x_wconf 87' lang='lat' dir='ltr'><strong>hoc</strong></span> 
     </span>
    </p>
   </div>
   <div class='ocr_carea' id='block_1_38' title="bbox 465 3731 956 3778">
    <p class='ocr_par' dir='ltr' id='par_1_38' title="bbox 465 3731 956 3778">
     <span class='ocr_line' id='line_1_38' title="bbox 465 3731 956 3778; baseline 0.004 -3"><span class='ocrx_word' id='word_1_282' title='bbox 465 3731 543 3776; x_wconf 79' lang='lat' dir='ltr'><strong>est</strong></span> <span class='ocrx_word' id='word_1_283' title='bbox 570 3738 697 3777; x_wconf 85' lang='lat' dir='ltr'><strong>caro</strong></span> <span class='ocrx_word' id='word_1_284' title='bbox 725 3731 956 3778; x_wconf 87' lang='lat' dir='ltr'><strong>terrena.</strong></span> 
     </span>
    </p>
   </div>
   <div class='ocr_carea' id='block_1_39' title="bbox 533 3813 2046 3887">
    <p class='ocr_par' dir='ltr' id='par_1_39' title="bbox 533 3813 2046 3887">
     <span class='ocr_line' id='line_1_39' title="bbox 533 3813 2046 3887; baseline 0.001 -17"><span class='ocrx_word' id='word_1_285' title='bbox 533 3816 623 3871; x_wconf 70' lang='lat' dir='ltr'><strong>il.</strong></span> <span class='ocrx_word' id='word_1_286' title='bbox 662 3813 801 3871; x_wconf 88' lang='lat' dir='ltr'><strong>Erue</strong></span> <span class='ocrx_word' id='word_1_287' title='bbox 831 3832 865 3871; x_wconf 90' lang='lat' dir='ltr'><strong>a</strong></span> <span class='ocrx_word' id='word_1_288' title='bbox 887 3820 1082 3887; x_wconf 82' lang='lat' dir='ltr'><strong>framea</strong></span> <span class='ocrx_word' id='word_1_289' title='bbox 1117 3816 1341 3870; x_wconf 82' lang='lat' dir='ltr'><strong>animum</strong></span> <span class='ocrx_word' id='word_1_290' title='bbox 1367 3831 1547 3869; x_wconf 83' lang='lat' dir='ltr'><strong>meam.</strong></span> <span class='ocrx_word' id='word_1_291' title='bbox 1580 3815 1805 3871; x_wconf 85' lang='lat' dir='ltr'><strong>Framea</strong></span> <span class='ocrx_word' id='word_1_292' title='bbox 1835 3817 2046 3887; x_wconf 77' lang='lat' dir='ltr'><strong>gladius</strong></span> 
     </span>
    </p>
   </div>
   <div class='ocr_carea' id='block_1_40' title="bbox 462 3906 2045 3979">
    <p class='ocr_par' dir='ltr' id='par_1_40' title="bbox 462 3906 2045 3979">
     <span class='ocr_line' id='line_1_40' title="bbox 462 3906 2045 3979; baseline 0.001 -17"><span class='ocrx_word' id='word_1_293' title='bbox 462 3916 580 3973; x_wconf 84' lang='lat' dir='ltr'><strong>est;</strong></span> <span class='ocrx_word' id='word_1_294' title='bbox 610 3923 709 3964; x_wconf 87' lang='lat' dir='ltr'><strong>nec</strong></span> <span class='ocrx_word' id='word_1_295' title='bbox 750 3908 933 3979; x_wconf 84' lang='lat' dir='ltr'><strong>utique</strong></span> <span class='ocrx_word' id='word_1_296' title='bbox 976 3908 1065 3963; x_wconf 91' lang='lat' dir='ltr'><strong>tali</strong></span> <span class='ocrx_word' id='word_1_297' title='bbox 1110 3907 1252 3963; x_wconf 88' lang='lat' dir='ltr'><strong>ferro</strong></span> <span class='ocrx_word' id='word_1_298' title='bbox 1290 3906 1536 3964; x_wconf 86' lang='lat' dir='ltr'><strong>Christus</strong></span> <span class='ocrx_word' id='word_1_299' title='bbox 1575 3908 1785 3964; x_wconf 90' lang='lat' dir='ltr'><strong>occisus</strong></span> <span class='ocrx_word' id='word_1_300' title='bbox 1822 3918 1923 3973; x_wconf 91' lang='lat' dir='ltr'><strong>est,</strong></span> <span class='ocrx_word' id='word_1_301' title='bbox 1951 3910 2045 3964; x_wconf 89' lang='lat' dir='ltr'><strong>sed</strong></span> 
     </span>
    </p>
   </div>
   <div class='ocr_carea' id='block_1_41' title="bbox 459 3999 2042 4071">
    <p class='ocr_par' dir='ltr' id='par_1_41' title="bbox 459 3999 2042 4071">
     <span class='ocr_line' id='line_1_41' title="bbox 459 3999 2042 4071; baseline 0.003 -19"><span class='ocrx_word' id='word_1_302' title='bbox 459 4014 649 4065; x_wconf 86' lang='lat' dir='ltr'><strong>cruce;</strong></span> <span class='ocrx_word' id='word_1_303' title='bbox 676 4015 775 4055; x_wconf 90' lang='lat' dir='ltr'><strong>nec</strong></span> <span class='ocrx_word' id='word_1_304' title='bbox 800 4000 934 4055; x_wconf 86' lang='lat' dir='ltr'><strong>latus</strong></span> <span class='ocrx_word' id='word_1_305' title='bbox 954 4000 1072 4070; x_wconf 88' lang='lat' dir='ltr'><strong>ejus</strong></span> <span class='ocrx_word' id='word_1_306' title='bbox 1091 4000 1285 4070; x_wconf 85' lang='lat' dir='ltr'><strong>gladio,</strong></span> <span class='ocrx_word' id='word_1_307' title='bbox 1311 3999 1407 4056; x_wconf 90' lang='lat' dir='ltr'><strong>sed</strong></span> <span class='ocrx_word' id='word_1_308' title='bbox 1432 4000 1616 4056; x_wconf 86' lang='lat' dir='ltr'><strong>lancea</strong></span> <span class='ocrx_word' id='word_1_309' title='bbox 1644 4013 2042 4071; x_wconf 84' lang='lat' dir='ltr'><strong>percusserunt.</strong></span> 
     </span>
    </p>
   </div>
   <div class='ocr_carea' id='block_1_42' title="bbox 458 4089 2042 4162">
    <p class='ocr_par' dir='ltr' id='par_1_42' title="bbox 458 4089 2042 4162">
     <span class='ocr_line' id='line_1_42' title="bbox 458 4089 2042 4162; baseline 0.003 -19"><span class='ocrx_word' id='word_1_310' title='bbox 458 4090 741 4145; x_wconf 85' lang='lat' dir='ltr'><strong>Translato</strong></span> <span class='ocrx_word' id='word_1_311' title='bbox 764 4106 893 4162; x_wconf 88' lang='lat' dir='ltr'><strong>ergo</strong></span> <span class='ocrx_word' id='word_1_312' title='bbox 917 4091 1101 4155; x_wconf 88' lang='lat' dir='ltr'><strong>verbo,</strong></span> <span class='ocrx_word' id='word_1_313' title='bbox 1143 4089 1400 4147; x_wconf 75' lang='lat' dir='ltr'><strong>frameam</strong></span> <span class='ocrx_word' id='word_1_314' title='bbox 1428 4091 1661 4161; x_wconf 78' lang='lat' dir='ltr'><strong>linguam</strong></span> <span class='ocrx_word' id='word_1_315' title='bbox 1688 4091 1823 4146; x_wconf 87' lang='lat' dir='ltr'><strong>dixit</strong></span> <span class='ocrx_word' id='word_1_316' title='bbox 1856 4108 2042 4162; x_wconf 86' lang='lat' dir='ltr'><strong>persc-</strong></span> 
     </span>
    </p>
   </div>
   <div class='ocr_carea' id='block_1_43' title="bbox 457 4180 2044 4252">
    <p class='ocr_par' dir='ltr' id='par_1_43' title="bbox 457 4180 2044 4252">
     <span class='ocr_line' id='line_1_43' title="bbox 457 4180 2044 4252; baseline 0.002 -19"><span class='ocrx_word' id='word_1_317' title='bbox 457 4180 751 4248; x_wconf 84' lang='lat' dir='ltr'><strong>qucutinm,</strong></span> <span class='ocrx_word' id='word_1_318' title='bbox 792 4181 930 4237; x_wconf 88' lang='lat' dir='ltr'><strong>sicut</strong></span> <span class='ocrx_word' id='word_1_319' title='bbox 972 4181 1024 4235; x_wconf 91' lang='lat' dir='ltr'><strong>in</strong></span> <span class='ocrx_word' id='word_1_320' title='bbox 1053 4181 1159 4235; x_wconf 84' lang='lat' dir='ltr'><strong>alio</strong></span> <span class='ocrx_word' id='word_1_321' title='bbox 1189 4182 1394 4251; x_wconf 87' lang='lat' dir='ltr'><strong>psalmo</strong></span> <span class='ocrx_word' id='word_1_322' title='bbox 1417 4180 1630 4246; x_wconf 88' lang='lat' dir='ltr'><strong>dicitur,</strong></span> <span class='ocrx_word' id='word_1_323' title='bbox 1662 4180 1732 4235; x_wconf 80' lang='lat' dir='ltr'><strong>Et</strong></span> <span class='ocrx_word' id='word_1_324' title='bbox 1758 4182 1932 4252; x_wconf 83' lang='lat' dir='ltr'><strong>lingua</strong></span> <span class='ocrx_word' id='word_1_325' title='bbox 1960 4199 2044 4237; x_wconf 84' lang='lat' dir='ltr'><strong>eo-</strong></span> 
     </span>
    </p>
   </div>
   <div class='ocr_carea' id='block_1_44' title="bbox 456 4269 2043 4342">
    <p class='ocr_par' dir='ltr' id='par_1_44' title="bbox 456 4269 2043 4342">
     <span class='ocr_line' id='line_1_44' title="bbox 456 4269 2043 4342; baseline 0.003 -19"><span class='ocrx_word' id='word_1_326' title='bbox 456 4287 571 4325; x_wconf 84' lang='lat' dir='ltr'><strong>rum</strong></span> <span class='ocrx_word' id='word_1_327' title='bbox 606 4269 807 4341; x_wconf 77' lang='lat' dir='ltr'><strong>gladius</strong></span> <span class='ocrx_word' id='word_1_328' title='bbox 831 4281 1012 4325; x_wconf 85' lang='lat' dir='ltr'><strong>acutus</strong></span> <span class='ocrx_word' id='word_1_329' title='bbox 1037 4270 1203 4341; x_wconf 80' lang='lat' dir='ltr'><strong>(Paul.</strong></span> <span class='ocrx_word' id='word_1_330' title='bbox 1235 4287 1341 4336; x_wconf 80' lang='grc' dir='ltr'><strong>ινι,</strong></span> <span class='ocrx_word' id='word_1_331' title='bbox 1385 4271 1462 4342; x_wconf 80' lang='lat'><strong>5).</strong></span> <span class='ocrx_word' id='word_1_332' title='bbox 1494 4271 1666 4336; x_wconf 85' lang='lat' dir='ltr'><strong>Unde,</strong></span> <span class='ocrx_word' id='word_1_333' title='bbox 1693 4273 1816 4342; x_wconf 83' lang='lat' dir='ltr'><strong>quia</strong></span> <span class='ocrx_word' id='word_1_334' title='bbox 1845 4272 1897 4327; x_wconf 91' lang='lat' dir='ltr'><strong>in</strong></span> <span class='ocrx_word' id='word_1_335' title='bbox 1924 4272 2043 4340; x_wconf 87' lang='lat' dir='ltr'><strong>ejus</strong></span> 
     </span>
    </p>
   </div>
   <div class='ocr_carea' id='block_1_45' title="bbox 455 4359 2041 4432">
    <p class='ocr_par' dir='ltr' id='par_1_45' title="bbox 455 4359 2041 4432">
     <span class='ocr_line' id='line_1_45' title="bbox 455 4359 2041 4432; baseline 0.003 -20"><span class='ocrx_word' id='word_1_336' title='bbox 455 4374 619 4415; x_wconf 87' lang='lat' dir='ltr'><strong>carne</strong></span> <span class='ocrx_word' id='word_1_337' title='bbox 657 4359 833 4429; x_wconf 79' lang='lat' dir='ltr'><strong>lingua</strong></span> <span class='ocrx_word' id='word_1_338' title='bbox 880 4361 1153 4430; x_wconf 64' lang='lat' dir='ltr'><strong>praevaluit</strong></span> <span class='ocrx_word' id='word_1_339' title='bbox 1193 4361 1564 4432; x_wconf 68' lang='lat' dir='ltr'><strong>malignorum,</strong></span> <span class='ocrx_word' id='word_1_340' title='bbox 1604 4371 1725 4417; x_wconf 89' lang='lat' dir='ltr'><strong>orat</strong></span> <span class='ocrx_word' id='word_1_341' title='bbox 1763 4370 1822 4417; x_wconf 92' lang='lat' dir='ltr'><strong>ut</strong></span> <span class='ocrx_word' id='word_1_342' title='bbox 1849 4362 2041 4417; x_wconf 79' lang='lat' dir='ltr'><strong>animm</strong></span> 
     </span>
    </p>
   </div>
   <div class='ocr_carea' id='block_1_46' title="bbox 457 4450 2041 4522">
    <p class='ocr_par' dir='ltr' id='par_1_46' title="bbox 457 4450 2041 4522">
     <span class='ocr_line' id='line_1_46' title="bbox 457 4450 2041 4522; baseline 0.003 -19"><span class='ocrx_word' id='word_1_343' title='bbox 457 4450 588 4504; x_wconf 86' lang='lat' dir='ltr'><strong>nihil</strong></span> <span class='ocrx_word' id='word_1_344' title='bbox 617 4460 827 4518; x_wconf 84' lang='lat' dir='ltr'><strong>noceat,</strong></span> <span class='ocrx_word' id='word_1_345' title='bbox 847 4466 968 4506; x_wconf 92' lang='lat' dir='ltr'><strong>cum</strong></span> <span class='ocrx_word' id='word_1_346' title='bbox 994 4451 1141 4519; x_wconf 91' lang='lat' dir='ltr'><strong>dicit,</strong></span> <span class='ocrx_word' id='word_1_347' title='bbox 1172 4451 1311 4506; x_wconf 84' lang='lat' dir='ltr'><strong>Erue</strong></span> <span class='ocrx_word' id='word_1_348' title='bbox 1332 4469 1364 4505; x_wconf 92' lang='lat' dir='ltr'><strong>a</strong></span> <span class='ocrx_word' id='word_1_349' title='bbox 1383 4456 1575 4522; x_wconf 86' lang='lat' dir='ltr'><strong>framea</strong></span> <span class='ocrx_word' id='word_1_350' title='bbox 1594 4454 1817 4508; x_wconf 83' lang='lat' dir='ltr'><strong>animum</strong></span> <span class='ocrx_word' id='word_1_351' title='bbox 1842 4468 2041 4508; x_wconf 87' lang='lat' dir='ltr'><strong>meam:</strong></span> 
     </span>
    </p>
   </div>
   <div class='ocr_carea' id='block_1_47' title="bbox 454 4539 2037 4616">
    <p class='ocr_par' dir='ltr' id='par_1_47' title="bbox 454 4539 2037 4616">
     <span class='ocr_line' id='line_1_47' title="bbox 454 4539 2037 4616; baseline 0.005 -23"><span class='ocrx_word' id='word_1_352' title='bbox 454 4548 518 4596; x_wconf 88' lang='lat' dir='ltr'><strong>nt</strong></span> <span class='ocrx_word' id='word_1_353' title='bbox 542 4539 661 4597; x_wconf 61' lang='lat' dir='ltr'><strong>haec</strong></span> <span class='ocrx_word' id='word_1_354' title='bbox 687 4541 741 4595; x_wconf 90' lang='lat' dir='ltr'><strong>in</strong></span> <span class='ocrx_word' id='word_1_355' title='bbox 786 4541 1059 4613; x_wconf 84' lang='lat' dir='ltr'><strong>prophetia</strong></span> <span class='ocrx_word' id='word_1_356' title='bbox 1084 4543 1275 4611; x_wconf 90' lang='lat' dir='ltr'><strong>oratio,</strong></span> <span class='ocrx_word' id='word_1_357' title='bbox 1314 4542 1454 4613; x_wconf 86' lang='lat' dir='ltr'><strong>si_ad</strong></span> <span class='ocrx_word' id='word_1_358' title='bbox 1482 4552 1641 4613; x_wconf 83' lang='lat' dir='ltr'><strong>caput</strong></span> <span class='ocrx_word' id='word_1_359' title='bbox 1679 4546 1921 4616; x_wconf 88' lang='lat' dir='ltr'><strong>corporis</strong></span> <span class='ocrx_word' id='word_1_360' title='bbox 1950 4561 2037 4601; x_wconf 88' lang='lat' dir='ltr'><strong>re-</strong></span> 
     </span>
    </p>
   </div>
   <div class='ocr_carea' id='block_1_48' title="bbox 459 4634 2039 4708">
    <p class='ocr_par' dir='ltr' id='par_1_48' title="bbox 459 4634 2039 4708">
     <span class='ocr_line' id='line_1_48' title="bbox 459 4634 2039 4708; baseline 0.003 -19"><span class='ocrx_word' id='word_1_361' title='bbox 459 4634 621 4702; x_wconf 86' lang='lat' dir='ltr'><strong>feras,</strong></span> <span class='ocrx_word' id='word_1_362' title='bbox 645 4650 751 4692; x_wconf 87' lang='lat' dir='ltr'><strong>non</strong></span> <span class='ocrx_word' id='word_1_363' title='bbox 773 4636 1012 4692; x_wconf 82' lang='lat' dir='ltr'><strong>videatur</strong></span> <span class='ocrx_word' id='word_1_364' title='bbox 1035 4636 1179 4691; x_wconf 86' lang='lat' dir='ltr'><strong>velut</strong></span> <span class='ocrx_word' id='word_1_365' title='bbox 1206 4636 1491 4708; x_wconf 76' lang='lat' dir='ltr'><strong>indigentis</strong></span> <span class='ocrx_word' id='word_1_366' title='bbox 1506 4636 1713 4708; x_wconf 88' lang='lat' dir='ltr'><strong>petitio,</strong></span> <span class='ocrx_word' id='word_1_367' title='bbox 1740 4637 1837 4693; x_wconf 82' lang='lat' dir='ltr'><strong>sed</strong></span> <span class='ocrx_word' id='word_1_368' title='bbox 1863 4638 2039 4706; x_wconf 89' lang='lat' dir='ltr'><strong>potius</strong></span> 
     </span>
    </p>
   </div>
   <div class='ocr_carea' id='block_1_49' title="bbox 456 4723 2041 4798">
    <p class='ocr_par' dir='ltr' id='par_1_49' title="bbox 456 4723 2041 4798">
     <span class='ocr_line' id='line_1_49' title="bbox 456 4723 2041 4798; baseline 0.001 -17"><span class='ocrx_word' id='word_1_369' title='bbox 456 4725 537 4781; x_wconf 84' lang='lat' dir='ltr'><strong>rei</strong></span> <span class='ocrx_word' id='word_1_370' title='bbox 562 4723 751 4781; x_wconf 66' lang='lat' dir='ltr'><strong>futuam</strong></span> <span class='ocrx_word' id='word_1_371' title='bbox 779 4724 998 4796; x_wconf 85' lang='lat' dir='ltr'><strong>figurata</strong></span> <span class='ocrx_word' id='word_1_372' title='bbox 1040 4725 1331 4796; x_wconf 65' lang='lat' dir='ltr'><strong>prmdictio.</strong></span> <span class='ocrx_word' id='word_1_373' title='bbox 1369 4728 1475 4781; x_wconf 89' lang='lat' dir='ltr'><strong>Aut</strong></span> <span class='ocrx_word' id='word_1_374' title='bbox 1499 4734 1667 4794; x_wconf 89' lang='lat' dir='ltr'><strong>certe,</strong></span> <span class='ocrx_word' id='word_1_375' title='bbox 1694 4727 1815 4798; x_wconf 87' lang='lat' dir='ltr'><strong>quia</strong></span> <span class='ocrx_word' id='word_1_376' title='bbox 1842 4742 2041 4797; x_wconf 90' lang='lat' dir='ltr'><strong>corpus</strong></span> 
     </span>
    </p>
   </div>
   <div class='ocr_carea' id='block_1_50' title="bbox 454 4816 2039 4889">
    <p class='ocr_par' dir='ltr' id='par_1_50' title="bbox 454 4816 2039 4889">
     <span class='ocr_line' id='line_1_50' title="bbox 454 4816 2039 4889; baseline 0.003 -18"><span class='ocrx_word' id='word_1_377' title='bbox 454 4816 595 4885; x_wconf 80' lang='lat' dir='ltr'><strong>ejus,</strong></span> <span class='ocrx_word' id='word_1_378' title='bbox 626 4816 730 4872; x_wconf 89' lang='lat' dir='ltr'><strong>hoc</strong></span> <span class='ocrx_word' id='word_1_379' title='bbox 766 4827 851 4874; x_wconf 86' lang='lat' dir='ltr'><strong>est</strong></span> <span class='ocrx_word' id='word_1_380' title='bbox 894 4818 1153 4885; x_wconf 82' lang='lat' dir='ltr'><strong>Ecclesia,</strong></span> <span class='ocrx_word' id='word_1_381' title='bbox 1196 4832 1386 4889; x_wconf 89' lang='lat' dir='ltr'><strong>graves</strong></span> <span class='ocrx_word' id='word_1_382' title='bbox 1424 4819 1823 4889; x_wconf 60' lang='lat' dir='ltr'><strong>persuutiones</strong></span> <span class='ocrx_word' id='word_1_383' title='bbox 1866 4818 2039 4876; x_wconf 88' lang='lat' dir='ltr'><strong>fuerat</strong></span> 
     </span>
    </p>
   </div>
   <div class='ocr_carea' id='block_1_51' title="bbox 456 4908 2038 4984">
    <p class='ocr_par' dir='ltr' id='par_1_51' title="bbox 456 4908 2038 4984">
     <span class='ocr_line' id='line_1_51' title="bbox 456 4908 2038 4984; baseline 0.003 -20"><span class='ocrx_word' id='word_1_384' title='bbox 456 4922 797 4977; x_wconf 76' lang='lat' dir='ltr'><strong>perpessure,</strong></span> <span class='ocrx_word' id='word_1_385' title='bbox 816 4908 1072 4967; x_wconf 80' lang='lat' dir='ltr'><strong>frameam</strong></span> <span class='ocrx_word' id='word_1_386' title='bbox 1093 4910 1246 4979; x_wconf 80' lang='lat' dir='ltr'><strong>dixit,</strong></span> <span class='ocrx_word' id='word_1_387' title='bbox 1272 4929 1375 4984; x_wconf 88' lang='lat' dir='ltr'><strong>qua</strong></span> <span class='ocrx_word' id='word_1_388' title='bbox 1396 4916 1625 4970; x_wconf 83' lang='lat' dir='ltr'><strong>maxime</strong></span> <span class='ocrx_word' id='word_1_389' title='bbox 1649 4912 1889 4968; x_wconf 86' lang='lat' dir='ltr'><strong>trucidati</strong></span> <span class='ocrx_word' id='word_1_390' title='bbox 1910 4920 2038 4969; x_wconf 89' lang='lat' dir='ltr'><strong>sunt</strong></span> 
     </span>
    </p>
   </div>
   <div class='ocr_carea' id='block_1_52' title="bbox 452 5002 2033 5073">
    <p class='ocr_par' dir='ltr' id='par_1_52' title="bbox 452 5002 2033 5073">
     <span class='ocr_line' id='line_1_52' title="bbox 452 5002 2033 5073; baseline 0.004 -19"><span class='ocrx_word' id='word_1_391' title='bbox 452 5009 751 5072; x_wconf 84' lang='lat' dir='ltr'><strong>martyres;</strong></span> <span class='ocrx_word' id='word_1_392' title='bbox 779 5002 920 5058; x_wconf 92' lang='lat' dir='ltr'><strong>unde</strong></span> <span class='ocrx_word' id='word_1_393' title='bbox 953 5002 1068 5058; x_wconf 90' lang='lat' dir='ltr'><strong>vult</strong></span> <span class='ocrx_word' id='word_1_394' title='bbox 1089 5018 1277 5061; x_wconf 88' lang='lat' dir='ltr'><strong>eorum</strong></span> <span class='ocrx_word' id='word_1_395' title='bbox 1316 5007 1522 5063; x_wconf 87' lang='lat' dir='ltr'><strong>animas</strong></span> <span class='ocrx_word' id='word_1_396' title='bbox 1544 5006 1677 5073; x_wconf 88' lang='lat' dir='ltr'><strong>erui,</strong></span> <span class='ocrx_word' id='word_1_397' title='bbox 1705 5021 1774 5062; x_wconf 90' lang='lat' dir='ltr'><strong>ne</strong></span> <span class='ocrx_word' id='word_1_398' title='bbox 1812 5006 2033 5062; x_wconf 85' lang='lat' dir='ltr'><strong>timeant</strong></span> 
     </span>
    </p>
   </div>
   <div class='ocr_carea' id='block_1_53' title="bbox 451 5094 2033 5167">
    <p class='ocr_par' dir='ltr' id='par_1_53' title="bbox 451 5094 2033 5167">
     <span class='ocr_line' id='line_1_53' title="bbox 451 5094 2033 5167; baseline 0.006 -18"><span class='ocrx_word' id='word_1_399' title='bbox 451 5108 549 5149; x_wconf 89' lang='lat' dir='ltr'><strong>eos</strong></span> <span class='ocrx_word' id='word_1_400' title='bbox 570 5094 661 5167; x_wconf 90' lang='lat' dir='ltr'><strong>qui</strong></span> <span class='ocrx_word' id='word_1_401' title='bbox 683 5109 877 5167; x_wconf 89' lang='lat' dir='ltr'><strong>corpus</strong></span> <span class='ocrx_word' id='word_1_402' title='bbox 895 5098 1163 5167; x_wconf 84' lang='lat' dir='ltr'><strong>occidunt,</strong></span> <span class='ocrx_word' id='word_1_403' title='bbox 1190 5101 1421 5157; x_wconf 89' lang='lat' dir='ltr'><strong>animam</strong></span> <span class='ocrx_word' id='word_1_404' title='bbox 1441 5111 1618 5158; x_wconf 88' lang='lat' dir='ltr'><strong>autem</strong></span> <span class='ocrx_word' id='word_1_405' title='bbox 1647 5103 1892 5159; x_wconf 88' lang='lat' dir='ltr'><strong>occidere</strong></span> <span class='ocrx_word' id='word_1_406' title='bbox 1926 5120 2033 5159; x_wconf 86' lang='lat' dir='ltr'><strong>non</strong></span> 
     </span>
    </p>
   </div>
   <div class='ocr_carea' id='block_1_54' title="bbox 450 5187 2036 5262">
    <p class='ocr_par' dir='ltr' id='par_1_54' title="bbox 450 5187 2036 5262">
     <span class='ocr_line' id='line_1_54' title="bbox 450 5187 2036 5262; baseline 0.005 -22"><span class='ocrx_word' id='word_1_407' title='bbox 450 5196 670 5254; x_wconf 84' lang='lat' dir='ltr'><strong>possunt</strong></span> <span class='ocrx_word' id='word_1_408' title='bbox 694 5187 905 5259; x_wconf 74' lang='lat' dir='ltr'><strong>(Matth.</strong></span> <span class='ocrx_word' id='word_1_409' title='bbox 937 5206 991 5256; x_wconf 87' lang='lat' dir='ltr'><strong>x,</strong></span> <span class='ocrx_word' id='word_1_410' title='bbox 1019 5190 1134 5262; x_wconf 76' lang='lat'><strong>28),</strong></span> <span class='ocrx_word' id='word_1_411' title='bbox 1161 5202 1218 5247; x_wconf 88' lang='lat' dir='ltr'><strong>et</strong></span> <span class='ocrx_word' id='word_1_412' title='bbox 1245 5194 1581 5249; x_wconf 87' lang='lat' dir='ltr'><strong>consentiant</strong></span> <span class='ocrx_word' id='word_1_413' title='bbox 1604 5193 1672 5249; x_wconf 89' lang='lat' dir='ltr'><strong>ad</strong></span> <span class='ocrx_word' id='word_1_414' title='bbox 1700 5194 1898 5250; x_wconf 88' lang='lat' dir='ltr'><strong>illicita.</strong></span> <span class='ocrx_word' id='word_1_415' title='bbox 1928 5195 2036 5249; x_wconf 89' lang='lat' dir='ltr'><strong>Aut</strong></span> 
     </span>
    </p>
   </div>
   <div class='ocr_carea' id='block_1_55' title="bbox 449 5277 2032 5358">
    <p class='ocr_par' dir='ltr' id='par_1_55' title="bbox 449 5277 2032 5358">
     <span class='ocr_line' id='line_1_55' title="bbox 449 5277 2032 5358; baseline 0.006 -26"><span class='ocrx_word' id='word_1_416' title='bbox 449 5277 607 5333; x_wconf 87' lang='lat' dir='ltr'><strong>etiam</strong></span> <span class='ocrx_word' id='word_1_417' title='bbox 660 5279 715 5335; x_wconf 90' lang='lat' dir='ltr'><strong>in</strong></span> <span class='ocrx_word' id='word_1_418' title='bbox 751 5281 986 5350; x_wconf 89' lang='lat' dir='ltr'><strong>ipsorum</strong></span> <span class='ocrx_word' id='word_1_419' title='bbox 1038 5284 1375 5353; x_wconf 87' lang='lat' dir='ltr'><strong>passionibus</strong></span> <span class='ocrx_word' id='word_1_420' title='bbox 1418 5285 1753 5342; x_wconf 88' lang='lat' dir='ltr'><strong>inimicorum</strong></span> <span class='ocrx_word' id='word_1_421' title='bbox 1798 5286 2032 5358; x_wconf 78' lang='lat' dir='ltr'><strong>linguam</strong></span> 
     </span>
    </p>
   </div>
   <div class='ocr_carea' id='block_1_56' title="bbox 453 5368 2032 5442">
    <p class='ocr_par' dir='ltr' id='par_1_56' title="bbox 453 5368 2032 5442">
     <span class='ocr_line' id='line_1_56' title="bbox 453 5368 2032 5442; baseline 0.006 -20"><span class='ocrx_word' id='word_1_422' title='bbox 453 5368 708 5426; x_wconf 86' lang='lat' dir='ltr'><strong>frameam</strong></span> <span class='ocrx_word' id='word_1_423' title='bbox 735 5371 884 5441; x_wconf 87' lang='lat' dir='ltr'><strong>dicit,</strong></span> <span class='ocrx_word' id='word_1_424' title='bbox 914 5373 1055 5431; x_wconf 89' lang='lat' dir='ltr'><strong>unde</strong></span> <span class='ocrx_word' id='word_1_425' title='bbox 1077 5375 1309 5430; x_wconf 87' lang='lat' dir='ltr'><strong>animam</strong></span> <span class='ocrx_word' id='word_1_426' title='bbox 1339 5390 1512 5442; x_wconf 85' lang='lat' dir='ltr'><strong>suam,</strong></span> <span class='ocrx_word' id='word_1_427' title='bbox 1557 5376 1660 5431; x_wconf 90' lang='lat' dir='ltr'><strong>hoc</strong></span> <span class='ocrx_word' id='word_1_428' title='bbox 1683 5383 1769 5432; x_wconf 88' lang='lat' dir='ltr'><strong>est</strong></span> <span class='ocrx_word' id='word_1_429' title='bbox 1800 5379 2032 5432; x_wconf 86' lang='lat' dir='ltr'><strong>animam</strong></span> 
     </span>
    </p>
   </div>
   <div class='ocr_carea' id='block_1_57' title="bbox 452 5463 1961 5533">
    <p class='ocr_par' dir='ltr' id='par_1_57' title="bbox 452 5463 1961 5533">
     <span class='ocr_line' id='line_1_57' title="bbox 452 5463 1961 5533; baseline 0.005 -17"><span class='ocrx_word' id='word_1_430' title='bbox 452 5463 694 5531; x_wconf 86' lang='lat' dir='ltr'><strong>corporis</strong></span> <span class='ocrx_word' id='word_1_431' title='bbox 717 5466 824 5533; x_wconf 86' lang='lat' dir='ltr'><strong>sui,</strong></span> <span class='ocrx_word' id='word_1_432' title='bbox 858 5466 1091 5523; x_wconf 84' lang='lat' dir='ltr'><strong>animam</strong></span> <span class='ocrx_word' id='word_1_433' title='bbox 1118 5476 1419 5523; x_wconf 85' lang='lat' dir='ltr'><strong>sanctorum</strong></span> <span class='ocrx_word' id='word_1_434' title='bbox 1449 5482 1667 5527; x_wconf 85' lang='lat' dir='ltr'><strong>suorum</strong></span> <span class='ocrx_word' id='word_1_435' title='bbox 1689 5469 1802 5524; x_wconf 83' lang='lat' dir='ltr'><strong>vult</strong></span> <span class='ocrx_word' id='word_1_436' title='bbox 1824 5469 1961 5525; x_wconf 89' lang='lat' dir='ltr'><strong>erui.</strong></span> 
     </span>
    </p>
   </div>
   <div class='ocr_carea' id='block_1_58' title="bbox 519 5555 2036 5631">
    <p class='ocr_par' dir='ltr' id='par_1_58' title="bbox 519 5555 2036 5631">
     <span class='ocr_line' id='line_1_58' title="bbox 519 5555 2036 5631; baseline 0.005 -21"><span class='ocrx_word' id='word_1_437' title='bbox 519 5555 613 5611; x_wconf 72' lang='grc'><strong>42.</strong></span> <span class='ocrx_word' id='word_1_438' title='bbox 648 5556 801 5624; x_wconf 83' lang='lat' dir='ltr'><strong>Quod</strong></span> <span class='ocrx_word' id='word_1_439' title='bbox 824 5566 1001 5615; x_wconf 81' lang='lat' dir='ltr'><strong>autem</strong></span> <span class='ocrx_word' id='word_1_440' title='bbox 1021 5561 1280 5631; x_wconf 86' lang='lat' dir='ltr'><strong>sequitur,</strong></span> <span class='ocrx_word' id='word_1_441' title='bbox 1304 5560 1374 5615; x_wconf 78' lang='lat' dir='ltr'><strong>Et</strong></span> <span class='ocrx_word' id='word_1_442' title='bbox 1400 5560 1464 5614; x_wconf 87' lang='lat' dir='ltr'><strong>de</strong></span> <span class='ocrx_word' id='word_1_443' title='bbox 1485 5576 1640 5617; x_wconf 79' lang='lat' dir='ltr'><strong>manu</strong></span> <span class='ocrx_word' id='word_1_444' title='bbox 1666 5562 1807 5619; x_wconf 80' lang='lat' dir='ltr'><strong>canis</strong></span> <span class='ocrx_word' id='word_1_445' title='bbox 1831 5564 2036 5618; x_wconf 72' lang='lat' dir='ltr'><strong>urticam</strong></span> 
     </span>
    </p>
   </div>
   <div class='ocr_carea' id='block_1_59' title="bbox 451 5648 2036 5722">
    <p class='ocr_par' dir='ltr' id='par_1_59' title="bbox 451 5648 2036 5722">
     <span class='ocr_line' id='line_1_59' title="bbox 451 5648 2036 5722; baseline 0.006 -23"><span class='ocrx_word' id='word_1_446' title='bbox 451 5662 635 5715; x_wconf 70' lang='lat' dir='ltr'><strong>meatu,</strong></span> <span class='ocrx_word' id='word_1_447' title='bbox 664 5648 798 5704; x_wconf 79' lang='lat' dir='ltr'><strong>nihil</strong></span> <span class='ocrx_word' id='word_1_448' title='bbox 823 5652 999 5721; x_wconf 85' lang='lat' dir='ltr'><strong>aptius</strong></span> <span class='ocrx_word' id='word_1_449' title='bbox 1021 5666 1181 5722; x_wconf 86' lang='lat' dir='ltr'><strong>quam</strong></span> <span class='ocrx_word' id='word_1_450' title='bbox 1210 5652 1365 5707; x_wconf 84' lang='lat' dir='ltr'><strong>unica</strong></span> <span class='ocrx_word' id='word_1_451' title='bbox 1393 5651 1631 5709; x_wconf 84' lang='lat' dir='ltr'><strong>Ecclesia</strong></span> <span class='ocrx_word' id='word_1_452' title='bbox 1670 5651 1802 5710; x_wconf 88' lang='lat' dir='ltr'><strong>mihi</strong></span> <span class='ocrx_word' id='word_1_453' title='bbox 1827 5653 2036 5710; x_wconf 83' lang='lat' dir='ltr'><strong>videtur</strong></span> 
     </span>
    </p>
   </div>
   <div class='ocr_carea' id='block_1_60' title="bbox 448 5737 2037 5816">
    <p class='ocr_par' dir='ltr' id='par_1_60' title="bbox 448 5737 2037 5816">
     <span class='ocr_line' id='line_1_60' title="bbox 448 5737 2037 5816; baseline 0.007 -22"><span class='ocrx_word' id='word_1_454' title='bbox 448 5737 690 5809; x_wconf 71' lang='lat' dir='ltr'><strong>intelligi.</strong></span> <span class='ocrx_word' id='word_1_455' title='bbox 715 5740 914 5796; x_wconf 83' lang='lat' dir='ltr'><strong>Canem</strong></span> <span class='ocrx_word' id='word_1_456' title='bbox 938 5755 1068 5799; x_wconf 88' lang='lat' dir='ltr'><strong>vero</strong></span> <span class='ocrx_word' id='word_1_457' title='bbox 1084 5742 1377 5813; x_wconf 76' lang='lat' dir='ltr'><strong>appellavit</strong></span> <span class='ocrx_word' id='word_1_458' title='bbox 1397 5743 1677 5816; x_wconf 86' lang='lat' dir='ltr'><strong>mundum,</strong></span> <span class='ocrx_word' id='word_1_459' title='bbox 1695 5760 1806 5803; x_wconf 83' lang='lat' dir='ltr'><strong>non</strong></span> <span class='ocrx_word' id='word_1_460' title='bbox 1829 5748 2037 5805; x_wconf 89' lang='lat' dir='ltr'><strong>ratione</strong></span> 
     </span>
    </p>
   </div>
   <div class='ocr_carea' id='block_1_61' title="bbox 1742 306 2533 372">
    <p class='ocr_par' dir='ltr' id='par_1_61' title="bbox 1742 306 2533 372">
     <span class='ocr_line' id='line_1_61' title="bbox 1742 306 2533 372; baseline 0.009 -7"><span class='ocrx_word' id='word_1_461' title='bbox 1742 308 1799 365; x_wconf 85' lang='lat' dir='ltr'><strong>S.</strong></span> <span class='ocrx_word' id='word_1_462' title='bbox 1812 312 1827 333; x_wconf 89' lang='grc'><strong><em>⁸</em></strong></span> <span class='ocrx_word' id='word_1_463' title='bbox 1840 306 2201 366; x_wconf 71' lang='grc' dir='ltr'><strong>ΑυουετιΝι</strong></span> <span class='ocrx_word' id='word_1_464' title='bbox 2237 310 2533 372; x_wconf 71' lang='grc' dir='ltr'><strong>εριεεοιιι</strong></span> 
     </span>
    </p>
   </div>
   <div class='ocr_carea' id='block_1_62' title="bbox 2197 425 3773 508">
    <p class='ocr_par' dir='ltr' id='par_1_62' title="bbox 2197 425 3773 508">
     <span class='ocr_line' id='line_1_62' title="bbox 2197 425 3773 508; baseline 0.019 -29"><span class='ocrx_word' id='word_1_465' title='bbox 2197 425 2293 480; x_wconf 88' lang='lat' dir='ltr'><strong>sed</strong></span> <span class='ocrx_word' id='word_1_466' title='bbox 2322 430 2703 489; x_wconf 88' lang='lat' dir='ltr'><strong>consuetudine</strong></span> <span class='ocrx_word' id='word_1_467' title='bbox 2740 444 2923 492; x_wconf 87' lang='lat' dir='ltr'><strong>contra</strong></span> <span class='ocrx_word' id='word_1_468' title='bbox 2966 437 3233 498; x_wconf 82' lang='lat' dir='ltr'><strong>insolitam</strong></span> <span class='ocrx_word' id='word_1_469' title='bbox 3263 445 3536 505; x_wconf 78' lang='lat' dir='ltr'><strong>veritatem</strong></span> <span class='ocrx_word' id='word_1_470' title='bbox 3577 450 3773 508; x_wconf 69' lang='lat' dir='ltr'><strong>latran-</strong></span> 
     </span>
    </p>
   </div>
   <div class='ocr_carea' id='block_1_63' title="bbox 2196 521 3775 611">
    <p class='ocr_par' dir='ltr' id='par_1_63' title="bbox 2196 521 3775 611">
     <span class='ocr_line' id='line_1_63' title="bbox 2196 521 3775 611; baseline 0.017 -39"><span class='ocrx_word' id='word_1_471' title='bbox 2196 526 2324 611; x_wconf 79' lang='lat' dir='ltr'><strong>tem.</strong></span> <span class='ocrx_word' id='word_1_472' title='bbox 2352 521 2477 578; x_wconf 71' lang='lat' dir='ltr'><strong>limo</strong></span> <span class='ocrx_word' id='word_1_473' title='bbox 2503 532 2586 579; x_wconf 84' lang='lat' dir='ltr'><strong>est</strong></span> <span class='ocrx_word' id='word_1_474' title='bbox 2606 526 2747 581; x_wconf 88' lang='lat' dir='ltr'><strong>enim</strong></span> <span class='ocrx_word' id='word_1_475' title='bbox 2772 543 2965 586; x_wconf 85' lang='lat' dir='ltr'><strong>canum</strong></span> <span class='ocrx_word' id='word_1_476' title='bbox 2994 542 3202 600; x_wconf 89' lang='lat' dir='ltr'><strong>natura,</strong></span> <span class='ocrx_word' id='word_1_477' title='bbox 3241 546 3299 592; x_wconf 90' lang='lat' dir='ltr'><strong>ut</strong></span> <span class='ocrx_word' id='word_1_478' title='bbox 3323 553 3443 594; x_wconf 88' lang='lat' dir='ltr'><strong>cum</strong></span> <span class='ocrx_word' id='word_1_479' title='bbox 3465 541 3661 611; x_wconf 85' lang='lat' dir='ltr'><strong>quibus</strong></span> <span class='ocrx_word' id='word_1_480' title='bbox 3682 545 3775 600; x_wconf 85' lang='lat' dir='ltr'><strong>ha-</strong></span> 
     </span>
    </p>
   </div>
   <div class='ocr_carea' id='block_1_64' title="bbox 2195 608 3772 699">
    <p class='ocr_par' dir='ltr' id='par_1_64' title="bbox 2195 608 3772 699">
     <span class='ocr_line' id='line_1_64' title="bbox 2195 608 3772 699; baseline 0.019 -37"><span class='ocrx_word' id='word_1_481' title='bbox 2195 608 2321 665; x_wconf 90' lang='lat' dir='ltr'><strong>bent</strong></span> <span class='ocrx_word' id='word_1_482' title='bbox 2342 614 2799 684; x_wconf 84' lang='lat' dir='ltr'><strong>consuetudinem,</strong></span> <span class='ocrx_word' id='word_1_483' title='bbox 2828 620 2940 676; x_wconf 90' lang='lat' dir='ltr'><strong>sive</strong></span> <span class='ocrx_word' id='word_1_484' title='bbox 2965 622 3039 676; x_wconf 88' lang='lat' dir='ltr'><strong>illi</strong></span> <span class='ocrx_word' id='word_1_485' title='bbox 3065 623 3210 692; x_wconf 91' lang='lat' dir='ltr'><strong>boni,</strong></span> <span class='ocrx_word' id='word_1_486' title='bbox 3234 626 3346 683; x_wconf 87' lang='lat' dir='ltr'><strong>sive</strong></span> <span class='ocrx_word' id='word_1_487' title='bbox 3370 608 3495 685; x_wconf 83' lang='lat' dir='ltr'><strong>mali</strong></span> <span class='ocrx_word' id='word_1_488' title='bbox 3517 630 3645 699; x_wconf 86' lang='lat' dir='ltr'><strong>sint,</strong></span> <span class='ocrx_word' id='word_1_489' title='bbox 3667 648 3772 692; x_wconf 89' lang='lat' dir='ltr'><strong>nou</strong></span> 
     </span>
    </p>
   </div>
   <div class='ocr_carea' id='block_1_65' title="bbox 2189 700 3769 786">
    <p class='ocr_par' dir='ltr' id='par_1_65' title="bbox 2189 700 3769 786">
     <span class='ocr_line' id='line_1_65' title="bbox 2189 700 3769 786; baseline 0.016 -31"><span class='ocrx_word' id='word_1_490' title='bbox 2189 700 2259 755; x_wconf 83' lang='lat' dir='ltr'><strong>ad</strong></span> <span class='ocrx_word' id='word_1_491' title='bbox 2280 715 2372 756; x_wconf 87' lang='lat' dir='ltr'><strong>eos</strong></span> <span class='ocrx_word' id='word_1_492' title='bbox 2390 702 2612 771; x_wconf 89' lang='lat' dir='ltr'><strong>latrent;</strong></span> <span class='ocrx_word' id='word_1_493' title='bbox 2634 706 2965 766; x_wconf 83' lang='lat' dir='ltr'><strong>insolitorum</strong></span> <span class='ocrx_word' id='word_1_494' title='bbox 2989 721 3163 769; x_wconf 89' lang='lat' dir='ltr'><strong>autem</strong></span> <span class='ocrx_word' id='word_1_495' title='bbox 3180 720 3420 786; x_wconf 80' lang='lat' dir='ltr'><strong>personis</strong></span> <span class='ocrx_word' id='word_1_496' title='bbox 3439 722 3581 785; x_wconf 84' lang='lat' dir='ltr'><strong>visis.</strong></span> <span class='ocrx_word' id='word_1_497' title='bbox 3608 726 3769 780; x_wconf 86' lang='lat' dir='ltr'><strong>etiam</strong></span> 
     </span>
    </p>
   </div>
   <div class='ocr_carea' id='block_1_66' title="bbox 2191 789 3768 882">
    <p class='ocr_par' dir='ltr' id='par_1_66' title="bbox 2191 789 3768 882">
     <span class='ocr_line' id='line_1_66' title="bbox 2191 789 3768 882; baseline 0.016 -36"><span class='ocrx_word' id='word_1_498' title='bbox 2191 789 2574 864; x_wconf 68' lang='lat' dir='ltr'><strong>humentibus,</strong></span> <span class='ocrx_word' id='word_1_499' title='bbox 2595 798 2884 855; x_wconf 87' lang='lat' dir='ltr'><strong>irritentur.</strong></span> <span class='ocrx_word' id='word_1_500' title='bbox 2907 801 3069 859; x_wconf 65' lang='lat' dir='ltr'><strong>Manu</strong></span> <span class='ocrx_word' id='word_1_501' title='bbox 3084 816 3261 862; x_wconf 85' lang='lat' dir='ltr'><strong>autem</strong></span> <span class='ocrx_word' id='word_1_502' title='bbox 3277 810 3433 877; x_wconf 76' lang='lat' dir='ltr'><strong>casis,</strong></span> <span class='ocrx_word' id='word_1_503' title='bbox 3454 823 3768 882; x_wconf 85' lang='lat' dir='ltr'><strong>potestatem</strong></span> 
     </span>
    </p>
   </div>
   <div class='ocr_carea' id='block_1_67' title="bbox 2188 886 3771 970">
    <p class='ocr_par' dir='ltr' id='par_1_67' title="bbox 2188 886 3771 970">
     <span class='ocr_line' id='line_1_67' title="bbox 2188 886 3771 970; baseline 0.015 -31"><span class='ocrx_word' id='word_1_504' title='bbox 2188 886 2371 941; x_wconf 80' lang='lat' dir='ltr'><strong>mundi</strong></span> <span class='ocrx_word' id='word_1_505' title='bbox 2388 888 2717 959; x_wconf 74' lang='lat' dir='ltr'><strong>significavit.</strong></span> <span class='ocrx_word' id='word_1_506' title='bbox 2749 893 2910 964; x_wconf 88' lang='lat' dir='ltr'><strong>Cujus</strong></span> <span class='ocrx_word' id='word_1_507' title='bbox 2931 897 3089 951; x_wconf 86' lang='lat' dir='ltr'><strong>etiam</strong></span> <span class='ocrx_word' id='word_1_508' title='bbox 3112 914 3331 970; x_wconf 78' lang='lat' dir='ltr'><strong>regnum</strong></span> <span class='ocrx_word' id='word_1_509' title='bbox 3352 902 3604 960; x_wconf 85' lang='lat' dir='ltr'><strong>infestum</strong></span> <span class='ocrx_word' id='word_1_510' title='bbox 3632 906 3771 961; x_wconf 83' lang='lat' dir='ltr'><strong>futu-</strong></span> 
     </span>
    </p>
   </div>
   <div class='ocr_carea' id='block_1_68' title="bbox 2187 981 3769 1057">
    <p class='ocr_par' dir='ltr' id='par_1_68' title="bbox 2187 981 3769 1057">
     <span class='ocr_line' id='line_1_68' title="bbox 2187 981 3769 1057; baseline 0.017 -30"><span class='ocrx_word' id='word_1_511' title='bbox 2187 988 2305 1028; x_wconf 89' lang='lat' dir='ltr'><strong>rum</strong></span> <span class='ocrx_word' id='word_1_512' title='bbox 2334 981 2547 1049; x_wconf 89' lang='lat' dir='ltr'><strong>corpori</strong></span> <span class='ocrx_word' id='word_1_513' title='bbox 2578 995 2697 1049; x_wconf 85' lang='lat' dir='ltr'><strong>suo,</strong></span> <span class='ocrx_word' id='word_1_514' title='bbox 2728 982 2782 1037; x_wconf 89' lang='lat' dir='ltr'><strong>id</strong></span> <span class='ocrx_word' id='word_1_515' title='bbox 2810 993 2893 1040; x_wconf 87' lang='lat' dir='ltr'><strong>est</strong></span> <span class='ocrx_word' id='word_1_516' title='bbox 2919 985 3174 1043; x_wconf 68' lang='lat' dir='ltr'><strong>Ecclesia:</strong></span> <span class='ocrx_word' id='word_1_517' title='bbox 3196 1005 3330 1057; x_wconf 76' lang='lat' dir='ltr'><strong>sum,</strong></span> <span class='ocrx_word' id='word_1_518' title='bbox 3353 992 3527 1050; x_wconf 90' lang='lat' dir='ltr'><strong>leonis</strong></span> <span class='ocrx_word' id='word_1_519' title='bbox 3552 997 3769 1055; x_wconf 87' lang='lat' dir='ltr'><strong>nomine</strong></span> 
     </span>
    </p>
   </div>
   <div class='ocr_carea' id='block_1_69' title="bbox 2185 1064 3770 1155">
    <p class='ocr_par' dir='ltr' id='par_1_69' title="bbox 2185 1064 3770 1155">
     <span class='ocr_line' id='line_1_69' title="bbox 2185 1064 3770 1155; baseline 0.015 -35"><span class='ocrx_word' id='word_1_520' title='bbox 2185 1064 2431 1137; x_wconf 70' lang='lat' dir='ltr'><strong>ﬁguravit</strong></span> <span class='ocrx_word' id='word_1_521' title='bbox 2445 1072 2497 1125; x_wconf 90' lang='lat' dir='ltr'><strong>in</strong></span> <span class='ocrx_word' id='word_1_522' title='bbox 2518 1087 2583 1128; x_wconf 90' lang='lat' dir='ltr'><strong>eo</strong></span> <span class='ocrx_word' id='word_1_523' title='bbox 2603 1074 2743 1145; x_wconf 80' lang='lat' dir='ltr'><strong>quod</strong></span> <span class='ocrx_word' id='word_1_524' title='bbox 2758 1074 2994 1146; x_wconf 84' lang='lat' dir='ltr'><strong>adjunin</strong></span> <span class='ocrx_word' id='word_1_525' title='bbox 3014 1096 3029 1133; x_wconf 91' lang='lat'><strong>:</strong></span> <span class='ocrx_word' id='word_1_526' title='bbox 3050 1078 3261 1135; x_wconf 72' lang='lat' dir='ltr'><strong>Salsum</strong></span> <span class='ocrx_word' id='word_1_527' title='bbox 3284 1099 3364 1138; x_wconf 88' lang='lat' dir='ltr'><strong>me</strong></span> <span class='ocrx_word' id='word_1_528' title='bbox 3376 1087 3461 1155; x_wconf 79' lang='lat' dir='ltr'><strong>fac</strong></span> <span class='ocrx_word' id='word_1_529' title='bbox 3481 1086 3546 1140; x_wconf 86' lang='lat' dir='ltr'><strong>de</strong></span> <span class='ocrx_word' id='word_1_530' title='bbox 3559 1103 3648 1141; x_wconf 88' lang='lat' dir='ltr'><strong>ore</strong></span> <span class='ocrx_word' id='word_1_531' title='bbox 3664 1089 3770 1143; x_wconf 81' lang='lat' dir='ltr'><strong>leo-</strong></span> 
     </span>
    </p>
   </div>
   <div class='ocr_carea' id='block_1_70' title="bbox 2184 1157 3768 1250">
    <p class='ocr_par' dir='ltr' id='par_1_70' title="bbox 2184 1157 3768 1250">
     <span class='ocr_line' id='line_1_70' title="bbox 2184 1157 3768 1250; baseline 0.016 -41"><span class='ocrx_word' id='word_1_532' title='bbox 2184 1157 2283 1250; x_wconf 74' lang='lat' dir='ltr'><strong>nis.</strong></span> <span class='ocrx_word' id='word_1_533' title='bbox 2303 1157 2455 1217; x_wconf 88' lang='lat' dir='ltr'><strong>Unde</strong></span> <span class='ocrx_word' id='word_1_534' title='bbox 2467 1170 2549 1217; x_wconf 90' lang='lat' dir='ltr'><strong>est</strong></span> <span class='ocrx_word' id='word_1_535' title='bbox 2562 1164 2841 1235; x_wconf 81' lang='lat' dir='ltr'><strong>scriptum,</strong></span> <span class='ocrx_word' id='word_1_536' title='bbox 2861 1166 3010 1223; x_wconf 83' lang='lat' dir='ltr'><strong>Nihil</strong></span> <span class='ocrx_word' id='word_1_537' title='bbox 3027 1169 3227 1225; x_wconf 78' lang='lat' dir='ltr'><strong>interest</strong></span> <span class='ocrx_word' id='word_1_538' title='bbox 3244 1173 3375 1228; x_wconf 87' lang='lat' dir='ltr'><strong>inter</strong></span> <span class='ocrx_word' id='word_1_539' title='bbox 3392 1176 3555 1232; x_wconf 82' lang='lat' dir='ltr'><strong>minas</strong></span> <span class='ocrx_word' id='word_1_540' title='bbox 3573 1180 3704 1250; x_wconf 79' lang='lat' dir='ltr'><strong>regis</strong></span> <span class='ocrx_word' id='word_1_541' title='bbox 3722 1192 3768 1234; x_wconf 89' lang='lat' dir='ltr'><strong>et</strong></span> 
     </span>
    </p>
   </div>
   <div class='ocr_carea' id='block_1_71' title="bbox 2182 1246 3768 1340">
    <p class='ocr_par' dir='ltr' id='par_1_71' title="bbox 2182 1246 3768 1340">
     <span class='ocr_line' id='line_1_71' title="bbox 2182 1246 3768 1340; baseline 0.015 -38"><span class='ocrx_word' id='word_1_542' title='bbox 2182 1246 2310 1303; x_wconf 85' lang='lat' dir='ltr'><strong>iram</strong></span> <span class='ocrx_word' id='word_1_543' title='bbox 2322 1250 2669 1326; x_wconf 81' lang='lat' dir='ltr'><strong>leonis(Pror.</strong></span> <span class='ocrx_word' id='word_1_544' title='bbox 2687 1272 2798 1323; x_wconf 77' lang='lat' dir='ltr'><strong>xix,</strong></span> <span class='ocrx_word' id='word_1_545' title='bbox 2813 1256 2906 1330; x_wconf 70' lang='lat'><strong>{2)</strong></span> <span class='ocrx_word' id='word_1_546' title='bbox 2926 1276 2941 1313; x_wconf 90' lang='lat'><strong>:</strong></span> <span class='ocrx_word' id='word_1_547' title='bbox 2957 1274 3256 1332; x_wconf 86' lang='lat' dir='ltr'><strong>quanquam</strong></span> <span class='ocrx_word' id='word_1_548' title='bbox 3276 1272 3331 1319; x_wconf 88' lang='lat' dir='ltr'><strong>et</strong></span> <span class='ocrx_word' id='word_1_549' title='bbox 3347 1246 3768 1340; x_wconf 64' lang='lat' dir='ltr'><strong>diabolumapo-</strong></span> 
     </span>
    </p>
   </div>
   <div class='ocr_carea' id='block_1_72' title="bbox 2181 1341 3764 1433">
    <p class='ocr_par' dir='ltr' id='par_1_72' title="bbox 2181 1341 3764 1433">
     <span class='ocr_line' id='line_1_72' title="bbox 2181 1341 3764 1433; baseline 0.011 -36"><span class='ocrx_word' id='word_1_550' title='bbox 2181 1341 2350 1397; x_wconf 81' lang='lat' dir='ltr'><strong>stolas</strong></span> <span class='ocrx_word' id='word_1_551' title='bbox 2370 1342 2557 1400; x_wconf 89' lang='lat' dir='ltr'><strong>Petrus</strong></span> <span class='ocrx_word' id='word_1_552' title='bbox 2579 1345 2723 1402; x_wconf 89' lang='lat' dir='ltr'><strong>leoni</strong></span> <span class='ocrx_word' id='word_1_553' title='bbox 2741 1358 3014 1419; x_wconf 86' lang='lat' dir='ltr'><strong>comparet</strong></span> <span class='ocrx_word' id='word_1_554' title='bbox 3032 1352 3280 1422; x_wconf 88' lang='lat' dir='ltr'><strong>rugienti,</strong></span> <span class='ocrx_word' id='word_1_555' title='bbox 3303 1364 3357 1409; x_wconf 92' lang='lat' dir='ltr'><strong>et</strong></span> <span class='ocrx_word' id='word_1_556' title='bbox 3381 1360 3641 1433; x_wconf 63' lang='lat' dir='ltr'><strong>quaerenti</strong></span> <span class='ocrx_word' id='word_1_557' title='bbox 3656 1362 3764 1415; x_wconf 72' lang='grc' dir='ltr'><strong>(εἰτ-</strong></span> 
     </span>
    </p>
   </div>
   <div class='ocr_carea' id='block_1_73' title="bbox 2179 1434 3767 1519">
    <p class='ocr_par' dir='ltr' id='par_1_73' title="bbox 2179 1434 3767 1519">
     <span class='ocr_line' id='line_1_73' title="bbox 2179 1434 3767 1519; baseline 0.012 -32"><span class='ocrx_word' id='word_1_558' title='bbox 2179 1434 2480 1490; x_wconf 89' lang='lat' dir='ltr'><strong>cumeundo</strong></span> <span class='ocrx_word' id='word_1_559' title='bbox 2509 1451 2665 1507; x_wconf 88' lang='lat' dir='ltr'><strong>quem</strong></span> <span class='ocrx_word' id='word_1_560' title='bbox 2692 1436 2909 1494; x_wconf 86' lang='lat' dir='ltr'><strong>devoret</strong></span> <span class='ocrx_word' id='word_1_561' title='bbox 2932 1441 2951 1511; x_wconf 92' lang='lat'><strong>(</strong></span> <span class='ocrx_word' id='word_1_562' title='bbox 2973 1441 2994 1496; x_wconf 88' lang='grc' dir='ltr'>ι</span> <span class='ocrx_word' id='word_1_563' title='bbox 3026 1441 3165 1497; x_wconf 82' lang='lat' dir='ltr'><strong>Petr.</strong></span> <span class='ocrx_word' id='word_1_564' title='bbox 3194 1459 3252 1511; x_wconf 87' lang='lat' dir='ltr'><strong>v,</strong></span> <span class='ocrx_word' id='word_1_565' title='bbox 3278 1444 3359 1516; x_wconf 87' lang='lat'><strong>8).</strong></span> <span class='ocrx_word' id='word_1_566' title='bbox 3390 1446 3767 1519; x_wconf 89' lang='lat' dir='ltr'><strong>Superbosque</strong></span> 
     </span>
    </p>
   </div>
   <div class='ocr_carea' id='block_1_74' title="bbox 2183 1524 3764 1597">
    <p class='ocr_par' dir='ltr' id='par_1_74' title="bbox 2183 1524 3764 1597">
     <span class='ocr_line' id='line_1_74' title="bbox 2183 1524 3764 1597; baseline 0.01 -17"><span class='ocrx_word' id='word_1_567' title='bbox 2183 1524 2342 1597; x_wconf 84' lang='lat' dir='ltr'><strong>hujus</strong></span> <span class='ocrx_word' id='word_1_568' title='bbox 2358 1527 2540 1583; x_wconf 90' lang='lat' dir='ltr'><strong>mundi</strong></span> <span class='ocrx_word' id='word_1_569' title='bbox 2558 1528 2871 1587; x_wconf 84' lang='lat' dir='ltr'><strong>Christianis</strong></span> <span class='ocrx_word' id='word_1_570' title='bbox 2887 1530 3174 1591; x_wconf 87' lang='lat' dir='ltr'><strong>humilibus</strong></span> <span class='ocrx_word' id='word_1_571' title='bbox 3190 1535 3565 1595; x_wconf 84' lang='lat' dir='ltr'><strong>adversaturos</strong></span> <span class='ocrx_word' id='word_1_572' title='bbox 3579 1550 3764 1596; x_wconf 86' lang='lat' dir='ltr'><strong>osten-</strong></span> 
     </span>
    </p>
   </div>
   <div class='ocr_carea' id='block_1_75' title="bbox 2179 1617 3764 1691">
    <p class='ocr_par' dir='ltr' id='par_1_75' title="bbox 2179 1617 3764 1691">
     <span class='ocr_line' id='line_1_75' title="bbox 2179 1617 3764 1691; baseline 0.008 -17"><span class='ocrx_word' id='word_1_573' title='bbox 2179 1617 2349 1687; x_wconf 84' lang='lat' dir='ltr'><strong>dens,</strong></span> <span class='ocrx_word' id='word_1_574' title='bbox 2399 1631 2785 1691; x_wconf 86' lang='lat' dir='ltr'><strong>consequenter</strong></span> <span class='ocrx_word' id='word_1_575' title='bbox 2821 1622 2992 1680; x_wconf 89' lang='lat' dir='ltr'><strong>dicit:</strong></span> <span class='ocrx_word' id='word_1_576' title='bbox 3021 1624 3090 1679; x_wconf 85' lang='lat' dir='ltr'><strong>Et</strong></span> <span class='ocrx_word' id='word_1_577' title='bbox 3116 1643 3150 1681; x_wconf 88' lang='lat' dir='ltr'><strong>a</strong></span> <span class='ocrx_word' id='word_1_578' title='bbox 3174 1629 3407 1685; x_wconf 71' lang='lat' dir='ltr'><strong>cornibus</strong></span> <span class='ocrx_word' id='word_1_579' title='bbox 3443 1632 3764 1687; x_wconf 65' lang='lat' dir='ltr'><strong>animuin»:</strong></span> 
     </span>
    </p>
   </div>
   <div class='ocr_carea' id='block_1_76' title="bbox 2178 1711 3761 1794">
    <p class='ocr_par' dir='ltr' id='par_1_76' title="bbox 2178 1711 3761 1794">
     <span class='ocr_line' id='line_1_76' title="bbox 2178 1711 3761 1794; baseline 0.01 -30"><span class='ocrx_word' id='word_1_580' title='bbox 2178 1711 2507 1767; x_wconf 71' lang='lat' dir='ltr'><strong>[inutilitatem</strong></span> <span class='ocrx_word' id='word_1_581' title='bbox 2528 1730 2709 1769; x_wconf 80' lang='lat' dir='ltr'><strong>nteam.</strong></span> <span class='ocrx_word' id='word_1_582' title='bbox 2752 1713 2877 1771; x_wconf 84' lang='lat' dir='ltr'><strong>ideo</strong></span> <span class='ocrx_word' id='word_1_583' title='bbox 2900 1717 3092 1787; x_wconf 87' lang='lat' dir='ltr'><strong>quippe</strong></span> <span class='ocrx_word' id='word_1_584' title='bbox 3108 1718 3159 1773; x_wconf 90' lang='lat' dir='ltr'><strong>iu</strong></span> <span class='ocrx_word' id='word_1_585' title='bbox 3181 1720 3523 1777; x_wconf 83' lang='lat' dir='ltr'><strong>unicornibus</strong></span> <span class='ocrx_word' id='word_1_586' title='bbox 3544 1726 3761 1794; x_wconf 86' lang='lat' dir='ltr'><strong>superbi</strong></span> 
     </span>
    </p>
   </div>
   <div class='ocr_carea' id='block_1_77' title="bbox 2180 1799 3762 1884">
    <p class='ocr_par' dir='ltr' id='par_1_77' title="bbox 2180 1799 3762 1884">
     <span class='ocr_line' id='line_1_77' title="bbox 2180 1799 3762 1884; baseline 0.009 -29"><span class='ocrx_word' id='word_1_587' title='bbox 2180 1799 2561 1872; x_wconf 84' lang='lat' dir='ltr'><strong>intelliguntur,</strong></span> <span class='ocrx_word' id='word_1_588' title='bbox 2592 1803 2717 1883; x_wconf 87' lang='lat' dir='ltr'><strong>quia</strong></span> <span class='ocrx_word' id='word_1_589' title='bbox 2738 1805 2983 1874; x_wconf 84' lang='lat' dir='ltr'><strong>superbia</strong></span> <span class='ocrx_word' id='word_1_590' title='bbox 3009 1807 3121 1865; x_wconf 82' lang='lat' dir='ltr'><strong>odit</strong></span> <span class='ocrx_word' id='word_1_591' title='bbox 3140 1812 3491 1879; x_wconf 84' lang='lat' dir='ltr'><strong>consortium,</strong></span> <span class='ocrx_word' id='word_1_592' title='bbox 3518 1823 3573 1868; x_wconf 90' lang='lat' dir='ltr'><strong>et</strong></span> <span class='ocrx_word' id='word_1_593' title='bbox 3592 1829 3762 1884; x_wconf 83' lang='lat' dir='ltr'><strong>quan-</strong></span> 
     </span>
    </p>
   </div>
   <div class='ocr_carea' id='block_1_78' title="bbox 2178 1892 3760 1975">
    <p class='ocr_par' dir='ltr' id='par_1_78' title="bbox 2178 1892 3760 1975">
     <span class='ocr_line' id='line_1_78' title="bbox 2178 1892 3760 1975; baseline 0.009 -30"><span class='ocrx_word' id='word_1_594' title='bbox 2178 1898 2289 1946; x_wconf 90' lang='lat' dir='ltr'><strong>tum</strong></span> <span class='ocrx_word' id='word_1_595' title='bbox 2333 1892 2547 1963; x_wconf 34' lang='lat' dir='ltr'><strong>in‘ipso</strong></span> <span class='ocrx_word' id='word_1_596' title='bbox 2580 1901 2681 1961; x_wconf 87' lang='lat' dir='ltr'><strong>est,</strong></span> <span class='ocrx_word' id='word_1_597' title='bbox 2713 1894 2860 1950; x_wconf 84' lang='lat' dir='ltr'><strong>solus</strong></span> <span class='ocrx_word' id='word_1_598' title='bbox 2904 1897 3049 1968; x_wconf 88' lang='lat' dir='ltr'><strong>cupit</strong></span> <span class='ocrx_word' id='word_1_599' title='bbox 3076 1899 3312 1956; x_wconf 84' lang='lat' dir='ltr'><strong>eminere</strong></span> <span class='ocrx_word' id='word_1_600' title='bbox 3351 1903 3528 1961; x_wconf 82' lang='lat' dir='ltr'><strong>omnis</strong></span> <span class='ocrx_word' id='word_1_601' title='bbox 3566 1918 3760 1975; x_wconf 62' lang='lat' dir='ltr'><strong>super-</strong></span> 
     </span>
    </p>
   </div>
   <div class='ocr_carea' id='block_1_79' title="bbox 2177 1980 2295 2037">
    <p class='ocr_par' dir='ltr' id='par_1_79' title="bbox 2177 1980 2295 2037">
     <span class='ocr_line' id='line_1_79' title="bbox 2177 1980 2295 2037; baseline -0.017 0"><span class='ocrx_word' id='word_1_602' title='bbox 2177 1980 2295 2037; x_wconf 85' lang='lat' dir='ltr'><strong>bus.</strong></span> 
     </span>
    </p>
   </div>
   <div class='ocr_carea' id='block_1_80' title="bbox 2246 2072 3761 2143">
    <p class='ocr_par' dir='ltr' id='par_1_80' title="bbox 2246 2072 3761 2143">
     <span class='ocr_line' id='line_1_80' title="bbox 2246 2072 3761 2143; baseline 0.011 -16"><span class='ocrx_word' id='word_1_603' title='bbox 2246 2072 2472 2130; x_wconf 82' lang='lat' dir='ltr'><strong>CAPUT</strong></span> <span class='ocrx_word' id='word_1_604' title='bbox 2510 2074 2671 2130; x_wconf 76' lang='lat' dir='ltr'><strong>XVII.</strong></span> <span class='ocrx_word' id='word_1_605' title='bbox 2692 2077 2865 2134; x_wconf 63' lang='lat'><strong>—43.</strong></span> <span class='ocrx_word' id='word_1_606' title='bbox 2903 2077 3022 2135; x_wconf 72' lang='lat' dir='ltr'><strong>iam</strong></span> <span class='ocrx_word' id='word_1_607' title='bbox 3041 2095 3182 2137; x_wconf 91' lang='lat' dir='ltr'><strong>nunc</strong></span> <span class='ocrx_word' id='word_1_608' title='bbox 3203 2082 3416 2139; x_wconf 85' lang='lat' dir='ltr'><strong>attende</strong></span> <span class='ocrx_word' id='word_1_609' title='bbox 3446 2084 3535 2140; x_wconf 89' lang='lat' dir='ltr'><strong>ubi</strong></span> <span class='ocrx_word' id='word_1_610' title='bbox 3557 2085 3633 2142; x_wconf 86' lang='lat' dir='ltr'><strong>sit</strong></span> <span class='ocrx_word' id='word_1_611' title='bbox 3650 2086 3761 2143; x_wconf 79' lang='lat' dir='ltr'><strong>fru~</strong></span> 
     </span>
    </p>
   </div>
   <div class='ocr_carea' id='block_1_81' title="bbox 2173 2165 3760 2249">
    <p class='ocr_par' dir='ltr' id='par_1_81' title="bbox 2173 2165 3760 2249">
     <span class='ocr_line' id='line_1_81' title="bbox 2173 2165 3760 2249; baseline 0.009 -31"><span class='ocrx_word' id='word_1_612' title='bbox 2173 2172 2335 2218; x_wconf 88' lang='lat' dir='ltr'><strong>ctus:</strong></span> <span class='ocrx_word' id='word_1_613' title='bbox 2368 2165 2447 2219; x_wconf 85' lang='lat' dir='ltr'><strong>vel</strong></span> <span class='ocrx_word' id='word_1_614' title='bbox 2499 2166 2639 2236; x_wconf 91' lang='lat' dir='ltr'><strong>quod</strong></span> <span class='ocrx_word' id='word_1_615' title='bbox 2680 2166 2963 2223; x_wconf 88' lang='lat' dir='ltr'><strong>derelictus</strong></span> <span class='ocrx_word' id='word_1_616' title='bbox 3014 2181 3115 2234; x_wconf 89' lang='lat' dir='ltr'><strong>est,</strong></span> <span class='ocrx_word' id='word_1_617' title='bbox 3160 2187 3230 2227; x_wconf 90' lang='lat' dir='ltr'><strong>ne</strong></span> <span class='ocrx_word' id='word_1_618' title='bbox 3277 2174 3621 2232; x_wconf 86' lang='lat' dir='ltr'><strong>exaudiretur</strong></span> <span class='ocrx_word' id='word_1_619' title='bbox 3663 2193 3760 2249; x_wconf 90' lang='lat' dir='ltr'><strong>pro</strong></span> 
     </span>
    </p>
   </div>
   <div class='ocr_carea' id='block_1_82' title="bbox 2174 2254 3761 2337">
    <p class='ocr_par' dir='ltr' id='par_1_82' title="bbox 2174 2254 3761 2337">
     <span class='ocr_line' id='line_1_82' title="bbox 2174 2254 3761 2337; baseline 0.012 -31"><span class='ocrx_word' id='word_1_620' title='bbox 2174 2260 2385 2311; x_wconf 86' lang='lat' dir='ltr'><strong>terrena</strong></span> <span class='ocrx_word' id='word_1_621' title='bbox 2410 2254 2678 2322; x_wconf 84' lang='lat' dir='ltr'><strong>felicitate,</strong></span> <span class='ocrx_word' id='word_1_622' title='bbox 2709 2272 2813 2312; x_wconf 89' lang='lat' dir='ltr'><strong>non</strong></span> <span class='ocrx_word' id='word_1_623' title='bbox 2835 2258 2902 2313; x_wconf 88' lang='lat' dir='ltr'><strong>ad</strong></span> <span class='ocrx_word' id='word_1_624' title='bbox 2928 2259 3307 2329; x_wconf 85' lang='lat' dir='ltr'><strong>insipientiam,</strong></span> <span class='ocrx_word' id='word_1_625' title='bbox 3336 2263 3433 2321; x_wconf 86' lang='lat' dir='ltr'><strong>sed</strong></span> <span class='ocrx_word' id='word_1_626' title='bbox 3457 2273 3518 2321; x_wconf 90' lang='lat' dir='ltr'><strong>ut</strong></span> <span class='ocrx_word' id='word_1_627' title='bbox 3542 2281 3761 2337; x_wconf 84' lang='lat' dir='ltr'><strong>sapere-</strong></span> 
     </span>
    </p>
   </div>
   <div class='ocr_carea' id='block_1_83' title="bbox 2172 2344 3758 2419">
    <p class='ocr_par' dir='ltr' id='par_1_83' title="bbox 2172 2344 3758 2419">
     <span class='ocr_line' id='line_1_83' title="bbox 2172 2344 3758 2419; baseline 0.011 -20"><span class='ocrx_word' id='word_1_628' title='bbox 2172 2358 2295 2400; x_wconf 86' lang='lat' dir='ltr'><strong>mus</strong></span> <span class='ocrx_word' id='word_1_629' title='bbox 2328 2344 2453 2416; x_wconf 88' lang='lat' dir='ltr'><strong>quid</strong></span> <span class='ocrx_word' id='word_1_630' title='bbox 2490 2344 2623 2401; x_wconf 87' lang='lat' dir='ltr'><strong>Novi</strong></span> <span class='ocrx_word' id='word_1_631' title='bbox 2665 2348 2834 2419; x_wconf 88' lang='lat' dir='ltr'><strong>gratia</strong></span> <span class='ocrx_word' id='word_1_632' title='bbox 2863 2348 3190 2407; x_wconf 79' lang='lat' dir='ltr'><strong>Testamenti</strong></span> <span class='ocrx_word' id='word_1_633' title='bbox 3213 2352 3517 2411; x_wconf 82' lang='lat' dir='ltr'><strong>desiderare</strong></span> <span class='ocrx_word' id='word_1_634' title='bbox 3557 2356 3758 2415; x_wconf 50' lang='lat' dir='ltr'><strong>debet</strong></span> 
     </span>
    </p>
   </div>
   <div class='ocr_carea' id='block_1_84' title="bbox 2172 2434 3753 2511">
    <p class='ocr_par' dir='ltr' id='par_1_84' title="bbox 2172 2434 3753 2511">
     <span class='ocr_line' id='line_1_84' title="bbox 2172 2434 3753 2511; baseline 0.009 -22"><span class='ocrx_word' id='word_1_635' title='bbox 2172 2448 2329 2502; x_wconf 82' lang='lat' dir='ltr'><strong>mus;</strong></span> <span class='ocrx_word' id='word_1_636' title='bbox 2360 2434 2442 2491; x_wconf 89' lang='lat' dir='ltr'><strong>vel</strong></span> <span class='ocrx_word' id='word_1_637' title='bbox 2487 2435 2629 2507; x_wconf 90' lang='lat' dir='ltr'><strong>quod</strong></span> <span class='ocrx_word' id='word_1_638' title='bbox 2668 2452 2776 2494; x_wconf 87' lang='lat' dir='ltr'><strong>non</strong></span> <span class='ocrx_word' id='word_1_639' title='bbox 2813 2447 2898 2495; x_wconf 85' lang='lat' dir='ltr'><strong>est</strong></span> <span class='ocrx_word' id='word_1_640' title='bbox 2937 2438 3225 2498; x_wconf 84' lang='lat' dir='ltr'><strong>derelictus</strong></span> <span class='ocrx_word' id='word_1_641' title='bbox 3265 2443 3361 2499; x_wconf 87' lang='lat' dir='ltr'><strong>sed</strong></span> <span class='ocrx_word' id='word_1_642' title='bbox 3388 2445 3675 2511; x_wconf 82' lang='lat' dir='ltr'><strong>exauditus</strong></span> <span class='ocrx_word' id='word_1_643' title='bbox 3701 2448 3753 2505; x_wconf 90' lang='lat' dir='ltr'><strong>in</strong></span> 
     </span>
    </p>
   </div>
   <div class='ocr_carea' id='block_1_85' title="bbox 2169 2524 3756 2603">
    <p class='ocr_par' dir='ltr' id='par_1_85' title="bbox 2169 2524 3756 2603">
     <span class='ocr_line' id='line_1_85' title="bbox 2169 2524 3756 2603; baseline 0.01 -23"><span class='ocrx_word' id='word_1_644' title='bbox 2169 2538 2236 2581; x_wconf 84' lang='lat' dir='ltr'><strong>eo</strong></span> <span class='ocrx_word' id='word_1_645' title='bbox 2256 2524 2398 2597; x_wconf 89' lang='lat' dir='ltr'><strong>quod</strong></span> <span class='ocrx_word' id='word_1_646' title='bbox 2424 2526 2517 2592; x_wconf 86' lang='lat' dir='ltr'><strong>ait,</strong></span> <span class='ocrx_word' id='word_1_647' title='bbox 2558 2526 2645 2583; x_wconf 84' lang='lat' dir='ltr'><strong>Ne</strong></span> <span class='ocrx_word' id='word_1_648' title='bbox 2671 2527 2900 2584; x_wconf 79' lang='lat' dir='ltr'><strong>discedas</strong></span> <span class='ocrx_word' id='word_1_649' title='bbox 2917 2546 2950 2584; x_wconf 90' lang='lat' dir='ltr'><strong>a</strong></span> <span class='ocrx_word' id='word_1_650' title='bbox 2974 2547 3073 2599; x_wconf 76' lang='lat' dir='ltr'><strong>me,</strong></span> <span class='ocrx_word' id='word_1_651' title='bbox 3101 2532 3191 2603; x_wconf 91' lang='lat' dir='ltr'><strong>qui</strong></span> <span class='ocrx_word' id='word_1_652' title='bbox 3221 2533 3444 2603; x_wconf 87' lang='lat' dir='ltr'><strong>dixerat,</strong></span> <span class='ocrx_word' id='word_1_653' title='bbox 3476 2536 3652 2602; x_wconf 71' lang='lat' dir='ltr'><strong>Quare</strong></span> <span class='ocrx_word' id='word_1_654' title='bbox 3676 2556 3756 2596; x_wconf 80' lang='lat' dir='ltr'><strong>ste</strong></span> 
     </span>
    </p>
   </div>
   <div class='ocr_carea' id='block_1_86' title="bbox 2167 2615 3755 2692">
    <p class='ocr_par' dir='ltr' id='par_1_86' title="bbox 2167 2615 3755 2692">
     <span class='ocr_line' id='line_1_86' title="bbox 2167 2615 3755 2692; baseline 0.011 -22"><span class='ocrx_word' id='word_1_655' title='bbox 2167 2615 2475 2687; x_wconf 76' lang='lat' dir='ltr'><strong>dereliqsisti</strong></span> <span class='ocrx_word' id='word_1_656' title='bbox 2489 2634 2512 2685; x_wconf 83' lang='lat'><strong><em>;</em></strong></span> <span class='ocrx_word' id='word_1_657' title='bbox 2538 2618 2680 2690; x_wconf 90' lang='lat' dir='ltr'><strong>quod</strong></span> <span class='ocrx_word' id='word_1_658' title='bbox 2709 2620 2889 2691; x_wconf 89' lang='lat' dir='ltr'><strong>utique</strong></span> <span class='ocrx_word' id='word_1_659' title='bbox 2915 2624 3241 2685; x_wconf 77' lang='lat' dir='ltr'><strong>contrarium</strong></span> <span class='ocrx_word' id='word_1_660' title='bbox 3266 2635 3367 2692; x_wconf 89' lang='lat' dir='ltr'><strong>est,</strong></span> <span class='ocrx_word' id='word_1_661' title='bbox 3401 2627 3503 2683; x_wconf 86' lang='lat' dir='ltr'><strong>nisi</strong></span> <span class='ocrx_word' id='word_1_662' title='bbox 3530 2629 3662 2686; x_wconf 89' lang='lat' dir='ltr'><strong>illud</strong></span> <span class='ocrx_word' id='word_1_663' title='bbox 3684 2631 3755 2688; x_wconf 91' lang='lat' dir='ltr'><strong>ad</strong></span> 
     </span>
    </p>
   </div>
   <div class='ocr_carea' id='block_1_87' title="bbox 2166 2704 3757 2789">
    <p class='ocr_par' dir='ltr' id='par_1_87' title="bbox 2166 2704 3757 2789">
     <span class='ocr_line' id='line_1_87' title="bbox 2166 2704 3757 2789; baseline 0.008 -27"><span class='ocrx_word' id='word_1_664' title='bbox 2166 2704 2332 2773; x_wconf 84' lang='lat' dir='ltr'><strong>aliud,</strong></span> <span class='ocrx_word' id='word_1_665' title='bbox 2363 2707 2466 2764; x_wconf 88' lang='lat' dir='ltr'><strong>hoc</strong></span> <span class='ocrx_word' id='word_1_666' title='bbox 2496 2708 2565 2763; x_wconf 87' lang='lat' dir='ltr'><strong>ad</strong></span> <span class='ocrx_word' id='word_1_667' title='bbox 2605 2708 2748 2765; x_wconf 88' lang='lat' dir='ltr'><strong>aliud</strong></span> <span class='ocrx_word' id='word_1_668' title='bbox 2772 2710 3053 2767; x_wconf 84' lang='lat' dir='ltr'><strong>referatur.</strong></span> <span class='ocrx_word' id='word_1_669' title='bbox 3097 2714 3328 2771; x_wconf 85' lang='lat' dir='ltr'><strong>Attende</strong></span> <span class='ocrx_word' id='word_1_670' title='bbox 3355 2725 3411 2771; x_wconf 87' lang='lat' dir='ltr'><strong>et</strong></span> <span class='ocrx_word' id='word_1_671' title='bbox 3430 2717 3554 2773; x_wconf 89' lang='lat' dir='ltr'><strong>audi</strong></span> <span class='ocrx_word' id='word_1_672' title='bbox 3580 2734 3757 2789; x_wconf 78' lang='lat' dir='ltr'><strong>quan-</strong></span> 
     </span>
    </p>
   </div>
   <div class='ocr_carea' id='block_1_88' title="bbox 2168 2798 3754 2879">
    <p class='ocr_par' dir='ltr' id='par_1_88' title="bbox 2168 2798 3754 2879">
     <span class='ocr_line' id='line_1_88' title="bbox 2168 2798 3754 2879; baseline 0.007 -25"><span class='ocrx_word' id='word_1_673' title='bbox 2168 2804 2281 2854; x_wconf 83' lang='lat' dir='ltr'><strong>tum</strong></span> <span class='ocrx_word' id='word_1_674' title='bbox 2323 2798 2489 2869; x_wconf 83' lang='lat' dir='ltr'><strong>sapis,</strong></span> <span class='ocrx_word' id='word_1_675' title='bbox 2531 2798 2684 2855; x_wconf 88' lang='lat' dir='ltr'><strong>hauri</strong></span> <span class='ocrx_word' id='word_1_676' title='bbox 2724 2809 2978 2872; x_wconf 82' lang='lat' dir='ltr'><strong>quantum</strong></span> <span class='ocrx_word' id='word_1_677' title='bbox 3020 2803 3189 2873; x_wconf 87' lang='lat' dir='ltr'><strong>capis,</strong></span> <span class='ocrx_word' id='word_1_678' title='bbox 3237 2815 3602 2877; x_wconf 86' lang='lat' dir='ltr'><strong>quantumque</strong></span> <span class='ocrx_word' id='word_1_679' title='bbox 3638 2808 3754 2879; x_wconf 80' lang='lat' dir='ltr'><strong>ipse</strong></span> 
     </span>
    </p>
   </div>
   <div class='ocr_carea' id='block_1_89' title="bbox 2166 2895 3753 2972">
    <p class='ocr_par' dir='ltr' id='par_1_89' title="bbox 2166 2895 3753 2972">
     <span class='ocr_line' id='line_1_89' title="bbox 2166 2895 3753 2972; baseline 0.005 -22"><span class='ocrx_word' id='word_1_680' title='bbox 2166 2908 2280 2950; x_wconf 82' lang='lat' dir='ltr'><strong>rem</strong></span> <span class='ocrx_word' id='word_1_681' title='bbox 2308 2902 2506 2951; x_wconf 89' lang='lat' dir='ltr'><strong>tantam</strong></span> <span class='ocrx_word' id='word_1_682' title='bbox 2526 2895 2703 2968; x_wconf 91' lang='lat' dir='ltr'><strong>eloqui</strong></span> <span class='ocrx_word' id='word_1_683' title='bbox 2729 2896 2902 2963; x_wconf 89' lang='lat' dir='ltr'><strong>valeo,</strong></span> <span class='ocrx_word' id='word_1_684' title='bbox 2928 2896 3037 2953; x_wconf 90' lang='lat' dir='ltr'><strong>imo</strong></span> <span class='ocrx_word' id='word_1_685' title='bbox 3064 2906 3314 2968; x_wconf 81' lang='lat' dir='ltr'><strong>quantum</strong></span> <span class='ocrx_word' id='word_1_686' title='bbox 3342 2900 3524 2955; x_wconf 85' lang='lat' dir='ltr'><strong>tribuit</strong></span> <span class='ocrx_word' id='word_1_687' title='bbox 3546 2901 3639 2957; x_wconf 82' lang='lat' dir='ltr'><strong>ille</strong></span> <span class='ocrx_word' id='word_1_688' title='bbox 3660 2903 3753 2972; x_wconf 84' lang='lat' dir='ltr'><strong>qui</strong></span> 
     </span>
    </p>
   </div>
   <div class='ocr_carea' id='block_1_90' title="bbox 2164 2984 3755 3058">
    <p class='ocr_par' dir='ltr' id='par_1_90' title="bbox 2164 2984 3755 3058">
     <span class='ocr_line' id='line_1_90' title="bbox 2164 2984 3755 3058; baseline 0.004 -17"><span class='ocrx_word' id='word_1_689' title='bbox 2164 2998 2266 3041; x_wconf 86' lang='lat' dir='ltr'><strong>nos</strong></span> <span class='ocrx_word' id='word_1_690' title='bbox 2280 2984 2519 3054; x_wconf 82' lang='lat' dir='ltr'><strong>exaudit,</strong></span> <span class='ocrx_word' id='word_1_691' title='bbox 2538 2995 2595 3042; x_wconf 90' lang='lat' dir='ltr'><strong>et</strong></span> <span class='ocrx_word' id='word_1_692' title='bbox 2620 2986 2673 3047; x_wconf 87' lang='lat' dir='ltr'><strong>in</strong></span> <span class='ocrx_word' id='word_1_693' title='bbox 2698 2987 2933 3051; x_wconf 81' lang='lat' dir='ltr'><strong>Christo,</strong></span> <span class='ocrx_word' id='word_1_694' title='bbox 2956 2988 3011 3045; x_wconf 89' lang='lat' dir='ltr'><strong>iu</strong></span> <span class='ocrx_word' id='word_1_695' title='bbox 3036 2998 3288 3058; x_wconf 88' lang='lat' dir='ltr'><strong>quantum</strong></span> <span class='ocrx_word' id='word_1_696' title='bbox 3312 2990 3472 3045; x_wconf 82' lang='lat' dir='ltr'><strong>homo</strong></span> <span class='ocrx_word' id='word_1_697' title='bbox 3491 2990 3755 3055; x_wconf 80' lang='lat' dir='ltr'><strong>mediator</strong></span> 
     </span>
    </p>
   </div>
   <div class='ocr_carea' id='block_1_91' title="bbox 2162 3076 3752 3152">
    <p class='ocr_par' dir='ltr' id='par_1_91' title="bbox 2162 3076 3752 3152">
     <span class='ocr_line' id='line_1_91' title="bbox 2162 3076 3752 3152; baseline 0.003 -19"><span class='ocrx_word' id='word_1_698' title='bbox 2162 3084 2247 3133; x_wconf 87' lang='lat' dir='ltr'><strong>est</strong></span> <span class='ocrx_word' id='word_1_699' title='bbox 2271 3076 2411 3132; x_wconf 82' lang='lat' dir='ltr'><strong>inter</strong></span> <span class='ocrx_word' id='word_1_700' title='bbox 2437 3091 2535 3133; x_wconf 90' lang='lat' dir='ltr'><strong>nos</strong></span> <span class='ocrx_word' id='word_1_701' title='bbox 2576 3086 2633 3133; x_wconf 85' lang='lat' dir='ltr'><strong>et</strong></span> <span class='ocrx_word' id='word_1_702' title='bbox 2672 3077 2860 3144; x_wconf 88' lang='lat' dir='ltr'><strong>Deum,</strong></span> <span class='ocrx_word' id='word_1_703' title='bbox 2888 3087 2945 3134; x_wconf 88' lang='lat' dir='ltr'><strong>et</strong></span> <span class='ocrx_word' id='word_1_704' title='bbox 2982 3093 3103 3134; x_wconf 89' lang='lat' dir='ltr'><strong>cum</strong></span> <span class='ocrx_word' id='word_1_705' title='bbox 3132 3078 3370 3148; x_wconf 88' lang='lat' dir='ltr'><strong>Christo,</strong></span> <span class='ocrx_word' id='word_1_706' title='bbox 3407 3081 3461 3136; x_wconf 91' lang='lat' dir='ltr'><strong>in</strong></span> <span class='ocrx_word' id='word_1_707' title='bbox 3490 3091 3752 3152; x_wconf 82' lang='lat' dir='ltr'><strong>quantum</strong></span> 
     </span>
    </p>
   </div>
   <div class='ocr_carea' id='block_1_92' title="bbox 2163 3166 3752 3243">
    <p class='ocr_par' dir='ltr' id='par_1_92' title="bbox 2163 3166 3752 3243">
     <span class='ocr_line' id='line_1_92' title="bbox 2163 3166 3752 3243; baseline 0.003 -19"><span class='ocrx_word' id='word_1_708' title='bbox 2163 3166 2307 3224; x_wconf 83' lang='lat' dir='ltr'><strong>Deus</strong></span> <span class='ocrx_word' id='word_1_709' title='bbox 2332 3176 2417 3222; x_wconf 84' lang='lat' dir='ltr'><strong>est</strong></span> <span class='ocrx_word' id='word_1_710' title='bbox 2437 3168 2655 3239; x_wconf 57' lang='lat' dir='ltr'><strong>aqualis</strong></span> <span class='ocrx_word' id='word_1_711' title='bbox 2682 3169 2813 3235; x_wconf 85' lang='lat' dir='ltr'><strong>Deo,</strong></span> <span class='ocrx_word' id='word_1_712' title='bbox 2836 3177 2891 3225; x_wconf 90' lang='lat' dir='ltr'><strong>et</strong></span> <span class='ocrx_word' id='word_1_713' title='bbox 2914 3178 3091 3239; x_wconf 77' lang='lat' dir='ltr'><strong>potens</strong></span> <span class='ocrx_word' id='word_1_714' title='bbox 3110 3180 3185 3225; x_wconf 83' lang='lat' dir='ltr'><strong>est</strong></span> <span class='ocrx_word' id='word_1_715' title='bbox 3207 3174 3396 3242; x_wconf 81' lang='lat' dir='ltr'><strong>facere,</strong></span> <span class='ocrx_word' id='word_1_716' title='bbox 3424 3180 3483 3226; x_wconf 88' lang='lat' dir='ltr'><strong>ut</strong></span> <span class='ocrx_word' id='word_1_717' title='bbox 3507 3174 3584 3227; x_wconf 86' lang='lat' dir='ltr'><strong>ait</strong></span> <span class='ocrx_word' id='word_1_718' title='bbox 3605 3174 3752 3243; x_wconf 80' lang='lat' dir='ltr'><strong>Apo-</strong></span> 
     </span>
    </p>
   </div>
   <div class='ocr_carea' id='block_1_93' title="bbox 2162 3260 3749 3336">
    <p class='ocr_par' dir='ltr' id='par_1_93' title="bbox 2162 3260 3749 3336">
     <span class='ocr_line' id='line_1_93' title="bbox 2162 3260 3749 3336; baseline 0.003 -21"><span class='ocrx_word' id='word_1_719' title='bbox 2162 3260 2351 3325; x_wconf 86' lang='lat' dir='ltr'><strong>stolus,</strong></span> <span class='ocrx_word' id='word_1_720' title='bbox 2379 3276 2534 3330; x_wconf 81' lang='lat' dir='ltr'><strong>supra</strong></span> <span class='ocrx_word' id='word_1_721' title='bbox 2549 3276 2703 3332; x_wconf 77' lang='lat' dir='ltr'><strong>quam</strong></span> <span class='ocrx_word' id='word_1_722' title='bbox 2729 3261 2942 3331; x_wconf 71' lang='lat' dir='ltr'><strong>petimus</strong></span> <span class='ocrx_word' id='word_1_723' title='bbox 2960 3271 3048 3317; x_wconf 81' lang='lat' dir='ltr'><strong>aut</strong></span> <span class='ocrx_word' id='word_1_724' title='bbox 3068 3262 3395 3334; x_wconf 78' lang='lat' dir='ltr'><strong>intelligimus</strong></span> <span class='ocrx_word' id='word_1_725' title='bbox 3425 3264 3640 3336; x_wconf 75' lang='lat' dir='ltr'><strong>(Ephes.</strong></span> <span class='ocrx_word' id='word_1_726' title='bbox 3665 3282 3749 3332; x_wconf 85' lang='lat' dir='ltr'><strong>ut,</strong></span> 
     </span>
    </p>
   </div>
   <div class='ocr_carea' id='block_1_94' title="bbox 2160 3355 3745 3431">
    <p class='ocr_par' dir='ltr' id='par_1_94' title="bbox 2160 3355 3745 3431">
     <span class='ocr_line' id='line_1_94' title="bbox 2160 3355 3745 3431; baseline 0.003 -20"><span class='ocrx_word' id='word_1_727' title='bbox 2160 3355 2255 3427; x_wconf 72' lang='lat'><strong>90)</strong></span> <span class='ocrx_word' id='word_1_728' title='bbox 2288 3357 2445 3414; x_wconf 88' lang='lat' dir='ltr'><strong>:vide</strong></span> <span class='ocrx_word' id='word_1_729' title='bbox 2474 3357 2528 3411; x_wconf 90' lang='lat' dir='ltr'><strong>in</strong></span> <span class='ocrx_word' id='word_1_730' title='bbox 2572 3357 2673 3413; x_wconf 88' lang='lat' dir='ltr'><strong>hoc</strong></span> <span class='ocrx_word' id='word_1_731' title='bbox 2711 3358 2915 3427; x_wconf 88' lang='lat' dir='ltr'><strong>psalmo</strong></span> <span class='ocrx_word' id='word_1_732' title='bbox 2953 3357 3276 3414; x_wconf 82' lang='lat' dir='ltr'><strong>Testameuti</strong></span> <span class='ocrx_word' id='word_1_733' title='bbox 3314 3358 3442 3414; x_wconf 83' lang='lat' dir='ltr'><strong>Novi</strong></span> <span class='ocrx_word' id='word_1_734' title='bbox 3472 3360 3745 3431; x_wconf 77' lang='lat' dir='ltr'><strong>gratiam;</strong></span> 
     </span>
    </p>
   </div>
   <div class='ocr_carea' id='block_1_95' title="bbox 2160 3447 3749 3519">
    <p class='ocr_par' dir='ltr' id='par_1_95' title="bbox 2160 3447 3749 3519">
     <span class='ocr_line' id='line_1_95' title="bbox 2160 3447 3749 3519; baseline 0.003 -18"><span class='ocrx_word' id='word_1_735' title='bbox 2160 3447 2282 3503; x_wconf 82' lang='lat' dir='ltr'><strong>vide</strong></span> <span class='ocrx_word' id='word_1_736' title='bbox 2326 3447 2463 3503; x_wconf 89' lang='lat' dir='ltr'><strong>illius</strong></span> <span class='ocrx_word' id='word_1_737' title='bbox 2506 3447 2887 3514; x_wconf 86' lang='lat' dir='ltr'><strong>derelictiouis,</strong></span> <span class='ocrx_word' id='word_1_738' title='bbox 2936 3448 3310 3515; x_wconf 87' lang='lat' dir='ltr'><strong>tribulationis,</strong></span> <span class='ocrx_word' id='word_1_739' title='bbox 3354 3449 3749 3519; x_wconf 86' lang='lat' dir='ltr'><strong>deprecationis</strong></span> 
     </span>
    </p>
   </div>
   <div class='ocr_carea' id='block_1_96' title="bbox 2160 3538 3742 3611">
    <p class='ocr_par' dir='ltr' id='par_1_96' title="bbox 2160 3538 3742 3611">
     <span class='ocr_line' id='line_1_96' title="bbox 2160 3538 3742 3611; baseline 0.003 -17"><span class='ocrx_word' id='word_1_740' title='bbox 2160 3539 2331 3594; x_wconf 89' lang='lat' dir='ltr'><strong>fructu</strong></span> <span class='ocrx_word' id='word_1_741' title='bbox 2358 3539 2481 3609; x_wconf 87' lang='lat' dir='ltr'><strong>quid</strong></span> <span class='ocrx_word' id='word_1_742' title='bbox 2510 3548 2715 3609; x_wconf 84' lang='lat' dir='ltr'><strong>agatur,</strong></span> <span class='ocrx_word' id='word_1_743' title='bbox 2744 3538 2870 3611; x_wconf 88' lang='lat' dir='ltr'><strong>quid</strong></span> <span class='ocrx_word' id='word_1_744' title='bbox 2897 3540 3212 3605; x_wconf 89' lang='lat' dir='ltr'><strong>insinuetur,</strong></span> <span class='ocrx_word' id='word_1_745' title='bbox 3236 3540 3361 3611; x_wconf 91' lang='lat' dir='ltr'><strong>quid</strong></span> <span class='ocrx_word' id='word_1_746' title='bbox 3389 3542 3742 3598; x_wconf 73' lang='lat' dir='ltr'><strong>annmende—</strong></span> 
     </span>
    </p>
   </div>
   <div class='ocr_carea' id='block_1_97' title="bbox 2160 3630 3742 3701">
    <p class='ocr_par' dir='ltr' id='par_1_97' title="bbox 2160 3630 3742 3701">
     <span class='ocr_line' id='line_1_97' title="bbox 2160 3630 3742 3701; baseline 0 -17"><span class='ocrx_word' id='word_1_747' title='bbox 2160 3638 2263 3696; x_wconf 90' lang='lat' dir='ltr'><strong>tur,</strong></span> <span class='ocrx_word' id='word_1_748' title='bbox 2295 3630 2419 3700; x_wconf 89' lang='lat' dir='ltr'><strong>quid</strong></span> <span class='ocrx_word' id='word_1_749' title='bbox 2449 3631 2760 3687; x_wconf 88' lang='lat' dir='ltr'><strong>illustretur.</strong></span> <span class='ocrx_word' id='word_1_750' title='bbox 2801 3630 3007 3686; x_wconf 86' lang='lat' dir='ltr'><strong>Intuere</strong></span> <span class='ocrx_word' id='word_1_751' title='bbox 3036 3631 3162 3699; x_wconf 88' lang='lat' dir='ltr'><strong>quid</strong></span> <span class='ocrx_word' id='word_1_752' title='bbox 3184 3631 3420 3701; x_wconf 87' lang='lat' dir='ltr'><strong>legamus</strong></span> <span class='ocrx_word' id='word_1_753' title='bbox 3453 3640 3603 3687; x_wconf 88' lang='lat' dir='ltr'><strong>tanto</strong></span> <span class='ocrx_word' id='word_1_754' title='bbox 3618 3642 3742 3686; x_wconf 78' lang='lat' dir='ltr'><strong>ante</strong></span> 
     </span>
    </p>
   </div>
   <div class='ocr_carea' id='block_1_98' title="bbox 2160 3722 3745 3794">
    <p class='ocr_par' dir='ltr' id='par_1_98' title="bbox 2160 3722 3745 3794">
     <span class='ocr_line' id='line_1_98' title="bbox 2160 3722 3745 3794; baseline 0.002 -17"><span class='ocrx_word' id='word_1_755' title='bbox 2160 3722 2550 3793; x_wconf 81' lang='lat' dir='ltr'><strong>prophetatum,</strong></span> <span class='ocrx_word' id='word_1_756' title='bbox 2578 3723 2704 3793; x_wconf 87' lang='lat' dir='ltr'><strong>quid</strong></span> <span class='ocrx_word' id='word_1_757' title='bbox 2728 3724 2837 3793; x_wconf 87' lang='lat' dir='ltr'><strong>jam</strong></span> <span class='ocrx_word' id='word_1_758' title='bbox 2862 3738 3143 3778; x_wconf 81' lang='lat' dir='ltr'><strong>cernamus</strong></span> <span class='ocrx_word' id='word_1_759' title='bbox 3168 3724 3442 3794; x_wconf 89' lang='lat' dir='ltr'><strong>impletum</strong></span> <span class='ocrx_word' id='word_1_760' title='bbox 3468 3742 3481 3777; x_wconf 90' lang='lat'>:</span> <span class='ocrx_word' id='word_1_761' title='bbox 3504 3724 3745 3780; x_wconf 80' lang='lat' dir='ltr'><strong>Narrabo</strong></span> 
     </span>
    </p>
   </div>
   <div class='ocr_carea' id='block_1_99' title="bbox 2158 3813 3747 3884">
    <p class='ocr_par' dir='ltr' id='par_1_99' title="bbox 2158 3813 3747 3884">
     <span class='ocr_line' id='line_1_99' title="bbox 2158 3813 3747 3884; baseline 0.002 -18"><span class='ocrx_word' id='word_1_762' title='bbox 2158 3829 2338 3867; x_wconf 85' lang='lat' dir='ltr'><strong>nomen</strong></span> <span class='ocrx_word' id='word_1_763' title='bbox 2362 3824 2521 3878; x_wconf 86' lang='lat' dir='ltr'><strong>tuum,</strong></span> <span class='ocrx_word' id='word_1_764' title='bbox 2558 3814 2744 3883; x_wconf 88' lang='lat' dir='ltr'><strong>inquit,</strong></span> <span class='ocrx_word' id='word_1_765' title='bbox 2774 3814 3015 3884; x_wconf 70' lang='lat' dir='ltr'><strong>fratribus</strong></span> <span class='ocrx_word' id='word_1_766' title='bbox 3039 3815 3159 3868; x_wconf 82' lang='lat' dir='ltr'><strong>meis</strong></span> <span class='ocrx_word' id='word_1_767' title='bbox 3179 3831 3200 3879; x_wconf 89' lang='lat'><strong><em>;</em></strong></span> <span class='ocrx_word' id='word_1_768' title='bbox 3226 3815 3279 3867; x_wconf 83' lang='lat' dir='ltr'><strong>in</strong></span> <span class='ocrx_word' id='word_1_769' title='bbox 3304 3814 3467 3867; x_wconf 82' lang='lat' dir='ltr'><strong>medio</strong></span> <span class='ocrx_word' id='word_1_770' title='bbox 3499 3813 3747 3869; x_wconf 70' lang='lat' dir='ltr'><strong>Ecclesia</strong></span> 
     </span>
    </p>
   </div>
   <div class='ocr_carea' id='block_1_100' title="bbox 2155 3903 3745 3975">
    <p class='ocr_par' dir='ltr' id='par_1_100' title="bbox 2155 3903 3745 3975">
     <span class='ocr_line' id='line_1_100' title="bbox 2155 3903 3745 3975; baseline 0.001 -17"><span class='ocrx_word' id='word_1_771' title='bbox 2155 3904 2366 3958; x_wconf 83' lang='lat' dir='ltr'><strong>cantabo</strong></span> <span class='ocrx_word' id='word_1_772' title='bbox 2406 3914 2471 3957; x_wconf 84' lang='lat' dir='ltr'><strong>te.</strong></span> <span class='ocrx_word' id='word_1_773' title='bbox 2527 3903 2740 3958; x_wconf 85' lang='lat' dir='ltr'><strong>Fratres</strong></span> <span class='ocrx_word' id='word_1_774' title='bbox 2768 3903 2842 3959; x_wconf 88' lang='lat' dir='ltr'><strong>illi</strong></span> <span class='ocrx_word' id='word_1_775' title='bbox 2872 3914 3013 3970; x_wconf 88' lang='lat' dir='ltr'><strong>sunt,</strong></span> <span class='ocrx_word' id='word_1_776' title='bbox 3061 3904 3129 3959; x_wconf 90' lang='lat' dir='ltr'><strong>de</strong></span> <span class='ocrx_word' id='word_1_777' title='bbox 3153 3904 3343 3974; x_wconf 91' lang='lat' dir='ltr'><strong>quibus</strong></span> <span class='ocrx_word' id='word_1_778' title='bbox 3372 3904 3423 3958; x_wconf 91' lang='lat' dir='ltr'><strong>in</strong></span> <span class='ocrx_word' id='word_1_779' title='bbox 3452 3904 3745 3975; x_wconf 75' lang='lat' dir='ltr'><strong>Evangelia</strong></span> 
     </span>
    </p>
   </div>
   <div class='ocr_carea' id='block_1_101' title="bbox 2157 3995 3745 4069">
    <p class='ocr_par' dir='ltr' id='par_1_101' title="bbox 2157 3995 3745 4069">
     <span class='ocr_line' id='line_1_101' title="bbox 2157 3995 3745 4069; baseline 0 -17"><span class='ocrx_word' id='word_1_780' title='bbox 2157 3999 2230 4052; x_wconf 86' lang='lat' dir='ltr'><strong>ait</strong></span> <span class='ocrx_word' id='word_1_781' title='bbox 2257 4013 2272 4051; x_wconf 86' lang='lat'><strong>:</strong></span> <span class='ocrx_word' id='word_1_782' title='bbox 2314 3996 2471 4062; x_wconf 84' lang='lat' dir='ltr'><strong>Vade,</strong></span> <span class='ocrx_word' id='word_1_783' title='bbox 2502 4006 2548 4052; x_wconf 84' lang='lat' dir='ltr'><strong>et</strong></span> <span class='ocrx_word' id='word_1_784' title='bbox 2569 3998 2650 4051; x_wconf 84' lang='lat' dir='ltr'><strong>die</strong></span> <span class='ocrx_word' id='word_1_785' title='bbox 2674 3997 2914 4069; x_wconf 79' lang='lat' dir='ltr'><strong>fratribus</strong></span> <span class='ocrx_word' id='word_1_786' title='bbox 2939 3997 3059 4053; x_wconf 84' lang='lat' dir='ltr'><strong>meis</strong></span> <span class='ocrx_word' id='word_1_787' title='bbox 3087 3995 3264 4066; x_wconf 85' lang='lat' dir='ltr'><strong>(Joan.</strong></span> <span class='ocrx_word' id='word_1_788' title='bbox 3291 4013 3384 4066; x_wconf 88' lang='lat' dir='ltr'><strong>xx,</strong></span> <span class='ocrx_word' id='word_1_789' title='bbox 3416 3998 3525 4067; x_wconf 81' lang='lat' dir='ltr'><strong>t7).</strong></span> <span class='ocrx_word' id='word_1_790' title='bbox 3556 3997 3745 4053; x_wconf 80' lang='lat' dir='ltr'><strong>Eccle-</strong></span> 
     </span>
    </p>
   </div>
   <div class='ocr_carea' id='block_1_102' title="bbox 2154 4088 3746 4159">
    <p class='ocr_par' dir='ltr' id='par_1_102' title="bbox 2154 4088 3746 4159">
     <span class='ocr_line' id='line_1_102' title="bbox 2154 4088 3746 4159; baseline -0.001 -14"><span class='ocrx_word' id='word_1_791' title='bbox 2154 4088 2232 4145; x_wconf 87' lang='lat' dir='ltr'><strong>sia</strong></span> <span class='ocrx_word' id='word_1_792' title='bbox 2261 4089 2351 4145; x_wconf 87' lang='lat' dir='ltr'><strong>illa</strong></span> <span class='ocrx_word' id='word_1_793' title='bbox 2378 4098 2479 4155; x_wconf 87' lang='lat' dir='ltr'><strong>est,</strong></span> <span class='ocrx_word' id='word_1_794' title='bbox 2525 4105 2682 4159; x_wconf 89' lang='lat' dir='ltr'><strong>quam</strong></span> <span class='ocrx_word' id='word_1_795' title='bbox 2713 4089 2871 4145; x_wconf 84' lang='lat' dir='ltr'><strong>modo</strong></span> <span class='ocrx_word' id='word_1_796' title='bbox 2898 4089 3031 4145; x_wconf 54' lang='lat' dir='ltr'><strong>dixit</strong></span> <span class='ocrx_word' id='word_1_797' title='bbox 3066 4090 3273 4144; x_wconf 86' lang='lat' dir='ltr'><strong>unicam</strong></span> <span class='ocrx_word' id='word_1_798' title='bbox 3299 4104 3485 4155; x_wconf 87' lang='lat' dir='ltr'><strong>suam;</strong></span> <span class='ocrx_word' id='word_1_799' title='bbox 3517 4088 3635 4144; x_wconf 68' lang='lat' dir='ltr'><strong>haec</strong></span> <span class='ocrx_word' id='word_1_800' title='bbox 3660 4098 3746 4144; x_wconf 83' lang='lat' dir='ltr'><strong>est</strong></span> 
     </span>
    </p>
   </div>
   <div class='ocr_carea' id='block_1_103' title="bbox 2158 4180 3740 4252">
    <p class='ocr_par' dir='ltr' id='par_1_103' title="bbox 2158 4180 3740 4252">
     <span class='ocr_line' id='line_1_103' title="bbox 2158 4180 3740 4252; baseline -0.003 -16"><span class='ocrx_word' id='word_1_801' title='bbox 2158 4182 2311 4237; x_wconf 89' lang='lat' dir='ltr'><strong>unica</strong></span> <span class='ocrx_word' id='word_1_802' title='bbox 2353 4181 2646 4249; x_wconf 83' lang='lat' dir='ltr'><strong>Catholica,</strong></span> <span class='ocrx_word' id='word_1_803' title='bbox 2684 4198 2803 4252; x_wconf 71' lang='lat' dir='ltr'><strong>qua:</strong></span> <span class='ocrx_word' id='word_1_804' title='bbox 2830 4191 2941 4237; x_wconf 88' lang='lat' dir='ltr'><strong>toto</strong></span> <span class='ocrx_word' id='word_1_805' title='bbox 2972 4182 3100 4237; x_wconf 89' lang='lat' dir='ltr'><strong>orbe</strong></span> <span class='ocrx_word' id='word_1_806' title='bbox 3138 4181 3357 4251; x_wconf 82' lang='lat' dir='ltr'><strong>copiosa</strong></span> <span class='ocrx_word' id='word_1_807' title='bbox 3384 4180 3701 4235; x_wconf 81' lang='lat' dir='ltr'><strong>diti&#39;unditur</strong></span> <span class='ocrx_word' id='word_1_808' title='bbox 3720 4218 3740 4245; x_wconf 86' lang='lat'><strong>,</strong></span> 
     </span>
    </p>
   </div>
   <div class='ocr_carea' id='block_1_104' title="bbox 2152 4268 3741 4343">
    <p class='ocr_par' dir='ltr' id='par_1_104' title="bbox 2152 4268 3741 4343">
     <span class='ocr_line' id='line_1_104' title="bbox 2152 4268 3741 4343; baseline -0.002 -16"><span class='ocrx_word' id='word_1_809' title='bbox 2152 4288 2273 4343; x_wconf 72' lang='lat' dir='ltr'><strong>qua:</strong></span> <span class='ocrx_word' id='word_1_810' title='bbox 2302 4288 2469 4343; x_wconf 82' lang='lat' dir='ltr'><strong>usque</strong></span> <span class='ocrx_word' id='word_1_811' title='bbox 2494 4271 2561 4327; x_wconf 94' lang='lat' dir='ltr'><strong>ad</strong></span> <span class='ocrx_word' id='word_1_812' title='bbox 2608 4272 2819 4327; x_wconf 89' lang='lat' dir='ltr'><strong>ultimas</strong></span> <span class='ocrx_word' id='word_1_813' title='bbox 2857 4281 3044 4343; x_wconf 78' lang='lat' dir='ltr'><strong>gentes</strong></span> <span class='ocrx_word' id='word_1_814' title='bbox 3085 4269 3374 4322; x_wconf 77' lang='lat' dir='ltr'><strong>crescettdo</strong></span> <span class='ocrx_word' id='word_1_815' title='bbox 3405 4268 3691 4338; x_wconf 82' lang='lat' dir='ltr'><strong>porrigitur</strong></span> <span class='ocrx_word' id='word_1_816' title='bbox 3722 4285 3741 4324; x_wconf 87' lang='lat'><strong>:</strong></span> 
     </span>
    </p>
   </div>
   <div class='ocr_carea' id='block_1_105' title="bbox 2153 4357 3847 4433">
    <p class='ocr_par' dir='ltr' id='par_1_105' title="bbox 2153 4357 3847 4433">
     <span class='ocr_line' id='line_1_105' title="bbox 2153 4357 3847 4433; baseline -0.005 -12"><span class='ocrx_word' id='word_1_817' title='bbox 2153 4366 2291 4421; x_wconf 90' lang='lat' dir='ltr'><strong>unde</strong></span> <span class='ocrx_word' id='word_1_818' title='bbox 2320 4366 2371 4420; x_wconf 90' lang='lat' dir='ltr'><strong>in</strong></span> <span class='ocrx_word' id='word_1_819' title='bbox 2400 4363 2686 4433; x_wconf 84' lang='lat' dir='ltr'><strong>Evangelio</strong></span> <span class='ocrx_word' id='word_1_820' title='bbox 2714 4360 2863 4427; x_wconf 92' lang='lat' dir='ltr'><strong>dicit,</strong></span> <span class='ocrx_word' id='word_1_821' title='bbox 2896 4360 2962 4413; x_wconf 86' lang='lat' dir='ltr'><strong>Et</strong></span> <span class='ocrx_word' id='word_1_822' title='bbox 2992 4358 3344 4431; x_wconf 76' lang='lat' dir='ltr'><strong>praedicobitur</strong></span> <span class='ocrx_word' id='word_1_823' title='bbox 3372 4358 3465 4411; x_wconf 81' lang='lat' dir='ltr'><strong>hoc</strong></span> <span class='ocrx_word' id='word_1_824' title='bbox 3502 4357 3739 4431; x_wconf 75' lang='lat' dir='ltr'><strong>Evange-</strong></span> <span class='ocrx_word' id='word_1_825' title='bbox 3836 4394 3847 4401; x_wconf 89' lang='lat'><strong>-</strong></span> 
     </span>
    </p>
   </div>
   <div class='ocr_carea' id='block_1_106' title="bbox 2152 4449 3743 4520">
    <p class='ocr_par' dir='ltr' id='par_1_106' title="bbox 2152 4449 3743 4520">
     <span class='ocr_line' id='line_1_106' title="bbox 2152 4449 3743 4520; baseline -0.003 -10"><span class='ocrx_word' id='word_1_826' title='bbox 2152 4457 2274 4510; x_wconf 83' lang='lat' dir='ltr'><strong>lium</strong></span> <span class='ocrx_word' id='word_1_827' title='bbox 2295 4456 2347 4509; x_wconf 84' lang='lat' dir='ltr'><strong>in</strong></span> <span class='ocrx_word' id='word_1_828' title='bbox 2381 4454 2609 4508; x_wconf 80' lang='lat' dir='ltr'><strong>uniuerso</strong></span> <span class='ocrx_word' id='word_1_829' title='bbox 2633 4452 2771 4515; x_wconf 84' lang='lat' dir='ltr'><strong>orbe,</strong></span> <span class='ocrx_word' id='word_1_830' title='bbox 2794 4451 2847 4505; x_wconf 85' lang='lat' dir='ltr'><strong>in</strong></span> <span class='ocrx_word' id='word_1_831' title='bbox 2867 4450 3204 4505; x_wconf 82' lang='lat' dir='ltr'><strong>testimonium</strong></span> <span class='ocrx_word' id='word_1_832' title='bbox 3227 4449 3455 4504; x_wconf 84' lang='lat' dir='ltr'><strong>omnibus</strong></span> <span class='ocrx_word' id='word_1_833' title='bbox 3469 4451 3699 4520; x_wconf 76' lang='lat' dir='ltr'><strong>gentibus</strong></span> <span class='ocrx_word' id='word_1_834' title='bbox 3718 4469 3743 4518; x_wconf 68' lang='grc' dir='ltr'><strong>,ι</strong></span> 
     </span>
    </p>
   </div>
   <div class='ocr_carea' id='block_1_107' title="bbox 2150 4542 3220 4615">
    <p class='ocr_par' dir='ltr' id='par_1_107' title="bbox 2150 4542 3220 4615">
     <span class='ocr_line' id='line_1_107' title="bbox 2150 4542 3220 4615; baseline -0.006 -13"><span class='ocrx_word' id='word_1_835' title='bbox 2150 4558 2198 4604; x_wconf 87' lang='lat' dir='ltr'><strong>et</strong></span> <span class='ocrx_word' id='word_1_836' title='bbox 2224 4557 2342 4601; x_wconf 74' lang='lat' dir='ltr'><strong>timo</strong></span> <span class='ocrx_word' id='word_1_837' title='bbox 2366 4546 2523 4601; x_wconf 76' lang='lat' dir='ltr'><strong>ueniet</strong></span> <span class='ocrx_word' id='word_1_838' title='bbox 2551 4545 2669 4614; x_wconf 79' lang='lat' dir='ltr'><strong>ﬁnis</strong></span> <span class='ocrx_word' id='word_1_839' title='bbox 2697 4542 2905 4615; x_wconf 75' lang='lat' dir='ltr'><strong>(Matth.</strong></span> <span class='ocrx_word' id='word_1_840' title='bbox 2936 4558 3087 4609; x_wconf 77' lang='lat' dir='ltr'><strong>xxiv,</strong></span> <span class='ocrx_word' id='word_1_841' title='bbox 3112 4542 3220 4612; x_wconf 74' lang='lat' dir='ltr'><strong>ll).</strong></span> 
     </span>
    </p>
   </div>
   <div class='ocr_carea' id='block_1_108' title="bbox 2221 4633 3739 4705">
    <p class='ocr_par' dir='ltr' id='par_1_108' title="bbox 2221 4633 3739 4705">
     <span class='ocr_line' id='line_1_108' title="bbox 2221 4633 3739 4705; baseline -0.003 -10"><span class='ocrx_word' id='word_1_842' title='bbox 2221 4640 2310 4695; x_wconf 71' lang='grc'><strong>44.</strong></span> <span class='ocrx_word' id='word_1_843' title='bbox 2331 4638 2484 4705; x_wconf 81' lang='lat' dir='ltr'><strong>Quod</strong></span> <span class='ocrx_word' id='word_1_844' title='bbox 2508 4646 2684 4701; x_wconf 81' lang='lat' dir='ltr'><strong>autem</strong></span> <span class='ocrx_word' id='word_1_845' title='bbox 2702 4635 2795 4700; x_wconf 86' lang='lat' dir='ltr'><strong>ait,</strong></span> <span class='ocrx_word' id='word_1_846' title='bbox 2814 4635 3057 4701; x_wconf 88' lang='lat' dir='ltr'><strong>Cantabo,</strong></span> <span class='ocrx_word' id='word_1_847' title='bbox 3086 4634 3187 4688; x_wconf 89' lang='lat' dir='ltr'><strong>hoc</strong></span> <span class='ocrx_word' id='word_1_848' title='bbox 3210 4642 3291 4689; x_wconf 66' lang='lat' dir='ltr'><strong>est</strong></span> <span class='ocrx_word' id='word_1_849' title='bbox 3312 4633 3440 4688; x_wconf 89' lang='lat' dir='ltr'><strong>illud</strong></span> <span class='ocrx_word' id='word_1_850' title='bbox 3462 4635 3739 4691; x_wconf 80' lang='lat' dir='ltr'><strong>canticum</strong></span> 
     </span>
    </p>
   </div>
   <div class='ocr_carea' id='block_1_109' title="bbox 2148 4723 3739 4796">
    <p class='ocr_par' dir='ltr' id='par_1_109' title="bbox 2148 4723 3739 4796">
     <span class='ocr_line' id='line_1_109' title="bbox 2148 4723 3739 4796; baseline -0.005 -9"><span class='ocrx_word' id='word_1_851' title='bbox 2148 4745 2365 4794; x_wconf 86' lang='lat' dir='ltr'><strong>novum,</strong></span> <span class='ocrx_word' id='word_1_852' title='bbox 2393 4728 2459 4784; x_wconf 89' lang='lat' dir='ltr'><strong>de</strong></span> <span class='ocrx_word' id='word_1_853' title='bbox 2487 4742 2592 4795; x_wconf 88' lang='lat' dir='ltr'><strong>quo</strong></span> <span class='ocrx_word' id='word_1_854' title='bbox 2629 4727 2681 4783; x_wconf 91' lang='lat' dir='ltr'><strong>in</strong></span> <span class='ocrx_word' id='word_1_855' title='bbox 2718 4726 2823 4781; x_wconf 91' lang='lat' dir='ltr'><strong>alio</strong></span> <span class='ocrx_word' id='word_1_856' title='bbox 2866 4726 3072 4796; x_wconf 85' lang='lat' dir='ltr'><strong>psalmo</strong></span> <span class='ocrx_word' id='word_1_857' title='bbox 3112 4724 3305 4779; x_wconf 88' lang='lat' dir='ltr'><strong>dicitur</strong></span> <span class='ocrx_word' id='word_1_858' title='bbox 3333 4741 3347 4778; x_wconf 90' lang='lat'>:</span> <span class='ocrx_word' id='word_1_859' title='bbox 3374 4723 3589 4780; x_wconf 70' lang='lat' dir='ltr'><strong>Caritate</strong></span> <span class='ocrx_word' id='word_1_860' title='bbox 3622 4725 3739 4779; x_wconf 88' lang='lat' dir='ltr'><strong>Do-</strong></span> 
     </span>
    </p>
   </div>
   <div class='ocr_carea' id='block_1_110' title="bbox 2148 4815 3744 4883">
    <p class='ocr_par' dir='ltr' id='par_1_110' title="bbox 2148 4815 3744 4883">
     <span class='ocr_line' id='line_1_110' title="bbox 2148 4815 3744 4883; baseline -0.003 -8"><span class='ocrx_word' id='word_1_861' title='bbox 2148 4822 2286 4875; x_wconf 86' lang='lat' dir='ltr'><strong>mino</strong></span> <span class='ocrx_word' id='word_1_862' title='bbox 2330 4819 2577 4873; x_wconf 82' lang='lat' dir='ltr'><strong>canticum</strong></span> <span class='ocrx_word' id='word_1_863' title='bbox 2621 4833 2821 4883; x_wconf 83' lang='lat' dir='ltr'><strong>nouum,</strong></span> <span class='ocrx_word' id='word_1_864' title='bbox 2875 4825 3071 4871; x_wconf 77' lang='lat' dir='ltr'><strong>cantate</strong></span> <span class='ocrx_word' id='word_1_865' title='bbox 3116 4815 3335 4871; x_wconf 83' lang='lat' dir='ltr'><strong>Domino</strong></span> <span class='ocrx_word' id='word_1_866' title='bbox 3381 4816 3547 4870; x_wconf 83' lang='lat' dir='ltr'><strong>omnis</strong></span> <span class='ocrx_word' id='word_1_867' title='bbox 3598 4826 3744 4871; x_wconf 84' lang='lat' dir='ltr'><strong>terra</strong></span> 
     </span>
    </p>
   </div>
   <div class='ocr_carea' id='block_1_111' title="bbox 2149 4914 3746 4991">
    <p class='ocr_par' dir='ltr' id='par_1_111' title="bbox 2149 4914 3746 4991">
     <span class='ocr_line' id='line_1_111' title="bbox 2149 4914 3746 4991; baseline -0.003 -22"><span class='ocrx_word' id='word_1_868' title='bbox 2149 4915 2319 4991; x_wconf 73' lang='lat' dir='ltr'><strong>(Paul.</strong></span> <span class='ocrx_word' id='word_1_869' title='bbox 2348 4932 2475 4982; x_wconf 83' lang='lat' dir='ltr'><strong>xcv,</strong></span> <span class='ocrx_word' id='word_1_870' title='bbox 2505 4917 2593 4986; x_wconf 80' lang='lat' dir='ltr'><strong>i).</strong></span> <span class='ocrx_word' id='word_1_871' title='bbox 2637 4915 2812 4969; x_wconf 75' lang='lat' dir='ltr'><strong>[labes</strong></span> <span class='ocrx_word' id='word_1_872' title='bbox 2858 4914 2947 4969; x_wconf 90' lang='lat' dir='ltr'><strong>hic</strong></span> <span class='ocrx_word' id='word_1_873' title='bbox 2989 4923 3241 4982; x_wconf 83' lang='lat' dir='ltr'><strong>utraque;</strong></span> <span class='ocrx_word' id='word_1_874' title='bbox 3284 4924 3338 4970; x_wconf 89' lang='lat' dir='ltr'><strong>et</strong></span> <span class='ocrx_word' id='word_1_875' title='bbox 3378 4930 3486 4983; x_wconf 91' lang='lat' dir='ltr'><strong>quo</strong></span> <span class='ocrx_word' id='word_1_876' title='bbox 3522 4918 3746 4969; x_wconf 74' lang='lat' dir='ltr'><strong>cantico</strong></span> 
     </span>
    </p>
   </div>
   <div class='ocr_carea' id='block_1_112' title="bbox 2146 5002 3740 5089">
    <p class='ocr_par' dir='ltr' id='par_1_112' title="bbox 2146 5002 3740 5089">
     <span class='ocr_line' id='line_1_112' title="bbox 2146 5002 3740 5089; baseline -0.005 -25"><span class='ocrx_word' id='word_1_877' title='bbox 2146 5018 2478 5089; x_wconf 76' lang='lat' dir='ltr'><strong>cantaturum</strong></span> <span class='ocrx_word' id='word_1_878' title='bbox 2518 5022 2577 5062; x_wconf 89' lang='lat' dir='ltr'><strong>se</strong></span> <span class='ocrx_word' id='word_1_879' title='bbox 2614 5006 2840 5072; x_wconf 87' lang='lat' dir='ltr'><strong>dixerit,</strong></span> <span class='ocrx_word' id='word_1_880' title='bbox 2872 5014 2925 5060; x_wconf 92' lang='lat' dir='ltr'><strong>et</strong></span> <span class='ocrx_word' id='word_1_881' title='bbox 2954 5006 3008 5060; x_wconf 88' lang='lat' dir='ltr'><strong>in</strong></span> <span class='ocrx_word' id='word_1_882' title='bbox 3040 5004 3192 5074; x_wconf 89' lang='lat' dir='ltr'><strong>cujus</strong></span> <span class='ocrx_word' id='word_1_883' title='bbox 3219 5003 3472 5059; x_wconf 72' lang='lat' dir='ltr'><strong>Ecclesia:</strong></span> <span class='ocrx_word' id='word_1_884' title='bbox 3499 5002 3686 5057; x_wconf 87' lang='lat' dir='ltr'><strong>medio</strong></span> <span class='ocrx_word' id='word_1_885' title='bbox 3719 5025 3740 5063; x_wconf 84' lang='lat'><strong>;</strong></span> 
     </span>
    </p>
   </div>
   <div class='ocr_carea' id='block_1_113' title="bbox 2146 5096 3746 5171">
    <p class='ocr_par' dir='ltr' id='par_1_113' title="bbox 2146 5096 3746 5171">
     <span class='ocr_line' id='line_1_113' title="bbox 2146 5096 3746 5171; baseline -0.003 -14"><span class='ocrx_word' id='word_1_886' title='bbox 2146 5102 2274 5158; x_wconf 86' lang='lat' dir='ltr'><strong>illud</strong></span> <span class='ocrx_word' id='word_1_887' title='bbox 2318 5100 2548 5171; x_wconf 79' lang='lat' dir='ltr'><strong>pertinet</strong></span> <span class='ocrx_word' id='word_1_888' title='bbox 2588 5099 2657 5155; x_wconf 88' lang='lat' dir='ltr'><strong>ad</strong></span> <span class='ocrx_word' id='word_1_889' title='bbox 2697 5114 2895 5155; x_wconf 87' lang='lat' dir='ltr'><strong>novum</strong></span> <span class='ocrx_word' id='word_1_890' title='bbox 2928 5099 3189 5155; x_wconf 85' lang='lat' dir='ltr'><strong>canticum</strong></span> <span class='ocrx_word' id='word_1_891' title='bbox 3210 5138 3225 5164; x_wconf 93' lang='lat'><strong>,</strong></span> <span class='ocrx_word' id='word_1_892' title='bbox 3260 5096 3377 5152; x_wconf 67' lang='lat' dir='ltr'><strong>haec</strong></span> <span class='ocrx_word' id='word_1_893' title='bbox 3405 5096 3473 5151; x_wconf 89' lang='lat' dir='ltr'><strong>ad</strong></span> <span class='ocrx_word' id='word_1_894' title='bbox 3512 5112 3746 5153; x_wconf 80' lang='lat' dir='ltr'><strong>omnem</strong></span> 
     </span>
    </p>
   </div>
   <div class='ocr_carea' id='block_1_114' title="bbox 2146 5189 3749 5262">
    <p class='ocr_par' dir='ltr' id='par_1_114' title="bbox 2146 5189 3749 5262">
     <span class='ocr_line' id='line_1_114' title="bbox 2146 5189 3749 5262; baseline -0.002 -14"><span class='ocrx_word' id='word_1_895' title='bbox 2146 5202 2362 5248; x_wconf 88' lang='lat' dir='ltr'><strong>terram.</strong></span> <span class='ocrx_word' id='word_1_896' title='bbox 2396 5190 2514 5262; x_wconf 87' lang='lat' dir='ltr'><strong>Ipse</strong></span> <span class='ocrx_word' id='word_1_897' title='bbox 2539 5192 2734 5261; x_wconf 82' lang='lat' dir='ltr'><strong>quippe</strong></span> <span class='ocrx_word' id='word_1_898' title='bbox 2757 5199 2934 5246; x_wconf 83' lang='lat' dir='ltr'><strong>cantat</strong></span> <span class='ocrx_word' id='word_1_899' title='bbox 2956 5190 3010 5245; x_wconf 85' lang='lat' dir='ltr'><strong>in</strong></span> <span class='ocrx_word' id='word_1_900' title='bbox 3026 5189 3197 5253; x_wconf 88' lang='lat' dir='ltr'><strong>nobis,</strong></span> <span class='ocrx_word' id='word_1_901' title='bbox 3226 5189 3378 5258; x_wconf 89' lang='lat' dir='ltr'><strong>cujus</strong></span> <span class='ocrx_word' id='word_1_902' title='bbox 3403 5189 3575 5260; x_wconf 81' lang='lat' dir='ltr'><strong>gratia</strong></span> <span class='ocrx_word' id='word_1_903' title='bbox 3596 5203 3749 5245; x_wconf 63' lang='lat' dir='ltr'><strong>cano</strong></span> 
     </span>
    </p>
   </div>
   <div class='ocr_carea' id='block_1_115' title="bbox 2147 5283 3753 5355">
    <p class='ocr_par' dir='ltr' id='par_1_115' title="bbox 2147 5283 3753 5355">
     <span class='ocr_line' id='line_1_115' title="bbox 2147 5283 3753 5355; baseline -0.002 -13"><span class='ocrx_word' id='word_1_904' title='bbox 2147 5297 2341 5352; x_wconf 86' lang='lat' dir='ltr'><strong>tamus,</strong></span> <span class='ocrx_word' id='word_1_905' title='bbox 2369 5286 2509 5341; x_wconf 90' lang='lat' dir='ltr'><strong>sicut</strong></span> <span class='ocrx_word' id='word_1_906' title='bbox 2533 5286 2662 5341; x_wconf 91' lang='lat' dir='ltr'><strong>dicit</strong></span> <span class='ocrx_word' id='word_1_907' title='bbox 2685 5285 2972 5355; x_wconf 87' lang='lat' dir='ltr'><strong>Apostolus</strong></span> <span class='ocrx_word' id='word_1_908' title='bbox 3005 5301 3018 5339; x_wconf 92' lang='lat'><strong>:</strong></span> <span class='ocrx_word' id='word_1_909' title='bbox 3051 5284 3131 5338; x_wconf 74' lang='lat' dir='ltr'><strong>Ast</strong></span> <span class='ocrx_word' id='word_1_910' title='bbox 3156 5283 3306 5338; x_wconf 77' lang='lat' dir='ltr'><strong>vultis</strong></span> <span class='ocrx_word' id='word_1_911' title='bbox 3332 5284 3753 5352; x_wconf 66' lang='lat' dir='ltr'><strong>eaperhnentum</strong></span> 
     </span>
    </p>
   </div>
   <div class='ocr_carea' id='block_1_116' title="bbox 2143 5372 3751 5451">
    <p class='ocr_par' dir='ltr' id='par_1_116' title="bbox 2143 5372 3751 5451">
     <span class='ocr_line' id='line_1_116' title="bbox 2143 5372 3751 5451; baseline -0.002 -19"><span class='ocrx_word' id='word_1_912' title='bbox 2143 5380 2253 5451; x_wconf 81' lang='lat' dir='ltr'><strong>ejus</strong></span> <span class='ocrx_word' id='word_1_913' title='bbox 2274 5378 2503 5448; x_wconf 77' lang='lat' dir='ltr'><strong>accipere</strong></span> <span class='ocrx_word' id='word_1_914' title='bbox 2520 5419 2536 5444; x_wconf 92' lang='lat'><strong>,</strong></span> <span class='ocrx_word' id='word_1_915' title='bbox 2563 5378 2651 5448; x_wconf 83' lang='lat' dir='ltr'><strong>qui</strong></span> <span class='ocrx_word' id='word_1_916' title='bbox 2674 5377 2727 5431; x_wconf 87' lang='lat' dir='ltr'><strong>in</strong></span> <span class='ocrx_word' id='word_1_917' title='bbox 2757 5392 2835 5431; x_wconf 84' lang='lat' dir='ltr'><strong>me</strong></span> <span class='ocrx_word' id='word_1_918' title='bbox 2857 5376 3080 5449; x_wconf 81' lang='lat' dir='ltr'><strong>loquitur</strong></span> <span class='ocrx_word' id='word_1_919' title='bbox 3103 5374 3327 5433; x_wconf 78' lang='lat' dir='ltr'><strong>Christus</strong></span> <span class='ocrx_word' id='word_1_920' title='bbox 3353 5374 3430 5445; x_wconf 89' lang='lat' dir='ltr'><strong>(ll</strong></span> <span class='ocrx_word' id='word_1_921' title='bbox 3452 5372 3571 5427; x_wconf 83' lang='lat' dir='ltr'><strong>Cor.</strong></span> <span class='ocrx_word' id='word_1_922' title='bbox 3596 5389 3697 5429; x_wconf 77' lang='lat' dir='ltr'><strong>xm</strong></span> <span class='ocrx_word' id='word_1_923' title='bbox 3723 5416 3751 5441; x_wconf 83' lang='lat'><strong>,</strong></span> 
     </span>
    </p>
   </div>
   <div class='ocr_carea' id='block_1_117' title="bbox 2144 5465 3751 5545">
    <p class='ocr_par' dir='ltr' id='par_1_117' title="bbox 2144 5465 3751 5545">
     <span class='ocr_line' id='line_1_117' title="bbox 2144 5465 3751 5545; baseline -0.005 -18"><span class='ocrx_word' id='word_1_924' title='bbox 2144 5473 2179 5527; x_wconf 74' lang='lat'><strong>5</strong></span> <span class='ocrx_word' id='word_1_925' title='bbox 2195 5471 2214 5545; x_wconf 95' lang='lat'>)</span> <span class='ocrx_word' id='word_1_926' title='bbox 2233 5472 2255 5526; x_wconf 87' lang='lat'><strong>?</strong></span> <span class='ocrx_word' id='word_1_927' title='bbox 2276 5470 2503 5526; x_wconf 82' lang='lat' dir='ltr'><strong>Medium</strong></span> <span class='ocrx_word' id='word_1_928' title='bbox 2530 5483 2659 5524; x_wconf 88' lang='lat' dir='ltr'><strong>vero</strong></span> <span class='ocrx_word' id='word_1_929' title='bbox 2679 5468 2928 5523; x_wconf 77' lang='lat' dir='ltr'><strong>Ecclesia:</strong></span> <span class='ocrx_word' id='word_1_930' title='bbox 2953 5466 3021 5523; x_wconf 88' lang='lat' dir='ltr'><strong>ad</strong></span> <span class='ocrx_word' id='word_1_931' title='bbox 3043 5466 3383 5527; x_wconf 85' lang='lat' dir='ltr'><strong>eminentiam</strong></span> <span class='ocrx_word' id='word_1_932' title='bbox 3408 5465 3619 5521; x_wconf 89' lang='lat' dir='ltr'><strong>scilicet</strong></span> <span class='ocrx_word' id='word_1_933' title='bbox 3643 5480 3751 5519; x_wconf 80' lang='lat' dir='ltr'><strong>re-</strong></span> 
     </span>
    </p>
   </div>
   <div class='ocr_carea' id='block_1_118' title="bbox 2143 5557 3757 5634">
    <p class='ocr_par' dir='ltr' id='par_1_118' title="bbox 2143 5557 3757 5634">
     <span class='ocr_line' id='line_1_118' title="bbox 2143 5557 3757 5634; baseline -0.006 -13"><span class='ocrx_word' id='word_1_934' title='bbox 2143 5565 2305 5630; x_wconf 86' lang='lat' dir='ltr'><strong>feras,</strong></span> <span class='ocrx_word' id='word_1_935' title='bbox 2323 5572 2379 5619; x_wconf 92' lang='lat' dir='ltr'><strong>et</strong></span> <span class='ocrx_word' id='word_1_936' title='bbox 2392 5562 2457 5618; x_wconf 87' lang='lat' dir='ltr'><strong>ad</strong></span> <span class='ocrx_word' id='word_1_937' title='bbox 2478 5562 2649 5634; x_wconf 87' lang='lat' dir='ltr'><strong>ipsam</strong></span> <span class='ocrx_word' id='word_1_938' title='bbox 2666 5560 3171 5624; x_wconf 83' lang='lat' dir='ltr'><strong>manifestationem,</strong></span> <span class='ocrx_word' id='word_1_939' title='bbox 3186 5557 3313 5629; x_wconf 86' lang='lat' dir='ltr'><strong>quia</strong></span> <span class='ocrx_word' id='word_1_940' title='bbox 3326 5559 3507 5615; x_wconf 86' lang='lat' dir='ltr'><strong>omnia</strong></span> <span class='ocrx_word' id='word_1_941' title='bbox 3525 5566 3757 5626; x_wconf 80' lang='lat' dir='ltr'><strong>quanto</strong></span> 
     </span>
    </p>
   </div>
   <div class='ocr_carea' id='block_1_119' title="bbox 2143 5648 3751 5724">
    <p class='ocr_par' dir='ltr' id='par_1_119' title="bbox 2143 5648 3751 5724">
     <span class='ocr_line' id='line_1_119' title="bbox 2143 5648 3751 5724; baseline -0.005 -12"><span class='ocrx_word' id='word_1_942' title='bbox 2143 5657 2339 5713; x_wconf 88' lang='lat' dir='ltr'><strong>clarius</strong></span> <span class='ocrx_word' id='word_1_943' title='bbox 2367 5663 2490 5710; x_wconf 85' lang='lat' dir='ltr'><strong>nota</strong></span> <span class='ocrx_word' id='word_1_944' title='bbox 2514 5661 2655 5719; x_wconf 90' lang='lat' dir='ltr'><strong>sunt,</strong></span> <span class='ocrx_word' id='word_1_945' title='bbox 2679 5662 2825 5709; x_wconf 83' lang='lat' dir='ltr'><strong>tanto</strong></span> <span class='ocrx_word' id='word_1_946' title='bbox 2840 5652 3009 5724; x_wconf 84' lang='lat' dir='ltr'><strong>magis</strong></span> <span class='ocrx_word' id='word_1_947' title='bbox 3035 5652 3086 5708; x_wconf 90' lang='lat' dir='ltr'><strong>in</strong></span> <span class='ocrx_word' id='word_1_948' title='bbox 3113 5650 3289 5708; x_wconf 89' lang='lat' dir='ltr'><strong>medio</strong></span> <span class='ocrx_word' id='word_1_949' title='bbox 3312 5662 3433 5706; x_wconf 90' lang='lat' dir='ltr'><strong>esse</strong></span> <span class='ocrx_word' id='word_1_950' title='bbox 3457 5648 3751 5718; x_wconf 67' lang='lat' dir='ltr'><strong>dicuntur:</strong></span> 
     </span>
    </p>
   </div>
   <div class='ocr_carea' id='block_1_120' title="bbox 2144 5740 3761 5815">
    <p class='ocr_par' dir='ltr' id='par_1_120' title="bbox 2144 5740 3761 5815">
     <span class='ocr_line' id='line_1_120' title="bbox 2144 5740 3761 5815; baseline -0.004 -10"><span class='ocrx_word' id='word_1_951' title='bbox 2144 5749 2227 5807; x_wconf 89' lang='lat' dir='ltr'><strong>vel</strong></span> <span class='ocrx_word' id='word_1_952' title='bbox 2266 5758 2413 5806; x_wconf 88' lang='lat' dir='ltr'><strong>certe</strong></span> <span class='ocrx_word' id='word_1_953' title='bbox 2440 5746 2506 5804; x_wconf 90' lang='lat' dir='ltr'><strong>ad</strong></span> <span class='ocrx_word' id='word_1_954' title='bbox 2552 5745 2829 5802; x_wconf 89' lang='lat' dir='ltr'><strong>interiores</strong></span> <span class='ocrx_word' id='word_1_955' title='bbox 2861 5743 3130 5815; x_wconf 63' lang='lat' dir='ltr'><strong>Ecclesite,</strong></span> <span class='ocrx_word' id='word_1_956' title='bbox 3158 5741 3281 5815; x_wconf 88' lang='lat' dir='ltr'><strong>quia</strong></span> <span class='ocrx_word' id='word_1_957' title='bbox 3316 5740 3576 5798; x_wconf 83' lang='lat' dir='ltr'><strong>interiora</strong></span> <span class='ocrx_word' id='word_1_958' title='bbox 3604 5752 3761 5799; x_wconf 61' lang='lat' dir='ltr'><strong>sunt</strong></span> 
     </span>
    </p>
   </div>
  </div>
