2061 3175
187 197 238 226 55⁸1

188 253 286 282 media.
302 251 393 287 Neque
402 250 472 278 enim
487 249 573 279 omnis
588 249 634 284 qui
647 248 724 278 labiis
738 253 870 283 personat,
884 253 971 275 cantat

186 299 318 327 canticum
330 305 440 330 novum,
447 295 494 323 sed
501 295 545 330 qui
555 302 588 323 eo
601 294 680 323 modo
691 298 779 322 cantat
791 298 819 321 ut
832 294 972 328 Apostolus

187 346 329 377 admonet,
347 344 440 372 dicens
453 351 460 371 :
477 342 612 371 Cantantes
626 346 650 369 et
668 341 800 377 psallentes
815 340 841 368 in
855 340 972 368 cordibus

185 391 274 420 uestris
298 390 406 418 Domino
423 387 535 426 (Ephes.
551 395 582 421 v,
601 386 657 422 I9).
681 386 752 414 Intus
771 386 842 413 enim
860 389 902 414 est
921 385 971 413 hoc

185 436 322 472 gaudium,
340 434 387 463 ubi
407 441 456 462 vox
477 432 562 461 laudis
574 436 603 460 ct
614 431 716 460 canitur
735 435 762 459 et
779 430 901 464 auditur;
919 438 970 466 qua

187 490 252 509 voce
266 481 385 509 laudatur
395 480 439 515 qui
451 480 533 515 gratis
547 478 674 505 amandus
689 481 729 505 est
744 480 798 504 toto
813 477 901 508 corde,
916 482 969 503 tota

186 528 284 559 anima,
303 531 354 553 tota
376 529 473 557 mente,
494 529 691 557 amatoremquc
709 529 786 550 suum
803 522 922 549 accendit
943 522 969 548 in

186 581 215 599 se
228 573 311 608 gratia
322 572 433 606 Spiritus
447 570 487 597 sui
502 570 585 597 sancti
599 578 605 595 :
617 568 679 604 quid
692 568 763 596 enim
778 567 848 595 aliud
859 572 898 595 est
908 575 970 595 can-

186 618 266 644 ticum
282 625 389 649 novum,
400 623 479 651 quant
494 615 550 642 laus
562 615 625 641 Dei?

220 662 332 690 CAI‘U'I‘
347 662 482 689 XVlll.-—-
491 661 533 688 45.
545 661 662 695 Denique
675 660 801 694 sequitur,
811 664 837 687 et
852 659 902 687 hoc
915 659 968 686 cvi—

186 709 289 736 dentius
303 708 476 735 demonstrat.
492 706 556 733 Cum
570 707 640 733 enim
653 706 771 737 dixisset,
787 705 904 732 Narrabo
921 713 967 731 no-

185 762 243 781 men
263 758 333 780 tuum
353 753 471 787 fratribus
483 752 554 783 meis,
570 752 630 786 quia
645 752 725 778 Deum
747 759 823 778 nemo
839 751 904 777 vidit
918 759 967 777 un-

185 806 273 833 quam,
287 797 333 825 sed
343 798 492 832 unigenitus
500 797 581 823 Filius
592 797 635 831 qui
644 800 685 823 cst
698 796 722 823 in
736 797 794 823 sinu
806 796 900 828 I’atris,
913 796 968 830 ipse

184 844 317 871 enarravit
338 843 424 877 (Joan.
440 850 458 875 ι,
478 843 536 877 l8);
557 847 636 876 atque
651 842 825 876 adjunxissct,
844 842 871 867 in
888 842 968 868 medio

184 888 305 916 Ecclesia
325 889 429 915 cantabo
444 893 466 915 te
482 896 491 915 :
505 888 637 922 quomodo
651 887 775 920 cantavit,
798 887 823 913 id
843 891 893 919 est,
908 887 967 921 quia

183 935 210 963 in
232 935 307 962 nobis
327 935 459 966 cantavit,
483 942 542 961 cum
561 934 711 969 prolicimus
729 934 756 961 in
779 934 884 960 nomine
898 933 967 968 qttod

183 980 302 1007 narravit
314 979 439 1007 fratribus
459 980 531 1012 suis;
553 984 580 1006 et
599 980 659 1014 quia
674 978 775 1006 laudent
792 979 837 1006 Dei
855 979 969 1006 cantavit

183 1026 211 1053 in
226 1026 312 1057 nobis,
327 1027 452 1053 continuo
472 1025 659 1058 ntanil'estavit,
684 1025 783 1058 dicens,
810 1025 859 1057 Qui
878 1026 968 1052 timetis

184 1070 333 1105 Dominum,
348 1071 448 1098 laudate
459 1079 525 1098 eum.
539 1070 603 1104 Quis
617 1075 704 1098 autem
719 1071 847 1098 veraciter
861 1070 947 1097 laudat
958 1089 967 1104 ,

183 1116 235 1144 nisi
258 1117 302 1152 qui
322 1117 460 1144 sinceriter
473 1117 561 1144 amat?
574 1116 749 1144 Tantumdent
763 1123 826 1151 ergo
840 1121 881 1143 est
900 1123 930 1142 ac
946 1116 967 1143 si

185 1162 287 1190 diceret
311 1162 384 1196 :Qui
405 1162 503 1189 timetis
517 1162 672 1194 Domimnn,
697 1166 783 1188 amate
805 1169 877 1188 eum.
896 1161 968 1189 Dixit

183 1209 255 1236 enim
271 1209 375 1241 homini,
397 1209 465 1236 sicut
482 1208 608 1243 scriptum
629 1212 679 1239 est,
700 1207 765 1234 Ecce
783 1207 861 1242 pietas
875 1212 910 1234 est
924 1216 967 1234 sa-

184 1253 278 1288 pientia
292 1252 352 1288 (Job
367 1261 457 1286 xxvnt,
468 1253 513 1285 28,
527 1261 575 1279 sec.
588 1252 679 1287 LXX).
694 1252 777 1279 Porro
790 1253 872 1287 pietas
883 1252 968 1279 cultus

185 1299 232 1326 Dei
242 1303 293 1331 est,
308 1306 358 1326 nec
370 1298 466 1325 colitur
477 1299 520 1326 ille
535 1298 583 1325 nisi
596 1298 719 1325 amando.
733 1298 840 1325 Summa
855 1298 931 1332 igitur
942 1302 969 1324 et

184 1352 246 1372 vera
260 1345 387 1379 sapientia
401 1348 441 1372 est
455 1345 482 1372 in
498 1350 629 1380 pratccpto
640 1345 684 1371 illo
695 1344 790 1379 primo,
805 1342 901 1379 Diliges
913 1343 967 1370 Do-

183 1391 279 1417 minum
294 1390 375 1418 Deum
392 1395 462 1417 tuum
479 1398 510 1417 ea:
528 1395 579 1417 toto
589 1390 664 1416 corde
678 1394 729 1421 tuo,
741 1395 764 1416 et
775 1397 805 1415 ea:
819 1394 870 1415 tota
885 1389 968 1415 anima

184 1442 227 1463 tua
239 1437 343 1471 (Matth.
358 1444 424 1469 ml,
437 1436 481 1470 5'7)
497 1445 502 1462 ε
520 1444 549 1463 ac
563 1444 611 1472 per
623 1436 672 1463 hoc
686 1436 812 1470 sapientia
828 1441 868 1462 est
882 1435 969 1462 citari—

184 1487 224 1510 tas
243 1483 303 1514 Dei;
319 1491 368 1510 nec
380 1483 534 1510 diﬁ‘unditur
549 1483 574 1509 in
591 1483 714 1509 cordibus
729 1483 835 1513 nostris,
852 1482 901 1508 nisi
922 1489 968 1516 per

183 1528 309 1563 Spiritum
324 1533 442 1555 sanctum
462 1529 506 1563 qui
529 1528 604 1555 datus
625 1532 666 1555 est
690 1528 765 1555 nobis
788 1527 873 1562 (Rom.
887 1536 912 1559 v,
928 1528 967 1556 5i.

183 1574 287 1600 Initittm
300 1578 386 1600 autent
398 1574 532 1608 sapientia:
544 1574 622 1600 timor
633 1573 736 1600 Domini
750 1573 834 1607 (Psal.
845 1581 891 1605 cx,
904 1572 947 1604 I0)
959 1581 966 1598 :

182 1624 209 1646 et
224 1620 303 1646 timor
316 1628 366 1646 non
383 1624 422 1646 est
437 1620 462 1646 in
485 1619 612 1646 charitate
624 1640 631 1653 ,
653 1618 700 1646 sed
723 1619 837 1653 perfecta
853 1618 968 1645 charitas

183 1664 254 1691 foras
272 1664 352 1691 mittit
373 1665 493 1691 timorem
514 1665 538 1701 (Ι
552 1665 628 1691 Joan.
645 1672 680 1697 tv,
696 1665 750 1699 i8).
771 1664 883 1691 Proinde
899 1672 967 1698 pra:-

182 1710 281 1736 missus
298 1710 375 1737 timor
389 1710 414 1737 in
428 1718 474 1737 cor
487 1714 619 1743 austrum,
642 1710 713 1745 pellit
728 1709 788 1737 inde
802 1709 968 1736 consuetudi-

184 1762 246 1781 nem
269 1755 394 1782 malorum
414 1763 541 1790 Operum,
566 1760 591 1782 et
610 1759 698 1782 servat
718 1755 838 1781 charitali
861 1755 967 1786 locum,

184 1808 238 1835 qua
262 1805 383 1836 tanquam
406 1802 511 1828 domina
526 1802 658 1835 veniente,
675 1806 702 1828 ut
721 1801 763 1827 illa
784 1801 891 1834 insidat,
905 1801 967 1828 abs-

182 1845 263 1873 cedit.

218 1891 264 1918 bﬁ.
287 1891 358 1926 Ergo
378 1891 420 1926 qui
441 1892 530 1919 timetis
548 1891 702 1924 Dominum,
726 1892 826 1918 laudate
844 1899 900 1918 euut
918 1895 968 1918 :ut

183 1936 267 1964 Deum
290 1945 341 1964 non
365 1938 494 1965 serviliter
515 1938 561 1964 sed
583 1938 666 1965 libere
686 1938 787 1970 colatis,
805 1944 865 1964 eum
878 1944 967 1964 amare

183 1982 277 2009 discite
290 1990 366 2017 quem
379 1983 485 2016 timetis,
494 1988 521 2010 et
535 1984 654 2017 poteritis
666 1982 772 2010 laudare
782 1983 851 2017 quod
862 1982 965 2009 amatis.

183 2027 317 2055 Timentes
335 2029 404 2055 enim
425 2029 507 2056 Dcutn
526 2029 646 2056 homines
668 2029 769 2056 Veteris
786 2028 945 2056 Testamenti
958 2049 965 2060 ,

183 2079 291 2108 propter
314 2074 426 2101 litteram
451 2078 592 2102 terrentem
614 2079 640 2102 et
653 2074 833 2106 occidentem,
851 2074 966 2101 nondum

184 2118 312 2145 habentes
326 2119 450 2154 Spiritum
463 2120 635 2146 viviﬁcantem
651 2120 689 2154 (II
701 2119 758 2147 Cor.
772 2127 810 2152 ιιι,
823 2119 861 2155 6),
876 2127 966 2146 curre—

183 2163 247 2190 bant
260 2172 319 2191 cum
334 2165 468 2192 sacriﬁciis
481 2165 514 2191 ad
530 2165 671 2199 templum;
687 2170 714 2192 et
727 2165 847 2200 quamvis
861 2165 886 2191 in
900 2165 966 2199 ﬁgu-

182 2216 239 2235 ram
264 2209 342 2236 l'uturi
364 2210 498 2244 sanguinis
519 2218 571 2244 quo
597 2209 727 2245 redempti
748 2217 856 2242 sumus,
880 2215 965 2236 tamen

182 2254 330 2282 nescientes
342 2255 403 2290 quid
414 2264 460 2290 per
471 2263 517 2283 eas
530 2256 748 2291 praeﬁguraretur.
760 2261 883 2283 cruentas
893 2256 968 2283 victi-

182 2308 239 2328 mas
254 2301 433 2329 innnolabant.
457 2302 531 2330 Nunc
551 2310 613 2330 vero
635 2303 660 2329 in
682 2303 764 2338 gratia
788 2303 852 2330 Novi
873 2304 967 2331 Testa—

183 2347 277 2378 menti,
289 2347 332 2382 qui
342 2348 432 2374 timetis
444 2347 588 2380 Dominum,
604 2348 705 2375 laudate
719 2357 785 2375 eum.
800 2348 857 2383 Ipse
871 2349 967 2383 quippe

183 2391 210 2418 in
223 2391 276 2418 alio
289 2392 399 2427 psalmo,
414 2394 456 2420 illa
473 2394 595 2420 mutanda
609 2395 786 2428 prienuntians
799 2402 856 2429 quae
870 2399 930 2422 tunc
940 2395 966 2422 in

184 2437 275 2464 umbra
290 2438 367 2465 futuri
381 2438 573 2473 olle-rebantur,
591 2439 649 2466 Non
664 2440 801 2474 accipiam,
823 2440 921 2475 inquit,
936 2441 967 2467 de

183 2489 261 2508 manu
280 2487 323 2509 tua
345 2484 445 2515 vitulos,
469 2493 548 2518 neque
571 2485 601 2511 dc
621 2486 734 2519 gregibus
755 2486 804 2512 tuis
821 2486 913 2512 hircos.
935 2486 967 2512 Et

183 2527 263 2562 paulo
274 2532 343 2562 post.
352 2533 381 2556 ut
388 2529 539 2556 ostenderet
549 2529 705 2557 Sacriﬁcium
715 2530 781 2557 Novi
792 2530 965 2564 Testamenti,

183 2573 290 2608 quando
311 2574 354 2601 illa
378 2574 481 2602 fuerant
501 2579 645 2607 cessatura,
660 2574 780 2608 Immola,
796 2575 890 2612 inquit,
913 2575 967 2603 Deo

183 2619 337 2654 sacriﬁcium
352 2620 445 2653 laudis,
468 2625 491 2648 et
512 2620 589 2647 redde
608 2620 735 2648 Altissinto
755 2625 812 2648 uota
828 2626 880 2648 tua.
895 2621 928 2648 Et
941 2622 966 2649 in

184 2664 237 2692 ﬁne
250 2665 369 2699 ejusdem
385 2666 489 2701 psalmi,
504 2666 672 2701 Sacriﬁcium.
686 2666 779 2701 inquit,
795 2667 878 2694 laudis
890 2667 968 2702 glori-

185 2711 269 2746 ﬁcabit
288 2720 346 2745 me;
361 2717 385 2740 et
400 2713 454 2740 illic
467 2713 508 2740 uia
522 2717 574 2745 est,
596 2721 646 2747 qua
664 2712 793 2740 ostendam
809 2713 848 2740 illi
860 2714 969 2741 salutare

184 2765 268 2785 mm
282 2757 368 2793 (Psul.
379 2766 451 2792 ms.
461 2758 489 2791 9,
505 2759 549 2792 Ib,
564 2758 621 2795 25).
641 2758 760 2787 Salutem
781 2758 827 2787 Dei
847 2758 969 2787 Christus

183 2807 238 2835 est,
254 2811 333 2839 quem
348 2804 474 2833 infantem
488 2805 596 2834 Simeon
611 2812 692 2833 senes
705 2812 765 2833 cum
778 2806 928 2841 agnovisset
942 2806 968 2834 iu

185 2848 293 2885 spiritu,
306 2857 421 2886 eumque
432 2851 588 2886 sumspisset
597 2851 623 2879 in
638 2859 742 2885 manus,
758 2851 835 2880 Num:
846 2852 950 2880 dimittis
960 2874 968 2885 ,

174 2888 280 2930 'inquit,
295 2895 410 2931 Domine,
422 2904 519 2925 servum
534 2901 612 2932 tuum,
626 2897 761 2926 secundum
781 2898 880 2926 verbum
899 2902 967 2926 tuum

778 191 1011 220 EI‘ISTOLARUM
1030 191 1164 222 CLASSIS
1178 194 1219 222 III.

1756 203 1808 230 558

1024 249 1051 276 in
1073 258 1148 285 pace;
1169 251 1286 282 quoniam
1309 253 1423 281 uiderunt
1443 255 1511 283 oculi
1531 256 1580 283 nui
1602 257 1713 285 salutare
1734 264 1805 286 tua».

1025 297 1098 333 (Luc.
1112 307 1141 332 tt,
1155 299 1200 333 29,
1211 299 1267 335 30).

1058 343 1171 372 CAPUT
1183 344 1253 372 XIX.
1260 361 1296 366 —
1303 347 1347 374 47.
1363 346 1413 380 Qui
1421 347 1512 376 tinutis
1521 356 1584 385 ergo
1595 349 1738 383 Durnium,
1748 350 1807 378 lau—

1023 388 1082 416 date
1090 397 1147 416 sum
1154 398 1162 421 ;
1170 390 1311 418 uniuersam
1320 400 1403 419 semen
1409 392 1499 427 Iacob,
1508 395 1667 430 magni/iam
1673 404 1738 423 eum.
1747 396 1805 424 Non

1022 439 1098 462 vacat
1119 436 1189 471 quod
1209 436 1234 464 ei
1252 444 1306 464 non
1319 437 1417 465 sufﬁcit
1429 438 1534 472 dicere,
1549 448 1634 467 senisu
1648 439 1740 475 Iacob,
1755 442 1805 469 nisi

1023 481 1133 510 adderet
1149 483 1311 517 animum;
1322 492 1357 512 ne
1369 485 1395 512 in
1406 485 1473 513 solis
1484 486 1523 514 eis
1537 486 1726 523 intelligeretur
1737 508 1744 520 ,
1760 490 1805 524 qui

1022 534 1055 555 ex
1077 527 1201 556 Israelitis
1223 529 1329 557 fuerant
1351 531 1487 559 credituri.
1512 532 1609 561 Semen
1630 534 1700 561 enim
1723 533 1806 562 Jacob

1022 572 1107 607 ipsum
1121 578 1163 601 est
1183 581 1276 602 semen
1295 575 1421 609 Abrahae;
1443 577 1565 606 omnibus
1583 583 1672 606 autem
1687 579 1714 606 in
1726 579 1804 607 Chri-

1021 622 1090 646 stum
1100 619 1279 653 credentibus,
1291 628 1344 648 non
1354 621 1416 649 solis
1425 623 1469 657 qui
1481 630 1513 650 ex
1528 623 1607 651 Israel
1616 624 1707 653 ﬁdeles
1714 629 1801 658 erant,

1020 663 1162 698 Apostolus
1173 665 1237 692 dicit
1250 674 1257 692 :
1273 665 1341 701 Ergo
1360 667 1468 695 Abralun
1479 676 1562 696 semen
1577 669 1646 703 estis,
1665 669 1804 697 secundum

1020 710 1210 744 promissionem
1219 711 1329 739 Ita-redeo
1336 711 1434 747 (Galat.
1446 721 1484 746 ιιι,
1492 714 1551 749 29).
1563 714 1599 742 ibi
1611 722 1815 751 namquecomm

1020 755 1177 782 memoravit
1195 756 1432 791 praeﬁgurationem
1454 758 1522 786 Novi
1542 759 1714 793 Testamenti,
1729 761 1755 788 in
1770 768 1802 789 eo

1019 799 1089 834 quod
1102 800 1229 835 scripturn
1243 806 1294 835 est,
1307 801 1341 829 In
1350 800 1429 830 "Isaac
1437 804 1563 831 ambitur
1572 804 1615 832 tibi
1623 813 1705 832 sem
1714 805 1802 842 (Rom.

1019 851 1060 877 ts,
1076 844 1120 880 7);
1138 852 1193 873 non
1206 846 1295 882 utique
1308 848 1334 875 in
1348 847 1454 882 Ismuel,
1468 849 1571 877 ancillae
1585 850 1649 878 ﬁlio.
1664 851 1695 879 In
1708 852 1816 886 quibus-

1019 890 1122 929 duobus
1134 891 1195 920 ﬁliis
1207 892 1332 927 Abrahae,
1344 901 1433 929 servo,
1447 899 1476 923 et
1488 895 1583 930 libero,
1595 900 1623 924 et
1632 896 1735 925 duabus
1746 905 1802 925 mu-
1815 920 1817 922 μ

1020 934 1137 969 Iieribus,
1152 937 1246 965 ancilla
1255 958 1263 971 ,
1278 942 1306 966 et
1317 938 1418 971 libera.
1432 940 1553 968 scribens
1565 940 1599 968 ad
1613 940 1736 974 Galatas,
1751 942 1804 970 duo

1018 980 1187 1009 Testamenta
1201 982 1266 1011 dicit
1278 983 1304 1011 in
1321 984 1446 1020 allegoria
1467 985 1634 1021 pmﬁgurats
1650 986 1748 1023 (Galat.
1763 995 1802 1021 tv,

1018 1024 1125 1061 22-24).
1138 1026 1215 1055 Unde
1221 1027 1295 1060 dicit,
1307 1028 1367 1056 Non
1375 1029 1418 1064 qui
1427 1029 1476 1064 ﬁlii
1484 1031 1578 1065 cumis,
1588 1031 1607 1058 ii
1615 1036 1675 1059 sunt
1684 1032 1731 1066 ﬁlii
1743 1031 1803 1065 Dei;

1018 1071 1063 1098 sed
1075 1070 1124 1105 ﬁlii
1134 1073 1306 1107 promissionis
1316 1074 1471 1110 deputantur
1477 1076 1504 1103 in
1511 1077 1615 1104 sentiae.
1624 1076 1805 1105 Promissionis

1018 1116 1085 1144 enim
1099 1116 1198 1144 verbum
1213 1118 1260 1145 hoc
1271 1123 1306 1146 est
1322 1126 1332 1146 :
1344 1119 1385 1146 Ad
1403 1120 1451 1147 Iioc
1465 1125 1563 1156 tempus
1581 1122 1679 1149 veniam
1688 1142 1696 1156 ,
1718 1127 1743 1151 st
1757 1123 1804 1150 erit

1019 1161 1094 1190 Sorte
1105 1163 1175 1198 ﬁlius
1189 1163 1276 1201 (Rom.
1288 1172 1330 1199 ιι,
1342 1166 1370 1200 8,
1383 1165 1447 1194 (ἔθη.
1458 1174 1534 1200 svnt,
1547 1167 1602 1204 ~10).

1054 1208 1099 1235 68.
1113 1208 1222 1236 Multum
1241 1213 1283 1237 est
1302 1214 1330 1238 et
1350 1210 1429 1239 nimis
1449 1212 1557 1247 longum
1578 1212 1719 1248 diligenter
1737 1221 1804 1242 enu-

1019 1252 1106 1281 cleare
1117 1260 1166 1281 cur
1176 1255 1222 1282 lilii
1234 1256 1415 1290 promissionis
1426 1258 1589 1292 pertinentes
1600 1258 1635 1286 ad
1646 1259 1727 1292 Isaae,
1738 1258 1805 1289 Novi

1019 1297 1183 1327 Testamenti
1195 1301 1287 1335 gratia:
1300 1301 1469 1336 deputentur.
1487 1302 1607 1331 Breviter
1619 1308 1708 1332 tamen
1721 1305 1804 1333 attin-

1019 1350 1090 1378 gam,
1104 1344 1174 1372 unde
1188 1349 1261 1373 tanto
1275 1346 1433 1375 fructuosius
1446 1348 1584 1382 cogitabis,
1599 1353 1699 1384 quanto
1722 1350 1806 1386 magis

1020 1389 1063 1424 pie
1075 1390 1240 1425 cogitaveris.
1256 1391 1313 1419 Non
1326 1392 1414 1419 omnia
1427 1392 1498 1420 Deus
1510 1400 1569 1428 quas
1589 1394 1718 1429 praedicit,
1740 1403 1805 1430 pro-

1021 1435 1117 1468 mittit;
1133 1436 1253 1472 prasdieit
1265 1437 1334 1464 enim
1350 1438 1428 1465 etiam
1444 1438 1488 1465 illa
1503 1446 1563 1473 qua:
1582 1447 1634 1466 non
1650 1440 1706 1475 ipse
1721 1440 1782 1468 facit
1795 1459 1803 1473 ,

1019 1481 1080 1516 quia
1094 1486 1136 1509 est
1149 1482 1267 1509 omnium
1282 1483 1406 1517 praiscius
1426 1482 1583 1512 futurorum.
1604 1484 1726 1514 Prtedicit
1738 1494 1803 1522 ergo

1021 1530 1048 1554 et
1057 1531 1164 1561 peccata
1174 1526 1311 1554 hominum
1322 1537 1328 1559 ;
1341 1536 1399 1563 qua:
1409 1529 1491 1563 potuit
1502 1530 1634 1564 praescire,
1643 1538 1694 1557 non
1705 1530 1803 1560 facere.

1019 1570 1152 1599 Promittit
1162 1577 1250 1599 autem
1264 1580 1322 1608 qute
1337 1572 1394 1607 ipse
1409 1573 1525 1601 facturus
1537 1578 1595 1607 est;
1610 1582 1659 1603 nec
1670 1583 1701 1603 ea
1716 1577 1782 1603 mala
1795 1597 1804 1610 ,

1019 1617 1065 1644 sed
1079 1617 1157 1644 bona.
1171 1616 1235 1651 Quis
1248 1618 1318 1645 enim
1332 1619 1462 1652 promittit
1480 1619 1567 1646 mala?
1580 1619 1705 1653 Quamvis
1717 1621 1806 1656 itaque

1018 1662 1088 1690 mala
1101 1662 1197 1690 inferat
1211 1663 1298 1696 malis,
1310 1671 1362 1691 non
1374 1670 1490 1700 peccata,
1504 1665 1551 1692 sed
1563 1666 1707 1701 supplicia;
1721 1667 1805 1694 mina-

1020 1711 1062 1734 tur
1075 1711 1163 1735 tamen
1176 1715 1207 1735 ea
1226 1708 1313 1743 potius
1336 1716 1414 1743 quam
1438 1710 1575 1744 promittit.
1591 1709 1684 1738 Omnia
1697 1711 1805 1747 largitur

1019 1757 1046 1781 et
1061 1754 1182 1788 pricscit;
1197 1754 1243 1781 sed
1258 1759 1364 1789 peccata
1384 1756 1512 1790 prtcdicit,
1528 1756 1656 1791 supplicia
1669 1756 1784 1785 minatur
1795 1777 1804 1790 ,

1019 1798 1147 1826 beneﬁcia
1159 1799 1307 1833 pollicetur.
1319 1799 1378 1827 Filii
1392 1807 1455 1835 ergo
1471 1801 1661 1835 promissionis,
1680 1801 1725 1829 lilii
1744 1808 1805 1830 sunt

1019 1843 1150 1871 beneﬁcii.
1165 1843 1227 1871 Ilatc
1240 1848 1280 1871 est.
1293 1844 1388 1879 gratia,
1402 1853 1461 1879 qua:
1472 1845 1552 1880 gratis
1565 1845 1652 1879 datur,
1673 1854 1726 1873 non
1746 1855 1805 1874 me-

1019 1890 1077 1917 ritis
1089 1889 1234 1925 operantis,
1244 1889 1290 1917 sed
1299 1890 1470 1918 miseratione
1483 1890 1616 1919 donantis.
1630 1891 1697 1919 llinc
1708 1892 1806 1927 gratias

1018 1936 1121 1971 agimus
1136 1935 1247 1962 Domino
1262 1935 1317 1963 Deo
1329 1940 1432 1969 nostro,
1446 1936 1516 1971 quod
1528 1940 1570 1964 est
1583 1944 1706 1972 magnum
1719 1944 1806 1965 sacra-

1020 1986 1138 2009 mentum
1154 1981 1179 2008 in
1195 1981 1325 2009 sacriﬁcio
1348 1981 1413 2010 Novi
1432 1982 1609 2016 Testamenti,
1623 1983 1692 2018 quod
1706 1983 1765 2017 ubi,
1779 1989 1806 2011 et

1019 2026 1133 2063 quando,
1146 2030 1173 2054 et
1184 2026 1316 2061 quomodo
1328 2026 1464 2059 oii'eratur,
1478 2034 1539 2054 cum
1552 2026 1633 2054 fueris
1647 2026 1803 2062 baptizatus.

1019 2072 1146 2099 invenies.

1055 2118 1168 2146 CAPUT
1178 2118 1236 2146 XX.
1245 2132 1279 2138 -—
1288 2117 1330 2145 49.
1345 2117 1443 2145 Deinde
1451 2118 1570 2152 sequitur
1577 2122 1604 2145 et
1612 2118 1677 2146 dicit
1687 2127 1695 2146 :
1708 2118 1804 2146 Timent

1020 2172 1078 2191 eum
1087 2172 1160 2191 omne
1171 2172 1254 2191 semen
1262 2162 1355 2191 Israel.
1366 2164 1414 2197 Qui
1424 2163 1507 2192 Iacob
1518 2164 1574 2199 ipse
1584 2170 1611 2192 et
1623 2164 1718 2198 Israel,
1736 2173 1804 2194 unus

1020 2209 1101 2237 homo
1115 2214 1171 2237 erat
1183 2230 1191 2242 ,
1205 2210 1305 2237 habens
1317 2209 1371 2236 duo
1384 2209 1501 2242 nomina,
1517 2217 1569 2237 non
1582 2210 1608 2237 in
1621 2204 1702 2246 parvo
1714 2219 1805 2238 sacra-

1019 2260 1110 2284 mento
1124 2264 1131 2282 :
1147 2255 1193 2283 sed
1209 2263 1261 2283 uno
1274 2255 1341 2283 libro
1350 2263 1403 2283 non
1417 2260 1527 2291 possunt
1538 2256 1589 2283 diei
1600 2257 1699 2291 omnia,
1715 2257 1742 2284 in
1752 2265 1806 2294 quo

1018 2301 1073 2337 jam
1085 2302 1198 2329 multum
1212 2302 1343 2337 progressi
1357 2309 1458 2336 sumus,
1474 2306 1502 2329 et
1515 2302 1631 2329 nondum
1643 2303 1676 2330 de
1686 2303 1744 2331 aliis
1757 2304 1805 2332 tri-

1020 2346 1070 2374 bus
1081 2346 1270 2382 qumstionibus
1282 2346 1380 2381 aliquid
1392 2347 1524 2379 diximus;
1536 2346 1586 2374 hoc
1595 2352 1636 2374 est
1644 2348 1678 2375 de
1688 2349 1805 2376 tenebris

1019 2391 1212 2423 exterioribus;
1227 2395 1254 2418 et
1274 2391 1411 2418 latitudine
1424 2396 1450 2418 et
1462 2391 1642 2427 longitudine,
1665 2393 1804 2421 altitudine

1019 2442 1046 2465 et
1067 2437 1212 2472 profundo;
1235 2442 1263 2464 et
1284 2436 1317 2464 de
1338 2436 1453 2471 quinque
1472 2442 1499 2465 et
1516 2438 1632 2472 quinque
1651 2438 1804 2473 virginibus.

1019 2482 1095 2517 Quod
1109 2489 1173 2517 ergo
1187 2482 1253 2509 dixit
1266 2488 1356 2516 supra,
1378 2482 1519 2508 universum
1540 2490 1623 2509 semen
1644 2481 1742 2515 Iacob,
1763 2482 1807 2510 hic

1019 2532 1214 2563 consequenter
1227 2527 1274 2561 ait,
1293 2535 1366 2554 omne
1379 2535 1462 2554 semen
1476 2526 1566 2554 Israel.
1586 2528 1639 2555 Sed
1659 2536 1742 2563 quare
1759 2536 1806 2555 su-

1020 2575 1118 2610 perius,
1131 2574 1289 2610 magniﬁcam
1299 2582 1364 2606 eum,
1376 2577 1404 2600 et
1416 2574 1558 2609 posterius,
1571 2574 1657 2601 timeat
1664 2576 1741 2603 eum?
1752 2575 1807 2603 Ma-

1019 2620 1154 2656 gniﬁcatio
1168 2620 1238 2647 laudi
1250 2620 1388 2655 congruit;
1408 2619 1440 2647 de
1455 2627 1506 2655 qua
1527 2619 1639 2652 dixerat,
1655 2620 1705 2654 Qui
1717 2619 1815 2650 timetis

1022 2666 1169 2698 Dominum,
1180 2665 1282 2693 laudate
1294 2674 1351 2693 eum
1365 2673 1374 2693 :
1388 2665 1457 2693 unde
1470 2666 1523 2700 jam
1537 2666 1619 2694 multa
1632 2666 1755 2695 disserui;
1769 2668 1807 2697 Ibi

1020 2714 1118 2749 quippe
1138 2720 1214 2740 amor
1235 2711 1276 2739 vel
1298 2711 1414 2739 charilas
1437 2710 1494 2745 Dei,
1519 2720 1578 2747 qua:
1599 2712 1716 2749 perfecta
1738 2714 1809 2743 [οι-ιε

1023 2760 1104 2787 mittit
1125 2760 1257 2786 timorem.
1278 2758 1333 2786 Cur
1346 2765 1410 2793 ergo
1424 2758 1530 2789 lterum.
1551 2758 1649 2787 Timeat
1666 2769 1723 2788 eum
1737 2770 1811 2789 omne

1023 2804 1124 2832 Israel?
1137 2803 1197 2832 Non
1207 2804 1274 2831 enim
1286 2803 1425 2839 accepistis,
1434 2803 1520 2838 inquit
1528 2803 1680 2839 Apostolus,
1692 2806 1810 2841 spiritum

1020 2850 1146 2880 servitutis
1151 2850 1239 2877 iterum
1244 2849 1272 2877 in
1282 2849 1370 2876 timore
1378 2848 1465 2884 (Rom.
1478 2856 1534 2881 vni,
1543 2849 1599 2885 15).
1607 2849 1658 2878 Sed
1668 2850 1737 2879 idem
1746 2859 1811 2887 apo‘

1022 2897 1105 2925 etolus
1121 2895 1237 2923 oleastro
1256 2894 1356 2922 inserto
1375 2893 1402 2921 in
1420 2893 1516 2922 olivam
1536 2894 1659 2923 timorem
1678 2896 1811 2933 praecipit,
