4014 6338
513 366 624 422 559

515 481 617 536 hoc
636 476 716 537 est
737 480 999 538 Gentibus
1012 477 1205 535 additis
1227 477 1388 532 radici
1411 478 1451 532 Α
1462 476 1701 542 braham,
1723 475 1884 538 Isaac,
1906 474 2090 540 Jacob,

515 583 649 628 utet
675 574 804 644 ipsa:
835 573 1025 628 ﬁerent
1047 571 1229 636 Israel,
1259 570 1311 625 id
1341 569 1797 639 cst,~pcrtinercut
1820 566 1886 622 ad
1911 581 2095 622 semen

517 664 746 720 Abrahae
777 664 951 737 (Rom.
976 679 1054 730 ιι,
1081 662 1296 732 17-20).

557 756 673 818 50.
701 756 870 824 Quam
898 755 1240 810 insertionem
1267 753 1504 820 oleastri,
1528 752 1638 823 jam
1667 751 1952 823 amputatis
1973 767 2094 821 pro-

512 859 631 920 pter
659 849 986 914 inﬁdelitatis
1026 847 1328 917 superbiam
1355 847 1684 903 naturalibus
1713 848 1895 916 ramis,
1934 847 2095 903 etiam

517 942 634 1011 ipse
657 940 915 996 Dominus
943 940 995 994 in
1026 939 1314 1009 Evangelia
1344 939 1608 1010 prtedixit,
1637 940 1920 1017 occasione
1951 939 2096 994 illius

512 1033 851 1090 Centurionis
893 1033 984 1103 qui
1023 1033 1074 1087 in
1114 1047 1237 1088 eum
1265 1047 1330 1088 ex
1359 1031 1620 1088 Gentibus
1656 1033 1902 1088 credidit.
1944 1032 2095 1088 Tunc

511 1127 777 1192 enimait,
804 1125 971 1180 Amen.
984 1125 1098 1182 dico
1121 1125 1278 1190 vobis,
1306 1131 1408 1179 non
1432 1126 1598 1180 inveni
1617 1135 1812 1180 tantum
1855 1125 2006 1194 ﬁdem
2039 1126 2094 1180 in

497 1217 778 1274 -‘lsracl:et
802 1217 1062 1289 adjnnxit,
1077 1215 1204 1271 Ideo
1217 1217 1329 1272 dico
1347 1217 1484 1272 vobis
1509 1219 1627 1288 quia
1655 1218 1802 1272 multi
1819 1219 1882 1272 ab
1906 1219 2096 1272 oriente

508 1311 830 1366 ctoccidcnte
867 1313 1080 1374 venient,
1105 1321 1152 1366 et
1185 1311 1467 1366 recumbent
1491 1327 1612 1365 eum
1635 1311 1908 1376 Abraham,
1941 1309 2093 1365 Isaac

508 1411 557 1456 et
569 1401 730 1457 Iacob
747 1403 800 1456 in
827 1419 984 1472 regno
1009 1403 1248 1457 calorum
1272 1418 1290 1456 :
1311 1402 1407 1472 ﬁlii
1432 1412 1597 1456 autem
1613 1403 1755 1473 regni
1771 1403 1910 1456 ibunt
1933 1403 1986 1456 in
2015 1412 2092 1457 te-

509 1493 689 1548 nebras
719 1495 1018 1559 exteriores;
1043 1493 1151 1547 illic
1173 1493 1508 1564 eritploratio
1532 1503 1578 1548 et
1609 1492 1797 1548 stridor
1821 1493 2047 1548 dentium
2073 1510 2092 1548 :

509 1588 582 1642 ita
607 1586 913 1658 signiﬁcans
945 1585 1111 1642 inseri
1141 1586 1431 1642 oleastrum
1460 1594 1675 1656 propter
1701 1585 2087 1652 humilitatem;

505 1682 716 1737 dixerat
739 1682 935 1752 quippe
976 1680 1064 1736 ille
1092 1680 1343 1735 Centurio
1364 1721 1378 1745 ,
1411 1677 1533 1734 Non
1569 1696 1681 1733 sum
1713 1680 1894 1750 dignus
1919 1688 1973 1733 ut
1999 1680 2091 1733 sub

505 1781 688 1828 tectum
716 1788 882 1826 meum
907 1773 1104 1836 intres;
1123 1772 1213 1826 sed
1237 1781 1432 1825 tantum
1456 1771 1538 1825 die
1561 1771 1727 1836 uerbo,
1759 1779 1805 1824 ct
1831 1771 2091 1826 sanabitur

507 1879 633 1934 pater
669 1878 806 1918 meus
830 1862 1043 1934 (Matth.
1079 1877 1189 1929 VIII,
1218 1861 1403 1933 842);
1455 1861 1874 1917 contractionem
1910 1871 2088 1916 autem

505 1971 774 2013 ramorum
815 1955 1132 2012 naturalium
1175 1949 1391 2026 propter
1415 1954 1742 2026 superbiam,
1772 1955 1975 2010 scilicet
1999 1969 2090 2008 eo.

504 2059 621 2106 rum
656 2051 745 2121 qui
785 2050 1089 2121 ignorantes
1129 2049 1222 2104 Dei
1258 2048 1540 2119 justitiam,
1582 2056 1637 2104 et
1673 2063 1824 2103 suam
1852 2048 2088 2104 volentes

505 2145 852 2211 constituere,
874 2142 1096 2214 iustitia:
1113 2142 1206 2197 Dei
1231 2156 1334 2197 non
1355 2151 1480 2196 sunt
1494 2141 1716 2211 subjecti
1739 2140 1912 2214 (Rom.
1931 2158 1984 2208 x,
2008 2141 2098 2212 5).

504 2238 582 2292 De
626 2237 692 2292 iis
730 2236 925 2307 quippe
953 2249 1089 2289 vana
1124 2233 1355 2290 elatione
1397 2235 1724 2289 tumentibus
1763 2233 1959 2288 dictum
2006 2241 2089 2288 est

503 2329 647 2400 quod
675 2327 823 2383 ibunt
848 2329 899 2382 in
927 2327 1172 2383 tenebras
1196 2327 1508 2389 exteriores,
1544 2326 1632 2396 qui
1656 2326 1918 2396 jactantes
1938 2341 1997 2381 se
2021 2325 2088 2381 de

504 2419 712 2476 semine
751 2415 1015 2485 Abrahae,
1061 2432 1244 2474 semen
1281 2418 1512 2473 Abrahae
1541 2417 1655 2472 ﬁcri
1683 2417 1963 2472 noluerunt
1987 2460 2001 2483 ,
2029 2427 2089 2473 ut

502 2518 689 2568 essent
712 2509 803 2564 ﬁlii
834 2509 1198 2581 promissionis
1230 2527 1242 2563 :
1270 2509 1390 2580 quia
1423 2509 1580 2564 ﬁdem
1601 2508 1730 2564 Novi
1759 2509 2086 2564 Testamenti

507 2617 614 2658 non
645 2609 982 2672 receperunt,
1011 2600 1100 2656 ubi
1133 2601 1227 2656 Dei
1249 2601 1450 2671 justilia
1480 2599 1905 2665 commendatur,
1938 2613 2086 2653 suam

496 2694 831 2751 constituere
854 2693 1125 2760 volentes;
1149 2693 1201 2748 id
1225 2701 1329 2758 est,
1361 2702 1614 2764 tanquam
1643 2693 1708 2748 dc
1743 2693 1854 2747 suis
1885 2692 2088 2747 meritis

505 2798 560 2844 et
601 2787 854 2858 Operibus
893 2784 1229 2856 praeﬁdentes
1269 2793 1582 2854 aprcverunt
1605 2799 1723 2838 csse
1750 2783 1840 2837 ﬁlii
1866 2784 2089 2853 promis-

504 2880 704 2944 sionis,
737 2878 837 2934 hoc
867 2885 949 2933 est
978 2876 1067 2930 lilii
1091 2874 1297 2946 gratiae,
1341 2873 1435 2929 ﬁlii
1470 2873 1870 2938 misericordiae,
1914 2881 1970 2927 ut
1998 2873 2086 2942 qui

504 2972 786 3043 gloriatur,
821 2969 872 3023 in
898 2967 1123 3023 Domino
1151 2966 1405 3037 glorietur
1433 2965 1490 3038 (I
1520 2964 1636 3020 Cor.
1667 2979 1703 3030 ι,
1727 2962 1842 3035 51),
1865 2963 2088 3018 credens

506 3068 560 3121 in
594 3079 715 3120 eum
772 3062 862 3133 qui
899 3059 1154 3131 justiﬁcat
1199 3059 1452 3130 impium,
1506 3059 1606 3113 hoc
1633 3065 1714 3111 est
1749 3056 1838 3126 qui
1881 3072 1946 3111 ex
1985 3056 2086 3110 im-

505 3159 595 3228 pio
625 3157 748 3212 facit
777 3157 957 3226 pium;
997 3162 1050 3209 ut
1085 3153 1369 3223 deputetur
1409 3151 1540 3206 ﬁdes
1578 3149 1695 3220 ejus
1731 3147 1798 3204 ad
1833 3149 2088 3218 justitiam

511 3253 687 3326 (Rom.
714 3267 787 3317 tv,
814 3249 894 3322 5),
917 3258 971 3304 et
992 3248 1272 3318 impleatur
1297 3247 1348 3301 in
1375 3261 1469 3311 eo,
1502 3259 1608 3299 non
1630 3243 1768 3314 quod
1793 3241 2091 3312 postulabat

507 3346 623 3416 ejus
656 3339 1044 3407 meritum,‘sed
1070 3339 1207 3410 quod
1237 3353 1268 3393 a
1297 3335 1521 3392 Domino
1547 3335 1864 3406 promissum
1896 3342 1974 3387 est
2001 3332 2091 3386 bc-

506 3435 774 3492 neﬁcium.

575 3527 669 3582 5|.
696 3525 830 3581 Cum
864 3524 929 3579 iis
957 3521 1114 3592 igitur
1139 3535 1300 3591 agens
1326 3518 1614 3589 Apostolus
1634 3560 1648 3585 ,
1681 3517 1768 3588 qui
1801 3516 1953 3570 olivae
1999 3530 2092 3586 per

511 3616 737 3688 gratiam
765 3614 1167 3679 inserebantur,
1195 3612 1358 3676 Dicis,
1387 3611 1584 3680 inquit,
1613 3609 1760 3679 fracti
1789 3595 2057 3662 sunt'rami
2072 3647 2086 3670 ,

515 3719 569 3762 ut
595 3725 685 3778 ego
710 3708 924 3760 inserar.
943 3705 1076 3760 Bene
1095 3719 1114 3768 ;
1131 3713 1335 3775 propter
1353 3701 1754 3756 incredulitatem
1780 3699 1928 3770 fracti
1954 3708 2089 3753 sunt.

513 3797 594 3855 Tu
619 3809 807 3864 autent,
840 3798 941 3868 ﬁde
962 3807 1074 3862 sta;
1104 3796 1208 3850 noli
1242 3797 1400 3849 altum
1429 3810 1625 3864 sapere,
1655 3794 1743 3847 sed
1773 3793 1891 3850 time
1916 3787 2088 3862 (llont'.

515 3909 597 3962 ιι,
632 3893 720 3960 19,
762 3890 877 3964 20).
907 3889 1002 3946 Det
1031 3898 1112 3945 est
1149 3887 1290 3944 enim
1332 3886 1665 3950 beneﬁcium,
1712 3901 1818 3940 non
1846 3885 2091 3941 meritum

515 3990 695 4050 tuum;
717 3982 858 4053 quod
875 3990 926 4035 et
945 3980 1069 4034 alibi
1098 3978 1226 4034 dicit
1249 3995 1262 4032 :
1287 3976 1464 4032 Gratia
1491 3976 1616 4031 salvi
1636 3977 1759 4046 [acti
1785 3976 1900 4030 estis
1924 3993 2013 4047 per
2031 3977 2095 4046 ﬁ-

511 4075 623 4130 dem
637 4093 656 4142 ;
671 4085 718 4130 et
735 4075 829 4128 hoc
850 4091 949 4129 non
967 4089 1028 4128 ea:
1044 4072 1200 4134 vobis,
1219 4070 1308 4124 sed
1323 4069 1418 4124 Dei
1438 4069 1625 4122 donum
1641 4078 1732 4136 est,
1747 4085 1844 4122 non
1863 4085 1925 4123 ex
1939 4069 2098 4139 aperio

511 4166 692 4234 bus,ne
701 4170 830 4237 forte
840 4166 952 4236 quis
963 4164 1251 4219 extollatur.
1269 4161 1438 4232 Ipsius
1451 4161 1581 4214 enim
1595 4176 1766 4214 sumus
1779 4159 2090 4230 ﬁgmentum,

514 4258 669 4311 creati
695 4257 753 4311 in
766 4254 802 4310 Ι
806 4273 892 4310 esu
917 4255 1113 4310 Christo
1135 4254 1186 4307 in
1210 4251 1444 4324 aperibus
1465 4251 1627 4317 bonis,
1657 4266 1771 4320 qua!
1795 4251 2094 4321 pra'parauit

514 4347 656 4403 Deus
679 4358 734 4402 ut
758 4348 812 4402 in
840 4348 942 4402 illis
971 4346 1283 4401 ambulemus
1311 4345 1469 4418 (Eph.
1498 4362 1555 4413 ιι,
1579 4345 1760 4417 8-10).
1786 4347 1839 4400 In
1865 4347 1964 4401 hoc
1993 4347 2093 4400 ita-

516 4455 619 4509 que
644 4439 912 4494 intellectu
936 4439 1119 4508 gratiae
1149 4437 1285 4492 inest
1309 4438 1485 4502 timor,
1509 4438 1575 4494 de
1594 4455 1699 4509 quo
1721 4439 1913 4494 dicitur
1936 4457 1946 4492 :
1968 4437 2095 4491 Noli

517 4528 679 4584 altuni
698 4546 890 4601 sapere,
920 4529 1143 4609 sedfime
1163 4529 1334 4600 (Rom.
1358 4545 1433 4592 xi,
1462 4529 1574 4598 ρο).
1598 4530 1780 4586 Timor
1803 4540 1978 4586 autem
1998 4535 2096 4586 iste

519 4620 656 4676 alius
683 4629 801 4687 est;
834 4636 938 4675 non
980 4629 1062 4674 est
1108 4619 1196 4674 ille
1238 4621 1446 4676 servilis
1487 4637 1642 4690 quem
1685 4621 1918 4680 charitas
1949 4621 2094 4678 I'oras

521 4712 702 4766 mittit.
737 4711 833 4766 Illo
857 4712 998 4769 enim
1036 4712 1253 4768 timetur
1289 4728 1356 4766 ne
1399 4713 1659 4768 incidatur
1688 4714 1741 4768 in
1776 4723 2095 4770 tormentum

519 4802 794 4874 supplicii;
825 4803 927 4857 isto
948 4811 1144 4868 autem,
1173 4819 1241 4859 ne
1269 4804 1540 4859 amittatur
1562 4807 1731 4876 gratia
1758 4805 2021 4861 beneﬁcii.

593 4889 819 4947 CAPUT
842 4889 985 4946 XXI.
1013 4921 1084 4932 —
1111 4891 1200 4947 52.
1229 4892 1561 4964 Quapropter
1583 4897 1822 4964 quamvis
1854 4895 2097 4952 ﬁdelibus

521 4982 592 5040 ad
619 4982 824 5038 Novum
854 4983 1252 5040 Teétamentum
1283 4986 1670 5054 pertinentibus
1696 4987 1836 5042 dicat
1864 4989 2096 5058 Aposto-

519 5078 606 5133 lus
627 5076 765 5148 quod
785 5077 938 5148 paulo
963 5087 1085 5134 ante
1101 5078 1534 5144 commemoravi,
1557 5077 1675 5134 Non
1693 5081 1821 5134 enim
1836 5081 2097 5150 accepistis

515 5168 747 5240 spiritum
759 5169 1007 5223 servitutis
1017 5169 1193 5223 iterum
1210 5169 1263 5223 in
1280 5170 1456 5223 timore
1467 5184 1487 5234 ;
1497 5169 1587 5223 sed
1595 5170 1855 5240 accepistis
1865 5171 2010 5241 spirit
2016 5188 2097 5225 um

517 5261 804 5334 adeptionis
821 5263 1064 5332 ﬁliorum,
1083 5262 1135 5315 in
1150 5279 1246 5333 quo
1264 5261 1561 5326 clamamus,
1581 5262 1738 5330 Abba,
1752 5273 1899 5334 pater
1920 5261 2092 5331 (Rom.

527 5372 638 5421 vni,
661 5355 786 5428 I5);
811 5355 865 5411 id
886 5365 967 5411 est
994 5365 1050 5409 ut
1077 5353 1208 5411 ﬁdes
1234 5355 1286 5410 in
1316 5353 1470 5409 nobis
1495 5355 1585 5419 sit,
1602 5370 1720 5424 qua:
1751 5369 1842 5425 per
1859 5354 2097 5410 dilecnio-

523 5465 646 5504 nem
673 5457 924 5521 operatur
955 5446 1105 5521 (Gal.
1129 5444 1186 5515 ἣν,
1216 5447 1322 5518 6),
1348 5462 1455 5502 non
1487 5456 1592 5502 tam
1625 5447 1860 5503 timendo
1886 5463 2095 5517 pinnam

523 5536 680 5610 quam
735 5538 963 5594 amando
995 5538 1253 5610 justitiam
1284 5557 1297 5592 :
1328 5547 1503 5593 tamen
1531 5538 1653 5609 quia
1696 5554 1802 5593 non
1831 5539 1890 5594 ﬁt
1923 5539 2097 5594 anima

517 5629 657 5700 insta
685 5630 785 5686 nisi
810 5629 1208 5702 participatione
1229 5628 1464 5685 melioris
1488 5630 1575 5700 qui
1601 5629 1852 5699 jnstilicat
1881 5631 2097 5703 impium

521 5720 686 5792 (quid
715 5721 854 5776 enim
882 5719 1042 5777 habet
1066 5721 1204 5793 quod
1233 5735 1339 5777 non
1367 5719 1667 5791 accepit?),
1693 5736 1797 5776 non
1823 5720 1978 5778 debet
1999 5723 2099 5778 sibi

519 5812 802 5870 tribuendo
824 5813 964 5884 quod
993 5814 1087 5879 Dei
1119 5821 1200 5870 est
1222 5854 1238 5883 ,
1267 5813 1334 5870 ita
1363 5811 1574 5885 gloriari
1602 5819 1852 5883 tanquam
1881 5829 1984 5869 non
2007 5829 2098 5870 ac-

1718 362 1774 418 S.
1818 360 2182 417 AUGUSTINI
2227 362 2524 422 EPISCOI'I

3681 381 3780 440 560

2200 482 2401 550 ceperit
2421 482 2440 555 (
2462 483 2480 536 I
2504 483 2622 540 Cor.
2650 500 2735 554 iv,
2767 486 2848 560 7).
2875 485 2958 544 0b
2981 492 3081 545 hoc
3107 491 3157 548 ei
3182 491 3381 548 dictum
3411 503 3494 550 est
3516 493 3534 549 ε’
3562 495 3689 552 Noti
3711 501 3781 552 at-

2203 584 2308 629 tum
2335 593 2511 646 sapere
2537 619 2552 645 ,
2601 579 2692 632 sed
2719 581 2856 635 time.
2911 581 2979 636 Et
3007 583 3168 640 timor
3212 585 3313 640 iste.
3360 587 3668 657 praecipitur
3713 591 3776 644 iis

2201 669 2359 722 etiam
2385 671 2474 740 qui
2503 685 2568 724 ex
2597 670 2699 726 ﬁde
2728 672 2986 740 viventes,
3012 674 3252 732 haerech
3275 687 3398 732 sunt
3426 677 3559 733 Novi
3588 681 3774 734 Testa-

2199 760 2387 826 menti,
2414 769 2572 831 atque
2599 763 2651 817 in
2670 763 2965 821 libertatem
2982 768 3175 822 vocati.
3201 769 3381 824 Altum
3400 771 3542 826 enim
3563 787 3772 841 sapere,

2197 849 2394 905 dictum
2421 860 2524 916 est,
2553 855 2863 924 superbire:
2893 856 3035 926 quod
3053 858 3158 913 alio
3183 858 3322 926 loco,
3352 875 3386 916 e
3409 864 3680 918 contrario
3695 879 3778 918 sa-

2199 940 2266 995 tis
2288 942 2543 1010 ostendit,
2569 943 2658 998 ubi
2687 946 2781 1013 ait,
2807 945 2927 1000 Non
2951 948 3056 1002 alta
3081 951 3360 1020 sapientes,
3388 952 3476 1006 sed
3500 953 3776 1009 nutantibus

2196 1035 2557 1090 consentientes
2585 1035 2762 1106 (Rom.
2794 1038 3018 1106 nulli).
3055 1039 3138 1094 Ex
3168 1040 3271 1095 hoc
3298 1042 3438 1112 quod
3467 1044 3572 1110 ait,
3606 1044 3777 1098 burni-

2197 1124 2328 1181 libtts
2367 1125 2743 1194 consentientes,
2804 1131 2986 1202 utique
3027 1133 3234 1202 aperuit
3274 1135 3402 1190 nihil
3434 1137 3582 1192 aliud
3607 1153 3668 1194 se
3694 1139 3778 1193 di-

2196 1217 2357 1285 xisse,
2382 1219 2486 1273 alta
2506 1222 2772 1290 sapientes,
2799 1239 2955 1294 quam
2986 1225 3372 1294 superbientes.
3402 1264 3412 1272 .

2265 1309 2355 1364 53.
2382 1309 2565 1365 Timor
2591 1327 2718 1383 ergo
2741 1329 2847 1385 non
2873 1315 3029 1370 estin
3060 1317 3320 1373 charitate
3343 1361 3357 1381 ,
3380 1319 3499 1389 quia
3534 1320 3776 1389 perlecta

2197 1399 2427 1455 Charitas
2474 1401 2617 1457 foras
2647 1403 2808 1458 mittit
2849 1406 3126 1473 timorem;
3172 1408 3267 1463 sed
3308 1409 3452 1463 illum
3499 1412 3775 1478 servilem,

2194 1491 2342 1545 illum
2369 1506 2475 1563 quo
2497 1507 2618 1548 cum
2662 1510 2721 1550 se
2763 1496 2988 1568 quisque
3029 1499 3097 1554 ab
3140 1514 3302 1570 opere
3338 1503 3478 1557 malo
3516 1504 3768 1572 abstinet,

2196 1597 2350 1654 paena
2379 1595 2626 1653 terretur,
2663 1603 2767 1644 non
2793 1590 2997 1660 iustitia
3014 1591 3337 1661 delectatur;
3370 1595 3512 1652 hunc
3538 1597 3776 1654 charitas

2193 1676 2334 1731 foras
2372 1678 2567 1745 mittit,
2595 1695 2754 1750 quam
2793 1697 2900 1736 non
2950 1683 3178 1739 delectat
3222 1685 3472 1755 iniquitas
3497 1730 3511 1752 ,
3558 1690 3775 1745 etiamsi

2196 1778 2518 1840 proponatur
2543 1771 2829 1842 impunitas
2859 1790 2872 1827 :
2905 1790 3008 1830 non
3034 1775 3180 1831 illum
3200 1794 3308 1847 quo
3332 1778 3482 1833 timet
3504 1782 3686 1834 anima
3711 1798 3777 1837 ne

2191 1861 2398 1916 amittat
2424 1862 2588 1932 ipsam
2617 1865 2863 1933 gratiam,
2895 1878 2996 1936 qua
3027 1867 3076 1920 in
3109 1868 3196 1922 illa
3227 1867 3432 1924 laetum
3461 1879 3545 1925 est
3571 1882 3628 1925 ut
3654 1887 3775 1928 eam

2192 1965 2296 2006 non
2327 1967 2545 2021 peccare
2573 1953 2832 2021 delectet;
2859 1963 2965 2024 quo
2997 1957 3146 2013 timet
3188 1976 3255 2014 ne
3283 1961 3423 2015 Deus
3463 1977 3582 2016 eam
3621 1963 3777 2018 desc-

2192 2051 2294 2108 rat,
2323 2041 2528 2096 etiamsi
2557 2043 2715 2098 nullis
2739 2045 2983 2100 dolorum
3012 2049 3332 2105 cruciatibus
3357 2051 3557 2120 puniat.
3587 2053 3687 2108 Hic
3713 2055 3778 2108 ti-

2191 2148 2309 2188 mor
2330 2141 2507 2187 castus
2533 2143 2641 2198 est;
2673 2153 2777 2190 non
2805 2153 2926 2192 eum
2946 2137 3180 2194 charitas
3199 2141 3362 2210 ejicit,
3387 2143 3482 2196 sed
3500 2143 3771 2200 adsciscit.

2191 2223 2266 2278 De
2314 2225 2407 2278 illo
2450 2226 2645 2295 quippe
2683 2230 2941 2299 scriptum
2968 2240 3083 2296 est,
3119 2231 3291 2286 Timor
3327 2231 3536 2289 Domini
3581 2247 3772 2302 castus,

2191 2334 2489 2387 permanens
2529 2321 2580 2373 in
2608 2320 2845 2375 siccatum
2877 2323 3053 2377 saeculi
3084 2323 3263 2396 (Psal.
3284 2341 3426 2381 xvnt
3447 2367 3461 2390 ,
3496 2327 3601 2400 I0)
3638 2331 3773 2384 ine-

2190 2423 2453 2478 qnaquam
2503 2410 2662 2464 istum
2709 2412 2910 2468 diceret
2965 2427 3403 2484 permanentem,
3458 2421 3558 2474 nisi
3611 2423 3773 2475 sciret

2189 2499 2348 2553 alium
2386 2501 2473 2571 qui
2515 2517 2623 2556 non
2665 2515 3020 2573 permaneret.
3074 2507 3141 2562 Et
3186 2509 3319 2563 bene
3362 2511 3518 2564 istum
3565 2522 3774 2566 castum

2193 2590 2355 2656 dixit;
2399 2591 2500 2648 hoc
2529 2594 2669 2648 enim
2703 2611 2805 2650 non
2834 2606 2981 2652 caret
3014 2613 3164 2653 amor
3188 2616 3293 2670 quo
3335 2603 3508 2656 anima
3547 2604 3776 2659 inhaeret

2192 2683 2321 2749 Deo,
2345 2701 2464 2756 quae
2501 2686 2630 2741 dicit
2659 2687 2708 2742 in
2734 2688 2840 2744 alio
2868 2690 3073 2758 psalmo
3100 2710 3113 2745 :
3159 2691 3433 2747 Perdidisti
3462 2711 3662 2748 onmem
3689 2697 3776 2766 qui

2197 2776 2478 2846 fornicatur
2500 2779 2587 2832 abs
2619 2789 2700 2843 te;
2729 2781 2851 2833 mihi
2879 2791 3042 2834 autem
3067 2784 3327 2837 adha’rere
3346 2784 3454 2838 Deo
3486 2785 3674 2839 bonum
3705 2797 3778 2841 est

2194 2867 2381 2938 (Psal.
2424 2885 2591 2935 Lxxn,
2617 2861 2707 2937 27,
2740 2871 2813 2926 28
2831 2872 2869 2943 ).
2899 2872 3030 2927 Nam
3074 2883 3127 2928 et
3152 2865 3342 2944 eanjux
3368 2891 3484 2944 qua:
3522 2876 3781 2932 adulteri-

2192 2976 2317 3014 num
2361 2961 2593 3015 animum
2621 2961 2774 3032 gerit,
2798 2963 3005 3018 etiamsi
3044 2964 3233 3020 timore
3270 2966 3366 3021 ιιι-ἰ
3418 2983 3520 3020 non
3565 2968 3780 3024 adulteo

2197 3053 2334 3107 riunt
2357 3063 2646 3123 perpetrat,
2664 3063 2838 3110 tamen
2863 3057 3004 3125 quod
3030 3057 3180 3114 deest
3204 3059 3372 3129 operi,
3399 3061 3540 3115 inest
3588 3061 3782 3116 volun-

2199 3146 2291 3200 tati
2325 3164 2337 3199 :
2369 3156 2513 3202 casta
2536 3164 2662 3203 vero
2682 3149 2836 3203 aliter
2863 3150 3042 3216 timet;
3064 3166 3186 3205 nam
3207 3162 3261 3205 et
3281 3152 3390 3221 ipsa
3413 3154 3561 3207 timet
3579 3153 3780 3218 virum,

2201 3237 2293 3292 sed
2321 3247 2484 3294 caste.
2517 3239 2754 3309 Denique
2777 3240 2925 3296 timet
2946 3241 3032 3296 illa
3060 3257 3126 3297 ne
3149 3242 3466 3297 virintestns
3489 3242 3782 3310 adveniat;

2196 3326 2316 3392 ista,
2350 3343 2418 3382 ne
2439 3327 2673 3383 oll‘ensns
2701 3329 2988 3385 abscedat:
3013 3345 3118 3386 non
3147 3332 3345 3386 amanti
3375 3333 3514 3387 enim
3544 3348 3786 3402 praesen-

2201 3418 2270 3472 tia
2317 3418 2414 3472 viri
2456 3419 2678 3474 molesta
2727 3429 2841 3486 est;
2884 3422 3082 3476 amanti
3129 3430 3342 3490 autem,
3383 3424 3645 3479 absentia.
3689 3425 3784 3480 Ti-

2196 3524 2345 3564 more
2395 3509 2570 3580 itaque
2614 3521 2796 3576 casto,
2840 3513 3168 3578 permanenti
3196 3513 3246 3567 in
3283 3514 3533 3568 szeculnm
3578 3517 3782 3582 saeculi,

2200 3600 2386 3654 timeat
2416 3601 2582 3655 Deum
2613 3615 2772 3656 omne
2807 3617 2989 3658 semen
3020 3601 3200 3658 Israel.
3234 3604 3476 3659 Timcant
3511 3621 3672 3677 quem
3699 3607 3786 3663 di-

2198 3691 2385 3762 ligunt,
2410 3707 2514 3746 non
2540 3692 2644 3746 alta
2662 3692 2934 3762 sapiendo,
2952 3693 3046 3749 sed
3070 3693 3354 3750 humilibus
3369 3697 3788 3765 consentiendo;

2197 3798 2321 3838 cum
2366 3783 2556 3838 timore
2590 3790 2646 3839 et
2671 3793 2901 3840 tremore
2943 3800 3094 3840 suam
3137 3787 3371 3856 ipsorum
3397 3789 3622 3844 salutem
3649 3805 3790 3862 ope-

2204 3881 2409 3929 rentur.
2434 3874 2575 3930 Dens
2603 3883 2687 3930 est
2709 3879 2852 3931 enim
2878 3877 2966 3946 qui
2995 3886 3246 3947 operatur
3268 3880 3320 3933 in
3346 3880 3423 3934 eis
3449 3888 3504 3935 et
3530 3881 3672 3936 velle
3689 3925 3703 3946 ,
3735 3890 3794 3938 et

2201 3953 2440 4038 operari,
2458 3980 2555 4036 pro
2583 3966 2720 4020 bona
2748 3968 3016 4022 voluntate
3047 3964 3316 4040 (Philipp.
3350 3986 3406 4034 ιι,
3441 3969 3528 4034 I2,
3562 3972 3677 4041 15).

2209 4081 2211 4084 ⁴
2270 4057 2498 4114 CAPUT
2525 4056 2693 4112 XXII.
2725 4088 2796 4098 —
2818 4059 2905 4114 54.
2940 4059 3063 4114 Ητεο
3097 4068 3180 4114 est
3203 4060 3400 4129 justitia
3427 4060 3543 4125 Dei,
3573 4061 3679 4116 hoc
3708 4072 3797 4117 est

2203 4150 2344 4220 quod
2360 4152 2498 4206 Deus
2513 4150 2678 4205 donat
2700 4149 2922 4217 homini,
2949 4165 3070 4206 cum
3092 4151 3346 4220 justiﬁcat
3368 4153 3611 4220 impium.
3638 4152 3793 4206 Ilanc

2204 4241 2298 4296 Dei
2315 4241 2573 4311 justitiam
2597 4241 2898 4310 ignorantes
2920 4241 3131 4311 superbi
3149 4241 3339 4307 Judaei,
3360 4252 3414 4296 et
3431 4258 3581 4296 suam
3598 4243 3795 4298 soleo-

2208 4341 2288 4387 tes
2313 4331 2662 4396 constituere,
2687 4331 2903 4401 justitia:
2929 4332 3022 4386 Dei
3056 4347 3158 4385 non
3181 4341 3304 4386 sunt
3339 4332 3561 4400 subjecti
3593 4334 3611 4403 (
3634 4332 3795 4388 Rom.

2206 4439 2260 4488 ς,
2291 4422 2348 4494 5)
2371 4438 2385 4488 ;
2418 4422 2519 4477 hac
2545 4422 2793 4492 superbia
2813 4423 2827 4452 ¹
2845 4421 3183 4490 dejicinntur,
3209 4431 3262 4477 ut
3287 4423 3500 4479 humilis
3520 4423 3802 4481 inseratur

2207 4513 2459 4569 oleaster.
2483 4513 2547 4567 Et
2568 4513 2642 4567 illi
2670 4512 2819 4566 ibunt
2838 4512 2889 4566 in
2906 4512 3150 4567 tenebras
3169 4513 3481 4580 exteriores,
3508 4513 3578 4569 de
3598 4517 3804 4584 quibus

2207 4605 2345 4660 inter
2358 4604 2460 4657 alia
2478 4602 2768 4673 requisisti,
2788 4602 3120 4658 venientibus
3139 4602 3205 4657 ab
3220 4602 3425 4659 oriente
3441 4612 3492 4658 et
3511 4605 3804 4660 occidente

2211 4695 2412 4763 multis,
2430 4695 2518 4765 qui
2541 4694 2984 4750 recumbentcum
3006 4695 3293 4758 Abraham,
3314 4695 3457 4749 Isaac
3477 4704 3530 4749 et
3548 4695 3720 4751 Jacob
3744 4697 3803 4750 in

2209 4802 2377 4860 regno
2391 4788 2648 4843 caelorum
2663 4786 2876 4856 (Matth.
2893 4801 3008 4855 vni,
3025 4785 3110 4850 I2,
3129 4787 3152 4840 1
3169 4786 3237 4857 1).
3251 4785 3384 4842 Sunt
3397 4789 3538 4841 enim
3559 4789 3727 4840 modo
3747 4789 3806 4842 in

2209 4881 2407 4938 exteris
2429 4881 2683 4949 tenebris,
2706 4880 2845 4935 unde
2877 4881 3138 4935 correctio
3174 4879 3502 4950 desperanda
3531 4896 3638 4933 non
3679 4889 3806 4943 est;

2207 4987 2364 5042 quam
2392 4971 2438 5025 si
2458 4971 2895 5041 contempserint,
2940 4971 3090 5025 ibunt
3127 4970 3179 5024 in
3203 4969 3449 5025 tenebras
3470 4971 3807 5038 exteriores,

2205 5066 2296 5122 ubi
2316 5063 2660 5122 correctionis
2687 5061 2835 5117 locus
2854 5077 2959 5117 non
2989 5045 3090 5116 erit
3121 5078 3134 5115 :
3160 5062 3397 5133 quoniam
3426 5060 3560 5115 Deus
3590 5061 3684 5115 tua:
3702 5076 3812 5130 est,

2208 5173 2254 5217 ct
2285 5145 2498 5216 tenebra:
2532 5160 2585 5213 in
2613 5173 2669 5212 eo
2701 5173 2799 5211 non
2819 5164 2934 5211 sunt
2962 5154 3084 5210 ulla:
3117 5153 3168 5227 (I
3189 5153 3345 5208 Joan.
3380 5170 3420 5220 ι,
3442 5155 3543 5225 5);
3575 5156 3673 5210 sed
3710 5157 3817 5212 lux

2205 5252 2381 5309 cordis
2405 5293 2420 5320 ,
2467 5266 2573 5306 non
2612 5251 2835 5305 istorum
2873 5247 2962 5319 qui
3001 5247 3054 5301 in
3107 5256 3268 5302 carne
3305 5255 3428 5301 sunt
3476 5247 3817 5316 oculorum;

2211 5361 2311 5402 nec
2333 5345 2552 5400 omnino
2582 5343 2702 5398 talis
2728 5384 2742 5409 ,
2765 5341 2935 5413 qualis
2962 5341 3118 5410 hujus
3151 5341 3285 5396 lucis
3313 5340 3534 5397 visibilis
3561 5341 3818 5412 phanta-

2206 5441 2283 5496 sia
2317 5439 2606 5509 cogitatur;
2635 5449 2938 5506 quanquam
2966 5443 3019 5489 et
3047 5433 3118 5488 ibi
3145 5443 3228 5488 est
3253 5433 3432 5489 videre
3455 5476 3471 5502 ,
3513 5431 3608 5488 sed
3636 5434 3824 5507 longe

2207 5531 2394 5596 aliter,
2436 5531 2592 5599 longe
2634 5525 2980 5582 dissimiliter.
3022 5524 3202 5592 Qualis
3246 5524 3388 5580 enim
3436 5524 3525 5578 lux
3555 5532 3640 5579 est
3687 5525 3824 5595 ipsa

2215 5623 2469 5686 Charitas,
2497 5620 2617 5690 quis
2643 5619 2820 5675 verbis
2839 5615 3103 5689 explicet?
3121 5616 3240 5688 quis
3255 5631 3436 5672 earum
3466 5629 3649 5670 rerum
3679 5631 3824 5687 quze

2271 5764 2287 5793 ί
2353 5759 2487 5820 laid,
2509 5771 2582 5823 _a_c
2605 5753 2844 5823 superbia.
2878 5761 2992 5823 Mss,
3019 5754 3168 5806 \‘atic.
3195 5759 3250 5823 et
3271 5765 3319 5823 ‘e
3363 5753 3544 5804 nostris
3565 5751 3692 5813 duo.
3720 5753 3829 5805 hat:

2207 5823 2447 5888 superbia.
2474 5813 2558 5869 'Alii
2581 5813 2740 5868 Gallic.
2767 5819 2951 5882 plures,
2974 5815 3064 5866 hac
3087 5813 3298 5878 superbi.
