4122 6350
347 416 439 470 5m
1503 417 1978 474 EPISTOLARUM
2015 417 2288 478 CLASSIS
2326 422 2409 477 lil.

357 525 602 579 sensibus
617 525 792 579 carnis
811 524 1070 594 adjacent,
1085 525 1192 580 ullo
1206 525 1537 582 demonstret
1550 528 1828 598 exemplo?
1843 531 1940 583 An'

350 615 490 671 forte
518 616 604 671 lux
628 631 731 671 non
756 627 834 672 est
862 617 1126 672 Charitas?
1148 619 1283 674 Audi
1311 621 1608 690 apostolum
1627 621 1884 677 Joannem
1908 639 1922 676 :

348 710 467 778 ipse
503 710 699 780 quippe
716 710 847 764 dixit
867 711 1007 780 quod
1037 711 1196 767 modo
1213 715 1639 778 commemoravi,
1674 715 1924 780 Quoniam

341 799 490 855 'Deus
519 803 612 856 tua:
636 812 729 866 est,
759 812 806 856 et
827 803 1040 858 tenebra:
1067 822 1167 860 non
1195 815 1312 860 sunt
1351 807 1404 860 in
1424 823 1481 860 eo
1509 806 1669 872 ullae;
1696 805 1736 879 (l
1761 806 1920 862 Joan.

354 911 390 953 ι.
421 895 476 965 5)
494 895 582 964 qui
605 911 814 950 rursum
844 896 991 963 dicit,
1017 895 1156 952 Deus
1175 898 1395 953 Charitas
1413 907 1484 952 est
1507 897 1615 970 (Id.
1634 915 1710 966 tv,
1737 897 1817 970 8).
1844 899 1922 955 Ac

349 1003 444 1056 per
475 989 575 1042 hoc
597 988 645 1043 si
677 988 816 1042 Deus
842 991 929 1043 lux
959 998 1059 1056 est,
1083 999 1136 1045 et
1163 990 1301 1045 Deus
1330 990 1562 1046 charitas
1590 1001 1709 1058 est,
1740 990 1919 1061 profe-

345 1088 432 1132 elo
460 1076 693 1133 Charitas
718 1078 805 1132 lux
835 1080 945 1149 ipsa
972 1089 1072 1146 est,
1103 1097 1221 1151 qua:
1248 1081 1555 1137 diffunditur
1591 1083 1643 1137 in
1672 1082 1920 1138 cordibus

346 1170 546 1222 nostris
593 1185 688 1239 per
731 1168 984 1239 Spiritum
1029 1180 1268 1226 sanctum
1303 1173 1392 1243 qui
1439 1173 1594 1229 datus
1639 1183 1723 1229 est
1765 1173 1920 1228 nobis

347 1258 532 1327 (Rom.
557 1275 610 1326 v,
634 1259 714 1330 5).
742 1259 869 1314 ltcm
898 1260 1026 1315 dicit
1052 1279 1064 1315 :
1095 1260 1196 1326 Qui
1213 1264 1316 1316 odit
1340 1268 1547 1334 fratrem
1574 1281 1737 1330 suum,
1768 1266 1822 1318 in
1847 1274 1919 1318 te-

345 1351 511 1403 nebris
541 1360 610 1404 cst
638 1367 792 1420 usque
816 1352 982 1406 adhuc
1004 1351 1048 1425 (ἰ
1069 1352 1223 1408 Joan.
1249 1371 1307 1421 ιι,
1339 1354 1449 1427 Η).
1481 1357 1597 1411 ista:
1622 1365 1746 1412 sunt
1765 1366 1916 1412 tene-

347 1439 478 1505 brae,
523 1440 576 1493 in
604 1456 734 1510 quas
759 1441 1008 1499 diabolus
1033 1453 1088 1498 et
1115 1447 1286 1515 angeli
1312 1446 1430 1516 ejus
1470 1448 1695 1502 multum
1723 1463 1913 1518 super-

344 1531 537 1585 biendo
569 1533 831 1601 progressi
854 1543 1000 1588 sunt.
1031 1535 1268 1591 Charitas
1295 1539 1436 1593 enim
1475 1555 1582 1594 non
1610 1541 1909 1608 tumulatur,

340 1637 445 1676 non
473 1622 684 1679 inﬂatur
703 1623 748 1695 (l
771 1625 893 1679 Cor.
927 1642 1042 1693 χιιι,
1074 1627 1104 1682 ι
1121 1625 1163 1699 ).
1190 1627 1310 1683 Ideo
1336 1644 1441 1684 non
1471 1631 1767 1697 aemulatur,
1791 1632 1912 1700 quia

336 1729 440 1768 non
467 1715 680 1770 inﬂatur
708 1735 722 1772 :
751 1716 840 1772 ubi
859 1718 1001 1773 enim
1031 1719 1282 1789 prtecedit
1310 1720 1528 1787 inﬂatio,
1547 1723 1802 1777 continuo
1826 1738 1913 1780 se-

338 1806 520 1874 quitur
560 1809 855 1877 :cmulatio;
901 1813 1150 1881 quoniam
1191 1814 1434 1884 superbia
1474 1824 1643 1872 mater
1665 1824 1746 1871 est
1773 1815 1914 1871 invi-

331 1897 546 1953 tientia}.

406 1993 497 2048 55.
528 1994 779 2052 Diabolus
811 1995 968 2068 igitur
993 2005 1048 2054 et
1072 1998 1244 2069 angeli
1269 1998 1384 2069 ejus
1410 2015 1440 2054 a
1468 2002 1587 2056 luce
1616 2009 1774 2072 atque
1801 2001 1908 2058 l'er-

332 2099 462 2140 vore
487 2083 760 2140 charitatis
786 2087 998 2156 aversi,
1045 2097 1100 2144 et
1126 2090 1282 2144 nimis
1327 2091 1379 2145 in
1421 2091 1722 2162 superbiam
1770 2093 1908 2147 invi-

328 2174 578 2246 diamque
603 2179 868 2248 progressi
893 2221 908 2246 ,
940 2181 1088 2236 velut.
1109 2181 1314 2251 glaciali
1342 2183 1530 2238 duritia
1577 2194 1906 2256 torpuerunt.

331 2264 401 2318 Et
427 2265 547 2320 ideo
594 2283 689 2336 per
716 2268 932 2339 ﬁguram
960 2279 1213 2342 tanquam
1239 2274 1292 2328 in
1321 2275 1566 2344 aquilone
1593 2285 1863 2346 ponuntur
1889 2294 1904 2332 :

330 2356 473 2412 unde
498 2373 617 2413 cum
639 2361 825 2428 generi
850 2359 1085 2418 humano
1099 2363 1342 2420 diabolus
1371 2367 1663 2434 incubaret,
1686 2378 1908 2425 ventura

326 2447 497 2516 gratia
557 2448 849 2507 Salvatoris
909 2453 1106 2510 dicitur
1168 2449 1232 2511 in'
1282 2457 1500 2514 Cantico
1559 2463 1904 2530 canticorum,

327 2536 584 2611 Exsurge,
613 2542 801 2612 aquilo,
835 2555 884 2598 et
905 2547 1035 2615 veni,
1063 2557 1264 2616 auster,
1299 2553 1460 2620 per/la
1486 2553 1686 2607 hortum
1718 2571 1902 2622 meum,

326 2639 374 2684 et
404 2632 561 2700 ﬂuent
585 2635 848 2706 aromata(
864 2635 1010 2693 Cant.
1040 2655 1114 2708 tv,
1141 2639 1542 2715 l6).Exsurge,
1574 2645 1661 2716 qui
1685 2646 1903 2714 irruisti,

327 2720 417 2788 qui
444 2721 668 2777 subditis
692 2724 972 2795 incumbis,
996 2730 1086 2799 qui
1108 2746 1380 2800 possessus
1399 2736 1596 2805 premis
1619 2753 1632 2789 :
1655 2753 1904 2809 exsurge,

327 2817 388 2863 ut
414 2826 444 2866 a
472 2819 561 2867 tuo
608 2815 844 2883 pondere
869 2817 1087 2874 relevati
1114 2822 1415 2892 erigantur,
1448 2841 1672 2896 quorum
1703 2831 1906 2884 animas

331 2904 623 2971 premendo
649 2910 902 2964 curvasti.
933 2910 1002 2965 Et
1027 2914 1167 2982 veni,
1204 2926 1391 2984 auster,
1422 2919 1620 2988 inquit;
1662 2921 1906 2992 spiritum

323 2992 580 3050 invocans
623 2999 838 3068 gratim,
871 2999 1085 3061 ﬂantem
1115 3005 1184 3060 de
1224 3008 1445 3063 meridie
1494 3011 1637 3066 velut
1680 3027 1712 3067 a
1757 3021 1906 3083 parte

320 3085 530 3141 fervida
581 3098 635 3145 et
681 3090 944 3149 luminosa
965 3137 980 3161 ,
1012 3105 1070 3150 ιιι
1099 3096 1264 3152 ﬂuant
1288 3109 1545 3156 aromata.
1575 3101 1728 3158 Unde
1757 3106 1903 3174 Apo-

321 3176 492 3231 stolus
526 3178 654 3234 dicit
684 3198 697 3233 :
728 3181 915 3236 Christi
949 3183 1108 3240 bonus
1145 3189 1272 3242 odor
1313 3205 1484 3246 sumus
1518 3193 1569 3247 in
1611 3195 1749 3248 omni
1795 3197 1905 3251 loro

321 3265 396 3355 (ll
421 3266 539 3322 Cor.
569 3285 625 3334 ιι,
658 3270 770 3343 15).
804 3273 936 3329 Hinc
961 3277 1118 3331 etiam
1141 3278 1332 3334 dicitur
1352 3281 1402 3335 in
1427 3283 1652 3352 quodam
1677 3288 1901 3355 psalmo,

319 3354 596 3426 Converte,
624 3359 858 3429 Domine,
890 3367 1231 3436 captivitatem
1260 3382 1500 3440 nostram,
1545 3354 1690 3430 sicut,
1710 3354 1904 3434 torrens

319 3448 377 3502 in
397 3459 569 3505 austro
598 3452 616 3524 (
641 3453 778 3509 Psal.
801 3472 962 3526 cxxv,
987 3461 1052 3531 4)-
1076 3477 1090 3513 :
1121 3464 1479 3532 captivitatem
1520 3469 1744 3538 scilicet,
1799 3489 1901 3544 qua

318 3540 424 3595 sub
468 3542 676 3600 diabolo
722 3556 966 3619 tanquam
1011 3553 1112 3608 sub
1139 3557 1386 3624 aquilone
1430 3560 1779 3631 tenebantur,
1811 3540 1900 3622 ubi

321 3632 629 3691 abundante
689 3639 964 3710 iniquitate
996 3642 1322 3716 friguerant,
1362 3660 1417 3705 et
1471 3654 1697 3730 quodam
1741 3657 1900 3714 modo

323 3731 751 3799 eonge‘laverant.
784 3735 918 3791 Hinc
945 3739 1086 3793 enim
1117 3741 1529 3815 etEvangelium
1549 3747 1682 3805 dicit
1708 3769 1722 3804 :
1754 3750 1897 3816 Quo-

319 3818 458 3871 niam
483 3821 756 3878 abundabit
786 3828 1041 3898 iniquitas,
1074 3834 1358 3905 refrigescet
1385 3839 1606 3894 charitas
1631 3845 1900 3899 multarunt

321 3909 544 3981 (Matth.
595 3932 730 3972 xxiv
754 3960 768 3984 ,
799 3921 924 3993 12).
956 3924 1026 3978 At
1068 3942 1194 3980 vero
1243 3930 1403 3986 ﬂante
1451 3943 1631 3988 austro
1656 3978 1670 4002 ,
1702 3937 1899 4007 glacies

323 4006 628 4074 resolvitur,
658 4019 712 4065 et
740 4021 1002 4071 torrentes
1030 4018 1197 4075 ﬂuunt
1221 4063 1234 4088 ,
1267 4023 1316 4077 id
1344 4036 1426 4079 cst
1451 4030 1679 4095 peccatis
1705 4006 1895 4088 remis-

318 4095 412 4160 εἰς,
443 4102 617 4166 pepuli
646 4102 713 4156 ad
739 4104 1006 4162 Christum
1038 4111 1297 4168 charitate
1322 4129 1663 4174 concurrunt.
1693 4121 1824 4176 llinc
1844 4133 1899 4179 et

318 4185 444 4239 alibi
472 4204 723 4260 scriptum
754 4206 835 4250 est
862 4213 875 4250 :
904 4198 1050 4253 Sicut
1069 4202 1254 4271 glacies
1271 4206 1320 4258 in
1341 4211 1631 4276 sereno,ita
1645 4212 1898 4268 solventur

319 4288 524 4344 peccata
555 4291 640 4334 tua
667 4284 685 4349 (
705 4281 863 4340 Ereti.
885 4305 960 4351 ιιι,
993 4290 1116 4363 17).

390 4370 618 4428 CAPUT
646 4375 831 4432 XXI".
854 4412 922 4420 —
948 4383 1037 4438 56.
1074 4385 1300 4440 Proinde
1326 4389 1596 4447 rationalis
1628 4402 1894 4466 creatura,

317 4462 428 4516 sive
452 4465 503 4517 in
526 4469 766 4538 angelico
793 4473 999 4542 spiritu,
1029 4479 1143 4534 sive
1170 4479 1221 4533 in
1247 4481 1421 4537 anima
1449 4483 1699 4554 humana,
1733 4489 1800 4544 lta
1820 4490 1898 4543 fa-

312 4563 396 4607 cta
424 4566 507 4610 cst
528 4597 545 4623 ,
574 4569 634 4614 ιιι
665 4561 762 4618 sibi
795 4564 903 4642 ipsa
931 4566 1126 4623 honmn
1153 4586 1258 4641 quo
1286 4571 1438 4630 beata
1482 4576 1604 4644 ﬁat,
1634 4595 1751 4635 esse
1788 4598 1894 4637 non

316 4650 520 4712 possit;
544 4651 640 4706 sed
679 4656 998 4713 mutabilitas
1026 4661 1141 4730 ejus
1167 4666 1209 4718 si
1235 4676 1576 4725 convertatur
1599 4671 1665 4726 ad
1694 4673 1896 4729 incom-

312 4739 572 4796 mutabile
605 4743 822 4812 bonum,
857 4750 947 4803 liat
983 4751 1134 4808 beata
1165 4772 1177 4808 :
1211 4758 1350 4814 unde
1387 4761 1431 4814 si
1460 4773 1761 4832 avertatur,
1791 4768 1892 4821 mi~

315 4842 436 4882 sera
465 4841 569 4886 est.
603 4835 825 4892 Aversio
852 4839 967 4910 ejus
995 4843 1176 4900 vitium
1203 4848 1316 4917 ejus
1340 4891 1354 4916 ,
1387 4859 1442 4907 et
1473 4857 1752 4912 conversio
1779 4858 1894 4928 ejus

311 4921 481 4977 virtus
503 4925 619 4994 ejus
647 4938 748 4984 est.
782 4931 984 4990 Natura
1003 4953 1133 5006 ergo
1162 4956 1266 4996 non
1295 4953 1376 4997 est
1396 4946 1532 5000 mala
1550 4989 1564 5013 ,
1594 4950 1716 5019 quia
1741 4966 1890 5006 crea-

311 5023 432 5070 tura
458 5019 678 5087 spiritus
703 5024 807 5079 vita
847 5028 863 5058 ¹
897 5038 979 5082 est
1008 5033 1303 5100 rationalis,
1347 5052 1466 5106 qua:
1504 5042 1662 5096 etiam
1692 5045 1892 5112 privata

298 5105 452 5203 .bono
480 5111 632 5180 cujus
671 5117 1073 5188 participatione
1117 5105 1445 5184 beatiﬂcatnr
1469 5173 1482 5196 ,
1512 5133 1561 5187 id
1592 5105 1706 5203 est,
1733 5138 1890 5193 etiam

309 5195 522 5266 vitiosa,
558 5204 746 5260 melior
778 5216 860 5262 est
886 5225 952 5265 eo
980 5228 1204 5282 corpore
1238 5219 1379 5286 quod
1422 5237 1688 5279 summum
1716 5237 1799 5282 est
1836 5231 1889 5284 in

305 5292 640 5359 corporibus,
669 5296 720 5350 id
748 5309 848 5364 est,
883 5301 982 5357 hac
1020 5303 1135 5360 luce
1173 5323 1289 5377 qua:
1316 5314 1541 5369 sentitur
1568 5319 1734 5373 oculis
1769 5336 1888 5376 car-

305 5380 408 5442 nis,
441 5384 563 5453 quia
600 5395 655 5441 et
685 5389 794 5458 ipsa
834 5403 917 5448 cst
963 5409 1158 5466 corpus
1206 5417 1218 5453 :
1268 5404 1410 5456 omni
1449 5417 1625 5460 autem
1660 5425 1889 5480 corpore

303 5474 555 5540 qua-libet
574 5478 884 5550 incorporea
908 5495 1090 5541 natura
1111 5494 1443 5558 praistantior
1461 5506 1575 5550 est:
1599 5513 1702 5552 non
1725 5474 1884 5568 mole,

302 5564 421 5632 quia
456 5569 669 5624 nonnisi
697 5588 980 5645 corporum
1007 5590 1089 5635 est
1115 5585 1305 5652 molcs,
1336 5586 1434 5642 sed
1453 5588 1502 5642 vi
1528 5590 1754 5658 quadam
1784 5609 1887 5663 qua

301 5659 709 5726 supergreditur
735 5678 951 5724 omnem
979 5671 1335 5746 phantasiam,
1360 5693 1518 5748 quam
1545 5680 1746 5738 volutat
1771 5659 1887 5740 ani-

356 5831 372 5866 ι
411 5828 487 5882 tta-
506 5833 615 5887 .ilss.
639 5850 694 5887 at
719 5852 886 5892 υιιιυιιδι
904 5842 1102 5910 habent,
1127 5829 1320 5913 spiritus
1340 5858 1453 5906 t'ttw
1468 5857 1818 5912 cst-rationalis.

3507 437 3622 490 561

2031 539 2150 585 mus
2190 531 2428 587 haustam
2469 533 2536 588 de
2577 534 2820 590 sensibus
2847 541 3104 610 corporis.
3132 541 3238 598 Sed
3263 547 3608 614 quemadmo-

2029 621 2154 680 dum
2181 624 2232 677 in
2257 623 2386 695 ipsis
2429 628 2738 696 corporibus
2766 645 2828 685 ea
2855 647 2974 702 qua:
3001 631 3250 691 inferiora
3283 646 3440 706 sunt,
3468 641 3626 697 sicut.

2031 722 2175 768 terra
2200 723 2253 769 et
2280 731 2414 786 aqua
2441 725 2496 772 et
2524 718 2638 788 ipse
2662 736 2774 789 aer,
2803 724 3019 779 meliora
3045 726 3178 782 ﬁunt
3204 730 3607 801 participatione

2027 805 2298 872 melioris,
2322 807 2377 862 ιιι
2407 817 2508 876 est,
2539 825 2657 866 cum
2690 813 2808 869 luce
2850 815 3217 875 illuminantur
3237 862 3254 888 ,
3297 829 3353 877 et
3393 823 3618 882 fervore:

2027 905 2338 966 vegetamur
2367 917 2380 952 :
2399 901 2478 954 sic
2495 901 2820 973 incorporea:
2837 917 3100 965 creaturae
3126 912 3414 969 rationales
3435 914 3603 984 ipsius

2023 986 2292 1044 Creatoris
2317 991 2450 1047 ﬁunt
2477 995 2880 1066 participatione
2908 1002 3180 1070 meliores,
3205 1019 3326 1060 cum
3347 1007 3395 1062 ei
3421 1007 3600 1066 cuba:-

2023 1089 2142 1135 rent
2183 1084 2463 1151 purissima
2506 1093 2561 1140 et
2603 1089 2936 1148 sanctissima
2978 1093 3266 1164 charitate;
3296 1115 3399 1170 qua
3427 1102 3616 1158 omni-'-

2022 1174 2182 1228 modo
2209 1175 2252 1230 si
2281 1177 2569 1246 caruerint,
2592 1182 2980 1252 tenebrescunt,
3002 1195 3058 1244 et
3083 1189 3442 1248 obdurescunt
3463 1209 3596 1263 quo-

2019 1263 2321 1320 dammodo.

2089 1359 2177 1413 57.
2225 1359 2454 1418 Proinde
2496 1363 2734 1420 inﬁdeles
2777 1367 3018 1426 homines
3046 1373 3276 1430 tenebrae
3304 1383 3459 1443 sunt;
3490 1381 3594 1448 qui

2018 1467 2114 1522 per
2145 1454 2301 1510 fidem
2325 1458 2568 1511 conversi
2607 1458 2674 1513 ad
2711 1461 2896 1527 Deum,
2922 1465 3147 1534 quadam
3173 1469 3446 1536 praemissa
3472 1471 3564 1526 illu
3589 1507 3600 1516 υ

2017 1545 2306 1602 minatione
2327 1548 2416 1602 lux
2446 1548 2595 1603 llunt.
2629 1549 2686 1606 ln
2711 1567 2811 1622 qua
2847 1555 3174 1623 proliciendo
3210 1559 3256 1614 si
3287 1575 3354 1615 ex
3396 1561 3499 1618 ﬁde
3519 1564 3586 1618 ad

2016 1638 2250 1707 speciem
2288 1642 2660 1710 pervenerint,
2690 1653 2746 1700 ut
2775 1645 2825 1699 id
2854 1646 2995 1717 quod
3023 1648 3247 1705 credunt
3269 1653 3428 1708 etiam
3464 1669 3594 1710 con-

2015 1727 2239 1797 spicere,
2271 1731 2407 1785 sicut
2430 1741 2630 1787 tantum
2651 1733 2848 1791 bonum
2870 1745 3046 1806 potest
3065 1741 3322 1811 conspici,
3355 1758 3592 1801 merean-

2014 1827 2120 1886 tur,
2154 1821 2436 1891 perfectam
2463 1825 2719 1895 recipient
2743 1828 3023 1899 imaginem
3052 1831 3143 1887 Dei
3177 1850 3191 1886 :
3221 1833 3410 1890 talibus
3447 1838 3598 1892 enim

1915 1945 1919 1951 ι
2013 1908 2142 1965 dicit
2170 1911 2456 1981 Apostolus
2481 1956 2497 1982 ,
2530 1914 2724 1971 Fuistis
2751 1919 3025 1990 aliquando
3056 1923 3304 1991 tenebrc;
3331 1942 3466 1982 nunc
3496 1944 3610 1982 au.-

2015 2009 2113 2055 tem
2134 2003 2225 2057 tua:
2245 2002 2298 2058 in
2319 2004 2540 2060 Domino
2561 2007 2734 2079 (Eph.
2764 2026 2819 2074 v,
2852 2010 2928 2082 8).
2957 2012 3122 2068 Porro
3140 2015 3382 2074 diabolus
3409 2028 3466 2074 et
3489 2035 3604 2074 ειη-ι

2014 2096 2116 2165 geli
2145 2096 2282 2166 ejus,
2313 2098 2547 2154 tenebrae
2569 2111 2693 2155 sunt
2713 2101 3016 2159 inﬂdelibns
3038 2105 3340 2164 hominibus
3355 2113 3610 2167 exterio--

2011 2202 2098 2242 res
2129 2188 2145 2220 ⁸
2181 2206 2193 2241 :
2225 2189 2341 2258 plus
2377 2191 2520 2244 enim
2544 2191 2610 2247 ab
2633 2191 2720 2246 illa
2744 2192 3002 2250 charitate
3024 2198 3234 2266 aversi,
3265 2209 3322 2267 et
3339 2201 3403 2268 in
3431 2215 3594 2258 suum

2011 2278 2202 2335 fastum
2229 2282 2746 2354 obstinationemque
2770 2288 3033 2357 progressi
3081 2300 3222 2345 sunt.
3251 2292 3317 2346 Et
3339 2295 3590 2364 quoniam

2011 2380 2252 2428 extremo
2287 2372 2489 2444 judicio
2513 2373 2754 2432 Christus
2779 2376 3016 2434 dicturus
3041 2389 3126 2436 est
3150 2382 3230 2437 eis
3256 2398 3392 2453 quos
3417 2384 3484 2440 ad
3513 2387 3590 2440 si-

2011 2465 2230 2520 nistram
2256 2465 2553 2533 discernet,
2582 2466 2664 2522 Ite
2691 2468 2746 2522 in
2775 2469 2939 2540 ignem
2960 2480 3221 2541 teternum,
3254 2475 3341 2544 qui
3381 2487 3604 2546 paratus.

2010 2564 2081 2609 est
2110 2555 2310 2610 diabolo
2338 2565 2386 2610 et
2413 2559 2609 2629 angelis
2631 2559 2740 2630 ejus
2769 2559 2789 2632 (
2815 2559 3000 2615 Matth.
3037 2578 3172 2629 xxv,
3194 2565 3258 2620 4i
3281 2564 3332 2635 );
3359 2564 3443 2621 his
3469 2583 3587 2625 ma-

2011 2647 2167 2717 lignis
2190 2647 2468 2718 spiritibus
2495 2644 2915 2722 conjnngendos,
2941 2655 3204 2725 simulque
3229 2656 3598 2725 damnandos,-

2010 2737 2137 2794 dicit
2167 2740 2333 2795 ituros
2382 2741 2436 2796 in
2462 2743 2710 2798 tenebras
2744 2745 3058 2810 exteriores,
3089 2747 3142 2801 id
3169 2756 3252 2802 est
3278 2749 3332 2803 in
3366 2751 3600 2807 sociata-

2011 2841 2117 2889 tem
2151 2835 2412 2904 pcenalem
2437 2835 2633 2891 diaboli
2660 2845 2714 2892 et
2739 2838 3046 2907 angelorum
3071 2839 3216 2909 ejus.
3255 2840 3390 2896 lluic
3412 2857 3606 2912 pinna:-

2007 2927 2333 2981 contrarinm
2361 2938 2445 2983 est
2469 2928 2608 2999 quod
2631 2928 2770 2984 bono
2798 2943 2954 2984 servo
2978 2928 3189 2998 dicitur,
3219 2929 3368 2986 Intra
3393 2932 3448 2987 in
3468 2950 3590 3005 gau—

2009 3016 2149 3071 dium
2173 3019 2364 3072 domini
2384 3020 2456 3073 tui
2486 3019 2654 3092 (Ibid.
2687 3019 2779 3094 23)
2805 3037 2820 3087 ;
2851 3029 2910 3077 ut
2938 3033 3136 3093 quanto
3154 3034 3277 3079 sunt
3296 3025 3410 3080 ista)
3437 3035 3592 3083 tene-

2008 3111 2119 3166 brat
2146 3111 2436 3168 exteriores
2460 3155 2475 3179 ,
2521 3122 2664 3168 tanto
2712 3114 2783 3168 sit
2824 3114 3000 3170 lumen
3031 3115 3158 3171 illud
3201 3117 3443 3174 interius.
3471 3117 3586 3173 Non

2010 3205 2123 3260 haec
2150 3221 2246 3276 per
2287 3205 2524 3261 locorum
2566 3206 2840 3261 intervalla
2872 3207 3017 3262 inani
3047 3207 3415 3278 phantasmate
3443 3215 3588 3282 cogi-

2010 3297 2165 3350 tanda
2192 3307 2315 3352 sunt
2345 3316 2358 3352 :
2391 3298 2578 3353 localia
2608 3299 2775 3368 spatia
2825 3316 2930 3354 non
2957 3310 3224 3368 occupant
3264 3302 3364 3356 nisi
3390 3317 3588 3373 corpo~

2007 3403 2123 3457 rum
2162 3389 2350 3442 moles.
2392 3389 2507 3444 Non
2551 3399 2631 3445 est
2667 3390 2767 3446 hoc
2809 3391 3024 3461 spiritus
3059 3392 3178 3448 vita:
3202 3435 3216 3457 ,
3248 3410 3352 3448 non
3378 3403 3461 3450 est
3485 3395 3587 3451 hoc

2005 3480 2181 3534 anima
2212 3481 2484 3536 rationalis
2507 3523 2520 3548 ,
2554 3482 2721 3538 multo
2765 3484 2939 3538 minus
2988 3484 3126 3538 Deus
3169 3486 3404 3540 omnium
3431 3485 3588 3541 beni-

2004 3569 2289 3638 gnissimus
2309 3571 2570 3635 conditor,
2591 3573 2981 3641 etjustissimus
3009 3575 3302 3630 ordinator.
3328 3575 3588 3630 Volunta-

2007 3661 2144 3715 tibus
2172 3669 2225 3716 et
2248 3661 2522 3716 aﬂ‘cctibus
2542 3663 2639 3717 ista
2661 3664 2743 3718 vel
2771 3665 3122 3734 propinquare
3149 3665 3229 3720 vel
3261 3665 3416 3736 longe
3442 3665 3583 3730 ﬂeri,

2005 3753 2084 3806 vel
2116 3753 2313 3808 intrare
2338 3753 2422 3808 vel
2452 3753 2598 3809 exire
2618 3753 2884 3809 dicuntur.

2076 3845 2163 3902 58.
2204 3845 2308 3900 Sed
2352 3846 2472 3920 quia
2504 3846 2647 3901 malo
2673 3862 2832 3917 opere
2859 3889 2872 3911 ,
2907 3847 2957 3902 id
2995 3857 3088 3903 cst-
3121 3847 3585 3904 tenebroso-delc-

2003 3948 2211 3992 ctantur
2254 3937 2528 4006 facientes,
2557 3948 2802 3995 secutura
2829 3949 2911 3994 est
2937 3948 3115 3994 autem
3148 3956 3302 4010 pinna
3323 3956 3442 4010 qua:
3467 3952 3583 3996 tor-

2002 4041 2180 4100 queat,
2211 4031 2330 4087 ideo
2353 4032 2607 4087 Dominus
2630 4031 2716 4087 ubi
2738 4032 2890 4097 dixit,
2925 4032 3149 4087 tenebras
3173 4032 3463 4097 exteriores,
3485 4031 3582 4087 ad-

2001 4123 2133 4177 didit
2156 4125 2337 4190 etiam,
2362 4121 2443 4178 Ibi
2463 4124 2554 4178 erit
2569 4125 2716 4193 ﬂetus
2732 4132 2776 4177 et
2797 4105 2983 4178 stridor
2999 4123 3221 4176 dentium
3244 4137 3264 4176 :
3292 4135 3359 4177 ne
3387 4122 3580 4176 talibus

2001 4213 2477 4279 delectationibus,
2527 4213 2771 4284 qualibus
2835 4213 2919 4268 hic
2986 4212 3150 4282 iniqui
3201 4212 3585 4282 perfruuntur,

2001 4304 2212 4374 quando
2235 4305 2539 4360 inﬁdelitate
2559 4313 2716 4376 atque
2732 4303 2983 4374 injustitia
3001 4305 3396 4370 tenebrescunt,
3418 4303 3584 4360 etiam

2003 4394 2055 4449 in
2083 4395 2172 4450 illo
2192 4396 2451 4465 supplicio
2480 4411 2538 4451 se
2565 4411 2755 4452 usuros
2776 4395 3427 4460 dementer-existiment;
3455 4396 3584 4467 quia

2004 4488 2147 4542 enim
2177 4488 2416 4543 volentes
2445 4487 2639 4558 injuste
2684 4497 2906 4542 utuntur
2946 4487 3131 4554 bonis,
3168 4487 3312 4557 jnste
3339 4486 3582 4542 nolentes

2005 4581 2378 4637 cruciabuntur
2427 4581 2602 4636 malis.
2660 4580 2811 4637 Unde
2864 4590 3086 4650 possunt
3140 4581 3298 4635 etiam
3350 4578 3583 4635 tenebras

2002 4673 2294 4728 exteriores
2336 4671 2556 4743 intelligi
2582 4687 2754 4743 pinnae
2797 4672 3136 4742 corporales;
3173 4669 3367 4741 corpus
3386 4671 3584 4742 quippe

2000 4773 2085 4820 est
2119 4765 2310 4822 anima:
2351 4765 2586 4820 exterius
2617 4781 2630 4818 :
2673 4774 2730 4819 ut
2771 4764 2876 4819 sint
2902 4764 3094 4818 animae
3121 4762 3259 4818 mala
3284 4803 3300 4829 ,
3330 4761 3522 4831 quibus
3549 4776 3582 4815 a

2003 4855 2278 4909 charitatis
2305 4853 2424 4908 luce
2467 4867 2653 4908 aversa
2684 4868 2836 4908 mens
2879 4853 2930 4906 in
2974 4852 3205 4922 peccatis
3242 4851 3577 4914 oblectatur,

2001 4956 2196 5000 extera:
2222 4954 2274 5001 te
2286 4945 2496 5010 nebrre;
2523 4945 2762 5014 corporis
2786 4953 2962 4999 autem
2995 4943 3128 4998 mala
3155 4984 3169 5008 ,
3197 4942 3391 5013 quibus
3417 4950 3581 4997 teter-

2000 5037 2084 5091 nis
2127 5036 2179 5090 in
2211 5035 2367 5090 linem
2415 5035 2750 5105 torquebitur
2773 5076 2787 5100 ,
2821 5035 3113 5088 exteriores
3143 5040 3377 5088 tenebras
3401 5073 3417 5100 ,
3448 5047 3584 5102 quas

1999 5128 2141 5180 solas
2173 5126 2360 5181 timent
2383 5127 2470 5197 qui
2493 5125 2670 5180 servili
2695 5123 2867 5179 adhuc
2887 5125 3079 5179 timore
3095 5123 3420 5178 detinentur.
3448 5120 3580 5176 Nam

1998 5219 2141 5272 sicis
2167 5218 2352 5273 liceret
2375 5219 2427 5272 in
2460 5217 2566 5272 illis
2587 5217 2785 5272 exteris
2808 5231 2929 5286 qua:
2952 5225 3077 5270 sunt
3106 5216 3158 5269 in
3191 5215 3443 5286 peccatis,
3474 5213 3578 5268 im-

2000 5325 2141 5379 pune
2169 5324 2382 5379 semper
2399 5308 2540 5364 volvi
2567 5316 2622 5363 et
2647 5308 2866 5374 involvi,
2895 5309 3133 5376 proiecto
3172 5321 3438 5378 nunquam
3465 5305 3579 5360 vel-

1997 5400 2106 5454 lent
2151 5401 2408 5456 accedere
2448 5399 2515 5454 ad
2555 5399 2744 5464 Deum,
2771 5407 2835 5454 et-
2866 5398 3172 5465 illuminari,
3219 5408 3274 5454 et
3318 5396 3582 5452 inhaerere

1998 5490 2079 5549 illi
2121 5506 2216 5560 per
2261 5490 2573 5545 charitatem
2598 5531 2614 5556 ,
2667 5489 2757 5546 ubi
2800 5497 2883 5544 est
2914 5489 3073 5543 timor
3103 5496 3318 5556 castus,
3370 5501 3579 5557 perma-

2002 5597 2135 5637 nens
2171 5583 2224 5636 in
2255 5583 2505 5637 sacculum
2532 5581 2711 5638 smculi
2746 5599 2758 5636 :
2787 5582 2887 5652 qui
2907 5581 3067 5637 timor
3088 5596 3194 5636 non
3220 5578 3450 5649 cruciat,
3483 5579 3577 5635 sed

2058 5742 2084 5774 ι
2104 5740 2215 5789 add.
2236 5776 2251 5800 ,
2295 5740 2569 5807 inﬁdelibus
2609 5724 2884 5807 (tonitribus
2931 5740 3212 5807 deteriores.
3259 5749 3316 5793 At
3359 5741 3579 5807 melioris

1993 5811 2121 5852 mue
2147 5811 2248 5851 περ..
2297 5803 2495 5874 habent,
2524 5803 2819 5858 exteriores.
2846 5806 2918 5856 sic
2942 5805 3088 5856 etiam
3110 5806 3304 5870 Eugypii
3338 5805 3449 5855 cdd.
3476 5804 3569 5856 duo

1993 5879 2134 5916 tnanu
2161 5874 2364 5915 exarati.
