  <div class='ocr_page' id='page_1' title='image "/cluster/home/n/w/nwhite01/storage/ocr_20150623/33/hvd.32044015471451/287.png"; bbox 0 0 4014 6338; ppageno 0'>
   <div class='ocr_carea' id='block_1_1' title="bbox 517 381 1751 455">
    <p class='ocr_par' dir='ltr' id='par_1_1' title="bbox 517 381 1751 455">
     <span class='ocr_line' id='line_1_1' title="bbox 517 381 1751 455; baseline -0.002 0"><span class='ocrx_word' id='word_1_1' title='bbox 517 397 623 455; x_wconf 71' lang='lat' dir='ltr'><strong>eos</strong></span> <span class='ocrx_word' id='word_1_2' title='bbox 1711 381 1751 437; x_wconf 75' lang='lat'>8</span> 
     </span>
    </p>
   </div>
   <div class='ocr_carea' id='block_1_2' title="bbox 518 491 2093 565">
    <p class='ocr_par' dir='ltr' id='par_1_2' title="bbox 518 491 2093 565">
     <span class='ocr_line' id='line_1_2' title="bbox 518 491 2093 565; baseline -0.011 -2"><span class='ocrx_word' id='word_1_3' title='bbox 518 510 841 563; x_wconf 66' lang='lat' dir='ltr'><strong>uenat-iorem</strong></span> <span class='ocrx_word' id='word_1_4' title='bbox 872 504 996 562; x_wconf 88' lang='lat' dir='ltr'><strong>facit</strong></span> <span class='ocrx_word' id='word_1_5' title='bbox 1023 501 1250 559; x_wconf 87' lang='lat' dir='ltr'><strong>animam</strong></span> <span class='ocrx_word' id='word_1_6' title='bbox 1279 497 1400 554; x_wconf 85' lang='lat' dir='ltr'><strong>boni</strong></span> <span class='ocrx_word' id='word_1_7' title='bbox 1431 495 1595 561; x_wconf 86' lang='lat' dir='ltr'><strong>illius,</strong></span> <span class='ocrx_word' id='word_1_8' title='bbox 1632 493 1774 565; x_wconf 90' lang='lat' dir='ltr'><strong>quod</strong></span> <span class='ocrx_word' id='word_1_9' title='bbox 1800 493 1844 548; x_wconf 90' lang='lat' dir='ltr'><strong>si</strong></span> <span class='ocrx_word' id='word_1_10' title='bbox 1871 491 2093 547; x_wconf 83' lang='lat' dir='ltr'><strong>dimise-</strong></span> 
     </span>
    </p>
   </div>
   <div class='ocr_carea' id='block_1_3' title="bbox 515 599 2093 746">
    <p class='ocr_par' dir='ltr' id='par_1_3' title="bbox 515 599 2093 746">
     <span class='ocr_line' id='line_1_3' title="bbox 515 599 2093 746; baseline -0.006 -9"><span class='ocrx_word' id='word_1_11' title='bbox 515 599 814 746; x_wconf 51' lang='lat' dir='ltr'><strong>“things;</strong></span> <span class='ocrx_word' id='word_1_12' title='bbox 841 683 1194 743; x_wconf 58' lang='grc' dir='ltr'><strong>ηψπ-59.</strong></span> <span class='ocrx_word' id='word_1_13' title='bbox 1216 680 1407 736; x_wconf 82' lang='lat' dir='ltr'><strong>Timeat</strong></span> <span class='ocrx_word' id='word_1_14' title='bbox 1426 694 1538 733; x_wconf 89' lang='lat' dir='ltr'><strong>eum</strong></span> <span class='ocrx_word' id='word_1_15' title='bbox 1558 693 1703 732; x_wconf 86' lang='lat' dir='ltr'><strong>omne</strong></span> <span class='ocrx_word' id='word_1_16' title='bbox 1719 691 1887 731; x_wconf 84' lang='lat' dir='ltr'><strong>semen</strong></span> <span class='ocrx_word' id='word_1_17' title='bbox 1907 673 2093 728; x_wconf 81' lang='lat' dir='ltr'><strong>Israel.</strong></span> 
     </span>
    </p>
   </div>
   <div class='ocr_carea' id='block_1_4' title="bbox 520 770 2093 849">
    <p class='ocr_par' dir='ltr' id='par_1_4' title="bbox 520 770 2093 849">
     <span class='ocr_line' id='line_1_4' title="bbox 520 770 2093 849; baseline -0.013 -11"><span class='ocrx_word' id='word_1_18' title='bbox 520 785 585 838; x_wconf 83' lang='lat' dir='ltr'><strong>Et</strong></span> <span class='ocrx_word' id='word_1_19' title='bbox 620 783 741 837; x_wconf 86' lang='lat' dir='ltr'><strong>vide</strong></span> <span class='ocrx_word' id='word_1_20' title='bbox 776 795 989 836; x_wconf 78' lang='lat' dir='ltr'><strong>causam</strong></span> <span class='ocrx_word' id='word_1_21' title='bbox 1018 792 1174 849; x_wconf 89' lang='lat' dir='ltr'><strong>quam</strong></span> <span class='ocrx_word' id='word_1_22' title='bbox 1202 771 1472 844; x_wconf 87' lang='lat' dir='ltr'><strong>conjungit</strong></span> <span class='ocrx_word' id='word_1_23' title='bbox 1501 787 1513 825; x_wconf 90' lang='lat'><strong>:</strong></span> <span class='ocrx_word' id='word_1_24' title='bbox 1545 770 1797 836; x_wconf 86' lang='lat' dir='ltr'><strong>Quoniam</strong></span> <span class='ocrx_word' id='word_1_25' title='bbox 1823 783 1924 821; x_wconf 89' lang='lat' dir='ltr'><strong>non</strong></span> <span class='ocrx_word' id='word_1_26' title='bbox 1950 781 2093 836; x_wconf 87' lang='lat' dir='ltr'><strong>spre-</strong></span> 
     </span>
    </p>
   </div>
   <div class='ocr_carea' id='block_1_5' title="bbox 514 859 2093 944">
    <p class='ocr_par' dir='ltr' id='par_1_5' title="bbox 514 859 2093 944">
     <span class='ocr_line' id='line_1_5' title="bbox 514 859 2093 944; baseline -0.013 -14"><span class='ocrx_word' id='word_1_27' title='bbox 514 878 604 944; x_wconf 73' lang='lat' dir='ltr'><strong>vit,</strong></span> <span class='ocrx_word' id='word_1_28' title='bbox 635 875 824 942; x_wconf 82' lang='lat' dir='ltr'><strong>inquit,</strong></span> <span class='ocrx_word' id='word_1_29' title='bbox 851 888 1010 943; x_wconf 83' lang='lat' dir='ltr'><strong>neque</strong></span> <span class='ocrx_word' id='word_1_30' title='bbox 1033 868 1258 940; x_wconf 72' lang='lat' dir='ltr'><strong>despexit</strong></span> <span class='ocrx_word' id='word_1_31' title='bbox 1282 880 1475 936; x_wconf 77' lang='lat' dir='ltr'><strong><em>precem</em></strong></span> <span class='ocrx_word' id='word_1_32' title='bbox 1496 861 1750 933; x_wconf 76' lang='lat' dir='ltr'><strong>pauperis.</strong></span> <span class='ocrx_word' id='word_1_33' title='bbox 1778 859 2093 927; x_wconf 85' lang='lat' dir='ltr'><strong>Pauperem,</strong></span> 
     </span>
    </p>
   </div>
   <div class='ocr_carea' id='block_1_6' title="bbox 519 947 2091 1025">
    <p class='ocr_par' dir='ltr' id='par_1_6' title="bbox 519 947 2091 1025">
     <span class='ocr_line' id='line_1_6' title="bbox 519 947 2091 1025; baseline -0.013 -6"><span class='ocrx_word' id='word_1_34' title='bbox 519 966 771 1021; x_wconf 61' lang='lat' dir='ltr'><strong>humilem</strong></span> <span class='ocrx_word' id='word_1_35' title='bbox 800 963 923 1018; x_wconf 91' lang='lat' dir='ltr'><strong>dicit</strong></span> <span class='ocrx_word' id='word_1_36' title='bbox 953 979 967 1015; x_wconf 92' lang='lat'><strong>:</strong></span> <span class='ocrx_word' id='word_1_37' title='bbox 997 961 1118 1015; x_wconf 86' lang='lat' dir='ltr'><strong>hinc</strong></span> <span class='ocrx_word' id='word_1_38' title='bbox 1143 968 1255 1025; x_wconf 85' lang='lat' dir='ltr'><strong>est,</strong></span> <span class='ocrx_word' id='word_1_39' title='bbox 1289 954 1415 1009; x_wconf 81' lang='lat' dir='ltr'><strong>Noli</strong></span> <span class='ocrx_word' id='word_1_40' title='bbox 1441 953 1599 1007; x_wconf 86' lang='lat' dir='ltr'><strong>altum</strong></span> <span class='ocrx_word' id='word_1_41' title='bbox 1620 966 1814 1022; x_wconf 86' lang='lat' dir='ltr'><strong>sapere,</strong></span> <span class='ocrx_word' id='word_1_42' title='bbox 1844 947 1932 1003; x_wconf 87' lang='lat' dir='ltr'><strong>sed</strong></span> <span class='ocrx_word' id='word_1_43' title='bbox 1953 947 2091 1000; x_wconf 88' lang='lat' dir='ltr'><strong>time.</strong></span> 
     </span>
    </p>
   </div>
   <div class='ocr_carea' id='block_1_7' title="bbox 516 1038 2093 1121">
    <p class='ocr_par' dir='ltr' id='par_1_7' title="bbox 516 1038 2093 1121">
     <span class='ocr_line' id='line_1_7' title="bbox 516 1038 2093 1121; baseline -0.013 -11"><span class='ocrx_word' id='word_1_44' title='bbox 516 1057 722 1109; x_wconf 75' lang='lat' dir='ltr'><strong>&#39;l’imeat</strong></span> <span class='ocrx_word' id='word_1_45' title='bbox 761 1064 888 1121; x_wconf 71' lang='lat' dir='ltr'><strong>ergo</strong></span> <span class='ocrx_word' id='word_1_46' title='bbox 925 1066 1046 1106; x_wconf 88' lang='lat' dir='ltr'><strong>cum</strong></span> <span class='ocrx_word' id='word_1_47' title='bbox 1076 1064 1234 1103; x_wconf 90' lang='lat' dir='ltr'><strong>omne</strong></span> <span class='ocrx_word' id='word_1_48' title='bbox 1262 1060 1445 1102; x_wconf 83' lang='lat' dir='ltr'><strong><em>semen</em></strong></span> <span class='ocrx_word' id='word_1_49' title='bbox 1472 1042 1629 1098; x_wconf 89' lang='lat' dir='ltr'><strong>israei</strong></span> <span class='ocrx_word' id='word_1_50' title='bbox 1650 1082 1666 1109; x_wconf 93' lang='lat'><strong>,</strong></span> <span class='ocrx_word' id='word_1_51' title='bbox 1710 1038 1958 1111; x_wconf 88' lang='lat' dir='ltr'><strong>quoniam</strong></span> <span class='ocrx_word' id='word_1_52' title='bbox 1989 1052 2093 1092; x_wconf 90' lang='lat' dir='ltr'><strong>non</strong></span> 
     </span>
    </p>
   </div>
   <div class='ocr_carea' id='block_1_8' title="bbox 515 1128 2094 1215">
    <p class='ocr_par' dir='ltr' id='par_1_8' title="bbox 515 1128 2094 1215">
     <span class='ocr_line' id='line_1_8' title="bbox 515 1128 2094 1215; baseline -0.01 -17"><span class='ocrx_word' id='word_1_53' title='bbox 515 1145 757 1215; x_wconf 78' lang='lat' dir='ltr'><strong>despexit</strong></span> <span class='ocrx_word' id='word_1_54' title='bbox 781 1144 897 1212; x_wconf 82' lang='lat' dir='ltr'><strong><em>ejus</em></strong></span> <span class='ocrx_word' id='word_1_55' title='bbox 922 1155 1136 1214; x_wconf 88' lang='lat' dir='ltr'><strong>precem</strong></span> <span class='ocrx_word' id='word_1_56' title='bbox 1176 1139 1265 1209; x_wconf 86' lang='lat' dir='ltr'><strong>qui</strong></span> <span class='ocrx_word' id='word_1_57' title='bbox 1304 1153 1409 1191; x_wconf 89' lang='lat' dir='ltr'><strong>non</strong></span> <span class='ocrx_word' id='word_1_58' title='bbox 1448 1135 1613 1190; x_wconf 87' lang='lat' dir='ltr'><strong>altum</strong></span> <span class='ocrx_word' id='word_1_59' title='bbox 1653 1131 1863 1202; x_wconf 78' lang='lat' dir='ltr'><strong>sapuit,</strong></span> <span class='ocrx_word' id='word_1_60' title='bbox 1893 1128 1987 1184; x_wconf 89' lang='lat' dir='ltr'><strong>sed</strong></span> <span class='ocrx_word' id='word_1_61' title='bbox 2025 1129 2094 1183; x_wconf 88' lang='lat' dir='ltr'><strong>ti-</strong></span> 
     </span>
    </p>
   </div>
   <div class='ocr_carea' id='block_1_9' title="bbox 515 1219 2097 1300">
    <p class='ocr_par' dir='ltr' id='par_1_9' title="bbox 515 1219 2097 1300">
     <span class='ocr_line' id='line_1_9' title="bbox 515 1219 2097 1300; baseline -0.011 -10"><span class='ocrx_word' id='word_1_62' title='bbox 515 1238 668 1291; x_wconf 88' lang='lat' dir='ltr'><strong>muit.</strong></span> <span class='ocrx_word' id='word_1_63' title='bbox 695 1236 870 1289; x_wconf 62' lang='lat' dir='ltr'><strong>Potest</strong></span> <span class='ocrx_word' id='word_1_64' title='bbox 893 1244 946 1287; x_wconf 89' lang='lat' dir='ltr'><strong>et</strong></span> <span class='ocrx_word' id='word_1_65' title='bbox 973 1234 1073 1287; x_wconf 92' lang='lat' dir='ltr'><strong>hoc</strong></span> <span class='ocrx_word' id='word_1_66' title='bbox 1099 1229 1255 1300; x_wconf 84' lang='lat' dir='ltr'><strong>capiti</strong></span> <span class='ocrx_word' id='word_1_67' title='bbox 1282 1226 1516 1297; x_wconf 76' lang='lat' dir='ltr'><strong>cooptari</strong></span> <span class='ocrx_word' id='word_1_68' title='bbox 1536 1237 1551 1289; x_wconf 93' lang='lat'><strong>;</strong></span> <span class='ocrx_word' id='word_1_69' title='bbox 1574 1223 1697 1293; x_wconf 82' lang='lat' dir='ltr'><strong>quia</strong></span> <span class='ocrx_word' id='word_1_70' title='bbox 1723 1222 1835 1293; x_wconf 91' lang='lat' dir='ltr'><strong>ipse</strong></span> <span class='ocrx_word' id='word_1_71' title='bbox 1854 1219 2097 1276; x_wconf 82' lang='lat' dir='ltr'><strong>Salvator</strong></span> 
     </span>
    </p>
   </div>
   <div class='ocr_carea' id='block_1_10' title="bbox 513 1309 2095 1395">
    <p class='ocr_par' dir='ltr' id='par_1_10' title="bbox 513 1309 2095 1395">
     <span class='ocr_line' id='line_1_10' title="bbox 513 1309 2095 1395; baseline -0.01 -16"><span class='ocrx_word' id='word_1_72' title='bbox 513 1325 752 1395; x_wconf 84' lang='lat' dir='ltr'><strong>corporis</strong></span> <span class='ocrx_word' id='word_1_73' title='bbox 796 1332 1013 1393; x_wconf 80' lang='lat' dir='ltr'><strong>pmpter</strong></span> <span class='ocrx_word' id='word_1_74' title='bbox 1059 1332 1157 1375; x_wconf 84' lang='lat' dir='ltr'><strong>nos</strong></span> <span class='ocrx_word' id='word_1_75' title='bbox 1201 1331 1399 1388; x_wconf 84' lang='lat' dir='ltr'><strong>pauper</strong></span> <span class='ocrx_word' id='word_1_76' title='bbox 1441 1315 1609 1369; x_wconf 87' lang='lat' dir='ltr'><strong>factus</strong></span> <span class='ocrx_word' id='word_1_77' title='bbox 1651 1319 1768 1378; x_wconf 82' lang='lat' dir='ltr'><strong>est,</strong></span> <span class='ocrx_word' id='word_1_78' title='bbox 1798 1326 1918 1365; x_wconf 91' lang='lat' dir='ltr'><strong>cum</strong></span> <span class='ocrx_word' id='word_1_79' title='bbox 1947 1309 2095 1365; x_wconf 80' lang='lat' dir='ltr'><strong><em>dives</em></strong></span> 
     </span>
    </p>
   </div>
   <div class='ocr_carea' id='block_1_11' title="bbox 513 1398 2090 1483">
    <p class='ocr_par' dir='ltr' id='par_1_11' title="bbox 513 1398 2090 1483">
     <span class='ocr_line' id='line_1_11' title="bbox 513 1398 2090 1483; baseline -0.01 -14"><span class='ocrx_word' id='word_1_80' title='bbox 513 1423 675 1479; x_wconf 85' lang='lat' dir='ltr'><strong>esset,</strong></span> <span class='ocrx_word' id='word_1_81' title='bbox 706 1425 762 1469; x_wconf 91' lang='lat' dir='ltr'><strong>ut</strong></span> <span class='ocrx_word' id='word_1_82' title='bbox 794 1414 911 1483; x_wconf 80' lang='lat' dir='ltr'><strong>ejus</strong></span> <span class='ocrx_word' id='word_1_83' title='bbox 940 1418 1247 1482; x_wconf 80' lang='lat' dir='ltr'><strong>Paupertate</strong></span> <span class='ocrx_word' id='word_1_84' title='bbox 1277 1408 1568 1462; x_wconf 88' lang='lat' dir='ltr'><strong>ditaremur</strong></span> <span class='ocrx_word' id='word_1_85' title='bbox 1600 1401 1673 1474; x_wconf 95' lang='lat' dir='ltr'><strong>(li</strong></span> <span class='ocrx_word' id='word_1_86' title='bbox 1697 1400 1817 1458; x_wconf 86' lang='lat' dir='ltr'><strong>Cor.</strong></span> <span class='ocrx_word' id='word_1_87' title='bbox 1846 1416 1971 1468; x_wconf 80' lang='lat' dir='ltr'><strong>vni,</strong></span> <span class='ocrx_word' id='word_1_88' title='bbox 2009 1398 2090 1471; x_wconf 81' lang='lat'><strong>9).</strong></span> 
     </span>
    </p>
   </div>
   <div class='ocr_carea' id='block_1_12' title="bbox 512 1494 2096 1569">
    <p class='ocr_par' dir='ltr' id='par_1_12' title="bbox 512 1494 2096 1569">
     <span class='ocr_line' id='line_1_12' title="bbox 512 1494 2096 1569; baseline -0.01 -8"><span class='ocrx_word' id='word_1_89' title='bbox 512 1507 592 1561; x_wconf 82' lang='lat' dir='ltr'><strong>Ex</strong></span> <span class='ocrx_word' id='word_1_90' title='bbox 634 1506 802 1560; x_wconf 88' lang='lat' dir='ltr'><strong>forma</strong></span> <span class='ocrx_word' id='word_1_91' title='bbox 838 1503 979 1559; x_wconf 89' lang='lat' dir='ltr'><strong>enim</strong></span> <span class='ocrx_word' id='word_1_92' title='bbox 1020 1500 1161 1557; x_wconf 87' lang='lat' dir='ltr'><strong>servi</strong></span> <span class='ocrx_word' id='word_1_93' title='bbox 1203 1513 1403 1569; x_wconf 83' lang='lat' dir='ltr'><strong>pauper</strong></span> <span class='ocrx_word' id='word_1_94' title='bbox 1441 1494 1613 1551; x_wconf 84' lang='lat' dir='ltr'><strong>factus</strong></span> <span class='ocrx_word' id='word_1_95' title='bbox 1649 1501 1768 1561; x_wconf 90' lang='lat' dir='ltr'><strong>est,</strong></span> <span class='ocrx_word' id='word_1_96' title='bbox 1806 1508 1873 1547; x_wconf 88' lang='lat' dir='ltr'><strong>ex</strong></span> <span class='ocrx_word' id='word_1_97' title='bbox 1901 1505 2002 1560; x_wconf 87' lang='lat' dir='ltr'><strong>qua</strong></span> <span class='ocrx_word' id='word_1_98' title='bbox 2041 1498 2096 1546; x_wconf 89' lang='lat' dir='ltr'><strong>et</strong></span> 
     </span>
    </p>
   </div>
   <div class='ocr_carea' id='block_1_13' title="bbox 510 1580 2091 1665">
    <p class='ocr_par' dir='ltr' id='par_1_13' title="bbox 510 1580 2091 1665">
     <span class='ocr_line' id='line_1_13' title="bbox 510 1580 2091 1665; baseline -0.01 -15"><span class='ocrx_word' id='word_1_99' title='bbox 510 1612 725 1665; x_wconf 79' lang='lat' dir='ltr'><strong>precem</strong></span> <span class='ocrx_word' id='word_1_100' title='bbox 758 1594 890 1650; x_wconf 81' lang='lat' dir='ltr'><strong>fudit</strong></span> <span class='ocrx_word' id='word_1_101' title='bbox 922 1612 936 1647; x_wconf 89' lang='lat'><strong>:</strong></span> <span class='ocrx_word' id='word_1_102' title='bbox 970 1594 1021 1647; x_wconf 92' lang='lat' dir='ltr'><strong>in</strong></span> <span class='ocrx_word' id='word_1_103' title='bbox 1052 1608 1113 1648; x_wconf 89' lang='lat' dir='ltr'><strong>ea</strong></span> <span class='ocrx_word' id='word_1_104' title='bbox 1156 1591 1351 1661; x_wconf 86' lang='lat' dir='ltr'><strong>quippe</strong></span> <span class='ocrx_word' id='word_1_105' title='bbox 1391 1586 1735 1655; x_wconf 85' lang='lat' dir='ltr'><strong>semetipsum</strong></span> <span class='ocrx_word' id='word_1_106' title='bbox 1776 1580 2091 1647; x_wconf 81' lang='lat' dir='ltr'><strong>ltumiiiavit,</strong></span> 
     </span>
    </p>
   </div>
   <div class='ocr_carea' id='block_1_14' title="bbox 514 1669 2089 1752">
    <p class='ocr_par' dir='ltr' id='par_1_14' title="bbox 514 1669 2089 1752">
     <span class='ocr_line' id='line_1_14' title="bbox 514 1669 2089 1752; baseline -0.009 -13"><span class='ocrx_word' id='word_1_107' title='bbox 514 1687 685 1741; x_wconf 82' lang='lat' dir='ltr'><strong>factus</strong></span> <span class='ocrx_word' id='word_1_108' title='bbox 728 1684 984 1739; x_wconf 88' lang='lat' dir='ltr'><strong>obediens</strong></span> <span class='ocrx_word' id='word_1_109' title='bbox 1029 1697 1194 1752; x_wconf 85' lang='lat' dir='ltr'><strong>usque</strong></span> <span class='ocrx_word' id='word_1_110' title='bbox 1238 1681 1303 1734; x_wconf 91' lang='lat' dir='ltr'><strong>ad</strong></span> <span class='ocrx_word' id='word_1_111' title='bbox 1346 1685 1572 1736; x_wconf 87' lang='lat' dir='ltr'><strong>mortem</strong></span> <span class='ocrx_word' id='word_1_112' title='bbox 1620 1671 1878 1748; x_wconf 77' lang='lat' dir='ltr'><strong>(Philipp.</strong></span> <span class='ocrx_word' id='word_1_113' title='bbox 1908 1686 1974 1738; x_wconf 89' lang='grc' dir='ltr'><strong>ιι,</strong></span> <span class='ocrx_word' id='word_1_114' title='bbox 2010 1669 2089 1740; x_wconf 90' lang='grc'><strong>8).</strong></span> 
     </span>
    </p>
   </div>
   <div class='ocr_carea' id='block_1_15' title="bbox 515 1761 2093 1845">
    <p class='ocr_par' dir='ltr' id='par_1_15' title="bbox 515 1761 2093 1845">
     <span class='ocr_line' id='line_1_15' title="bbox 515 1761 2093 1845; baseline -0.01 -16"><span class='ocrx_word' id='word_1_115' title='bbox 515 1775 649 1831; x_wconf 90' lang='lat' dir='ltr'><strong>Vide</strong></span> <span class='ocrx_word' id='word_1_116' title='bbox 678 1789 807 1845; x_wconf 88' lang='lat' dir='ltr'><strong>ergo</strong></span> <span class='ocrx_word' id='word_1_117' title='bbox 844 1773 967 1844; x_wconf 88' lang='lat' dir='ltr'><strong>quid</strong></span> <span class='ocrx_word' id='word_1_118' title='bbox 998 1773 1138 1827; x_wconf 80' lang='lat' dir='ltr'><strong>dicat</strong></span> <span class='ocrx_word' id='word_1_119' title='bbox 1168 1790 1183 1831; x_wconf 84' lang='lat'>:</span> <span class='ocrx_word' id='word_1_120' title='bbox 1212 1768 1462 1835; x_wconf 83' lang='lat' dir='ltr'><strong>Quoniam</strong></span> <span class='ocrx_word' id='word_1_121' title='bbox 1485 1782 1585 1820; x_wconf 90' lang='lat' dir='ltr'><strong>non</strong></span> <span class='ocrx_word' id='word_1_122' title='bbox 1608 1764 1792 1835; x_wconf 80' lang='lat' dir='ltr'><strong>sprevit</strong></span> <span class='ocrx_word' id='word_1_123' title='bbox 1816 1778 1973 1835; x_wconf 83' lang='lat' dir='ltr'><strong>neque</strong></span> <span class='ocrx_word' id='word_1_124' title='bbox 2000 1761 2093 1815; x_wconf 76' lang='lat' dir='ltr'><strong>de-</strong></span> 
     </span>
    </p>
   </div>
   <div class='ocr_carea' id='block_1_16' title="bbox 511 1859 2090 1936">
    <p class='ocr_par' dir='ltr' id='par_1_16' title="bbox 511 1859 2090 1936">
     <span class='ocr_line' id='line_1_16' title="bbox 511 1859 2090 1936; baseline -0.006 -15"><span class='ocrx_word' id='word_1_125' title='bbox 511 1869 676 1936; x_wconf 64' lang='lat' dir='ltr'><strong>spexit</strong></span> <span class='ocrx_word' id='word_1_126' title='bbox 704 1882 900 1936; x_wconf 80' lang='lat' dir='ltr'><strong>precem</strong></span> <span class='ocrx_word' id='word_1_127' title='bbox 926 1866 1182 1936; x_wconf 84' lang='lat' dir='ltr'><strong>pauperis,</strong></span> <span class='ocrx_word' id='word_1_128' title='bbox 1207 1878 1361 1933; x_wconf 88' lang='lat' dir='ltr'><strong>neque</strong></span> <span class='ocrx_word' id='word_1_129' title='bbox 1382 1860 1558 1914; x_wconf 73' lang='lat' dir='ltr'><strong>avertit</strong></span> <span class='ocrx_word' id='word_1_130' title='bbox 1581 1859 1759 1929; x_wconf 75' lang='lat' dir='ltr'><strong>faciem</strong></span> <span class='ocrx_word' id='word_1_131' title='bbox 1778 1872 1922 1911; x_wconf 89' lang='lat' dir='ltr'><strong>suam</strong></span> <span class='ocrx_word' id='word_1_132' title='bbox 1941 1872 1973 1908; x_wconf 92' lang='lat' dir='ltr'><strong>a</strong></span> <span class='ocrx_word' id='word_1_133' title='bbox 1992 1871 2090 1911; x_wconf 88' lang='lat' dir='ltr'><strong>me.</strong></span> 
     </span>
    </p>
   </div>
   <div class='ocr_carea' id='block_1_17' title="bbox 514 1945 2093 2021">
    <p class='ocr_par' dir='ltr' id='par_1_17' title="bbox 514 1945 2093 2021">
     <span class='ocr_line' id='line_1_17' title="bbox 514 1945 2093 2021; baseline -0.01 -7"><span class='ocrx_word' id='word_1_134' title='bbox 514 1958 615 2014; x_wconf 86' lang='lat' dir='ltr'><strong>Ubi</strong></span> <span class='ocrx_word' id='word_1_135' title='bbox 658 1966 739 2013; x_wconf 86' lang='lat' dir='ltr'><strong>est</strong></span> <span class='ocrx_word' id='word_1_136' title='bbox 781 1956 912 2012; x_wconf 90' lang='lat' dir='ltr'><strong>illud</strong></span> <span class='ocrx_word' id='word_1_137' title='bbox 934 1997 948 2020; x_wconf 97' lang='lat'><strong>,</strong></span> <span class='ocrx_word' id='word_1_138' title='bbox 988 1956 1161 2021; x_wconf 81' lang='lat' dir='ltr'><strong>Quare</strong></span> <span class='ocrx_word' id='word_1_139' title='bbox 1198 1969 1278 2007; x_wconf 87' lang='lat' dir='ltr'><strong>me</strong></span> <span class='ocrx_word' id='word_1_140' title='bbox 1314 1949 1654 2021; x_wconf 84' lang='lat' dir='ltr'><strong>dereliquisti,</strong></span> <span class='ocrx_word' id='word_1_141' title='bbox 1686 1948 1731 2003; x_wconf 89' lang='lat' dir='ltr'><strong>si</strong></span> <span class='ocrx_word' id='word_1_142' title='bbox 1768 1961 1869 2005; x_wconf 90' lang='lat' dir='ltr'><strong>nec</strong></span> <span class='ocrx_word' id='word_1_143' title='bbox 1908 1945 2093 2000; x_wconf 86' lang='lat' dir='ltr'><strong>faciem</strong></span> 
     </span>
    </p>
   </div>
   <div class='ocr_carea' id='block_1_18' title="bbox 512 2038 2093 2116">
    <p class='ocr_par' dir='ltr' id='par_1_18' title="bbox 512 2038 2093 2116">
     <span class='ocr_line' id='line_1_18' title="bbox 512 2038 2093 2116; baseline -0.008 -13"><span class='ocrx_word' id='word_1_144' title='bbox 512 2050 703 2106; x_wconf 85' lang='lat' dir='ltr'><strong>avertit</strong></span> <span class='ocrx_word' id='word_1_145' title='bbox 726 2049 794 2104; x_wconf 91' lang='lat' dir='ltr'><strong>ab</strong></span> <span class='ocrx_word' id='word_1_146' title='bbox 816 2048 918 2104; x_wconf 79' lang='lat' dir='ltr'><strong>eo?</strong></span> <span class='ocrx_word' id='word_1_147' title='bbox 958 2048 1057 2102; x_wconf 91' lang='lat' dir='ltr'><strong>nisi</strong></span> <span class='ocrx_word' id='word_1_148' title='bbox 1089 2046 1208 2116; x_wconf 85' lang='lat' dir='ltr'><strong>quia</strong></span> <span class='ocrx_word' id='word_1_149' title='bbox 1237 2052 1294 2101; x_wconf 89' lang='lat' dir='ltr'><strong>et</strong></span> <span class='ocrx_word' id='word_1_150' title='bbox 1320 2042 1695 2112; x_wconf 89' lang='lat' dir='ltr'><strong>derelinquens</strong></span> <span class='ocrx_word' id='word_1_151' title='bbox 1722 2056 1827 2095; x_wconf 89' lang='lat' dir='ltr'><strong>non</strong></span> <span class='ocrx_word' id='word_1_152' title='bbox 1855 2038 2093 2094; x_wconf 80' lang='lat' dir='ltr'><strong>derelin-</strong></span> 
     </span>
    </p>
   </div>
   <div class='ocr_carea' id='block_1_19' title="bbox 514 2129 2095 2214">
    <p class='ocr_par' dir='ltr' id='par_1_19' title="bbox 514 2129 2095 2214">
     <span class='ocr_line' id='line_1_19' title="bbox 514 2129 2095 2214; baseline -0.009 -18"><span class='ocrx_word' id='word_1_153' title='bbox 514 2143 660 2214; x_wconf 88' lang='lat' dir='ltr'><strong>quit,</strong></span> <span class='ocrx_word' id='word_1_154' title='bbox 690 2138 903 2210; x_wconf 84' lang='lat' dir='ltr'><strong>quando</strong></span> <span class='ocrx_word' id='word_1_155' title='bbox 942 2138 994 2192; x_wconf 92' lang='lat' dir='ltr'><strong>in</strong></span> <span class='ocrx_word' id='word_1_156' title='bbox 1024 2136 1176 2191; x_wconf 90' lang='lat' dir='ltr'><strong>bonis</strong></span> <span class='ocrx_word' id='word_1_157' title='bbox 1206 2133 1584 2204; x_wconf 80' lang='lat' dir='ltr'><strong>temporalibus</strong></span> <span class='ocrx_word' id='word_1_158' title='bbox 1617 2146 1722 2185; x_wconf 90' lang='lat' dir='ltr'><strong>non</strong></span> <span class='ocrx_word' id='word_1_159' title='bbox 1752 2129 1999 2195; x_wconf 79' lang='lat' dir='ltr'><strong>exaudit;</strong></span> <span class='ocrx_word' id='word_1_160' title='bbox 2040 2136 2095 2183; x_wconf 87' lang='lat' dir='ltr'><strong>et</strong></span> 
     </span>
    </p>
   </div>
   <div class='ocr_carea' id='block_1_20' title="bbox 513 2219 2093 2299">
    <p class='ocr_par' dir='ltr' id='par_1_20' title="bbox 513 2219 2093 2299">
     <span class='ocr_line' id='line_1_20' title="bbox 513 2219 2093 2299; baseline -0.008 -12"><span class='ocrx_word' id='word_1_161' title='bbox 513 2247 621 2287; x_wconf 91' lang='lat' dir='ltr'><strong>non</strong></span> <span class='ocrx_word' id='word_1_162' title='bbox 650 2232 717 2286; x_wconf 81' lang='lat' dir='ltr'><strong>ad</strong></span> <span class='ocrx_word' id='word_1_163' title='bbox 743 2230 1096 2299; x_wconf 88' lang='lat' dir='ltr'><strong>insipientiam</strong></span> <span class='ocrx_word' id='word_1_164' title='bbox 1127 2226 1278 2282; x_wconf 88' lang='lat' dir='ltr'><strong>nobis</strong></span> <span class='ocrx_word' id='word_1_165' title='bbox 1297 2266 1313 2292; x_wconf 90' lang='lat'><strong>,</strong></span> <span class='ocrx_word' id='word_1_166' title='bbox 1344 2224 1438 2279; x_wconf 87' lang='lat' dir='ltr'><strong>scd</strong></span> <span class='ocrx_word' id='word_1_167' title='bbox 1473 2233 1525 2277; x_wconf 89' lang='lat' dir='ltr'><strong>ut</strong></span> <span class='ocrx_word' id='word_1_168' title='bbox 1553 2223 1820 2293; x_wconf 83' lang='lat' dir='ltr'><strong>sapiamus</strong></span> <span class='ocrx_word' id='word_1_169' title='bbox 1846 2219 1970 2291; x_wconf 90' lang='lat' dir='ltr'><strong>quid</strong></span> <span class='ocrx_word' id='word_1_170' title='bbox 1996 2235 2093 2274; x_wconf 89' lang='lat' dir='ltr'><strong>au-</strong></span> 
     </span>
    </p>
   </div>
   <div class='ocr_carea' id='block_1_21' title="bbox 510 2314 2094 2394">
    <p class='ocr_par' dir='ltr' id='par_1_21' title="bbox 510 2314 2094 2394">
     <span class='ocr_line' id='line_1_21' title="bbox 510 2314 2094 2394; baseline -0.006 -17"><span class='ocrx_word' id='word_1_171' title='bbox 510 2327 648 2379; x_wconf 79' lang='lat' dir='ltr'><strong>ferat</strong></span> <span class='ocrx_word' id='word_1_172' title='bbox 668 2363 687 2389; x_wconf 90' lang='lat'><strong>,</strong></span> <span class='ocrx_word' id='word_1_173' title='bbox 715 2322 914 2394; x_wconf 89' lang='lat' dir='ltr'><strong>etquid</strong></span> <span class='ocrx_word' id='word_1_174' title='bbox 940 2320 1128 2376; x_wconf 71' lang='lat' dir='ltr'><strong>oderat</strong></span> <span class='ocrx_word' id='word_1_175' title='bbox 1152 2319 1322 2373; x_wconf 90' lang='lat' dir='ltr'><strong>nobis.</strong></span> <span class='ocrx_word' id='word_1_176' title='bbox 1352 2315 1494 2383; x_wconf 85' lang='lat' dir='ltr'><strong>Non,</strong></span> <span class='ocrx_word' id='word_1_177' title='bbox 1522 2316 1711 2386; x_wconf 87' lang='lat' dir='ltr'><strong>inquit,</strong></span> <span class='ocrx_word' id='word_1_178' title='bbox 1733 2314 1917 2385; x_wconf 80' lang='lat' dir='ltr'><strong>sprevit</strong></span> <span class='ocrx_word' id='word_1_179' title='bbox 1937 2329 2094 2384; x_wconf 87' lang='lat' dir='ltr'><strong>neque</strong></span> 
     </span>
    </p>
   </div>
   <div class='ocr_carea' id='block_1_22' title="bbox 513 2408 2094 2490">
    <p class='ocr_par' dir='ltr' id='par_1_22' title="bbox 513 2408 2094 2490">
     <span class='ocr_line' id='line_1_22' title="bbox 513 2408 2094 2490; baseline -0.009 -17"><span class='ocrx_word' id='word_1_180' title='bbox 513 2417 739 2490; x_wconf 67' lang='lat' dir='ltr'><strong>despexit</strong></span> <span class='ocrx_word' id='word_1_181' title='bbox 768 2432 961 2490; x_wconf 83' lang='lat' dir='ltr'><strong>precem</strong></span> <span class='ocrx_word' id='word_1_182' title='bbox 992 2413 1226 2485; x_wconf 81' lang='lat' dir='ltr'><strong>pauperis</strong></span> <span class='ocrx_word' id='word_1_183' title='bbox 1246 2453 1260 2477; x_wconf 96' lang='lat'><strong>,</strong></span> <span class='ocrx_word' id='word_1_184' title='bbox 1291 2426 1447 2481; x_wconf 79' lang='lat' dir='ltr'><strong>neque</strong></span> <span class='ocrx_word' id='word_1_185' title='bbox 1473 2409 1648 2463; x_wconf 64' lang='lat' dir='ltr'><strong>avertit</strong></span> <span class='ocrx_word' id='word_1_186' title='bbox 1685 2408 1864 2477; x_wconf 76' lang='lat' dir='ltr'><strong>faciem</strong></span> <span class='ocrx_word' id='word_1_187' title='bbox 1892 2422 2037 2459; x_wconf 89' lang='lat' dir='ltr'><strong>suam</strong></span> <span class='ocrx_word' id='word_1_188' title='bbox 2062 2422 2094 2459; x_wconf 92' lang='lat' dir='ltr'><strong><em>a</em></strong></span> 
     </span>
    </p>
   </div>
   <div class='ocr_carea' id='block_1_23' title="bbox 514 2497 2095 2569">
    <p class='ocr_par' dir='ltr' id='par_1_23' title="bbox 514 2497 2095 2569">
     <span class='ocr_line' id='line_1_23' title="bbox 514 2497 2095 2569; baseline -0.007 -5"><span class='ocrx_word' id='word_1_189' title='bbox 514 2528 592 2565; x_wconf 90' lang='lat' dir='ltr'><strong>me</strong></span> <span class='ocrx_word' id='word_1_190' title='bbox 619 2526 641 2567; x_wconf 89' lang='lat'><strong><em>:</em></strong></span> <span class='ocrx_word' id='word_1_191' title='bbox 664 2521 712 2565; x_wconf 87' lang='lat' dir='ltr'><strong>et</strong></span> <span class='ocrx_word' id='word_1_192' title='bbox 748 2527 861 2564; x_wconf 79' lang='lat' dir='ltr'><strong>cum</strong></span> <span class='ocrx_word' id='word_1_193' title='bbox 898 2509 1169 2562; x_wconf 87' lang='lat' dir='ltr'><strong>clamarem</strong></span> <span class='ocrx_word' id='word_1_194' title='bbox 1206 2506 1273 2559; x_wconf 91' lang='lat' dir='ltr'><strong>ad</strong></span> <span class='ocrx_word' id='word_1_195' title='bbox 1307 2520 1459 2569; x_wconf 87' lang='lat' dir='ltr'><strong>eum,</strong></span> <span class='ocrx_word' id='word_1_196' title='bbox 1504 2501 1760 2557; x_wconf 70' lang='lat' dir='ltr'><strong>exaudivit</strong></span> <span class='ocrx_word' id='word_1_197' title='bbox 1802 2515 1898 2554; x_wconf 85' lang='lat' dir='ltr'><strong>me.</strong></span> <span class='ocrx_word' id='word_1_198' title='bbox 1950 2497 2095 2553; x_wconf 83' lang='lat' dir='ltr'><strong>Fecit</strong></span> 
     </span>
    </p>
   </div>
   <div class='ocr_carea' id='block_1_24' title="bbox 511 2590 2093 2675">
    <p class='ocr_par' dir='ltr' id='par_1_24' title="bbox 511 2590 2093 2675">
     <span class='ocr_line' id='line_1_24' title="bbox 511 2590 2093 2675; baseline -0.01 -16"><span class='ocrx_word' id='word_1_199' title='bbox 511 2619 640 2675; x_wconf 84' lang='lat' dir='ltr'><strong>ergo</strong></span> <span class='ocrx_word' id='word_1_200' title='bbox 668 2601 810 2673; x_wconf 88' lang='lat' dir='ltr'><strong>quod</strong></span> <span class='ocrx_word' id='word_1_201' title='bbox 840 2599 996 2670; x_wconf 89' lang='lat' dir='ltr'><strong>paulo</strong></span> <span class='ocrx_word' id='word_1_202' title='bbox 1021 2608 1144 2653; x_wconf 87' lang='lat' dir='ltr'><strong>ante</strong></span> <span class='ocrx_word' id='word_1_203' title='bbox 1167 2605 1382 2666; x_wconf 85' lang='lat' dir='ltr'><strong>rogatus</strong></span> <span class='ocrx_word' id='word_1_204' title='bbox 1406 2602 1505 2658; x_wconf 90' lang='lat' dir='ltr'><strong>est,</strong></span> <span class='ocrx_word' id='word_1_205' title='bbox 1536 2593 1623 2646; x_wconf 90' lang='lat' dir='ltr'><strong>ubi</strong></span> <span class='ocrx_word' id='word_1_206' title='bbox 1651 2606 1770 2645; x_wconf 90' lang='lat' dir='ltr'><strong>eum</strong></span> <span class='ocrx_word' id='word_1_207' title='bbox 1798 2590 2093 2660; x_wconf 86' lang='lat' dir='ltr'><strong>deprecans</strong></span> 
     </span>
    </p>
   </div>
   <div class='ocr_carea' id='block_1_25' title="bbox 512 2677 2093 2748">
    <p class='ocr_par' dir='ltr' id='par_1_25' title="bbox 512 2677 2093 2748">
     <span class='ocr_line' id='line_1_25' title="bbox 512 2677 2093 2748; baseline -0.008 -1"><span class='ocrx_word' id='word_1_208' title='bbox 512 2694 649 2748; x_wconf 89' lang='lat' dir='ltr'><strong>dixit</strong></span> <span class='ocrx_word' id='word_1_209' title='bbox 677 2711 692 2747; x_wconf 87' lang='lat'><strong>:</strong></span> <span class='ocrx_word' id='word_1_210' title='bbox 727 2690 811 2746; x_wconf 85' lang='lat' dir='ltr'><strong>Ne</strong></span> <span class='ocrx_word' id='word_1_211' title='bbox 836 2688 1064 2744; x_wconf 83' lang='lat' dir='ltr'><strong>discedas</strong></span> <span class='ocrx_word' id='word_1_212' title='bbox 1088 2704 1120 2741; x_wconf 91' lang='lat' dir='ltr'><strong><em>a</em></strong></span> <span class='ocrx_word' id='word_1_213' title='bbox 1145 2702 1241 2741; x_wconf 87' lang='lat' dir='ltr'><strong>me.</strong></span> <span class='ocrx_word' id='word_1_214' title='bbox 1273 2684 1328 2740; x_wconf 92' lang='lat' dir='ltr'><strong>Si</strong></span> <span class='ocrx_word' id='word_1_215' title='bbox 1354 2683 1495 2739; x_wconf 89' lang='lat' dir='ltr'><strong>enim</strong></span> <span class='ocrx_word' id='word_1_216' title='bbox 1521 2680 1823 2746; x_wconf 80' lang='lat' dir='ltr'><strong>exaudivit,</strong></span> <span class='ocrx_word' id='word_1_217' title='bbox 1857 2677 2093 2748; x_wconf 87' lang='lat' dir='ltr'><strong>profecto</strong></span> 
     </span>
    </p>
   </div>
   <div class='ocr_carea' id='block_1_26' title="bbox 512 2768 2095 2850">
    <p class='ocr_par' dir='ltr' id='par_1_26' title="bbox 512 2768 2095 2850">
     <span class='ocr_line' id='line_1_26' title="bbox 512 2768 2095 2850; baseline -0.011 -11"><span class='ocrx_word' id='word_1_218' title='bbox 512 2785 669 2849; x_wconf 86' lang='lat' dir='ltr'><strong>fecit,</strong></span> <span class='ocrx_word' id='word_1_219' title='bbox 697 2799 803 2838; x_wconf 91' lang='lat' dir='ltr'><strong>non</strong></span> <span class='ocrx_word' id='word_1_220' title='bbox 832 2782 1012 2850; x_wconf 78' lang='lat' dir='ltr'><strong>utique</strong></span> <span class='ocrx_word' id='word_1_221' title='bbox 1040 2777 1301 2833; x_wconf 86' lang='lat' dir='ltr'><strong>discessit.</strong></span> <span class='ocrx_word' id='word_1_222' title='bbox 1346 2774 1461 2829; x_wconf 86' lang='lat' dir='ltr'><strong>Non</strong></span> <span class='ocrx_word' id='word_1_223' title='bbox 1501 2787 1629 2844; x_wconf 88' lang='lat' dir='ltr'><strong>ergo</strong></span> <span class='ocrx_word' id='word_1_224' title='bbox 1668 2769 1953 2840; x_wconf 83' lang='lat' dir='ltr'><strong>dereliquit</strong></span> <span class='ocrx_word' id='word_1_225' title='bbox 1991 2768 2095 2823; x_wconf 87' lang='lat' dir='ltr'><strong>hoc</strong></span> 
     </span>
    </p>
   </div>
   <div class='ocr_carea' id='block_1_27' title="bbox 514 2865 2091 2943">
    <p class='ocr_par' dir='ltr' id='par_1_27' title="bbox 514 2865 2091 2943">
     <span class='ocr_line' id='line_1_27' title="bbox 514 2865 2091 2943; baseline -0.011 -12"><span class='ocrx_word' id='word_1_226' title='bbox 514 2874 709 2942; x_wconf 84' lang='lat' dir='ltr'><strong>modo,</strong></span> <span class='ocrx_word' id='word_1_227' title='bbox 733 2873 821 2943; x_wconf 90' lang='lat' dir='ltr'><strong>qui</strong></span> <span class='ocrx_word' id='word_1_228' title='bbox 859 2871 963 2925; x_wconf 88' lang='lat' dir='ltr'><strong>alio</strong></span> <span class='ocrx_word' id='word_1_229' title='bbox 994 2868 1154 2925; x_wconf 91' lang='lat' dir='ltr'><strong>modo</strong></span> <span class='ocrx_word' id='word_1_230' title='bbox 1190 2865 1504 2936; x_wconf 84' lang='lat' dir='ltr'><strong>dereliquit,</strong></span> <span class='ocrx_word' id='word_1_231' title='bbox 1536 2870 1595 2919; x_wconf 92' lang='lat' dir='ltr'><strong>ut</strong></span> <span class='ocrx_word' id='word_1_232' title='bbox 1620 2876 1929 2932; x_wconf 86' lang='lat' dir='ltr'><strong>saperemus</strong></span> <span class='ocrx_word' id='word_1_233' title='bbox 1956 2874 2091 2931; x_wconf 87' lang='lat' dir='ltr'><strong>quo-</strong></span> 
     </span>
    </p>
   </div>
   <div class='ocr_carea' id='block_1_28' title="bbox 515 2951 1963 3032">
    <p class='ocr_par' dir='ltr' id='par_1_28' title="bbox 515 2951 1963 3032">
     <span class='ocr_line' id='line_1_28' title="bbox 515 2951 1963 3032; baseline -0.01 -13"><span class='ocrx_word' id='word_1_234' title='bbox 515 2963 676 3020; x_wconf 90' lang='lat' dir='ltr'><strong>modo</strong></span> <span class='ocrx_word' id='word_1_235' title='bbox 702 2962 870 3032; x_wconf 79' lang='lat' dir='ltr'><strong>magis</strong></span> <span class='ocrx_word' id='word_1_236' title='bbox 893 2975 1002 3015; x_wconf 88' lang='lat' dir='ltr'><strong>non</strong></span> <span class='ocrx_word' id='word_1_237' title='bbox 1024 2959 1091 3014; x_wconf 90' lang='lat' dir='ltr'><strong>ab</strong></span> <span class='ocrx_word' id='word_1_238' title='bbox 1115 2971 1181 3013; x_wconf 91' lang='grc' dir='ltr'>εο</span> <span class='ocrx_word' id='word_1_239' title='bbox 1206 2955 1499 3026; x_wconf 89' lang='lat' dir='ltr'><strong>derelinqui</strong></span> <span class='ocrx_word' id='word_1_240' title='bbox 1527 2952 1665 3008; x_wconf 81' lang='lat' dir='ltr'><strong>velle</strong></span> <span class='ocrx_word' id='word_1_241' title='bbox 1688 2951 1963 3007; x_wconf 87' lang='lat' dir='ltr'><strong>debemus.</strong></span> 
     </span>
    </p>
   </div>
   <div class='ocr_carea' id='block_1_29' title="bbox 584 3042 2093 3124">
    <p class='ocr_par' dir='ltr' id='par_1_29' title="bbox 584 3042 2093 3124">
     <span class='ocr_line' id='line_1_29' title="bbox 584 3042 2093 3124; baseline -0.009 -14"><span class='ocrx_word' id='word_1_242' title='bbox 584 3054 676 3112; x_wconf 78' lang='lat'><strong>60.</strong></span> <span class='ocrx_word' id='word_1_243' title='bbox 716 3052 866 3124; x_wconf 81' lang='lat' dir='ltr'><strong>Apud</strong></span> <span class='ocrx_word' id='word_1_244' title='bbox 895 3061 942 3106; x_wconf 86' lang='lat' dir='ltr'><strong>te</strong></span> <span class='ocrx_word' id='word_1_245' title='bbox 964 3050 1076 3105; x_wconf 88' lang='lat' dir='ltr'><strong>laus</strong></span> <span class='ocrx_word' id='word_1_246' title='bbox 1099 3065 1228 3103; x_wconf 85' lang='lat' dir='ltr'><strong>mea.</strong></span> <span class='ocrx_word' id='word_1_247' title='bbox 1259 3047 1397 3115; x_wconf 84' lang='lat' dir='ltr'><strong>Quid</strong></span> <span class='ocrx_word' id='word_1_248' title='bbox 1440 3060 1566 3118; x_wconf 83' lang='lat' dir='ltr'><strong>ergo</strong></span> <span class='ocrx_word' id='word_1_249' title='bbox 1612 3051 1806 3100; x_wconf 90' lang='lat' dir='ltr'><strong>nocent</strong></span> <span class='ocrx_word' id='word_1_250' title='bbox 1840 3042 1931 3113; x_wconf 91' lang='lat' dir='ltr'><strong>qui</strong></span> <span class='ocrx_word' id='word_1_251' title='bbox 1973 3049 2093 3097; x_wconf 84' lang='lat' dir='ltr'><strong>tan-</strong></span> 
     </span>
    </p>
   </div>
   <div class='ocr_carea' id='block_1_30' title="bbox 512 3133 2093 3219">
    <p class='ocr_par' dir='ltr' id='par_1_30' title="bbox 512 3133 2093 3219">
     <span class='ocr_line' id='line_1_30' title="bbox 512 3133 2093 3219; baseline -0.009 -16"><span class='ocrx_word' id='word_1_252' title='bbox 512 3162 672 3219; x_wconf 79' lang='lat' dir='ltr'><strong>quam</strong></span> <span class='ocrx_word' id='word_1_253' title='bbox 712 3146 853 3201; x_wconf 88' lang='lat' dir='ltr'><strong>victo</strong></span> <span class='ocrx_word' id='word_1_254' title='bbox 896 3142 1174 3208; x_wconf 84' lang='lat' dir='ltr'><strong>insultant,</strong></span> <span class='ocrx_word' id='word_1_255' title='bbox 1216 3139 1357 3211; x_wconf 91' lang='lat' dir='ltr'><strong>quod</strong></span> <span class='ocrx_word' id='word_1_256' title='bbox 1393 3154 1481 3194; x_wconf 91' lang='lat' dir='ltr'><strong>me</strong></span> <span class='ocrx_word' id='word_1_257' title='bbox 1509 3139 1562 3193; x_wconf 90' lang='lat' dir='ltr'><strong>iu</strong></span> <span class='ocrx_word' id='word_1_258' title='bbox 1596 3134 1971 3206; x_wconf 83' lang='lat' dir='ltr'><strong>temporalibus</strong></span> <span class='ocrx_word' id='word_1_259' title='bbox 1995 3133 2093 3190; x_wconf 83' lang='lat' dir='ltr'><strong>de-</strong></span> 
     </span>
    </p>
   </div>
   <div class='ocr_carea' id='block_1_31' title="bbox 512 3226 2095 3308">
    <p class='ocr_par' dir='ltr' id='par_1_31' title="bbox 512 3226 2095 3308">
     <span class='ocr_line' id='line_1_31' title="bbox 512 3226 2095 3308; baseline -0.01 -13"><span class='ocrx_word' id='word_1_260' title='bbox 512 3235 835 3308; x_wconf 85' lang='lat' dir='ltr'><strong>reliqueris‘l</strong></span> <span class='ocrx_word' id='word_1_261' title='bbox 883 3233 950 3290; x_wconf 80' lang='lat' dir='ltr'><strong>In</strong></span> <span class='ocrx_word' id='word_1_262' title='bbox 997 3232 1224 3291; x_wconf 79' lang='lat' dir='ltr'><strong>Ecclesia</strong></span> <span class='ocrx_word' id='word_1_263' title='bbox 1267 3245 1453 3301; x_wconf 83' lang='lat' dir='ltr'><strong>magna</strong></span> <span class='ocrx_word' id='word_1_264' title='bbox 1496 3228 1769 3299; x_wconf 74' lang='lat' dir='ltr'><strong>conﬁtebor</strong></span> <span class='ocrx_word' id='word_1_265' title='bbox 1814 3226 1901 3281; x_wconf 86' lang='lat' dir='ltr'><strong>tibi</strong></span> <span class='ocrx_word' id='word_1_266' title='bbox 1932 3239 1952 3279; x_wconf 89' lang='lat'><strong><em>:</em></strong></span> <span class='ocrx_word' id='word_1_267' title='bbox 1986 3238 2095 3280; x_wconf 91' lang='lat' dir='ltr'><strong>non</strong></span> 
     </span>
    </p>
   </div>
   <div class='ocr_carea' id='block_1_32' title="bbox 510 3315 2096 3397">
    <p class='ocr_par' dir='ltr' id='par_1_32' title="bbox 510 3315 2096 3397">
     <span class='ocr_line' id='line_1_32' title="bbox 510 3315 2096 3397; baseline -0.008 -14"><span class='ocrx_word' id='word_1_268' title='bbox 510 3334 708 3397; x_wconf 85' lang='lat' dir='ltr'><strong>quanta</strong></span> <span class='ocrx_word' id='word_1_269' title='bbox 735 3327 837 3382; x_wconf 86' lang='lat' dir='ltr'><strong>ista</strong></span> <span class='ocrx_word' id='word_1_270' title='bbox 860 3324 1137 3397; x_wconf 75' lang='lat' dir='ltr'><strong>Synagoga</strong></span> <span class='ocrx_word' id='word_1_271' title='bbox 1163 3330 1279 3386; x_wconf 86' lang='lat' dir='ltr'><strong>est,</strong></span> <span class='ocrx_word' id='word_1_272' title='bbox 1310 3335 1429 3392; x_wconf 67' lang='lat' dir='ltr'><strong>quae</strong></span> <span class='ocrx_word' id='word_1_273' title='bbox 1464 3318 1651 3374; x_wconf 85' lang='lat' dir='ltr'><strong>irridet</strong></span> <span class='ocrx_word' id='word_1_274' title='bbox 1685 3324 1910 3373; x_wconf 90' lang='lat' dir='ltr'><strong>mortem</strong></span> <span class='ocrx_word' id='word_1_275' title='bbox 1941 3315 2096 3372; x_wconf 81' lang='lat' dir='ltr'><strong>dere-</strong></span> 
     </span>
    </p>
   </div>
   <div class='ocr_carea' id='block_1_33' title="bbox 510 3409 2091 3484">
    <p class='ocr_par' dir='ltr' id='par_1_33' title="bbox 510 3409 2091 3484">
     <span class='ocr_line' id='line_1_33' title="bbox 510 3409 2091 3484; baseline -0.008 -11"><span class='ocrx_word' id='word_1_276' title='bbox 510 3418 640 3484; x_wconf 88' lang='lat' dir='ltr'><strong>licti,</strong></span> <span class='ocrx_word' id='word_1_277' title='bbox 669 3418 764 3474; x_wconf 88' lang='lat' dir='ltr'><strong>sed</strong></span> <span class='ocrx_word' id='word_1_278' title='bbox 788 3418 842 3472; x_wconf 91' lang='lat' dir='ltr'><strong>in</strong></span> <span class='ocrx_word' id='word_1_279' title='bbox 871 3414 1108 3471; x_wconf 83' lang='lat' dir='ltr'><strong>Ecclesia</strong></span> <span class='ocrx_word' id='word_1_280' title='bbox 1134 3428 1321 3483; x_wconf 86' lang='lat' dir='ltr'><strong>magna</strong></span> <span class='ocrx_word' id='word_1_281' title='bbox 1346 3409 1533 3467; x_wconf 78' lang='lat' dir='ltr'><strong>dill‘usa</strong></span> <span class='ocrx_word' id='word_1_282' title='bbox 1559 3425 1655 3480; x_wconf 90' lang='lat' dir='ltr'><strong>per</strong></span> <span class='ocrx_word' id='word_1_283' title='bbox 1677 3422 1864 3465; x_wconf 87' lang='lat' dir='ltr'><strong>omnes</strong></span> <span class='ocrx_word' id='word_1_284' title='bbox 1885 3415 2091 3477; x_wconf 88' lang='lat' dir='ltr'><strong>gentes,</strong></span> 
     </span>
    </p>
   </div>
   <div class='ocr_carea' id='block_1_34' title="bbox 510 3501 2096 3589">
    <p class='ocr_par' dir='ltr' id='par_1_34' title="bbox 510 3501 2096 3589">
     <span class='ocr_line' id='line_1_34' title="bbox 510 3501 2096 3589; baseline -0.006 -24"><span class='ocrx_word' id='word_1_285' title='bbox 510 3529 633 3589; x_wconf 67' lang='lat' dir='ltr'><strong>quae</strong></span> <span class='ocrx_word' id='word_1_286' title='bbox 657 3512 827 3569; x_wconf 84' lang='lat' dir='ltr'><strong>credit</strong></span> <span class='ocrx_word' id='word_1_287' title='bbox 860 3512 913 3566; x_wconf 89' lang='lat' dir='ltr'><strong>in</strong></span> <span class='ocrx_word' id='word_1_288' title='bbox 942 3509 1387 3567; x_wconf 85' lang='lat' dir='ltr'><strong>resurrectionem</strong></span> <span class='ocrx_word' id='word_1_289' title='bbox 1417 3520 1521 3560; x_wconf 89' lang='lat' dir='ltr'><strong>non</strong></span> <span class='ocrx_word' id='word_1_290' title='bbox 1549 3503 1808 3560; x_wconf 84' lang='lat' dir='ltr'><strong>derelicti.</strong></span> <span class='ocrx_word' id='word_1_291' title='bbox 1852 3501 1977 3557; x_wconf 58' lang='lat' dir='ltr'><strong>Haec</strong></span> <span class='ocrx_word' id='word_1_292' title='bbox 2013 3509 2096 3555; x_wconf 87' lang='lat' dir='ltr'><strong>est</strong></span> 
     </span>
    </p>
   </div>
   <div class='ocr_carea' id='block_1_35' title="bbox 512 3592 2092 3674">
    <p class='ocr_par' dir='ltr' id='par_1_35' title="bbox 512 3592 2092 3674">
     <span class='ocr_line' id='line_1_35' title="bbox 512 3592 2092 3674; baseline -0.009 -15"><span class='ocrx_word' id='word_1_293' title='bbox 512 3604 670 3659; x_wconf 84' lang='lat' dir='ltr'><strong>unica</strong></span> <span class='ocrx_word' id='word_1_294' title='bbox 694 3602 783 3658; x_wconf 86' lang='lat' dir='ltr'><strong>illa</strong></span> <span class='ocrx_word' id='word_1_295' title='bbox 802 3616 961 3674; x_wconf 89' lang='lat' dir='ltr'><strong>quam</strong></span> <span class='ocrx_word' id='word_1_296' title='bbox 988 3600 1116 3671; x_wconf 86' lang='lat' dir='ltr'><strong>petit</strong></span> <span class='ocrx_word' id='word_1_297' title='bbox 1138 3600 1201 3653; x_wconf 89' lang='lat' dir='ltr'><strong>de</strong></span> <span class='ocrx_word' id='word_1_298' title='bbox 1219 3614 1373 3652; x_wconf 89' lang='lat' dir='ltr'><strong>manu</strong></span> <span class='ocrx_word' id='word_1_299' title='bbox 1393 3597 1533 3651; x_wconf 87' lang='lat' dir='ltr'><strong>canis</strong></span> <span class='ocrx_word' id='word_1_300' title='bbox 1556 3595 1692 3659; x_wconf 88' lang='lat' dir='ltr'><strong>erui,</strong></span> <span class='ocrx_word' id='word_1_301' title='bbox 1717 3592 1786 3648; x_wconf 91' lang='lat' dir='ltr'><strong>de</strong></span> <span class='ocrx_word' id='word_1_302' title='bbox 1806 3607 1908 3663; x_wconf 84' lang='lat' dir='ltr'><strong>qua</strong></span> <span class='ocrx_word' id='word_1_303' title='bbox 1933 3592 2092 3647; x_wconf 89' lang='lat' dir='ltr'><strong>etiam</strong></span> 
     </span>
    </p>
   </div>
   <div class='ocr_carea' id='block_1_36' title="bbox 514 3681 2095 3762">
    <p class='ocr_par' dir='ltr' id='par_1_36' title="bbox 514 3681 2095 3762">
     <span class='ocr_line' id='line_1_36' title="bbox 514 3681 2095 3762; baseline -0.006 -15"><span class='ocrx_word' id='word_1_304' title='bbox 514 3692 673 3762; x_wconf 85' lang='lat' dir='ltr'><strong>paulo</strong></span> <span class='ocrx_word' id='word_1_305' title='bbox 700 3699 823 3747; x_wconf 84' lang='lat' dir='ltr'><strong>ante</strong></span> <span class='ocrx_word' id='word_1_306' title='bbox 863 3689 1025 3755; x_wconf 81' lang='lat' dir='ltr'><strong>dixit,</strong></span> <span class='ocrx_word' id='word_1_307' title='bbox 1069 3687 1135 3741; x_wconf 85' lang='lat' dir='ltr'><strong>In</strong></span> <span class='ocrx_word' id='word_1_308' title='bbox 1176 3687 1341 3743; x_wconf 87' lang='lat' dir='ltr'><strong>medio</strong></span> <span class='ocrx_word' id='word_1_309' title='bbox 1382 3683 1623 3739; x_wconf 64' lang='lat' dir='ltr'><strong>Ecclesia</strong></span> <span class='ocrx_word' id='word_1_310' title='bbox 1665 3682 1876 3736; x_wconf 87' lang='lat' dir='ltr'><strong>cantabo</strong></span> <span class='ocrx_word' id='word_1_311' title='bbox 1919 3691 1985 3735; x_wconf 91' lang='lat' dir='ltr'><strong>te.</strong></span> <span class='ocrx_word' id='word_1_312' title='bbox 2026 3681 2095 3738; x_wconf 86' lang='lat' dir='ltr'><strong>Et</strong></span> 
     </span>
    </p>
   </div>
   <div class='ocr_carea' id='block_1_37' title="bbox 514 3774 2095 3851">
    <p class='ocr_par' dir='ltr' id='par_1_37' title="bbox 514 3774 2095 3851">
     <span class='ocr_line' id='line_1_37' title="bbox 514 3774 2095 3851; baseline -0.006 -14"><span class='ocrx_word' id='word_1_313' title='bbox 514 3796 655 3837; x_wconf 85' lang='lat' dir='ltr'><strong>nunc</strong></span> <span class='ocrx_word' id='word_1_314' title='bbox 678 3780 820 3851; x_wconf 89' lang='lat' dir='ltr'><strong>quod</strong></span> <span class='ocrx_word' id='word_1_315' title='bbox 845 3781 953 3847; x_wconf 85' lang='lat' dir='ltr'><strong>ait,</strong></span> <span class='ocrx_word' id='word_1_316' title='bbox 984 3778 1256 3847; x_wconf 71' lang='lat' dir='ltr'><strong>conﬁtebor</strong></span> <span class='ocrx_word' id='word_1_317' title='bbox 1281 3777 1403 3843; x_wconf 87' lang='lat' dir='ltr'><strong>tibi,</strong></span> <span class='ocrx_word' id='word_1_318' title='bbox 1435 3775 1486 3828; x_wconf 90' lang='lat' dir='ltr'><strong>in</strong></span> <span class='ocrx_word' id='word_1_319' title='bbox 1510 3775 1589 3830; x_wconf 89' lang='lat' dir='ltr'><strong>eis</strong></span> <span class='ocrx_word' id='word_1_320' title='bbox 1619 3775 1801 3844; x_wconf 86' lang='lat' dir='ltr'><strong>utique</strong></span> <span class='ocrx_word' id='word_1_321' title='bbox 1836 3774 1924 3843; x_wconf 89' lang='lat' dir='ltr'><strong>qui</strong></span> <span class='ocrx_word' id='word_1_322' title='bbox 1965 3787 2095 3827; x_wconf 89' lang='lat' dir='ltr'><strong>cou-</strong></span> 
     </span>
    </p>
   </div>
   <div class='ocr_carea' id='block_1_38' title="bbox 511 3864 2092 3941">
    <p class='ocr_par' dir='ltr' id='par_1_38' title="bbox 511 3864 2092 3941">
     <span class='ocr_line' id='line_1_38' title="bbox 511 3864 2092 3941; baseline -0.003 -18"><span class='ocrx_word' id='word_1_323' title='bbox 511 3872 822 3939; x_wconf 84' lang='lat' dir='ltr'><strong>titebuntur,</strong></span> <span class='ocrx_word' id='word_1_324' title='bbox 849 3872 901 3926; x_wconf 93' lang='lat' dir='ltr'><strong>in</strong></span> <span class='ocrx_word' id='word_1_325' title='bbox 925 3870 1116 3941; x_wconf 86' lang='lat' dir='ltr'><strong>quibus</strong></span> <span class='ocrx_word' id='word_1_326' title='bbox 1139 3878 1191 3923; x_wconf 90' lang='lat' dir='ltr'><strong>et</strong></span> <span class='ocrx_word' id='word_1_327' title='bbox 1215 3868 1462 3936; x_wconf 86' lang='lat' dir='ltr'><strong>loquitur.</strong></span> <span class='ocrx_word' id='word_1_328' title='bbox 1490 3864 1765 3922; x_wconf 83' lang='lat' dir='ltr'><strong>Confessio</strong></span> <span class='ocrx_word' id='word_1_329' title='bbox 1787 3874 1962 3919; x_wconf 89' lang='lat' dir='ltr'><strong>autem</strong></span> <span class='ocrx_word' id='word_1_330' title='bbox 1986 3879 2092 3919; x_wconf 91' lang='lat' dir='ltr'><strong>non</strong></span> 
     </span>
    </p>
   </div>
   <div class='ocr_carea' id='block_1_39' title="bbox 511 3954 2093 4031">
    <p class='ocr_par' dir='ltr' id='par_1_39' title="bbox 511 3954 2093 4031">
     <span class='ocr_line' id='line_1_39' title="bbox 511 3954 2093 4031; baseline -0.004 -15"><span class='ocrx_word' id='word_1_331' title='bbox 511 3970 716 4017; x_wconf 87' lang='lat' dir='ltr'><strong>tantum</strong></span> <span class='ocrx_word' id='word_1_332' title='bbox 746 3969 1084 4031; x_wconf 89' lang='lat' dir='ltr'><strong>peccatorum</strong></span> <span class='ocrx_word' id='word_1_333' title='bbox 1113 3968 1193 4013; x_wconf 85' lang='lat' dir='ltr'><strong>est</strong></span> <span class='ocrx_word' id='word_1_334' title='bbox 1214 4000 1229 4023; x_wconf 93' lang='lat'><strong>,</strong></span> <span class='ocrx_word' id='word_1_335' title='bbox 1257 3956 1349 4011; x_wconf 90' lang='lat' dir='ltr'><strong>sed</strong></span> <span class='ocrx_word' id='word_1_336' title='bbox 1381 3966 1433 4010; x_wconf 90' lang='lat' dir='ltr'><strong>et</strong></span> <span class='ocrx_word' id='word_1_337' title='bbox 1463 3955 1631 4009; x_wconf 87' lang='lat' dir='ltr'><strong>laudis</strong></span> <span class='ocrx_word' id='word_1_338' title='bbox 1659 3954 1784 4020; x_wconf 89' lang='lat' dir='ltr'><strong>Dei;</strong></span> <span class='ocrx_word' id='word_1_339' title='bbox 1815 3955 1953 4009; x_wconf 90' lang='lat' dir='ltr'><strong>sicut</strong></span> <span class='ocrx_word' id='word_1_340' title='bbox 1979 3954 2093 4025; x_wconf 87' lang='lat' dir='ltr'><strong>ipse</strong></span> 
     </span>
    </p>
   </div>
   <div class='ocr_carea' id='block_1_40' title="bbox 511 4044 2094 4121">
    <p class='ocr_par' dir='ltr' id='par_1_40' title="bbox 511 4044 2094 4121">
     <span class='ocr_line' id='line_1_40' title="bbox 511 4044 2094 4121; baseline -0.004 -16"><span class='ocrx_word' id='word_1_341' title='bbox 511 4052 564 4107; x_wconf 87' lang='lat' dir='ltr'><strong>in</strong></span> <span class='ocrx_word' id='word_1_342' title='bbox 595 4051 918 4121; x_wconf 87' lang='lat' dir='ltr'><strong>Evangelio,</strong></span> <span class='ocrx_word' id='word_1_343' title='bbox 946 4047 1229 4118; x_wconf 83' lang='lat' dir='ltr'><strong>Conﬁtebor</strong></span> <span class='ocrx_word' id='word_1_344' title='bbox 1256 4047 1371 4112; x_wconf 86' lang='lat' dir='ltr'><strong>tibi,</strong></span> <span class='ocrx_word' id='word_1_345' title='bbox 1405 4045 1606 4116; x_wconf 83' lang='lat' dir='ltr'><strong>inquit,</strong></span> <span class='ocrx_word' id='word_1_346' title='bbox 1648 4044 1833 4111; x_wconf 78' lang='lat' dir='ltr'><strong>Pater,</strong></span> <span class='ocrx_word' id='word_1_347' title='bbox 1878 4044 2094 4099; x_wconf 88' lang='lat' dir='ltr'><strong>Domine</strong></span> 
     </span>
    </p>
   </div>
   <div class='ocr_carea' id='block_1_41' title="bbox 509 4135 2095 4211">
    <p class='ocr_par' dir='ltr' id='par_1_41' title="bbox 509 4135 2095 4211">
     <span class='ocr_line' id='line_1_41' title="bbox 509 4135 2095 4211; baseline -0.007 -12"><span class='ocrx_word' id='word_1_348' title='bbox 509 4145 618 4199; x_wconf 71' lang='lat' dir='ltr'><strong>caeli</strong></span> <span class='ocrx_word' id='word_1_349' title='bbox 638 4153 684 4198; x_wconf 90' lang='lat' dir='ltr'><strong>et</strong></span> <span class='ocrx_word' id='word_1_350' title='bbox 706 4153 870 4208; x_wconf 83' lang='lat' dir='ltr'><strong>teme,</strong></span> <span class='ocrx_word' id='word_1_351' title='bbox 897 4143 1015 4211; x_wconf 87' lang='lat' dir='ltr'><strong>quia</strong></span> <span class='ocrx_word' id='word_1_352' title='bbox 1039 4138 1344 4195; x_wconf 84' lang='lat' dir='ltr'><strong>abscondisti</strong></span> <span class='ocrx_word' id='word_1_353' title='bbox 1369 4138 1475 4191; x_wconf 69' lang='lat' dir='ltr'><strong>haec</strong></span> <span class='ocrx_word' id='word_1_354' title='bbox 1506 4153 1537 4189; x_wconf 92' lang='lat' dir='ltr'><strong>a</strong></span> <span class='ocrx_word' id='word_1_355' title='bbox 1559 4135 1866 4205; x_wconf 85' lang='lat' dir='ltr'><strong>sapientibus</strong></span> <span class='ocrx_word' id='word_1_356' title='bbox 1890 4145 1937 4189; x_wconf 91' lang='lat' dir='ltr'><strong>et</strong></span> <span class='ocrx_word' id='word_1_357' title='bbox 1971 4153 2095 4206; x_wconf 82' lang='lat' dir='ltr'><strong>pru-</strong></span> 
     </span>
    </p>
   </div>
   <div class='ocr_carea' id='block_1_42' title="bbox 510 4224 2091 4300">
    <p class='ocr_par' dir='ltr' id='par_1_42' title="bbox 510 4224 2091 4300">
     <span class='ocr_line' id='line_1_42' title="bbox 510 4224 2091 4300; baseline -0.004 -12"><span class='ocrx_word' id='word_1_358' title='bbox 510 4233 770 4298; x_wconf 87' lang='lat' dir='ltr'><strong>dentibus,</strong></span> <span class='ocrx_word' id='word_1_359' title='bbox 800 4243 847 4287; x_wconf 90' lang='lat' dir='ltr'><strong>et</strong></span> <span class='ocrx_word' id='word_1_360' title='bbox 873 4231 1103 4286; x_wconf 84' lang='lat' dir='ltr'><strong>revelasti</strong></span> <span class='ocrx_word' id='word_1_361' title='bbox 1130 4247 1189 4284; x_wconf 89' lang='lat' dir='ltr'><strong><em>ea</em></strong></span> <span class='ocrx_word' id='word_1_362' title='bbox 1216 4227 1440 4300; x_wconf 87' lang='lat' dir='ltr'><strong>parvulis</strong></span> <span class='ocrx_word' id='word_1_363' title='bbox 1470 4224 1679 4299; x_wconf 81' lang='lat' dir='ltr'><strong>(Matth.</strong></span> <span class='ocrx_word' id='word_1_364' title='bbox 1711 4243 1785 4293; x_wconf 75' lang='lat' dir='ltr'><strong>XI,</strong></span> <span class='ocrx_word' id='word_1_365' title='bbox 1970 4226 2091 4281; x_wconf 88' lang='lat' dir='ltr'><strong>Ideo</strong></span> 
     </span>
    </p>
   </div>
   <div class='ocr_carea' id='block_1_43' title="bbox 509 4317 2093 4393">
    <p class='ocr_par' dir='ltr' id='par_1_43' title="bbox 509 4317 2093 4393">
     <span class='ocr_line' id='line_1_43' title="bbox 509 4317 2093 4393; baseline -0.004 -15"><span class='ocrx_word' id='word_1_366' title='bbox 509 4324 747 4393; x_wconf 78' lang='lat' dir='ltr'><strong>sequitur</strong></span> <span class='ocrx_word' id='word_1_367' title='bbox 771 4330 825 4377; x_wconf 91' lang='lat' dir='ltr'><strong>et</strong></span> <span class='ocrx_word' id='word_1_368' title='bbox 849 4321 977 4379; x_wconf 90' lang='lat' dir='ltr'><strong>dicit</strong></span> <span class='ocrx_word' id='word_1_369' title='bbox 1014 4340 1026 4375; x_wconf 87' lang='lat'>:</span> <span class='ocrx_word' id='word_1_370' title='bbox 1071 4318 1197 4373; x_wconf 86' lang='lat' dir='ltr'><strong>Vota</strong></span> <span class='ocrx_word' id='word_1_371' title='bbox 1228 4335 1337 4372; x_wconf 87' lang='lat' dir='ltr'><strong>mea</strong></span> <span class='ocrx_word' id='word_1_372' title='bbox 1365 4318 1573 4372; x_wconf 86' lang='lat' dir='ltr'><strong>reddam</strong></span> <span class='ocrx_word' id='word_1_373' title='bbox 1599 4333 1768 4371; x_wconf 86' lang='lat' dir='ltr'><strong>coram</strong></span> <span class='ocrx_word' id='word_1_374' title='bbox 1809 4317 2093 4371; x_wconf 88' lang='lat' dir='ltr'><strong>timentibus</strong></span> 
     </span>
    </p>
   </div>
   <div class='ocr_carea' id='block_1_44' title="bbox 509 4407 2093 4481">
    <p class='ocr_par' dir='ltr' id='par_1_44' title="bbox 509 4407 2093 4481">
     <span class='ocr_line' id='line_1_44' title="bbox 509 4407 2093 4481; baseline -0.002 -15"><span class='ocrx_word' id='word_1_375' title='bbox 509 4429 643 4468; x_wconf 86' lang='lat' dir='ltr'><strong>eum.</strong></span> <span class='ocrx_word' id='word_1_376' title='bbox 690 4412 856 4466; x_wconf 82' lang='lat' dir='ltr'><strong>Edent</strong></span> <span class='ocrx_word' id='word_1_377' title='bbox 901 4427 1178 4481; x_wconf 85' lang='lat' dir='ltr'><strong>pauperes,</strong></span> <span class='ocrx_word' id='word_1_378' title='bbox 1219 4419 1265 4463; x_wconf 88' lang='lat' dir='ltr'><strong>et</strong></span> <span class='ocrx_word' id='word_1_379' title='bbox 1303 4410 1699 4473; x_wconf 65' lang='lat' dir='ltr'><strong>salut-abuntur;</strong></span> <span class='ocrx_word' id='word_1_380' title='bbox 1740 4418 1784 4462; x_wconf 89' lang='lat' dir='ltr'><strong>et</strong></span> <span class='ocrx_word' id='word_1_381' title='bbox 1813 4407 2093 4463; x_wconf 84' lang='lat' dir='ltr'><strong>laudabunt</strong></span> 
     </span>
    </p>
   </div>
   <div class='ocr_carea' id='block_1_45' title="bbox 510 4499 2092 4574">
    <p class='ocr_par' dir='ltr' id='par_1_45' title="bbox 510 4499 2092 4574">
     <span class='ocr_line' id='line_1_45' title="bbox 510 4499 2092 4574; baseline -0.003 -15"><span class='ocrx_word' id='word_1_382' title='bbox 510 4504 788 4560; x_wconf 83' lang='lat' dir='ltr'><strong>Dominum</strong></span> <span class='ocrx_word' id='word_1_383' title='bbox 814 4504 899 4574; x_wconf 84' lang='lat' dir='ltr'><strong>qui</strong></span> <span class='ocrx_word' id='word_1_384' title='bbox 926 4502 1181 4570; x_wconf 86' lang='lat' dir='ltr'><strong>requirunt</strong></span> <span class='ocrx_word' id='word_1_385' title='bbox 1207 4517 1341 4555; x_wconf 84' lang='lat' dir='ltr'><strong>cum.</strong></span> <span class='ocrx_word' id='word_1_386' title='bbox 1372 4499 1474 4570; x_wconf 89' lang='lat' dir='ltr'><strong>ipsi</strong></span> <span class='ocrx_word' id='word_1_387' title='bbox 1502 4507 1626 4555; x_wconf 90' lang='lat' dir='ltr'><strong>sunt</strong></span> <span class='ocrx_word' id='word_1_388' title='bbox 1654 4500 1856 4571; x_wconf 78' lang='lat' dir='ltr'><strong>parvuli</strong></span> <span class='ocrx_word' id='word_1_389' title='bbox 1885 4500 1952 4556; x_wconf 90' lang='lat' dir='ltr'><strong>de</strong></span> <span class='ocrx_word' id='word_1_390' title='bbox 1976 4501 2092 4571; x_wconf 89' lang='lat' dir='ltr'><strong>qui-</strong></span> 
     </span>
    </p>
   </div>
   <div class='ocr_carea' id='block_1_46' title="bbox 511 4590 2091 4662">
    <p class='ocr_par' dir='ltr' id='par_1_46' title="bbox 511 4590 2091 4662">
     <span class='ocr_line' id='line_1_46' title="bbox 511 4590 2091 4662; baseline -0.001 -13"><span class='ocrx_word' id='word_1_391' title='bbox 511 4594 613 4650; x_wconf 86' lang='lat' dir='ltr'><strong>bus</strong></span> <span class='ocrx_word' id='word_1_392' title='bbox 639 4594 804 4659; x_wconf 78' lang='lat' dir='ltr'><strong>dixit,</strong></span> <span class='ocrx_word' id='word_1_393' title='bbox 844 4603 891 4648; x_wconf 89' lang='lat' dir='ltr'><strong>et</strong></span> <span class='ocrx_word' id='word_1_394' title='bbox 918 4591 1148 4649; x_wconf 84' lang='lat' dir='ltr'><strong>revelasti</strong></span> <span class='ocrx_word' id='word_1_395' title='bbox 1185 4608 1243 4645; x_wconf 90' lang='lat' dir='ltr'><strong>ea</strong></span> <span class='ocrx_word' id='word_1_396' title='bbox 1268 4590 1529 4662; x_wconf 80' lang='lat' dir='ltr'><strong>parvulis;</strong></span> <span class='ocrx_word' id='word_1_397' title='bbox 1568 4590 1815 4645; x_wconf 86' lang='lat' dir='ltr'><strong>timentes</strong></span> <span class='ocrx_word' id='word_1_398' title='bbox 1853 4607 2005 4658; x_wconf 88' lang='lat' dir='ltr'><strong>eum,</strong></span> <span class='ocrx_word' id='word_1_399' title='bbox 2037 4602 2091 4647; x_wconf 90' lang='lat' dir='ltr'><strong>et</strong></span> 
     </span>
    </p>
   </div>
   <div class='ocr_carea' id='block_1_47' title="bbox 509 4681 2089 4756">
    <p class='ocr_par' dir='ltr' id='par_1_47' title="bbox 509 4681 2089 4756">
     <span class='ocr_line' id='line_1_47' title="bbox 509 4681 2089 4756; baseline -0.001 -16"><span class='ocrx_word' id='word_1_400' title='bbox 509 4699 805 4756; x_wconf 86' lang='lat' dir='ltr'><strong>pauperes,</strong></span> <span class='ocrx_word' id='word_1_401' title='bbox 837 4683 890 4740; x_wconf 89' lang='lat' dir='ltr'><strong>id</strong></span> <span class='ocrx_word' id='word_1_402' title='bbox 915 4692 998 4740; x_wconf 85' lang='lat' dir='ltr'><strong>est</strong></span> <span class='ocrx_word' id='word_1_403' title='bbox 1027 4683 1286 4750; x_wconf 82' lang='lat' dir='ltr'><strong>immites,</strong></span> <span class='ocrx_word' id='word_1_404' title='bbox 1322 4683 1413 4753; x_wconf 87' lang='lat' dir='ltr'><strong>qui</strong></span> <span class='ocrx_word' id='word_1_405' title='bbox 1453 4697 1559 4738; x_wconf 90' lang='lat' dir='ltr'><strong>non</strong></span> <span class='ocrx_word' id='word_1_406' title='bbox 1588 4682 1693 4736; x_wconf 88' lang='lat' dir='ltr'><strong>alta</strong></span> <span class='ocrx_word' id='word_1_407' title='bbox 1722 4681 1965 4753; x_wconf 88' lang='lat' dir='ltr'><strong>sapiunt,</strong></span> <span class='ocrx_word' id='word_1_408' title='bbox 1996 4684 2089 4739; x_wconf 88' lang='lat' dir='ltr'><strong>sed</strong></span> 
     </span>
    </p>
   </div>
   <div class='ocr_carea' id='block_1_48' title="bbox 511 4771 2086 4845">
    <p class='ocr_par' dir='ltr' id='par_1_48' title="bbox 511 4771 2086 4845">
     <span class='ocr_line' id='line_1_48' title="bbox 511 4771 2086 4845; baseline -0.003 -13"><span class='ocrx_word' id='word_1_409' title='bbox 511 4776 700 4833; x_wconf 84' lang='lat' dir='ltr'><strong>timent</strong></span> <span class='ocrx_word' id='word_1_410' title='bbox 727 4776 920 4835; x_wconf 85' lang='lat' dir='ltr'><strong>timore</strong></span> <span class='ocrx_word' id='word_1_411' title='bbox 948 4774 1040 4829; x_wconf 91' lang='lat' dir='ltr'><strong>illo</strong></span> <span class='ocrx_word' id='word_1_412' title='bbox 1066 4782 1215 4829; x_wconf 90' lang='lat' dir='ltr'><strong>casto</strong></span> <span class='ocrx_word' id='word_1_413' title='bbox 1233 4814 1248 4841; x_wconf 92' lang='lat'><strong>,</strong></span> <span class='ocrx_word' id='word_1_414' title='bbox 1279 4788 1384 4828; x_wconf 87' lang='lat' dir='ltr'><strong>non</strong></span> <span class='ocrx_word' id='word_1_415' title='bbox 1416 4787 1523 4845; x_wconf 92' lang='lat' dir='ltr'><strong>quo</strong></span> <span class='ocrx_word' id='word_1_416' title='bbox 1560 4787 1717 4844; x_wconf 72' lang='lat' dir='ltr'><strong>pcena</strong></span> <span class='ocrx_word' id='word_1_417' title='bbox 1756 4771 2086 4839; x_wconf 85' lang='lat' dir='ltr'><strong>formidatur,</strong></span> 
     </span>
    </p>
   </div>
   <div class='ocr_carea' id='block_1_49' title="bbox 509 4866 1378 4940">
    <p class='ocr_par' dir='ltr' id='par_1_49' title="bbox 509 4866 1378 4940">
     <span class='ocr_line' id='line_1_49' title="bbox 509 4866 1378 4940; baseline -0.002 -17"><span class='ocrx_word' id='word_1_418' title='bbox 509 4868 604 4926; x_wconf 89' lang='lat' dir='ltr'><strong>sed</strong></span> <span class='ocrx_word' id='word_1_419' title='bbox 632 4884 741 4940; x_wconf 91' lang='lat' dir='ltr'><strong>quo</strong></span> <span class='ocrx_word' id='word_1_420' title='bbox 770 4868 939 4939; x_wconf 85' lang='lat' dir='ltr'><strong>gratia</strong></span> <span class='ocrx_word' id='word_1_421' title='bbox 964 4876 1309 4924; x_wconf 85' lang='lat' dir='ltr'><strong>conservatur</strong></span> <span class='ocrx_word' id='word_1_422' title='bbox 1339 4866 1378 4921; x_wconf 75' lang='grc' dir='ltr'>ί.</span> 
     </span>
    </p>
   </div>
   <div class='ocr_carea' id='block_1_50' title="bbox 581 4954 2089 5027">
    <p class='ocr_par' dir='ltr' id='par_1_50' title="bbox 581 4954 2089 5027">
     <span class='ocr_line' id='line_1_50' title="bbox 581 4954 2089 5027; baseline -0.004 -10"><span class='ocrx_word' id='word_1_423' title='bbox 581 4962 671 5018; x_wconf 81' lang='lat' dir='ltr'><strong>6i.</strong></span> <span class='ocrx_word' id='word_1_424' title='bbox 702 4961 836 5017; x_wconf 90' lang='lat' dir='ltr'><strong>Vota</strong></span> <span class='ocrx_word' id='word_1_425' title='bbox 860 4974 991 5016; x_wconf 88' lang='lat' dir='ltr'><strong>vero</strong></span> <span class='ocrx_word' id='word_1_426' title='bbox 1013 4975 1109 5016; x_wconf 88' lang='lat' dir='ltr'><strong>sua</strong></span> <span class='ocrx_word' id='word_1_427' title='bbox 1131 4957 1452 5015; x_wconf 81' lang='lat' dir='ltr'><strong>sacrificium</strong></span> <span class='ocrx_word' id='word_1_428' title='bbox 1476 4957 1589 5013; x_wconf 90' lang='lat' dir='ltr'><strong>vult</strong></span> <span class='ocrx_word' id='word_1_429' title='bbox 1610 4954 1827 5027; x_wconf 88' lang='lat' dir='ltr'><strong>intelligi</strong></span> <span class='ocrx_word' id='word_1_430' title='bbox 1850 4956 2089 5027; x_wconf 90' lang='lat' dir='ltr'><strong>corporis</strong></span> 
     </span>
    </p>
   </div>
   <div class='ocr_carea' id='block_1_51' title="bbox 508 5049 2090 5125">
    <p class='ocr_par' dir='ltr' id='par_1_51' title="bbox 508 5049 2090 5125">
     <span class='ocr_line' id='line_1_51' title="bbox 508 5049 2090 5125; baseline -0.004 -15"><span class='ocrx_word' id='word_1_431' title='bbox 508 5055 615 5123; x_wconf 83' lang='lat' dir='ltr'><strong>sui,</strong></span> <span class='ocrx_word' id='word_1_432' title='bbox 642 5054 783 5125; x_wconf 89' lang='lat' dir='ltr'><strong>quod</strong></span> <span class='ocrx_word' id='word_1_433' title='bbox 811 5064 895 5110; x_wconf 90' lang='lat' dir='ltr'><strong>est</strong></span> <span class='ocrx_word' id='word_1_434' title='bbox 921 5053 1152 5110; x_wconf 81' lang='lat' dir='ltr'><strong>ﬁdelium</strong></span> <span class='ocrx_word' id='word_1_435' title='bbox 1177 5052 1599 5109; x_wconf 82' lang='lat' dir='ltr'><strong>Sacramentum.</strong></span> <span class='ocrx_word' id='word_1_436' title='bbox 1632 5049 1757 5106; x_wconf 90' lang='lat' dir='ltr'><strong>ideo</strong></span> <span class='ocrx_word' id='word_1_437' title='bbox 1782 5066 1902 5105; x_wconf 90' lang='lat' dir='ltr'><strong>cum</strong></span> <span class='ocrx_word' id='word_1_438' title='bbox 1928 5049 2090 5105; x_wconf 88' lang='lat' dir='ltr'><strong>dixis-</strong></span> 
     </span>
    </p>
   </div>
   <div class='ocr_carea' id='block_1_52' title="bbox 509 5143 2088 5213">
    <p class='ocr_par' dir='ltr' id='par_1_52' title="bbox 509 5143 2088 5213">
     <span class='ocr_line' id='line_1_52' title="bbox 509 5143 2088 5213; baseline -0.003 -11"><span class='ocrx_word' id='word_1_439' title='bbox 509 5156 612 5213; x_wconf 79' lang='lat' dir='ltr'><strong>set,</strong></span> <span class='ocrx_word' id='word_1_440' title='bbox 642 5146 771 5203; x_wconf 86' lang='lat' dir='ltr'><strong>Vota</strong></span> <span class='ocrx_word' id='word_1_441' title='bbox 798 5164 909 5201; x_wconf 85' lang='lat' dir='ltr'><strong>mea</strong></span> <span class='ocrx_word' id='word_1_442' title='bbox 932 5147 1141 5202; x_wconf 88' lang='lat' dir='ltr'><strong>reddam</strong></span> <span class='ocrx_word' id='word_1_443' title='bbox 1166 5162 1337 5201; x_wconf 84' lang='lat' dir='ltr'><strong>coram</strong></span> <span class='ocrx_word' id='word_1_444' title='bbox 1361 5145 1644 5200; x_wconf 82' lang='lat' dir='ltr'><strong>timentibus</strong></span> <span class='ocrx_word' id='word_1_445' title='bbox 1666 5161 1813 5210; x_wconf 83' lang='lat' dir='ltr'><strong>eum;</strong></span> <span class='ocrx_word' id='word_1_446' title='bbox 1837 5143 2088 5199; x_wconf 90' lang='lat' dir='ltr'><strong>continuo</strong></span> 
     </span>
    </p>
   </div>
   <div class='ocr_carea' id='block_1_53' title="bbox 489 5236 2085 5311">
    <p class='ocr_par' dir='ltr' id='par_1_53' title="bbox 489 5236 2085 5311">
     <span class='ocr_line' id='line_1_53' title="bbox 489 5236 2085 5311; baseline -0.001 -20"><span class='ocrx_word' id='word_1_447' title='bbox 489 5237 811 5311; x_wconf 15' lang='lat' dir='ltr'><strong>‘subjunxit,</strong></span> <span class='ocrx_word' id='word_1_448' title='bbox 838 5236 1003 5292; x_wconf 86' lang='lat' dir='ltr'><strong>Edent</strong></span> <span class='ocrx_word' id='word_1_449' title='bbox 1033 5254 1299 5308; x_wconf 85' lang='lat' dir='ltr'><strong>pauperes,</strong></span> <span class='ocrx_word' id='word_1_450' title='bbox 1328 5247 1375 5291; x_wconf 88' lang='lat' dir='ltr'><strong>et</strong></span> <span class='ocrx_word' id='word_1_451' title='bbox 1402 5237 1783 5293; x_wconf 88' lang='lat' dir='ltr'><strong>saturabuntur.</strong></span> <span class='ocrx_word' id='word_1_452' title='bbox 1818 5236 1920 5306; x_wconf 90' lang='lat' dir='ltr'><strong>Ipsi</strong></span> <span class='ocrx_word' id='word_1_453' title='bbox 1946 5236 2085 5290; x_wconf 90' lang='lat' dir='ltr'><strong>enim</strong></span> 
     </span>
    </p>
   </div>
   <div class='ocr_carea' id='block_1_54' title="bbox 506 5325 2089 5399">
    <p class='ocr_par' dir='ltr' id='par_1_54' title="bbox 506 5325 2089 5399">
     <span class='ocr_line' id='line_1_54' title="bbox 506 5325 2089 5399; baseline -0.003 -14"><span class='ocrx_word' id='word_1_454' title='bbox 506 5328 883 5385; x_wconf 74' lang='lat' dir='ltr'><strong>saturabuntur</strong></span> <span class='ocrx_word' id='word_1_455' title='bbox 910 5344 1045 5399; x_wconf 88' lang='lat' dir='ltr'><strong>pane</strong></span> <span class='ocrx_word' id='word_1_456' title='bbox 1072 5328 1161 5399; x_wconf 85' lang='lat' dir='ltr'><strong>qui</strong></span> <span class='ocrx_word' id='word_1_457' title='bbox 1190 5327 1259 5384; x_wconf 85' lang='lat' dir='ltr'><strong>de</strong></span> <span class='ocrx_word' id='word_1_458' title='bbox 1286 5327 1422 5385; x_wconf 64' lang='lat' dir='ltr'><strong>caalo</strong></span> <span class='ocrx_word' id='word_1_459' title='bbox 1451 5326 1757 5391; x_wconf 86' lang='lat' dir='ltr'><strong>descendit,</strong></span> <span class='ocrx_word' id='word_1_460' title='bbox 1786 5326 1875 5394; x_wconf 92' lang='lat' dir='ltr'><strong>qui</strong></span> <span class='ocrx_word' id='word_1_461' title='bbox 1914 5325 1964 5379; x_wconf 89' lang='lat' dir='ltr'><strong>ei</strong></span> <span class='ocrx_word' id='word_1_462' title='bbox 1999 5341 2089 5380; x_wconf 81' lang='lat' dir='ltr'><strong>co-</strong></span> 
     </span>
    </p>
   </div>
   <div class='ocr_carea' id='block_1_55' title="bbox 509 5418 2086 5491">
    <p class='ocr_par' dir='ltr' id='par_1_55' title="bbox 509 5418 2086 5491">
     <span class='ocr_line' id='line_1_55' title="bbox 509 5418 2086 5491; baseline -0.001 -17"><span class='ocrx_word' id='word_1_463' title='bbox 509 5418 803 5487; x_wconf 66' lang='lat' dir='ltr'><strong>haerentes,</strong></span> <span class='ocrx_word' id='word_1_464' title='bbox 849 5430 905 5476; x_wconf 87' lang='lat' dir='ltr'><strong>et</strong></span> <span class='ocrx_word' id='word_1_465' title='bbox 945 5420 1060 5491; x_wconf 85' lang='lat' dir='ltr'><strong>ejus</strong></span> <span class='ocrx_word' id='word_1_466' title='bbox 1103 5435 1286 5490; x_wconf 87' lang='lat' dir='ltr'><strong>pacem</strong></span> <span class='ocrx_word' id='word_1_467' title='bbox 1331 5419 1775 5487; x_wconf 87' lang='lat' dir='ltr'><strong>dilectionemque</strong></span> <span class='ocrx_word' id='word_1_468' title='bbox 1815 5428 2086 5473; x_wconf 88' lang='lat' dir='ltr'><strong>servantes</strong></span> 
     </span>
    </p>
   </div>
   <div class='ocr_carea' id='block_1_56' title="bbox 508 5506 2087 5582">
    <p class='ocr_par' dir='ltr' id='par_1_56' title="bbox 508 5506 2087 5582">
     <span class='ocr_line' id='line_1_56' title="bbox 508 5506 2087 5582; baseline -0.001 -17"><span class='ocrx_word' id='word_1_469' title='bbox 508 5510 779 5567; x_wconf 86' lang='lat' dir='ltr'><strong>imitantur</strong></span> <span class='ocrx_word' id='word_1_470' title='bbox 824 5511 940 5582; x_wconf 88' lang='lat' dir='ltr'><strong>ejus</strong></span> <span class='ocrx_word' id='word_1_471' title='bbox 981 5512 1330 5575; x_wconf 86' lang='lat' dir='ltr'><strong>humilitatem</strong></span> <span class='ocrx_word' id='word_1_472' title='bbox 1368 5528 1381 5566; x_wconf 89' lang='lat'><strong>:</strong></span> <span class='ocrx_word' id='word_1_473' title='bbox 1424 5509 1544 5566; x_wconf 90' lang='lat' dir='ltr'><strong>ideo</strong></span> <span class='ocrx_word' id='word_1_474' title='bbox 1584 5525 1847 5579; x_wconf 87' lang='lat' dir='ltr'><strong>pauperes.</strong></span> <span class='ocrx_word' id='word_1_475' title='bbox 1892 5506 1947 5562; x_wconf 90' lang='lat' dir='ltr'><strong>lu</strong></span> <span class='ocrx_word' id='word_1_476' title='bbox 1987 5507 2087 5563; x_wconf 85' lang='lat' dir='ltr'><strong>hac</strong></span> 
     </span>
    </p>
   </div>
   <div class='ocr_carea' id='block_1_57' title="bbox 507 5598 2082 5672">
    <p class='ocr_par' dir='ltr' id='par_1_57' title="bbox 507 5598 2082 5672">
     <span class='ocr_line' id='line_1_57' title="bbox 507 5598 2082 5672; baseline -0.002 -17"><span class='ocrx_word' id='word_1_477' title='bbox 507 5610 816 5672; x_wconf 83' lang='lat' dir='ltr'><strong>paupertate</strong></span> <span class='ocrx_word' id='word_1_478' title='bbox 836 5610 889 5657; x_wconf 88' lang='lat' dir='ltr'><strong>et</strong></span> <span class='ocrx_word' id='word_1_479' title='bbox 908 5603 1182 5657; x_wconf 88' lang='lat' dir='ltr'><strong>saturitate</strong></span> <span class='ocrx_word' id='word_1_480' title='bbox 1208 5600 1475 5671; x_wconf 70' lang='lat' dir='ltr'><strong>prtecipue</strong></span> <span class='ocrx_word' id='word_1_481' title='bbox 1500 5598 1736 5670; x_wconf 86' lang='lat' dir='ltr'><strong>Apostuli</strong></span> <span class='ocrx_word' id='word_1_482' title='bbox 1762 5598 2082 5653; x_wconf 87' lang='lat' dir='ltr'><strong>claruerunt.</strong></span> 
     </span>
    </p>
   </div>
   <div class='ocr_carea' id='block_1_58' title="bbox 510 5691 2086 5766">
    <p class='ocr_par' dir='ltr' id='par_1_58' title="bbox 510 5691 2086 5766">
     <span class='ocr_line' id='line_1_58' title="bbox 510 5691 2086 5766; baseline 0.001 -20"><span class='ocrx_word' id='word_1_483' title='bbox 510 5691 578 5746; x_wconf 83' lang='lat' dir='ltr'><strong>Et</strong></span> <span class='ocrx_word' id='word_1_484' title='bbox 614 5693 894 5748; x_wconf 74' lang='lat' dir='ltr'><strong>laudabunt</strong></span> <span class='ocrx_word' id='word_1_485' title='bbox 930 5694 1229 5760; x_wconf 85' lang='lat' dir='ltr'><strong>Dominum,</strong></span> <span class='ocrx_word' id='word_1_486' title='bbox 1273 5694 1469 5764; x_wconf 86' lang='lat' dir='ltr'><strong>inquit,</strong></span> <span class='ocrx_word' id='word_1_487' title='bbox 1509 5693 1595 5766; x_wconf 80' lang='lat' dir='ltr'><strong>qui</strong></span> <span class='ocrx_word' id='word_1_488' title='bbox 1635 5693 1891 5761; x_wconf 79' lang='lat' dir='ltr'><strong>requirunt</strong></span> <span class='ocrx_word' id='word_1_489' title='bbox 1927 5708 2040 5748; x_wconf 84' lang='lat' dir='ltr'><strong>eum</strong></span> <span class='ocrx_word' id='word_1_490' title='bbox 2066 5708 2086 5747; x_wconf 81' lang='lat'><strong>.°</strong></span> 
     </span>
    </p>
   </div>
   <div class='ocr_carea' id='block_1_59' title="bbox 568 5805 1377 5870">
    <p class='ocr_par' dir='ltr' id='par_1_59' title="bbox 568 5805 1377 5870">
     <span class='ocr_line' id='line_1_59' title="bbox 568 5805 1377 5870; baseline 0.004 -16"><span class='ocrx_word' id='word_1_491' title='bbox 568 5808 587 5838; x_wconf 79' lang='grc' dir='ltr'><strong>ι</strong></span> <span class='ocrx_word' id='word_1_492' title='bbox 621 5805 730 5863; x_wconf 72' lang='lat' dir='ltr'><strong>ead.</strong></span> <span class='ocrx_word' id='word_1_493' title='bbox 759 5815 856 5865; x_wconf 65' lang='lat' dir='ltr'><strong>Aut.</strong></span> <span class='ocrx_word' id='word_1_494' title='bbox 883 5814 982 5870; x_wconf 76' lang='lat' dir='ltr'><strong>Er,</strong></span> <span class='ocrx_word' id='word_1_495' title='bbox 1002 5806 1377 5861; x_wconf 78' lang='lat' dir='ltr'><strong>commendatur.</strong></span> 
     </span>
    </p>
   </div>
   <div class='ocr_carea' id='block_1_60' title="bbox 1809 378 2512 437">
    <p class='ocr_par' dir='ltr' id='par_1_60' title="bbox 1809 378 2512 437">
     <span class='ocr_line' id='line_1_60' title="bbox 1809 378 2512 437; baseline 0.001 -2"><span class='ocrx_word' id='word_1_496' title='bbox 1809 378 2169 437; x_wconf 76' lang='lat' dir='ltr'><strong>AUGUSTlNl</strong></span> <span class='ocrx_word' id='word_1_497' title='bbox 2210 378 2512 436; x_wconf 83' lang='lat' dir='ltr'><strong>EPISCOPI</strong></span> 
     </span>
    </p>
   </div>
   <div class='ocr_carea' id='block_1_61' title="bbox 3668 386 3773 445">
    <p class='ocr_par' dir='ltr' id='par_1_61' title="bbox 3668 386 3773 445">
     <span class='ocr_line' id='line_1_61' title="bbox 3668 386 3773 445; baseline -0.019 0"><span class='ocrx_word' id='word_1_498' title='bbox 3668 386 3773 445; x_wconf 62' lang='lat'><strong>594</strong></span> 
     </span>
    </p>
   </div>
   <div class='ocr_carea' id='block_1_62' title="bbox 2203 491 3774 564">
    <p class='ocr_par' dir='ltr' id='par_1_62' title="bbox 2203 491 3774 564">
     <span class='ocr_line' id='line_1_62' title="bbox 2203 491 3774 564; baseline 0.006 -18"><span class='ocrx_word' id='word_1_499' title='bbox 2203 491 2555 563; x_wconf 80' lang='lat' dir='ltr'><strong>intelligentes</strong></span> <span class='ocrx_word' id='word_1_500' title='bbox 2580 508 2685 549; x_wconf 92' lang='lat' dir='ltr'><strong>non</strong></span> <span class='ocrx_word' id='word_1_501' title='bbox 2712 494 3023 550; x_wconf 86' lang='lat' dir='ltr'><strong>meritorum</strong></span> <span class='ocrx_word' id='word_1_502' title='bbox 3058 508 3273 550; x_wconf 89' lang='lat' dir='ltr'><strong>suorum</strong></span> <span class='ocrx_word' id='word_1_503' title='bbox 3293 536 3310 564; x_wconf 93' lang='lat'><strong>,</strong></span> <span class='ocrx_word' id='word_1_504' title='bbox 3338 497 3434 552; x_wconf 88' lang='lat' dir='ltr'><strong>scd</strong></span> <span class='ocrx_word' id='word_1_505' title='bbox 3470 496 3615 555; x_wconf 85' lang='lat' dir='ltr'><strong>illius</strong></span> <span class='ocrx_word' id='word_1_506' title='bbox 3650 514 3774 556; x_wconf 80' lang='lat' dir='ltr'><strong>esse</strong></span> 
     </span>
    </p>
   </div>
   <div class='ocr_carea' id='block_1_63' title="bbox 2201 584 3774 661">
    <p class='ocr_par' dir='ltr' id='par_1_63' title="bbox 2201 584 3774 661">
     <span class='ocr_line' id='line_1_63' title="bbox 2201 584 3774 661; baseline 0.005 -24"><span class='ocrx_word' id='word_1_507' title='bbox 2201 585 2385 653; x_wconf 76' lang='lat' dir='ltr'><strong>gratia:</strong></span> <span class='ocrx_word' id='word_1_508' title='bbox 2412 584 2550 653; x_wconf 86' lang='lat' dir='ltr'><strong>quod</strong></span> <span class='ocrx_word' id='word_1_509' title='bbox 2577 587 2795 641; x_wconf 82' lang='lat' dir='ltr'><strong>saturati</strong></span> <span class='ocrx_word' id='word_1_510' title='bbox 2820 595 2964 642; x_wconf 86' lang='lat' dir='ltr'><strong>sunt.</strong></span> <span class='ocrx_word' id='word_1_511' title='bbox 2991 587 3290 658; x_wconf 78' lang='lat' dir='ltr'><strong>Requirunt</strong></span> <span class='ocrx_word' id='word_1_512' title='bbox 3308 588 3453 644; x_wconf 84' lang='lat' dir='ltr'><strong>enim</strong></span> <span class='ocrx_word' id='word_1_513' title='bbox 3472 605 3593 645; x_wconf 89' lang='lat' dir='ltr'><strong>eum</strong></span> <span class='ocrx_word' id='word_1_514' title='bbox 3608 630 3628 660; x_wconf 88' lang='lat'><strong>,</strong></span> <span class='ocrx_word' id='word_1_515' title='bbox 3650 592 3774 661; x_wconf 78' lang='lat' dir='ltr'><strong>quis</strong></span> 
     </span>
    </p>
   </div>
   <div class='ocr_carea' id='block_1_64' title="bbox 2202 676 3774 753">
    <p class='ocr_par' dir='ltr' id='par_1_64' title="bbox 2202 676 3774 753">
     <span class='ocr_line' id='line_1_64' title="bbox 2202 676 3774 753; baseline 0.007 -26"><span class='ocrx_word' id='word_1_516' title='bbox 2202 690 2307 729; x_wconf 92' lang='lat' dir='ltr'><strong>non</strong></span> <span class='ocrx_word' id='word_1_517' title='bbox 2352 685 2476 730; x_wconf 89' lang='lat' dir='ltr'><strong>sunt</strong></span> <span class='ocrx_word' id='word_1_518' title='bbox 2518 691 2584 731; x_wconf 91' lang='lat' dir='ltr'><strong>ex</strong></span> <span class='ocrx_word' id='word_1_519' title='bbox 2629 676 2710 733; x_wconf 88' lang='lat' dir='ltr'><strong>eis</strong></span> <span class='ocrx_word' id='word_1_520' title='bbox 2750 678 2841 748; x_wconf 88' lang='lat' dir='ltr'><strong>qui</strong></span> <span class='ocrx_word' id='word_1_521' title='bbox 2882 692 2976 732; x_wconf 88' lang='lat' dir='ltr'><strong>sua</strong></span> <span class='ocrx_word' id='word_1_522' title='bbox 3019 688 3296 749; x_wconf 75' lang='lat' dir='ltr'><strong>quaerunt,</strong></span> <span class='ocrx_word' id='word_1_523' title='bbox 3344 696 3448 736; x_wconf 87' lang='lat' dir='ltr'><strong>non</strong></span> <span class='ocrx_word' id='word_1_524' title='bbox 3489 697 3611 753; x_wconf 65' lang='lat' dir='ltr'><strong>quae</strong></span> <span class='ocrx_word' id='word_1_525' title='bbox 3648 681 3774 738; x_wconf 87' lang='lat' dir='ltr'><strong>Jesu</strong></span> 
     </span>
    </p>
   </div>
   <div class='ocr_carea' id='block_1_65' title="bbox 2200 763 3771 839">
    <p class='ocr_par' dir='ltr' id='par_1_65' title="bbox 2200 763 3771 839">
     <span class='ocr_line' id='line_1_65' title="bbox 2200 763 3771 839; baseline 0.006 -20"><span class='ocrx_word' id='word_1_526' title='bbox 2200 763 2396 821; x_wconf 82' lang='lat' dir='ltr'><strong>Christi</strong></span> <span class='ocrx_word' id='word_1_527' title='bbox 2432 765 2689 837; x_wconf 79' lang='lat' dir='ltr'><strong>(Philipp.</strong></span> <span class='ocrx_word' id='word_1_528' title='bbox 2714 784 2788 833; x_wconf 89' lang='grc' dir='ltr'><strong>ιι,</strong></span> <span class='ocrx_word' id='word_1_529' title='bbox 2811 768 2927 837; x_wconf 68' lang='grc' dir='ltr'><strong>Ἦ).</strong></span> <span class='ocrx_word' id='word_1_530' title='bbox 2969 769 3203 839; x_wconf 84' lang='lat' dir='ltr'><strong>Denique</strong></span> <span class='ocrx_word' id='word_1_531' title='bbox 3244 780 3298 825; x_wconf 90' lang='lat' dir='ltr'><strong>et</strong></span> <span class='ocrx_word' id='word_1_532' title='bbox 3335 771 3379 826; x_wconf 90' lang='lat' dir='ltr'><strong>si</strong></span> <span class='ocrx_word' id='word_1_533' title='bbox 3417 786 3544 828; x_wconf 88' lang='lat' dir='ltr'><strong>caro</strong></span> <span class='ocrx_word' id='word_1_534' title='bbox 3582 787 3771 828; x_wconf 87' lang='lat' dir='ltr'><strong>eorum</strong></span> 
     </span>
    </p>
   </div>
   <div class='ocr_carea' id='block_1_66' title="bbox 2200 859 3774 931">
    <p class='ocr_par' dir='ltr' id='par_1_66' title="bbox 2200 859 3774 931">
     <span class='ocr_line' id='line_1_66' title="bbox 2200 859 3774 931; baseline 0.004 -17"><span class='ocrx_word' id='word_1_535' title='bbox 2200 859 2293 929; x_wconf 89' lang='lat' dir='ltr'><strong>qui</strong></span> <span class='ocrx_word' id='word_1_536' title='bbox 2333 874 2454 915; x_wconf 90' lang='lat' dir='ltr'><strong>eum</strong></span> <span class='ocrx_word' id='word_1_537' title='bbox 2496 860 2740 928; x_wconf 87' lang='lat' dir='ltr'><strong>laudant,</strong></span> <span class='ocrx_word' id='word_1_538' title='bbox 2781 861 2979 931; x_wconf 85' lang='lat' dir='ltr'><strong>patitur</strong></span> <span class='ocrx_word' id='word_1_539' title='bbox 3006 862 3349 931; x_wconf 86' lang='lat' dir='ltr'><strong>temporalem</strong></span> <span class='ocrx_word' id='word_1_540' title='bbox 3381 862 3774 919; x_wconf 87' lang='lat' dir='ltr'><strong>tribulationem</strong></span> 
     </span>
    </p>
   </div>
   <div class='ocr_carea' id='block_1_67' title="bbox 2205 951 3773 1019">
    <p class='ocr_par' dir='ltr' id='par_1_67' title="bbox 2205 951 3773 1019">
     <span class='ocr_line' id='line_1_67' title="bbox 2205 951 3773 1019; baseline 0.003 -15"><span class='ocrx_word' id='word_1_541' title='bbox 2205 951 2289 1006; x_wconf 89' lang='lat' dir='ltr'><strong>vel</strong></span> <span class='ocrx_word' id='word_1_542' title='bbox 2328 960 2552 1007; x_wconf 84' lang='lat' dir='ltr'><strong>mortem</strong></span> <span class='ocrx_word' id='word_1_543' title='bbox 2573 992 2589 1019; x_wconf 91' lang='lat'><strong>,</strong></span> <span class='ocrx_word' id='word_1_544' title='bbox 2632 954 2792 1007; x_wconf 74' lang='lat' dir='ltr'><strong>vivent</strong></span> <span class='ocrx_word' id='word_1_545' title='bbox 2830 952 2983 1007; x_wconf 87' lang='lat' dir='ltr'><strong>corda</strong></span> <span class='ocrx_word' id='word_1_546' title='bbox 3025 970 3195 1008; x_wconf 82' lang='lat' dir='ltr'><strong>eorum</strong></span> <span class='ocrx_word' id='word_1_547' title='bbox 3232 954 3285 1007; x_wconf 89' lang='lat' dir='ltr'><strong>in</strong></span> <span class='ocrx_word' id='word_1_548' title='bbox 3318 954 3555 1009; x_wconf 65' lang='lat' dir='ltr'><strong>siccatum</strong></span> <span class='ocrx_word' id='word_1_549' title='bbox 3577 956 3773 1009; x_wconf 72' lang='lat' dir='ltr'><strong>seaculi.</strong></span> 
     </span>
    </p>
   </div>
   <div class='ocr_carea' id='block_1_68' title="bbox 2203 1041 3776 1115">
    <p class='ocr_par' dir='ltr' id='par_1_68' title="bbox 2203 1041 3776 1115">
     <span class='ocr_line' id='line_1_68' title="bbox 2203 1041 3776 1115; baseline 0.003 -18"><span class='ocrx_word' id='word_1_550' title='bbox 2203 1041 2328 1099; x_wconf 71' lang='lat' dir='ltr'><strong>Haec</strong></span> <span class='ocrx_word' id='word_1_551' title='bbox 2353 1044 2461 1099; x_wconf 89' lang='lat' dir='ltr'><strong>vita</strong></span> <span class='ocrx_word' id='word_1_552' title='bbox 2496 1044 2673 1101; x_wconf 83' lang='lat' dir='ltr'><strong>cordis</strong></span> <span class='ocrx_word' id='word_1_553' title='bbox 2700 1058 2805 1101; x_wconf 90' lang='lat' dir='ltr'><strong>non</strong></span> <span class='ocrx_word' id='word_1_554' title='bbox 2830 1045 2987 1101; x_wconf 85' lang='lat' dir='ltr'><strong>estin</strong></span> <span class='ocrx_word' id='word_1_555' title='bbox 3009 1044 3253 1100; x_wconf 84' lang='lat' dir='ltr'><strong>sensibus</strong></span> <span class='ocrx_word' id='word_1_556' title='bbox 3276 1046 3543 1115; x_wconf 89' lang='lat' dir='ltr'><strong>corporis;</strong></span> <span class='ocrx_word' id='word_1_557' title='bbox 3569 1057 3776 1102; x_wconf 82' lang='lat' dir='ltr'><strong>secreta</strong></span> 
     </span>
    </p>
   </div>
   <div class='ocr_carea' id='block_1_69' title="bbox 2202 1133 3779 1205">
    <p class='ocr_par' dir='ltr' id='par_1_69' title="bbox 2202 1133 3779 1205">
     <span class='ocr_line' id='line_1_69' title="bbox 2202 1133 3779 1205; baseline 0.003 -18"><span class='ocrx_word' id='word_1_558' title='bbox 2202 1141 2286 1188; x_wconf 82' lang='lat' dir='ltr'><strong>est</strong></span> <span class='ocrx_word' id='word_1_559' title='bbox 2310 1134 2360 1188; x_wconf 93' lang='lat' dir='ltr'><strong>in</strong></span> <span class='ocrx_word' id='word_1_560' title='bbox 2388 1133 2503 1189; x_wconf 89' lang='lat' dir='ltr'><strong>luce</strong></span> <span class='ocrx_word' id='word_1_561' title='bbox 2526 1149 2645 1204; x_wconf 63' lang='lat' dir='ltr'><strong>quae</strong></span> <span class='ocrx_word' id='word_1_562' title='bbox 2669 1134 2811 1189; x_wconf 89' lang='lat' dir='ltr'><strong>intus</strong></span> <span class='ocrx_word' id='word_1_563' title='bbox 2829 1143 2940 1199; x_wconf 88' lang='lat' dir='ltr'><strong>est,</strong></span> <span class='ocrx_word' id='word_1_564' title='bbox 2982 1150 3088 1189; x_wconf 90' lang='lat' dir='ltr'><strong>non</strong></span> <span class='ocrx_word' id='word_1_565' title='bbox 3123 1134 3176 1189; x_wconf 91' lang='lat' dir='ltr'><strong>in</strong></span> <span class='ocrx_word' id='word_1_566' title='bbox 3216 1134 3453 1190; x_wconf 86' lang='lat' dir='ltr'><strong>tenebris</strong></span> <span class='ocrx_word' id='word_1_567' title='bbox 3488 1152 3609 1205; x_wconf 67' lang='lat' dir='ltr'><strong>qua:</strong></span> <span class='ocrx_word' id='word_1_568' title='bbox 3650 1136 3779 1192; x_wconf 83' lang='lat' dir='ltr'><strong>foris</strong></span> 
     </span>
    </p>
   </div>
   <div class='ocr_carea' id='block_1_70' title="bbox 2202 1224 3777 1295">
    <p class='ocr_par' dir='ltr' id='par_1_70' title="bbox 2202 1224 3777 1295">
     <span class='ocr_line' id='line_1_70' title="bbox 2202 1224 3777 1295; baseline 0.001 -18"><span class='ocrx_word' id='word_1_569' title='bbox 2202 1232 2360 1289; x_wconf 84' lang='lat' dir='ltr'><strong>sunt;</strong></span> <span class='ocrx_word' id='word_1_570' title='bbox 2384 1225 2433 1278; x_wconf 92' lang='lat' dir='ltr'><strong>iu</strong></span> <span class='ocrx_word' id='word_1_571' title='bbox 2463 1224 2568 1280; x_wconf 85' lang='lat' dir='ltr'><strong>line</strong></span> <span class='ocrx_word' id='word_1_572' title='bbox 2595 1225 2861 1295; x_wconf 63' lang='lat' dir='ltr'><strong>praecepti,</strong></span> <span class='ocrx_word' id='word_1_573' title='bbox 2888 1241 2993 1280; x_wconf 91' lang='lat' dir='ltr'><strong>non</strong></span> <span class='ocrx_word' id='word_1_574' title='bbox 3014 1225 3067 1280; x_wconf 89' lang='lat' dir='ltr'><strong>in</strong></span> <span class='ocrx_word' id='word_1_575' title='bbox 3090 1225 3241 1280; x_wconf 90' lang='lat' dir='ltr'><strong>initio</strong></span> <span class='ocrx_word' id='word_1_576' title='bbox 3262 1225 3483 1295; x_wconf 70' lang='lat' dir='ltr'><strong>peccati.</strong></span> <span class='ocrx_word' id='word_1_577' title='bbox 3512 1226 3661 1281; x_wconf 83' lang='lat' dir='ltr'><strong>Finis</strong></span> <span class='ocrx_word' id='word_1_578' title='bbox 3678 1242 3777 1280; x_wconf 62' lang='lat' dir='ltr'><strong>au-</strong></span> 
     </span>
    </p>
   </div>
   <div class='ocr_carea' id='block_1_71' title="bbox 2204 1314 3776 1385">
    <p class='ocr_par' dir='ltr' id='par_1_71' title="bbox 2204 1314 3776 1385">
     <span class='ocr_line' id='line_1_71' title="bbox 2204 1314 3776 1385; baseline -0.001 -16"><span class='ocrx_word' id='word_1_579' title='bbox 2204 1325 2310 1369; x_wconf 85' lang='lat' dir='ltr'><strong>tem</strong></span> <span class='ocrx_word' id='word_1_580' title='bbox 2330 1316 2577 1385; x_wconf 81' lang='lat' dir='ltr'><strong>praecepti</strong></span> <span class='ocrx_word' id='word_1_581' title='bbox 2592 1315 2822 1370; x_wconf 86' lang='lat' dir='ltr'><strong>charitas</strong></span> <span class='ocrx_word' id='word_1_582' title='bbox 2833 1324 2914 1370; x_wconf 90' lang='lat' dir='ltr'><strong>est</strong></span> <span class='ocrx_word' id='word_1_583' title='bbox 2928 1316 2995 1370; x_wconf 89' lang='lat' dir='ltr'><strong>de</strong></span> <span class='ocrx_word' id='word_1_584' title='bbox 3009 1314 3172 1371; x_wconf 89' lang='lat' dir='ltr'><strong>corde</strong></span> <span class='ocrx_word' id='word_1_585' title='bbox 3203 1330 3353 1385; x_wconf 85' lang='lat' dir='ltr'><strong>puro,</strong></span> <span class='ocrx_word' id='word_1_586' title='bbox 3376 1324 3431 1371; x_wconf 86' lang='lat' dir='ltr'><strong>et</strong></span> <span class='ocrx_word' id='word_1_587' title='bbox 3448 1317 3776 1371; x_wconf 87' lang='lat' dir='ltr'><strong>conscientia</strong></span> 
     </span>
    </p>
   </div>
   <div class='ocr_carea' id='block_1_72' title="bbox 2202 1404 3777 1479">
    <p class='ocr_par' dir='ltr' id='par_1_72' title="bbox 2202 1404 3777 1479">
     <span class='ocr_line' id='line_1_72' title="bbox 2202 1404 3777 1479; baseline -0.001 -18"><span class='ocrx_word' id='word_1_588' title='bbox 2202 1405 2361 1473; x_wconf 84' lang='lat' dir='ltr'><strong>bona,</strong></span> <span class='ocrx_word' id='word_1_589' title='bbox 2380 1416 2431 1462; x_wconf 87' lang='lat' dir='ltr'><strong>et</strong></span> <span class='ocrx_word' id='word_1_590' title='bbox 2462 1407 2565 1461; x_wconf 83' lang='lat' dir='ltr'><strong>fide</strong></span> <span class='ocrx_word' id='word_1_591' title='bbox 2589 1421 2693 1461; x_wconf 90' lang='lat' dir='ltr'><strong>non</strong></span> <span class='ocrx_word' id='word_1_592' title='bbox 2715 1406 2835 1461; x_wconf 80' lang='lat' dir='ltr'><strong>ﬁcta</strong></span> <span class='ocrx_word' id='word_1_593' title='bbox 2862 1404 2916 1479; x_wconf 88' lang='lat' dir='ltr'><strong>(l</strong></span> <span class='ocrx_word' id='word_1_594' title='bbox 2936 1406 3065 1461; x_wconf 87' lang='lat' dir='ltr'><strong>Tim.</strong></span> <span class='ocrx_word' id='word_1_595' title='bbox 3090 1422 3126 1471; x_wconf 89' lang='grc' dir='ltr'><strong>ι,</strong></span> <span class='ocrx_word' id='word_1_596' title='bbox 3153 1405 3210 1478; x_wconf 85' lang='grc'><strong>5)</strong></span> <span class='ocrx_word' id='word_1_597' title='bbox 3237 1424 3250 1460; x_wconf 91' lang='lat'><strong>:</strong></span> <span class='ocrx_word' id='word_1_598' title='bbox 3272 1405 3505 1461; x_wconf 79' lang='lat' dir='ltr'><strong>Charitas</strong></span> <span class='ocrx_word' id='word_1_599' title='bbox 3528 1423 3649 1477; x_wconf 67' lang='lat' dir='ltr'><strong>qua:</strong></span> <span class='ocrx_word' id='word_1_600' title='bbox 3673 1422 3777 1460; x_wconf 88' lang='lat' dir='ltr'><strong>nou</strong></span> 
     </span>
    </p>
   </div>
   <div class='ocr_carea' id='block_1_73' title="bbox 2201 1495 3778 1571">
    <p class='ocr_par' dir='ltr' id='par_1_73' title="bbox 2201 1495 3778 1571">
     <span class='ocr_line' id='line_1_73' title="bbox 2201 1495 3778 1571; baseline -0.002 -18"><span class='ocrx_word' id='word_1_601' title='bbox 2201 1500 2497 1563; x_wconf 77' lang='lat' dir='ltr'><strong>:emuiatur,</strong></span> <span class='ocrx_word' id='word_1_602' title='bbox 2529 1513 2633 1553; x_wconf 93' lang='lat' dir='ltr'><strong>non</strong></span> <span class='ocrx_word' id='word_1_603' title='bbox 2655 1497 2867 1552; x_wconf 81' lang='lat' dir='ltr'><strong>inﬂatur</strong></span> <span class='ocrx_word' id='word_1_604' title='bbox 2892 1497 2945 1571; x_wconf 94' lang='lat' dir='ltr'><strong>(l</strong></span> <span class='ocrx_word' id='word_1_605' title='bbox 2968 1496 3084 1552; x_wconf 85' lang='lat' dir='ltr'><strong>Cor.</strong></span> <span class='ocrx_word' id='word_1_606' title='bbox 3104 1513 3219 1564; x_wconf 77' lang='lat' dir='ltr'><strong>vui,</strong></span> <span class='ocrx_word' id='word_1_607' title='bbox 3237 1495 3293 1571; x_wconf 69' lang='grc'><strong>4)</strong></span> <span class='ocrx_word' id='word_1_608' title='bbox 3308 1540 3324 1563; x_wconf 83' lang='grc'><strong>,</strong></span> <span class='ocrx_word' id='word_1_609' title='bbox 3342 1498 3464 1568; x_wconf 86' lang='lat' dir='ltr'><strong>quia</strong></span> <span class='ocrx_word' id='word_1_610' title='bbox 3486 1513 3589 1552; x_wconf 90' lang='lat' dir='ltr'><strong>non</strong></span> <span class='ocrx_word' id='word_1_611' title='bbox 3611 1498 3778 1551; x_wconf 86' lang='lat' dir='ltr'><strong>aittun</strong></span> 
     </span>
    </p>
   </div>
   <div class='ocr_carea' id='block_1_74' title="bbox 2200 1589 3780 1659">
    <p class='ocr_par' dir='ltr' id='par_1_74' title="bbox 2200 1589 3780 1659">
     <span class='ocr_line' id='line_1_74' title="bbox 2200 1589 3780 1659; baseline 0 -15"><span class='ocrx_word' id='word_1_612' title='bbox 2200 1590 2369 1659; x_wconf 90' lang='lat' dir='ltr'><strong>sapit,</strong></span> <span class='ocrx_word' id='word_1_613' title='bbox 2398 1589 2491 1644; x_wconf 84' lang='lat' dir='ltr'><strong>sed</strong></span> <span class='ocrx_word' id='word_1_614' title='bbox 2521 1591 2701 1655; x_wconf 90' lang='lat' dir='ltr'><strong>timet;</strong></span> <span class='ocrx_word' id='word_1_615' title='bbox 2739 1599 2792 1645; x_wconf 88' lang='lat' dir='ltr'><strong>et</strong></span> <span class='ocrx_word' id='word_1_616' title='bbox 2819 1589 2939 1646; x_wconf 90' lang='lat' dir='ltr'><strong>ideo</strong></span> <span class='ocrx_word' id='word_1_617' title='bbox 2961 1589 3194 1645; x_wconf 74' lang='lat' dir='ltr'><strong>coluerat</strong></span> <span class='ocrx_word' id='word_1_618' title='bbox 3220 1591 3409 1647; x_wconf 87' lang='lat' dir='ltr'><strong>timore</strong></span> <span class='ocrx_word' id='word_1_619' title='bbox 3445 1600 3623 1655; x_wconf 86' lang='lat' dir='ltr'><strong>casto,</strong></span> <span class='ocrx_word' id='word_1_620' title='bbox 3654 1607 3780 1659; x_wconf 82' lang='lat' dir='ltr'><strong>pcr-</strong></span> 
     </span>
    </p>
   </div>
   <div class='ocr_carea' id='block_1_75' title="bbox 2200 1683 3782 1741">
    <p class='ocr_par' dir='ltr' id='par_1_75' title="bbox 2200 1683 3782 1741">
     <span class='ocr_line' id='line_1_75' title="bbox 2200 1683 3782 1741; baseline -0.001 0"><span class='ocrx_word' id='word_1_621' title='bbox 2200 1692 2449 1741; x_wconf 88' lang='lat' dir='ltr'><strong>manente</strong></span> <span class='ocrx_word' id='word_1_622' title='bbox 2491 1684 2544 1738; x_wconf 89' lang='lat' dir='ltr'><strong>in</strong></span> <span class='ocrx_word' id='word_1_623' title='bbox 2587 1685 2841 1741; x_wconf 68' lang='lat' dir='ltr'><strong>szeculum</strong></span> <span class='ocrx_word' id='word_1_624' title='bbox 2882 1684 3079 1739; x_wconf 65' lang='lat' dir='ltr'><strong>saeculi.</strong></span> <span class='ocrx_word' id='word_1_625' title='bbox 3131 1683 3337 1739; x_wconf 87' lang='lat' dir='ltr'><strong>Initium</strong></span> <span class='ocrx_word' id='word_1_626' title='bbox 3382 1694 3556 1739; x_wconf 85' lang='lat' dir='ltr'><strong>autem</strong></span> <span class='ocrx_word' id='word_1_627' title='bbox 3603 1684 3782 1739; x_wconf 83' lang='lat' dir='ltr'><strong>omnis</strong></span> 
     </span>
    </p>
   </div>
   <div class='ocr_carea' id='block_1_76' title="bbox 2199 1774 3783 1845">
    <p class='ocr_par' dir='ltr' id='par_1_76' title="bbox 2199 1774 3783 1845">
     <span class='ocr_line' id='line_1_76' title="bbox 2199 1774 3783 1845; baseline 0.001 -16"><span class='ocrx_word' id='word_1_628' title='bbox 2199 1775 2399 1844; x_wconf 86' lang='lat' dir='ltr'><strong>peccati</strong></span> <span class='ocrx_word' id='word_1_629' title='bbox 2426 1775 2691 1845; x_wconf 85' lang='lat' dir='ltr'><strong>superbia,</strong></span> <span class='ocrx_word' id='word_1_630' title='bbox 2716 1790 2818 1845; x_wconf 87' lang='lat' dir='ltr'><strong>qua</strong></span> <span class='ocrx_word' id='word_1_631' title='bbox 2848 1774 3090 1831; x_wconf 86' lang='lat' dir='ltr'><strong>diabolus</strong></span> <span class='ocrx_word' id='word_1_632' title='bbox 3112 1774 3525 1830; x_wconf 86' lang='lat' dir='ltr'><strong>irrevocabiliter</strong></span> <span class='ocrx_word' id='word_1_633' title='bbox 3550 1775 3603 1829; x_wconf 91' lang='lat' dir='ltr'><strong>in</strong></span> <span class='ocrx_word' id='word_1_634' title='bbox 3628 1786 3783 1830; x_wconf 79' lang='lat' dir='ltr'><strong>exte-</strong></span> 
     </span>
    </p>
   </div>
   <div class='ocr_carea' id='block_1_77' title="bbox 2200 1863 3780 1934">
    <p class='ocr_par' dir='ltr' id='par_1_77' title="bbox 2200 1863 3780 1934">
     <span class='ocr_line' id='line_1_77' title="bbox 2200 1863 3780 1934; baseline 0 -15"><span class='ocrx_word' id='word_1_635' title='bbox 2200 1864 2342 1919; x_wconf 85' lang='lat' dir='ltr'><strong>riora</strong></span> <span class='ocrx_word' id='word_1_636' title='bbox 2371 1879 2684 1934; x_wconf 89' lang='lat' dir='ltr'><strong>progressus</strong></span> <span class='ocrx_word' id='word_1_637' title='bbox 2710 1873 2825 1929; x_wconf 89' lang='lat' dir='ltr'><strong>est,</strong></span> <span class='ocrx_word' id='word_1_638' title='bbox 2870 1864 3242 1934; x_wconf 86' lang='lat' dir='ltr'><strong>hominemque</strong></span> <span class='ocrx_word' id='word_1_639' title='bbox 3285 1863 3607 1929; x_wconf 85' lang='lat' dir='ltr'><strong>invidendo,</strong></span> <span class='ocrx_word' id='word_1_640' title='bbox 3650 1874 3706 1917; x_wconf 86' lang='lat' dir='ltr'><strong>et</strong></span> <span class='ocrx_word' id='word_1_641' title='bbox 3732 1867 3780 1919; x_wconf 86' lang='lat' dir='ltr'><strong>ei</strong></span> 
     </span>
    </p>
   </div>
   <div class='ocr_carea' id='block_1_78' title="bbox 2200 1953 3781 2025">
    <p class='ocr_par' dir='ltr' id='par_1_78' title="bbox 2200 1953 3781 2025">
     <span class='ocr_line' id='line_1_78' title="bbox 2200 1953 3781 2025; baseline -0.002 -16"><span class='ocrx_word' id='word_1_642' title='bbox 2200 1955 2377 2011; x_wconf 87' lang='lat' dir='ltr'><strong>simile</strong></span> <span class='ocrx_word' id='word_1_643' title='bbox 2413 1956 2610 2025; x_wconf 85' lang='lat' dir='ltr'><strong>aliquid</strong></span> <span class='ocrx_word' id='word_1_644' title='bbox 2649 1955 2923 2010; x_wconf 89' lang='lat' dir='ltr'><strong>suadendo</strong></span> <span class='ocrx_word' id='word_1_645' title='bbox 2950 1954 3160 2023; x_wconf 85' lang='lat' dir='ltr'><strong>dejecit.</strong></span> <span class='ocrx_word' id='word_1_646' title='bbox 3192 1953 3290 2009; x_wconf 90' lang='lat' dir='ltr'><strong>Cui</strong></span> <span class='ocrx_word' id='word_1_647' title='bbox 3327 1954 3526 2009; x_wconf 81' lang='lat' dir='ltr'><strong>homini</strong></span> <span class='ocrx_word' id='word_1_648' title='bbox 3554 1955 3607 2009; x_wconf 86' lang='lat' dir='ltr'><strong>in</strong></span> <span class='ocrx_word' id='word_1_649' title='bbox 3645 1970 3781 2024; x_wconf 78' lang='lat' dir='ltr'><strong>qua-</strong></span> 
     </span>
    </p>
   </div>
   <div class='ocr_carea' id='block_1_79' title="bbox 2200 2047 3785 2118">
    <p class='ocr_par' dir='ltr' id='par_1_79' title="bbox 2200 2047 3785 2118">
     <span class='ocr_line' id='line_1_79' title="bbox 2200 2047 3785 2118; baseline -0.001 -16"><span class='ocrx_word' id='word_1_650' title='bbox 2200 2048 2321 2103; x_wconf 84' lang='lat' dir='ltr'><strong>dam</strong></span> <span class='ocrx_word' id='word_1_651' title='bbox 2368 2049 2624 2118; x_wconf 87' lang='lat' dir='ltr'><strong>scriptura</strong></span> <span class='ocrx_word' id='word_1_652' title='bbox 2668 2049 2894 2115; x_wconf 91' lang='lat' dir='ltr'><strong>dicitur,</strong></span> <span class='ocrx_word' id='word_1_653' title='bbox 2929 2047 3064 2113; x_wconf 85' lang='lat' dir='ltr'><strong>Quid</strong></span> <span class='ocrx_word' id='word_1_654' title='bbox 3097 2048 3318 2117; x_wconf 88' lang='lat' dir='ltr'><strong>superbit</strong></span> <span class='ocrx_word' id='word_1_655' title='bbox 3360 2057 3491 2103; x_wconf 76' lang='lat' dir='ltr'><strong>terra</strong></span> <span class='ocrx_word' id='word_1_656' title='bbox 3532 2057 3578 2100; x_wconf 89' lang='lat' dir='ltr'><strong>et</strong></span> <span class='ocrx_word' id='word_1_657' title='bbox 3613 2048 3785 2101; x_wconf 75' lang='lat' dir='ltr'><strong>cinis!</strong></span> 
     </span>
    </p>
   </div>
   <div class='ocr_carea' id='block_1_80' title="bbox 2204 2137 3781 2209">
    <p class='ocr_par' dir='ltr' id='par_1_80' title="bbox 2204 2137 3781 2209">
     <span class='ocr_line' id='line_1_80' title="bbox 2204 2137 3781 2209; baseline -0.001 -15"><span class='ocrx_word' id='word_1_658' title='bbox 2204 2141 2454 2206; x_wconf 87' lang='lat' dir='ltr'><strong>Quoniam</strong></span> <span class='ocrx_word' id='word_1_659' title='bbox 2477 2140 2531 2194; x_wconf 89' lang='lat' dir='ltr'><strong>in</strong></span> <span class='ocrx_word' id='word_1_660' title='bbox 2558 2141 2659 2193; x_wconf 81' lang='lat' dir='ltr'><strong>vita</strong></span> <span class='ocrx_word' id='word_1_661' title='bbox 2691 2155 2782 2193; x_wconf 85' lang='lat' dir='ltr'><strong>sua</strong></span> <span class='ocrx_word' id='word_1_662' title='bbox 2815 2140 3027 2209; x_wconf 87' lang='lat' dir='ltr'><strong>projecit</strong></span> <span class='ocrx_word' id='word_1_663' title='bbox 3065 2139 3240 2192; x_wconf 86' lang='lat' dir='ltr'><strong>intima</strong></span> <span class='ocrx_word' id='word_1_664' title='bbox 3267 2154 3359 2191; x_wconf 89' lang='lat' dir='ltr'><strong>sua</strong></span> <span class='ocrx_word' id='word_1_665' title='bbox 3387 2137 3572 2207; x_wconf 77' lang='lat' dir='ltr'><strong>(Ecdi.</strong></span> <span class='ocrx_word' id='word_1_666' title='bbox 3600 2153 3661 2201; x_wconf 84' lang='lat' dir='ltr'><strong>x,</strong></span> <span class='ocrx_word' id='word_1_667' title='bbox 3692 2139 3781 2204; x_wconf 79' lang='grc'><strong>15,</strong></span> 
     </span>
    </p>
   </div>
   <div class='ocr_carea' id='block_1_81' title="bbox 2200 2229 3782 2303">
    <p class='ocr_par' dir='ltr' id='par_1_81' title="bbox 2200 2229 3782 2303">
     <span class='ocr_line' id='line_1_81' title="bbox 2200 2229 3782 2303; baseline -0.002 -17"><span class='ocrx_word' id='word_1_668' title='bbox 2200 2230 2255 2297; x_wconf 87' lang='lat'><strong>9,</strong></span> <span class='ocrx_word' id='word_1_669' title='bbox 2290 2230 2402 2303; x_wconf 80' lang='lat' dir='ltr'><strong>i0).</strong></span> <span class='ocrx_word' id='word_1_670' title='bbox 2431 2229 2500 2285; x_wconf 84' lang='lat' dir='ltr'><strong>In</strong></span> <span class='ocrx_word' id='word_1_671' title='bbox 2527 2231 2627 2285; x_wconf 81' lang='lat' dir='ltr'><strong><em>vita</em></strong></span> <span class='ocrx_word' id='word_1_672' title='bbox 2654 2247 2780 2296; x_wconf 89' lang='lat' dir='ltr'><strong>sua,</strong></span> <span class='ocrx_word' id='word_1_673' title='bbox 2818 2229 3015 2285; x_wconf 90' lang='lat' dir='ltr'><strong>dictum</strong></span> <span class='ocrx_word' id='word_1_674' title='bbox 3058 2239 3137 2283; x_wconf 87' lang='lat' dir='ltr'><strong>est</strong></span> <span class='ocrx_word' id='word_1_675' title='bbox 3156 2269 3173 2295; x_wconf 93' lang='lat'><strong>,</strong></span> <span class='ocrx_word' id='word_1_676' title='bbox 3204 2237 3449 2299; x_wconf 88' lang='lat' dir='ltr'><strong>tanquam</strong></span> <span class='ocrx_word' id='word_1_677' title='bbox 3485 2229 3538 2283; x_wconf 91' lang='lat' dir='ltr'><strong>in</strong></span> <span class='ocrx_word' id='word_1_678' title='bbox 3568 2231 3782 2299; x_wconf 87' lang='lat' dir='ltr'><strong>propria</strong></span> 
     </span>
    </p>
   </div>
   <div class='ocr_carea' id='block_1_82' title="bbox 2200 2322 3780 2393">
    <p class='ocr_par' dir='ltr' id='par_1_82' title="bbox 2200 2322 3780 2393">
     <span class='ocr_line' id='line_1_82' title="bbox 2200 2322 3780 2393; baseline 0 -12"><span class='ocrx_word' id='word_1_679' title='bbox 2200 2340 2297 2381; x_wconf 87' lang='lat' dir='ltr'><strong>sua</strong></span> <span class='ocrx_word' id='word_1_680' title='bbox 2320 2325 2360 2389; x_wconf 79' lang='grc'>⁸,</span> <span class='ocrx_word' id='word_1_681' title='bbox 2388 2332 2443 2377; x_wconf 88' lang='grc' dir='ltr'><strong>ει</strong></span> <span class='ocrx_word' id='word_1_682' title='bbox 2462 2324 2609 2393; x_wconf 90' lang='lat' dir='ltr'><strong>quasi</strong></span> <span class='ocrx_word' id='word_1_683' title='bbox 2632 2323 2850 2393; x_wconf 86' lang='lat' dir='ltr'><strong>privata,</strong></span> <span class='ocrx_word' id='word_1_684' title='bbox 2873 2339 2975 2392; x_wconf 86' lang='lat' dir='ltr'><strong>qua</strong></span> <span class='ocrx_word' id='word_1_685' title='bbox 2996 2322 3285 2378; x_wconf 86' lang='lat' dir='ltr'><strong>delectatur</strong></span> <span class='ocrx_word' id='word_1_686' title='bbox 3310 2323 3483 2377; x_wconf 86' lang='lat' dir='ltr'><strong>omnis</strong></span> <span class='ocrx_word' id='word_1_687' title='bbox 3507 2323 3780 2393; x_wconf 85' lang='lat' dir='ltr'><strong>superbia.</strong></span> 
     </span>
    </p>
   </div>
   <div class='ocr_carea' id='block_1_83' title="bbox 2268 2413 3786 2472">
    <p class='ocr_par' dir='ltr' id='par_1_83' title="bbox 2268 2413 3786 2472">
     <span class='ocr_line' id='line_1_83' title="bbox 2268 2413 3786 2472; baseline -0.001 -1"><span class='ocrx_word' id='word_1_688' title='bbox 2268 2414 2494 2472; x_wconf 82' lang='lat' dir='ltr'><strong>CAPUT</strong></span> <span class='ocrx_word' id='word_1_689' title='bbox 2516 2413 2680 2470; x_wconf 82' lang='lat' dir='ltr'><strong>XXV.</strong></span> <span class='ocrx_word' id='word_1_690' title='bbox 2692 2445 2763 2455; x_wconf 97' lang='lat'>—</span> <span class='ocrx_word' id='word_1_691' title='bbox 2777 2414 2863 2470; x_wconf 75' lang='lat'><strong>6‘2.</strong></span> <span class='ocrx_word' id='word_1_692' title='bbox 2884 2414 3033 2470; x_wconf 92' lang='lat' dir='ltr'><strong>Unde</strong></span> <span class='ocrx_word' id='word_1_693' title='bbox 3047 2413 3278 2469; x_wconf 85' lang='lat' dir='ltr'><strong>charitas</strong></span> <span class='ocrx_word' id='word_1_694' title='bbox 3297 2414 3348 2468; x_wconf 91' lang='lat' dir='ltr'><strong>in</strong></span> <span class='ocrx_word' id='word_1_695' title='bbox 3369 2429 3655 2471; x_wconf 90' lang='lat' dir='ltr'><strong>commune</strong></span> <span class='ocrx_word' id='word_1_696' title='bbox 3670 2430 3786 2470; x_wconf 82' lang='lat' dir='ltr'><strong>ma-</strong></span> 
     </span>
    </p>
   </div>
   <div class='ocr_carea' id='block_1_84' title="bbox 2199 2504 3785 2577">
    <p class='ocr_par' dir='ltr' id='par_1_84' title="bbox 2199 2504 3785 2577">
     <span class='ocr_line' id='line_1_84' title="bbox 2199 2504 3785 2577; baseline 0.001 -17"><span class='ocrx_word' id='word_1_697' title='bbox 2199 2505 2280 2577; x_wconf 83' lang='lat' dir='ltr'><strong>gis</strong></span> <span class='ocrx_word' id='word_1_698' title='bbox 2307 2521 2463 2577; x_wconf 89' lang='lat' dir='ltr'><strong>quam</strong></span> <span class='ocrx_word' id='word_1_699' title='bbox 2501 2506 2553 2559; x_wconf 89' lang='lat' dir='ltr'><strong>in</strong></span> <span class='ocrx_word' id='word_1_700' title='bbox 2588 2506 2845 2575; x_wconf 84' lang='lat' dir='ltr'><strong>privatum</strong></span> <span class='ocrx_word' id='word_1_701' title='bbox 2867 2504 3169 2569; x_wconf 83' lang='lat' dir='ltr'><strong>consulens,</strong></span> <span class='ocrx_word' id='word_1_702' title='bbox 3200 2504 3395 2561; x_wconf 90' lang='lat' dir='ltr'><strong>dicitur</strong></span> <span class='ocrx_word' id='word_1_703' title='bbox 3412 2520 3516 2561; x_wconf 85' lang='lat' dir='ltr'><strong>non</strong></span> <span class='ocrx_word' id='word_1_704' title='bbox 3538 2522 3785 2576; x_wconf 64' lang='lat' dir='ltr'><strong>quatrere</strong></span> 
     </span>
    </p>
   </div>
   <div class='ocr_carea' id='block_1_85' title="bbox 2200 2595 3787 2668">
    <p class='ocr_par' dir='ltr' id='par_1_85' title="bbox 2200 2595 3787 2668">
     <span class='ocr_line' id='line_1_85' title="bbox 2200 2595 3787 2668; baseline 0.001 -17"><span class='ocrx_word' id='word_1_705' title='bbox 2200 2612 2318 2668; x_wconf 64' lang='lat' dir='ltr'><strong>quae</strong></span> <span class='ocrx_word' id='word_1_706' title='bbox 2343 2612 2438 2652; x_wconf 88' lang='lat' dir='ltr'><strong>sua</strong></span> <span class='ocrx_word' id='word_1_707' title='bbox 2464 2605 2588 2653; x_wconf 86' lang='lat' dir='ltr'><strong>sunt</strong></span> <span class='ocrx_word' id='word_1_708' title='bbox 2618 2596 2660 2668; x_wconf 93' lang='lat' dir='ltr'><strong>(l</strong></span> <span class='ocrx_word' id='word_1_709' title='bbox 2681 2595 2796 2652; x_wconf 87' lang='lat' dir='ltr'><strong>Cor.</strong></span> <span class='ocrx_word' id='word_1_710' title='bbox 2820 2612 2933 2664; x_wconf 89' lang='lat' dir='ltr'><strong>xm,</strong></span> <span class='ocrx_word' id='word_1_711' title='bbox 2957 2595 3035 2667; x_wconf 86' lang='lat'><strong>5).</strong></span> <span class='ocrx_word' id='word_1_712' title='bbox 3065 2596 3173 2651; x_wconf 84' lang='lat' dir='ltr'><strong>Hac</strong></span> <span class='ocrx_word' id='word_1_713' title='bbox 3198 2596 3379 2651; x_wconf 86' lang='lat' dir='ltr'><strong>vivunt</strong></span> <span class='ocrx_word' id='word_1_714' title='bbox 3410 2597 3569 2652; x_wconf 89' lang='lat' dir='ltr'><strong>corda</strong></span> <span class='ocrx_word' id='word_1_715' title='bbox 3607 2596 3659 2652; x_wconf 91' lang='lat' dir='ltr'><strong>in</strong></span> <span class='ocrx_word' id='word_1_716' title='bbox 3684 2612 3787 2653; x_wconf 73' lang='lat' dir='ltr'><strong>sm-</strong></span> 
     </span>
    </p>
   </div>
   <div class='ocr_carea' id='block_1_86' title="bbox 2199 2688 3787 2759">
    <p class='ocr_par' dir='ltr' id='par_1_86' title="bbox 2199 2688 3787 2759">
     <span class='ocr_line' id='line_1_86' title="bbox 2199 2688 3787 2759; baseline -0.001 -14"><span class='ocrx_word' id='word_1_717' title='bbox 2199 2688 2376 2745; x_wconf 90' lang='lat' dir='ltr'><strong>culum</strong></span> <span class='ocrx_word' id='word_1_718' title='bbox 2398 2688 2596 2751; x_wconf 69' lang='lat' dir='ltr'><strong>sarcuii,</strong></span> <span class='ocrx_word' id='word_1_719' title='bbox 2622 2696 2871 2758; x_wconf 90' lang='lat' dir='ltr'><strong>tanquam</strong></span> <span class='ocrx_word' id='word_1_720' title='bbox 2895 2697 3123 2743; x_wconf 83' lang='lat' dir='ltr'><strong>saturata</strong></span> <span class='ocrx_word' id='word_1_721' title='bbox 3154 2703 3288 2758; x_wconf 80' lang='lat' dir='ltr'><strong>pane</strong></span> <span class='ocrx_word' id='word_1_722' title='bbox 3311 2688 3516 2743; x_wconf 70' lang='lat' dir='ltr'><strong>cmlesti</strong></span> <span class='ocrx_word' id='word_1_723' title='bbox 3545 2706 3560 2744; x_wconf 92' lang='lat'><strong>:</strong></span> <span class='ocrx_word' id='word_1_724' title='bbox 3588 2689 3657 2744; x_wconf 90' lang='lat' dir='ltr'><strong>de</strong></span> <span class='ocrx_word' id='word_1_725' title='bbox 3677 2705 3787 2759; x_wconf 84' lang='lat' dir='ltr'><strong>qua</strong></span> 
     </span>
    </p>
   </div>
   <div class='ocr_carea' id='block_1_87' title="bbox 2200 2776 3793 2847">
    <p class='ocr_par' dir='ltr' id='par_1_87' title="bbox 2200 2776 3793 2847">
     <span class='ocr_line' id='line_1_87' title="bbox 2200 2776 3793 2847; baseline 0.001 -14"><span class='ocrx_word' id='word_1_726' title='bbox 2200 2786 2463 2833; x_wconf 87' lang='lat' dir='ltr'><strong>saturator</strong></span> <span class='ocrx_word' id='word_1_727' title='bbox 2514 2779 2627 2847; x_wconf 86' lang='lat' dir='ltr'><strong>ipse</strong></span> <span class='ocrx_word' id='word_1_728' title='bbox 2683 2776 2811 2833; x_wconf 91' lang='lat' dir='ltr'><strong>dicit</strong></span> <span class='ocrx_word' id='word_1_729' title='bbox 2843 2778 2895 2844; x_wconf 79' lang='grc'>⁸,</span> <span class='ocrx_word' id='word_1_730' title='bbox 2948 2776 3066 2831; x_wconf 84' lang='lat' dir='ltr'><strong>Nisi</strong></span> <span class='ocrx_word' id='word_1_731' title='bbox 3119 2778 3535 2832; x_wconf 76' lang='lat' dir='ltr'><strong>manducaueritis</strong></span> <span class='ocrx_word' id='word_1_732' title='bbox 3579 2794 3793 2836; x_wconf 80' lang='lat' dir='ltr'><strong>carnem</strong></span> 
     </span>
    </p>
   </div>
   <div class='ocr_carea' id='block_1_88' title="bbox 2200 2867 3793 2940">
    <p class='ocr_par' dir='ltr' id='par_1_88' title="bbox 2200 2867 3793 2940">
     <span class='ocr_line' id='line_1_88' title="bbox 2200 2867 3793 2940; baseline 0.001 -17"><span class='ocrx_word' id='word_1_733' title='bbox 2200 2884 2384 2934; x_wconf 80' lang='lat' dir='ltr'><strong>meum,</strong></span> <span class='ocrx_word' id='word_1_734' title='bbox 2408 2876 2454 2922; x_wconf 89' lang='lat' dir='ltr'><strong>et</strong></span> <span class='ocrx_word' id='word_1_735' title='bbox 2480 2869 2777 2940; x_wconf 86' lang='lat' dir='ltr'><strong>sanguinem</strong></span> <span class='ocrx_word' id='word_1_736' title='bbox 2802 2885 2965 2921; x_wconf 87' lang='lat' dir='ltr'><strong>meum</strong></span> <span class='ocrx_word' id='word_1_737' title='bbox 2982 2867 3199 2923; x_wconf 88' lang='lat' dir='ltr'><strong>biberitis</strong></span> <span class='ocrx_word' id='word_1_738' title='bbox 3216 2908 3231 2934; x_wconf 94' lang='lat'><strong>,</strong></span> <span class='ocrx_word' id='word_1_739' title='bbox 3254 2885 3355 2922; x_wconf 88' lang='lat' dir='ltr'><strong>non</strong></span> <span class='ocrx_word' id='word_1_740' title='bbox 3374 2868 3617 2930; x_wconf 84' lang='lat' dir='ltr'><strong>habebitis</strong></span> <span class='ocrx_word' id='word_1_741' title='bbox 3635 2871 3793 2930; x_wconf 67' lang='lat' dir='ltr'><strong>vitam</strong></span> 
     </span>
    </p>
   </div>
   <div class='ocr_carea' id='block_1_89' title="bbox 2199 2959 3795 3035">
    <p class='ocr_par' dir='ltr' id='par_1_89' title="bbox 2199 2959 3795 3035">
     <span class='ocr_line' id='line_1_89' title="bbox 2199 2959 3795 3035; baseline 0.002 -21"><span class='ocrx_word' id='word_1_742' title='bbox 2199 2959 2254 3014; x_wconf 90' lang='lat' dir='ltr'><strong>in</strong></span> <span class='ocrx_word' id='word_1_743' title='bbox 2290 2959 2426 3015; x_wconf 68' lang='lat' dir='ltr'><strong>nobis</strong></span> <span class='ocrx_word' id='word_1_744' title='bbox 2455 2959 2632 3027; x_wconf 77' lang='lat' dir='ltr'><strong>(Joan.</strong></span> <span class='ocrx_word' id='word_1_745' title='bbox 2654 2975 2728 3027; x_wconf 80' lang='lat' dir='ltr'><strong>Vl,</strong></span> <span class='ocrx_word' id='word_1_746' title='bbox 2754 2959 2869 3031; x_wconf 70' lang='grc'><strong>54).</strong></span> <span class='ocrx_word' id='word_1_747' title='bbox 2898 2959 3086 3014; x_wconf 80' lang='lat' dir='ltr'><strong>Merito</strong></span> <span class='ocrx_word' id='word_1_748' title='bbox 3108 2974 3237 3032; x_wconf 80' lang='lat' dir='ltr'><strong>ergo</strong></span> <span class='ocrx_word' id='word_1_749' title='bbox 3259 2959 3483 3021; x_wconf 80' lang='lat' dir='ltr'><strong>istorum</strong></span> <span class='ocrx_word' id='word_1_750' title='bbox 3522 2966 3611 3035; x_wconf 89' lang='lat' dir='ltr'><strong>qui</strong></span> <span class='ocrx_word' id='word_1_751' title='bbox 3640 2976 3795 3022; x_wconf 81' lang='lat' dir='ltr'><strong>satu-</strong></span> 
     </span>
    </p>
   </div>
   <div class='ocr_carea' id='block_1_90' title="bbox 2202 3048 3796 3116">
    <p class='ocr_par' dir='ltr' id='par_1_90' title="bbox 2202 3048 3796 3116">
     <span class='ocr_line' id='line_1_90' title="bbox 2202 3048 3796 3116; baseline 0.006 -11"><span class='ocrx_word' id='word_1_752' title='bbox 2202 3059 2417 3116; x_wconf 86' lang='lat' dir='ltr'><strong>rantur,</strong></span> <span class='ocrx_word' id='word_1_753' title='bbox 2462 3050 2639 3105; x_wconf 81' lang='lat' dir='ltr'><strong>vivent</strong></span> <span class='ocrx_word' id='word_1_754' title='bbox 2679 3048 2839 3104; x_wconf 86' lang='lat' dir='ltr'><strong>corda</strong></span> <span class='ocrx_word' id='word_1_755' title='bbox 2882 3065 2933 3103; x_wconf 82' lang='lat' dir='ltr'><strong>tn</strong></span> <span class='ocrx_word' id='word_1_756' title='bbox 2974 3050 3226 3109; x_wconf 69' lang='lat' dir='ltr'><strong>mulum</strong></span> <span class='ocrx_word' id='word_1_757' title='bbox 3262 3056 3460 3111; x_wconf 70' lang='lat' dir='ltr'><strong>saeculi.</strong></span> <span class='ocrx_word' id='word_1_758' title='bbox 3494 3055 3613 3110; x_wconf 85' lang='lat' dir='ltr'><strong>Vita</strong></span> <span class='ocrx_word' id='word_1_759' title='bbox 3643 3058 3796 3114; x_wconf 85' lang='lat' dir='ltr'><strong>enim</strong></span> 
     </span>
    </p>
   </div>
   <div class='ocr_carea' id='block_1_91' title="bbox 2200 3141 3795 3213">
    <p class='ocr_par' dir='ltr' id='par_1_91' title="bbox 2200 3141 3795 3213">
     <span class='ocr_line' id='line_1_91' title="bbox 2200 3141 3795 3213; baseline 0.004 -15"><span class='ocrx_word' id='word_1_760' title='bbox 2200 3141 2444 3198; x_wconf 87' lang='lat' dir='ltr'><strong>Christus</strong></span> <span class='ocrx_word' id='word_1_761' title='bbox 2469 3150 2580 3210; x_wconf 83' lang='lat' dir='ltr'><strong>est,</strong></span> <span class='ocrx_word' id='word_1_762' title='bbox 2609 3142 2699 3213; x_wconf 88' lang='lat' dir='ltr'><strong>qui</strong></span> <span class='ocrx_word' id='word_1_763' title='bbox 2729 3141 2934 3200; x_wconf 83' lang='lat' dir='ltr'><strong>habitat</strong></span> <span class='ocrx_word' id='word_1_764' title='bbox 2962 3145 3016 3200; x_wconf 92' lang='lat' dir='ltr'><strong>in</strong></span> <span class='ocrx_word' id='word_1_765' title='bbox 3042 3146 3292 3201; x_wconf 87' lang='lat' dir='ltr'><strong>cordibus</strong></span> <span class='ocrx_word' id='word_1_766' title='bbox 3318 3161 3502 3202; x_wconf 89' lang='lat' dir='ltr'><strong>eorum</strong></span> <span class='ocrx_word' id='word_1_767' title='bbox 3522 3188 3539 3213; x_wconf 90' lang='lat'><strong>,</strong></span> <span class='ocrx_word' id='word_1_768' title='bbox 3569 3146 3795 3205; x_wconf 85' lang='lat' dir='ltr'><strong>interim</strong></span> 
     </span>
    </p>
   </div>
   <div class='ocr_carea' id='block_1_92' title="bbox 2201 3231 3796 3306">
    <p class='ocr_par' dir='ltr' id='par_1_92' title="bbox 2201 3231 3796 3306">
     <span class='ocr_line' id='line_1_92' title="bbox 2201 3231 3796 3306; baseline 0.005 -19"><span class='ocrx_word' id='word_1_769' title='bbox 2201 3246 2297 3305; x_wconf 87' lang='lat' dir='ltr'><strong>per</strong></span> <span class='ocrx_word' id='word_1_770' title='bbox 2322 3232 2499 3298; x_wconf 84' lang='lat' dir='ltr'><strong>fidem,</strong></span> <span class='ocrx_word' id='word_1_771' title='bbox 2531 3241 2650 3302; x_wconf 80' lang='lat' dir='ltr'><strong>post</strong></span> <span class='ocrx_word' id='word_1_772' title='bbox 2673 3231 2834 3290; x_wconf 84' lang='lat' dir='ltr'><strong>etiam</strong></span> <span class='ocrx_word' id='word_1_773' title='bbox 2860 3251 2956 3305; x_wconf 90' lang='lat' dir='ltr'><strong>per</strong></span> <span class='ocrx_word' id='word_1_774' title='bbox 2977 3237 3229 3306; x_wconf 82' lang='lat' dir='ltr'><strong>speciem.</strong></span> <span class='ocrx_word' id='word_1_775' title='bbox 3262 3237 3452 3293; x_wconf 88' lang='lat' dir='ltr'><strong>Vident</strong></span> <span class='ocrx_word' id='word_1_776' title='bbox 3474 3238 3621 3294; x_wconf 88' lang='lat' dir='ltr'><strong>enim</strong></span> <span class='ocrx_word' id='word_1_777' title='bbox 3646 3253 3796 3295; x_wconf 81' lang='lat' dir='ltr'><strong>nune</strong></span> 
     </span>
    </p>
   </div>
   <div class='ocr_carea' id='block_1_93' title="bbox 2201 3322 3797 3395">
    <p class='ocr_par' dir='ltr' id='par_1_93' title="bbox 2201 3322 3797 3395">
     <span class='ocr_line' id='line_1_93' title="bbox 2201 3322 3797 3395; baseline 0.003 -15"><span class='ocrx_word' id='word_1_778' title='bbox 2201 3323 2254 3381; x_wconf 89' lang='lat' dir='ltr'><strong>iu</strong></span> <span class='ocrx_word' id='word_1_779' title='bbox 2279 3322 2557 3395; x_wconf 80' lang='lat' dir='ltr'><strong>aenigmate</strong></span> <span class='ocrx_word' id='word_1_780' title='bbox 2578 3337 2672 3395; x_wconf 89' lang='lat' dir='ltr'><strong>per</strong></span> <span class='ocrx_word' id='word_1_781' title='bbox 2689 3327 2982 3395; x_wconf 86' lang='lat' dir='ltr'><strong>speculum,</strong></span> <span class='ocrx_word' id='word_1_782' title='bbox 3006 3336 3132 3383; x_wconf 89' lang='lat' dir='ltr'><strong>tunc</strong></span> <span class='ocrx_word' id='word_1_783' title='bbox 3151 3336 3327 3383; x_wconf 86' lang='lat' dir='ltr'><strong>autem</strong></span> <span class='ocrx_word' id='word_1_784' title='bbox 3353 3328 3484 3384; x_wconf 87' lang='lat' dir='ltr'><strong>facie</strong></span> <span class='ocrx_word' id='word_1_785' title='bbox 3506 3328 3573 3384; x_wconf 85' lang='lat' dir='ltr'><strong>ad</strong></span> <span class='ocrx_word' id='word_1_786' title='bbox 3595 3327 3797 3385; x_wconf 78' lang='lat' dir='ltr'><strong>faciem</strong></span> 
     </span>
    </p>
   </div>
   <div class='ocr_carea' id='block_1_94' title="bbox 2206 3414 3800 3488">
    <p class='ocr_par' dir='ltr' id='par_1_94' title="bbox 2206 3414 3800 3488">
     <span class='ocr_line' id='line_1_94' title="bbox 2206 3414 3800 3488; baseline 0.004 -19"><span class='ocrx_word' id='word_1_787' title='bbox 2206 3414 2257 3487; x_wconf 94' lang='lat' dir='ltr'><strong>(l</strong></span> <span class='ocrx_word' id='word_1_788' title='bbox 2291 3415 2408 3470; x_wconf 72' lang='grc' dir='ltr'><strong>(ἔον.</strong></span> <span class='ocrx_word' id='word_1_789' title='bbox 2445 3430 2576 3481; x_wconf 87' lang='lat' dir='ltr'><strong>xm,</strong></span> <span class='ocrx_word' id='word_1_790' title='bbox 2613 3416 2727 3487; x_wconf 75' lang='grc'><strong>12).</strong></span> <span class='ocrx_word' id='word_1_791' title='bbox 2758 3416 2910 3474; x_wconf 86' lang='lat' dir='ltr'><strong>Unde</strong></span> <span class='ocrx_word' id='word_1_792' title='bbox 2950 3419 3062 3488; x_wconf 84' lang='lat' dir='ltr'><strong>ipsa</strong></span> <span class='ocrx_word' id='word_1_793' title='bbox 3102 3418 3335 3474; x_wconf 82' lang='lat' dir='ltr'><strong>eharitas</strong></span> <span class='ocrx_word' id='word_1_794' title='bbox 3371 3433 3513 3475; x_wconf 90' lang='lat' dir='ltr'><strong>nunc</strong></span> <span class='ocrx_word' id='word_1_795' title='bbox 3548 3420 3602 3474; x_wconf 91' lang='lat' dir='ltr'><strong>in</strong></span> <span class='ocrx_word' id='word_1_796' title='bbox 3632 3419 3800 3476; x_wconf 82' lang='lat' dir='ltr'><strong>bonis</strong></span> 
     </span>
    </p>
   </div>
   <div class='ocr_carea' id='block_1_95' title="bbox 2200 3506 3799 3580">
    <p class='ocr_par' dir='ltr' id='par_1_95' title="bbox 2200 3506 3799 3580">
     <span class='ocr_line' id='line_1_95' title="bbox 2200 3506 3799 3580; baseline 0.002 -18"><span class='ocrx_word' id='word_1_797' title='bbox 2200 3507 2452 3577; x_wconf 86' lang='lat' dir='ltr'><strong>operibus</strong></span> <span class='ocrx_word' id='word_1_798' title='bbox 2479 3506 2778 3566; x_wconf 91' lang='lat' dir='ltr'><strong>dilectionis</strong></span> <span class='ocrx_word' id='word_1_799' title='bbox 2804 3518 3113 3575; x_wconf 86' lang='lat' dir='ltr'><strong>exercetur,</strong></span> <span class='ocrx_word' id='word_1_800' title='bbox 3143 3524 3249 3580; x_wconf 89' lang='lat' dir='ltr'><strong>qua</strong></span> <span class='ocrx_word' id='word_1_801' title='bbox 3275 3523 3335 3565; x_wconf 87' lang='lat' dir='ltr'><strong>se</strong></span> <span class='ocrx_word' id='word_1_802' title='bbox 3360 3509 3428 3564; x_wconf 81' lang='lat' dir='ltr'><strong>ad</strong></span> <span class='ocrx_word' id='word_1_803' title='bbox 3464 3510 3799 3566; x_wconf 81' lang='lat' dir='ltr'><strong>subvenien-</strong></span> 
     </span>
    </p>
   </div>
   <div class='ocr_carea' id='block_1_96' title="bbox 2200 3599 3800 3672">
    <p class='ocr_par' dir='ltr' id='par_1_96' title="bbox 2200 3599 3800 3672">
     <span class='ocr_line' id='line_1_96' title="bbox 2200 3599 3800 3672; baseline 0.003 -17"><span class='ocrx_word' id='word_1_804' title='bbox 2200 3599 2327 3655; x_wconf 90' lang='lat' dir='ltr'><strong>dum</strong></span> <span class='ocrx_word' id='word_1_805' title='bbox 2356 3614 2775 3670; x_wconf 87' lang='lat' dir='ltr'><strong>quaquaversum</strong></span> <span class='ocrx_word' id='word_1_806' title='bbox 2806 3608 2980 3670; x_wconf 81' lang='lat' dir='ltr'><strong>potest</strong></span> <span class='ocrx_word' id='word_1_807' title='bbox 2999 3642 3014 3664; x_wconf 92' lang='lat'><strong>,</strong></span> <span class='ocrx_word' id='word_1_808' title='bbox 3043 3601 3297 3672; x_wconf 74' lang='lat' dir='ltr'><strong>porrigit;</strong></span> <span class='ocrx_word' id='word_1_809' title='bbox 3336 3609 3391 3657; x_wconf 89' lang='lat' dir='ltr'><strong>et</strong></span> <span class='ocrx_word' id='word_1_810' title='bbox 3418 3600 3533 3657; x_wconf 66' lang='lat' dir='ltr'><strong>haec</strong></span> <span class='ocrx_word' id='word_1_811' title='bbox 3561 3601 3800 3659; x_wconf 78' lang='lat' dir='ltr'><strong>latitudo</strong></span> 
     </span>
    </p>
   </div>
   <div class='ocr_carea' id='block_1_97' title="bbox 2201 3691 3799 3764">
    <p class='ocr_par' dir='ltr' id='par_1_97' title="bbox 2201 3691 3799 3764">
     <span class='ocr_line' id='line_1_97' title="bbox 2201 3691 3799 3764; baseline 0.001 -18"><span class='ocrx_word' id='word_1_812' title='bbox 2201 3700 2284 3747; x_wconf 89' lang='lat' dir='ltr'><strong>est</strong></span> <span class='ocrx_word' id='word_1_813' title='bbox 2309 3709 2323 3746; x_wconf 89' lang='lat'><strong>:</strong></span> <span class='ocrx_word' id='word_1_814' title='bbox 2353 3706 2494 3746; x_wconf 90' lang='lat' dir='ltr'><strong>nunc</strong></span> <span class='ocrx_word' id='word_1_815' title='bbox 2518 3691 2915 3761; x_wconf 80' lang='lat' dir='ltr'><strong>longanimitate</strong></span> <span class='ocrx_word' id='word_1_816' title='bbox 2935 3691 3155 3747; x_wconf 85' lang='lat' dir='ltr'><strong>adversa</strong></span> <span class='ocrx_word' id='word_1_817' title='bbox 3178 3692 3386 3757; x_wconf 89' lang='lat' dir='ltr'><strong>tolerat,</strong></span> <span class='ocrx_word' id='word_1_818' title='bbox 3408 3700 3462 3746; x_wconf 90' lang='lat' dir='ltr'><strong>et</strong></span> <span class='ocrx_word' id='word_1_819' title='bbox 3482 3691 3535 3745; x_wconf 90' lang='lat' dir='ltr'><strong>in</strong></span> <span class='ocrx_word' id='word_1_820' title='bbox 3554 3706 3622 3747; x_wconf 87' lang='lat' dir='ltr'><strong>eo</strong></span> <span class='ocrx_word' id='word_1_821' title='bbox 3640 3692 3799 3764; x_wconf 83' lang='lat' dir='ltr'><strong>quod</strong></span> 
     </span>
    </p>
   </div>
   <div class='ocr_carea' id='block_1_98' title="bbox 2200 3782 3800 3854">
    <p class='ocr_par' dir='ltr' id='par_1_98' title="bbox 2200 3782 3800 3854">
     <span class='ocr_line' id='line_1_98' title="bbox 2200 3782 3800 3854; baseline 0.002 -18"><span class='ocrx_word' id='word_1_822' title='bbox 2200 3784 2461 3840; x_wconf 80' lang='lat' dir='ltr'><strong>veraciter</strong></span> <span class='ocrx_word' id='word_1_823' title='bbox 2483 3784 2671 3849; x_wconf 90' lang='lat' dir='ltr'><strong>tenuit,</strong></span> <span class='ocrx_word' id='word_1_824' title='bbox 2697 3791 3035 3854; x_wconf 84' lang='lat' dir='ltr'><strong>perseverat;</strong></span> <span class='ocrx_word' id='word_1_825' title='bbox 3056 3791 3111 3838; x_wconf 92' lang='lat' dir='ltr'><strong>et</strong></span> <span class='ocrx_word' id='word_1_826' title='bbox 3130 3784 3242 3839; x_wconf 58' lang='lat' dir='ltr'><strong>haec</strong></span> <span class='ocrx_word' id='word_1_827' title='bbox 3255 3790 3339 3839; x_wconf 88' lang='lat' dir='ltr'><strong>est</strong></span> <span class='ocrx_word' id='word_1_828' title='bbox 3352 3782 3628 3854; x_wconf 86' lang='lat' dir='ltr'><strong>longitudo</strong></span> <span class='ocrx_word' id='word_1_829' title='bbox 3651 3801 3667 3839; x_wconf 86' lang='lat'><strong>:</strong></span> <span class='ocrx_word' id='word_1_830' title='bbox 3689 3788 3800 3839; x_wconf 90' lang='lat' dir='ltr'><strong>hoc</strong></span> 
     </span>
    </p>
   </div>
   <div class='ocr_carea' id='block_1_99' title="bbox 2199 3872 3798 3945">
    <p class='ocr_par' dir='ltr' id='par_1_99' title="bbox 2199 3872 3798 3945">
     <span class='ocr_line' id='line_1_99' title="bbox 2199 3872 3798 3945; baseline -0.001 -16"><span class='ocrx_word' id='word_1_831' title='bbox 2199 3884 2376 3930; x_wconf 88' lang='lat' dir='ltr'><strong>autem</strong></span> <span class='ocrx_word' id='word_1_832' title='bbox 2390 3883 2558 3929; x_wconf 90' lang='lat' dir='ltr'><strong>totum</strong></span> <span class='ocrx_word' id='word_1_833' title='bbox 2570 3883 2784 3945; x_wconf 88' lang='lat' dir='ltr'><strong>propter</strong></span> <span class='ocrx_word' id='word_1_834' title='bbox 2794 3872 3185 3944; x_wconf 90' lang='lat' dir='ltr'><strong>adipiscendam</strong></span> <span class='ocrx_word' id='word_1_835' title='bbox 3200 3874 3358 3928; x_wconf 86' lang='lat' dir='ltr'><strong>vitam</strong></span> <span class='ocrx_word' id='word_1_836' title='bbox 3371 3874 3798 3941; x_wconf 62' lang='lat' dir='ltr'><strong>iacitmternam,</strong></span> 
     </span>
    </p>
   </div>
   <div class='ocr_carea' id='block_1_100' title="bbox 2199 3966 3797 4039">
    <p class='ocr_par' dir='ltr' id='par_1_100' title="bbox 2199 3966 3797 4039">
     <span class='ocr_line' id='line_1_100' title="bbox 2199 3966 3797 4039; baseline 0 -20"><span class='ocrx_word' id='word_1_837' title='bbox 2199 3982 2319 4039; x_wconf 70' lang='lat' dir='ltr'><strong>qua:</strong></span> <span class='ocrx_word' id='word_1_838' title='bbox 2358 3967 2431 4022; x_wconf 91' lang='lat' dir='ltr'><strong>illi</strong></span> <span class='ocrx_word' id='word_1_839' title='bbox 2475 3966 2798 4037; x_wconf 87' lang='lat' dir='ltr'><strong>promittitur</strong></span> <span class='ocrx_word' id='word_1_840' title='bbox 2839 3966 2892 4020; x_wconf 90' lang='lat' dir='ltr'><strong>in</strong></span> <span class='ocrx_word' id='word_1_841' title='bbox 2935 3966 3178 4031; x_wconf 88' lang='lat' dir='ltr'><strong>excelso;</strong></span> <span class='ocrx_word' id='word_1_842' title='bbox 3207 3974 3260 4021; x_wconf 92' lang='lat' dir='ltr'><strong>et</strong></span> <span class='ocrx_word' id='word_1_843' title='bbox 3283 3967 3399 4021; x_wconf 80' lang='lat' dir='ltr'><strong>hzec</strong></span> <span class='ocrx_word' id='word_1_844' title='bbox 3425 3966 3653 4020; x_wconf 90' lang='lat' dir='ltr'><strong>altitudo</strong></span> <span class='ocrx_word' id='word_1_845' title='bbox 3684 3974 3797 4022; x_wconf 88' lang='lat' dir='ltr'><strong>est.</strong></span> 
     </span>
    </p>
   </div>
   <div class='ocr_carea' id='block_1_101' title="bbox 2201 4055 3804 4123">
    <p class='ocr_par' dir='ltr' id='par_1_101' title="bbox 2201 4055 3804 4123">
     <span class='ocr_line' id='line_1_101' title="bbox 2201 4055 3804 4123; baseline 0.001 -10"><span class='ocrx_word' id='word_1_846' title='bbox 2201 4058 2393 4114; x_wconf 86' lang='lat' dir='ltr'><strong>Existit</strong></span> <span class='ocrx_word' id='word_1_847' title='bbox 2422 4071 2550 4113; x_wconf 84' lang='lat' dir='ltr'><strong>vero</strong></span> <span class='ocrx_word' id='word_1_848' title='bbox 2574 4074 2639 4113; x_wconf 86' lang='lat' dir='ltr'><strong>ex</strong></span> <span class='ocrx_word' id='word_1_849' title='bbox 2662 4058 2867 4112; x_wconf 92' lang='lat' dir='ltr'><strong>occulto</strong></span> <span class='ocrx_word' id='word_1_850' title='bbox 2892 4056 2991 4111; x_wconf 86' lang='lat' dir='ltr'><strong>ista</strong></span> <span class='ocrx_word' id='word_1_851' title='bbox 3014 4055 3266 4123; x_wconf 77' lang='lat' dir='ltr'><strong>Charitas,</strong></span> <span class='ocrx_word' id='word_1_852' title='bbox 3286 4057 3370 4112; x_wconf 88' lang='lat' dir='ltr'><strong>ubi</strong></span> <span class='ocrx_word' id='word_1_853' title='bbox 3389 4055 3595 4113; x_wconf 84' lang='lat' dir='ltr'><strong>fundati</strong></span> <span class='ocrx_word' id='word_1_854' title='bbox 3617 4066 3677 4112; x_wconf 92' lang='lat' dir='ltr'><strong>et</strong></span> <span class='ocrx_word' id='word_1_855' title='bbox 3708 4071 3804 4114; x_wconf 61' lang='grc' dir='ltr'><strong>πμ</strong></span> 
     </span>
    </p>
   </div>
   <div class='ocr_carea' id='block_1_102' title="bbox 2199 4146 3804 4220">
    <p class='ocr_par' dir='ltr' id='par_1_102' title="bbox 2199 4146 3804 4220">
     <span class='ocr_line' id='line_1_102' title="bbox 2199 4146 3804 4220; baseline -0.001 -16"><span class='ocrx_word' id='word_1_856' title='bbox 2199 4149 2358 4205; x_wconf 89' lang='lat' dir='ltr'><strong>dicati</strong></span> <span class='ocrx_word' id='word_1_857' title='bbox 2378 4149 2606 4219; x_wconf 88' lang='lat' dir='ltr'><strong>quodam</strong></span> <span class='ocrx_word' id='word_1_858' title='bbox 2628 4148 2784 4203; x_wconf 90' lang='lat' dir='ltr'><strong>modo</strong></span> <span class='ocrx_word' id='word_1_859' title='bbox 2802 4162 2984 4203; x_wconf 84' lang='lat' dir='ltr'><strong>sumus</strong></span> <span class='ocrx_word' id='word_1_860' title='bbox 3013 4147 3229 4220; x_wconf 85' lang='lat' dir='ltr'><strong>(Ephes.</strong></span> <span class='ocrx_word' id='word_1_861' title='bbox 3248 4164 3323 4216; x_wconf 89' lang='grc' dir='ltr'>ιιι,</span> <span class='ocrx_word' id='word_1_862' title='bbox 3351 4146 3439 4220; x_wconf 78' lang='grc'><strong>17)</strong></span> <span class='ocrx_word' id='word_1_863' title='bbox 3458 4166 3473 4211; x_wconf 85' lang='grc'>;</span> <span class='ocrx_word' id='word_1_864' title='bbox 3499 4147 3588 4202; x_wconf 90' lang='lat' dir='ltr'><strong>ubi</strong></span> <span class='ocrx_word' id='word_1_865' title='bbox 3607 4163 3804 4204; x_wconf 77' lang='lat' dir='ltr'><strong>causa:</strong></span> 
     </span>
    </p>
   </div>
   <div class='ocr_carea' id='block_1_103' title="bbox 2200 4240 3805 4311">
    <p class='ocr_par' dir='ltr' id='par_1_103' title="bbox 2200 4240 3805 4311">
     <span class='ocr_line' id='line_1_103' title="bbox 2200 4240 3805 4311; baseline 0 -16"><span class='ocrx_word' id='word_1_866' title='bbox 2200 4241 2487 4297; x_wconf 88' lang='lat' dir='ltr'><strong>voluntatis</strong></span> <span class='ocrx_word' id='word_1_867' title='bbox 2513 4241 2607 4295; x_wconf 88' lang='lat' dir='ltr'><strong>Dei</strong></span> <span class='ocrx_word' id='word_1_868' title='bbox 2637 4256 2741 4294; x_wconf 91' lang='lat' dir='ltr'><strong>non</strong></span> <span class='ocrx_word' id='word_1_869' title='bbox 2771 4240 3186 4310; x_wconf 83' lang='lat' dir='ltr'><strong>investigantur,</strong></span> <span class='ocrx_word' id='word_1_870' title='bbox 3216 4240 3367 4311; x_wconf 86' lang='lat' dir='ltr'><strong>cujus</strong></span> <span class='ocrx_word' id='word_1_871' title='bbox 3397 4240 3566 4310; x_wconf 87' lang='lat' dir='ltr'><strong>gratia</strong></span> <span class='ocrx_word' id='word_1_872' title='bbox 3596 4254 3805 4295; x_wconf 87' lang='lat' dir='ltr'><strong>sumus</strong></span> 
     </span>
    </p>
   </div>
   <div class='ocr_carea' id='block_1_104' title="bbox 2199 4331 3801 4403">
    <p class='ocr_par' dir='ltr' id='par_1_104' title="bbox 2199 4331 3801 4403">
     <span class='ocr_line' id='line_1_104' title="bbox 2199 4331 3801 4403; baseline -0.002 -16"><span class='ocrx_word' id='word_1_873' title='bbox 2199 4334 2329 4389; x_wconf 84' lang='lat' dir='ltr'><strong>salvi</strong></span> <span class='ocrx_word' id='word_1_874' title='bbox 2352 4332 2497 4400; x_wconf 78' lang='lat' dir='ltr'><strong>facti,</strong></span> <span class='ocrx_word' id='word_1_875' title='bbox 2528 4349 2632 4388; x_wconf 90' lang='lat' dir='ltr'><strong>non</strong></span> <span class='ocrx_word' id='word_1_876' title='bbox 2658 4348 2723 4388; x_wconf 87' lang='lat' dir='ltr'><strong>ex</strong></span> <span class='ocrx_word' id='word_1_877' title='bbox 2748 4332 2998 4403; x_wconf 88' lang='lat' dir='ltr'><strong>operibus</strong></span> <span class='ocrx_word' id='word_1_878' title='bbox 3015 4332 3232 4402; x_wconf 78' lang='lat' dir='ltr'><strong>justitize</strong></span> <span class='ocrx_word' id='word_1_879' title='bbox 3260 4348 3379 4402; x_wconf 80' lang='lat' dir='ltr'><strong>quae</strong></span> <span class='ocrx_word' id='word_1_880' title='bbox 3406 4331 3633 4387; x_wconf 84' lang='lat' dir='ltr'><strong>fecimus</strong></span> <span class='ocrx_word' id='word_1_881' title='bbox 3666 4346 3801 4397; x_wconf 85' lang='lat' dir='ltr'><strong>nos,</strong></span> 
     </span>
    </p>
   </div>
   <div class='ocr_carea' id='block_1_105' title="bbox 2198 4422 3805 4495">
    <p class='ocr_par' dir='ltr' id='par_1_105' title="bbox 2198 4422 3805 4495">
     <span class='ocr_line' id='line_1_105' title="bbox 2198 4422 3805 4495; baseline -0.002 -13"><span class='ocrx_word' id='word_1_882' title='bbox 2198 4425 2293 4482; x_wconf 87' lang='lat' dir='ltr'><strong>sed</strong></span> <span class='ocrx_word' id='word_1_883' title='bbox 2318 4425 2608 4481; x_wconf 90' lang='lat' dir='ltr'><strong>secundum</strong></span> <span class='ocrx_word' id='word_1_884' title='bbox 2632 4426 2748 4495; x_wconf 88' lang='lat' dir='ltr'><strong>ejus</strong></span> <span class='ocrx_word' id='word_1_885' title='bbox 2775 4423 3190 4480; x_wconf 86' lang='lat' dir='ltr'><strong>misericordiam</strong></span> <span class='ocrx_word' id='word_1_886' title='bbox 3221 4422 3348 4493; x_wconf 86' lang='lat' dir='ltr'><strong>(Tit.</strong></span> <span class='ocrx_word' id='word_1_887' title='bbox 3371 4439 3448 4490; x_wconf 87' lang='grc' dir='ltr'>ιιι,</span> <span class='ocrx_word' id='word_1_888' title='bbox 3473 4424 3551 4493; x_wconf 86' lang='grc'><strong>5).</strong></span> <span class='ocrx_word' id='word_1_889' title='bbox 3584 4424 3805 4479; x_wconf 83' lang='lat' dir='ltr'><strong>Volun-</strong></span> 
     </span>
    </p>
   </div>
   <div class='ocr_carea' id='block_1_106' title="bbox 2198 4516 3803 4590">
    <p class='ocr_par' dir='ltr' id='par_1_106' title="bbox 2198 4516 3803 4590">
     <span class='ocr_line' id='line_1_106' title="bbox 2198 4516 3803 4590; baseline -0.001 -15"><span class='ocrx_word' id='word_1_890' title='bbox 2198 4520 2330 4575; x_wconf 89' lang='lat' dir='ltr'><strong>tarie</strong></span> <span class='ocrx_word' id='word_1_891' title='bbox 2355 4519 2551 4590; x_wconf 89' lang='lat' dir='ltr'><strong>quippe</strong></span> <span class='ocrx_word' id='word_1_892' title='bbox 2572 4519 2752 4590; x_wconf 89' lang='lat' dir='ltr'><strong>genuit</strong></span> <span class='ocrx_word' id='word_1_893' title='bbox 2781 4532 2879 4573; x_wconf 91' lang='lat' dir='ltr'><strong>nos</strong></span> <span class='ocrx_word' id='word_1_894' title='bbox 2902 4518 3066 4573; x_wconf 80' lang='lat' dir='ltr'><strong>verbo</strong></span> <span class='ocrx_word' id='word_1_895' title='bbox 3092 4518 3327 4573; x_wconf 88' lang='lat' dir='ltr'><strong>veritatis</strong></span> <span class='ocrx_word' id='word_1_896' title='bbox 3361 4516 3561 4589; x_wconf 80' lang='lat' dir='ltr'><strong>(Jacobi</strong></span> <span class='ocrx_word' id='word_1_897' title='bbox 3587 4534 3631 4584; x_wconf 88' lang='grc' dir='ltr'><strong>ι,</strong></span> <span class='ocrx_word' id='word_1_898' title='bbox 3660 4518 3761 4589; x_wconf 73' lang='grc'><strong>18)</strong></span> <span class='ocrx_word' id='word_1_899' title='bbox 3787 4536 3803 4573; x_wconf 89' lang='lat'><strong>:</strong></span> 
     </span>
    </p>
   </div>
   <div class='ocr_carea' id='block_1_107' title="bbox 2197 4605 3809 4679">
    <p class='ocr_par' dir='ltr' id='par_1_107' title="bbox 2197 4605 3809 4679">
     <span class='ocr_line' id='line_1_107' title="bbox 2197 4605 3809 4679; baseline -0.001 -14"><span class='ocrx_word' id='word_1_900' title='bbox 2197 4619 2251 4666; x_wconf 91' lang='lat' dir='ltr'><strong>et</strong></span> <span class='ocrx_word' id='word_1_901' title='bbox 2274 4610 2390 4666; x_wconf 56' lang='lat' dir='ltr'><strong>haec.</strong></span> <span class='ocrx_word' id='word_1_902' title='bbox 2413 4610 2655 4664; x_wconf 90' lang='lat' dir='ltr'><strong>voluntas</strong></span> <span class='ocrx_word' id='word_1_903' title='bbox 2681 4609 2796 4679; x_wconf 90' lang='lat' dir='ltr'><strong>ejus</strong></span> <span class='ocrx_word' id='word_1_904' title='bbox 2834 4609 2888 4663; x_wconf 93' lang='lat' dir='ltr'><strong>in</strong></span> <span class='ocrx_word' id='word_1_905' title='bbox 2914 4608 3094 4664; x_wconf 87' lang='lat' dir='ltr'><strong>abdito</strong></span> <span class='ocrx_word' id='word_1_906' title='bbox 3121 4616 3221 4664; x_wconf 90' lang='lat' dir='ltr'><strong>est.</strong></span> <span class='ocrx_word' id='word_1_907' title='bbox 3248 4605 3412 4677; x_wconf 89' lang='lat' dir='ltr'><strong>Cujus</strong></span> <span class='ocrx_word' id='word_1_908' title='bbox 3437 4609 3637 4663; x_wconf 86' lang='lat' dir='ltr'><strong>secreti</strong></span> <span class='ocrx_word' id='word_1_909' title='bbox 3669 4623 3809 4679; x_wconf 57' lang='lat' dir='ltr'><strong>pro.</strong></span> 
     </span>
    </p>
   </div>
   <div class='ocr_carea' id='block_1_108' title="bbox 2196 4700 3811 4772">
    <p class='ocr_par' dir='ltr' id='par_1_108' title="bbox 2196 4700 3811 4772">
     <span class='ocr_line' id='line_1_108' title="bbox 2196 4700 3811 4772; baseline 0 -17"><span class='ocrx_word' id='word_1_910' title='bbox 2196 4700 2507 4755; x_wconf 89' lang='lat' dir='ltr'><strong>funditatem</strong></span> <span class='ocrx_word' id='word_1_911' title='bbox 2538 4701 2764 4772; x_wconf 88' lang='lat' dir='ltr'><strong>quodam</strong></span> <span class='ocrx_word' id='word_1_912' title='bbox 2796 4700 2954 4755; x_wconf 92' lang='lat' dir='ltr'><strong>modo</strong></span> <span class='ocrx_word' id='word_1_913' title='bbox 2981 4713 3337 4771; x_wconf 87' lang='lat' dir='ltr'><strong>expavescens</strong></span> <span class='ocrx_word' id='word_1_914' title='bbox 3359 4700 3658 4769; x_wconf 84' lang='lat' dir='ltr'><strong>Apostolus</strong></span> <span class='ocrx_word' id='word_1_915' title='bbox 3687 4700 3811 4755; x_wconf 85' lang='lat' dir='ltr'><strong>cla-</strong></span> 
     </span>
    </p>
   </div>
   <div class='ocr_carea' id='block_1_109' title="bbox 2196 4790 3810 4860">
    <p class='ocr_par' dir='ltr' id='par_1_109' title="bbox 2196 4790 3810 4860">
     <span class='ocr_line' id='line_1_109' title="bbox 2196 4790 3810 4860; baseline -0.002 -12"><span class='ocrx_word' id='word_1_916' title='bbox 2196 4801 2307 4848; x_wconf 88' lang='lat' dir='ltr'><strong>mat</strong></span> <span class='ocrx_word' id='word_1_917' title='bbox 2338 4810 2349 4847; x_wconf 89' lang='lat'>:</span> <span class='ocrx_word' id='word_1_918' title='bbox 2385 4792 2428 4845; x_wconf 89' lang='lat'><em>0</em></span> <span class='ocrx_word' id='word_1_919' title='bbox 2458 4792 2673 4847; x_wconf 88' lang='lat' dir='ltr'><strong>altitudo</strong></span> <span class='ocrx_word' id='word_1_920' title='bbox 2701 4792 2989 4846; x_wconf 81' lang='lat' dir='ltr'><strong>divitiarum</strong></span> <span class='ocrx_word' id='word_1_921' title='bbox 3029 4792 3289 4860; x_wconf 71' lang='lat' dir='ltr'><strong>sapientia:</strong></span> <span class='ocrx_word' id='word_1_922' title='bbox 3323 4800 3371 4845; x_wconf 85' lang='lat' dir='ltr'><strong>et</strong></span> <span class='ocrx_word' id='word_1_923' title='bbox 3399 4791 3627 4844; x_wconf 71' lang='lat' dir='ltr'><strong>scientias</strong></span> <span class='ocrx_word' id='word_1_924' title='bbox 3662 4790 3810 4845; x_wconf 85' lang='lat' dir='ltr'><strong>Dei!</strong></span> 
     </span>
    </p>
   </div>
   <div class='ocr_carea' id='block_1_110' title="bbox 2194 4880 3812 4953">
    <p class='ocr_par' dir='ltr' id='par_1_110' title="bbox 2194 4880 3812 4953">
     <span class='ocr_line' id='line_1_110' title="bbox 2194 4880 3812 4953; baseline -0.001 -17"><span class='ocrx_word' id='word_1_925' title='bbox 2194 4900 2343 4953; x_wconf 88' lang='lat' dir='ltr'><strong>quam</strong></span> <span class='ocrx_word' id='word_1_926' title='bbox 2369 4881 2713 4937; x_wconf 82' lang='lat' dir='ltr'><strong>inscrutabilia</strong></span> <span class='ocrx_word' id='word_1_927' title='bbox 2734 4892 2849 4936; x_wconf 89' lang='lat' dir='ltr'><strong>sunt</strong></span> <span class='ocrx_word' id='word_1_928' title='bbox 2866 4882 3064 4953; x_wconf 86' lang='lat' dir='ltr'><strong>judicia</strong></span> <span class='ocrx_word' id='word_1_929' title='bbox 3084 4883 3215 4952; x_wconf 84' lang='lat' dir='ltr'><strong>ejus,</strong></span> <span class='ocrx_word' id='word_1_930' title='bbox 3237 4890 3283 4935; x_wconf 87' lang='lat' dir='ltr'><strong>et</strong></span> <span class='ocrx_word' id='word_1_931' title='bbox 3304 4880 3685 4951; x_wconf 77' lang='lat' dir='ltr'><strong>innestigabiles</strong></span> <span class='ocrx_word' id='word_1_932' title='bbox 3708 4882 3812 4935; x_wconf 74' lang='lat' dir='ltr'><strong>vias</strong></span> 
     </span>
    </p>
   </div>
   <div class='ocr_carea' id='block_1_111' title="bbox 2195 4968 3807 5044">
    <p class='ocr_par' dir='ltr' id='par_1_111' title="bbox 2195 4968 3807 5044">
     <span class='ocr_line' id='line_1_111' title="bbox 2195 4968 3807 5044; baseline -0.001 -17"><span class='ocrx_word' id='word_1_933' title='bbox 2195 4972 2339 5044; x_wconf 74' lang='lat' dir='ltr'><strong>ejus!</strong></span> <span class='ocrx_word' id='word_1_934' title='bbox 2387 4971 2512 5037; x_wconf 88' lang='lat' dir='ltr'><strong>Quis</strong></span> <span class='ocrx_word' id='word_1_935' title='bbox 2550 4973 2682 5026; x_wconf 89' lang='lat' dir='ltr'><strong>enim</strong></span> <span class='ocrx_word' id='word_1_936' title='bbox 2721 4972 2949 5043; x_wconf 87' lang='lat' dir='ltr'><strong>cognovit</strong></span> <span class='ocrx_word' id='word_1_937' title='bbox 2988 4988 3189 5026; x_wconf 87' lang='lat' dir='ltr'><strong>sensum</strong></span> <span class='ocrx_word' id='word_1_938' title='bbox 3227 4970 3434 5025; x_wconf 86' lang='lat' dir='ltr'><strong>Domini</strong></span> <span class='ocrx_word' id='word_1_939' title='bbox 3477 4968 3682 5042; x_wconf 84' lang='lat' dir='ltr'><strong>(Rom.</strong></span> <span class='ocrx_word' id='word_1_940' title='bbox 3718 4986 3807 5036; x_wconf 74' lang='lat' dir='ltr'><strong>xx,</strong></span> 
     </span>
    </p>
   </div>
   <div class='ocr_carea' id='block_1_112' title="bbox 2194 5064 3811 5138">
    <p class='ocr_par' dir='ltr' id='par_1_112' title="bbox 2194 5064 3811 5138">
     <span class='ocr_line' id='line_1_112' title="bbox 2194 5064 3811 5138; baseline 0 -17"><span class='ocrx_word' id='word_1_941' title='bbox 2194 5067 2285 5133; x_wconf 72' lang='lat'><strong>53,</strong></span> <span class='ocrx_word' id='word_1_942' title='bbox 2313 5066 2440 5138; x_wconf 67' lang='lat'><strong>34)?</strong></span> <span class='ocrx_word' id='word_1_943' title='bbox 2468 5076 2521 5123; x_wconf 90' lang='grc' dir='ltr'><strong>ει</strong></span> <span class='ocrx_word' id='word_1_944' title='bbox 2548 5067 2649 5121; x_wconf 86' lang='grc' dir='ltr'>Ιιοε</span> <span class='ocrx_word' id='word_1_945' title='bbox 2676 5076 2757 5122; x_wconf 87' lang='grc' dir='ltr'><strong>εει</strong></span> <span class='ocrx_word' id='word_1_946' title='bbox 2782 5065 3122 5137; x_wconf 89' lang='lat' dir='ltr'><strong>profundum.</strong></span> <span class='ocrx_word' id='word_1_947' title='bbox 3148 5064 3387 5121; x_wconf 86' lang='lat' dir='ltr'><strong>Altitudo</strong></span> <span class='ocrx_word' id='word_1_948' title='bbox 3404 5064 3607 5135; x_wconf 87' lang='lat' dir='ltr'><strong>quippe</strong></span> <span class='ocrx_word' id='word_1_949' title='bbox 3636 5079 3811 5121; x_wconf 72' lang='grc' dir='ltr'>οοιιιο</span> 
     </span>
    </p>
   </div>
   <div class='ocr_carea' id='block_1_113' title="bbox 2194 5155 3814 5228">
    <p class='ocr_par' dir='ltr' id='par_1_113' title="bbox 2194 5155 3814 5228">
     <span class='ocr_line' id='line_1_113' title="bbox 2194 5155 3814 5228; baseline -0.001 -14"><span class='ocrx_word' id='word_1_950' title='bbox 2194 5174 2354 5214; x_wconf 83' lang='grc' dir='ltr'>ιηιιηε</span> <span class='ocrx_word' id='word_1_951' title='bbox 2385 5175 2577 5215; x_wconf 90' lang='lat' dir='ltr'><strong>nomen</strong></span> <span class='ocrx_word' id='word_1_952' title='bbox 2621 5167 2704 5214; x_wconf 87' lang='lat' dir='ltr'><strong>est</strong></span> <span class='ocrx_word' id='word_1_953' title='bbox 2741 5158 2951 5214; x_wconf 90' lang='lat' dir='ltr'><strong>excelso</strong></span> <span class='ocrx_word' id='word_1_954' title='bbox 2998 5166 3052 5213; x_wconf 90' lang='lat' dir='ltr'><strong>et</strong></span> <span class='ocrx_word' id='word_1_955' title='bbox 3094 5157 3353 5228; x_wconf 89' lang='lat' dir='ltr'><strong>profundo</strong></span> <span class='ocrx_word' id='word_1_956' title='bbox 3385 5174 3399 5211; x_wconf 88' lang='lat'><strong>:</strong></span> <span class='ocrx_word' id='word_1_957' title='bbox 3426 5155 3521 5211; x_wconf 87' lang='lat' dir='ltr'><strong>sed</strong></span> <span class='ocrx_word' id='word_1_958' title='bbox 3559 5171 3705 5213; x_wconf 82' lang='lat' dir='ltr'><strong>cum</strong></span> <span class='ocrx_word' id='word_1_959' title='bbox 3755 5158 3814 5213; x_wconf 91' lang='lat' dir='ltr'><strong>in</strong></span> 
     </span>
    </p>
   </div>
   <div class='ocr_carea' id='block_1_114' title="bbox 2194 5250 3813 5319">
    <p class='ocr_par' dir='ltr' id='par_1_114' title="bbox 2194 5250 3813 5319">
     <span class='ocr_line' id='line_1_114' title="bbox 2194 5250 3813 5319; baseline 0.001 -13"><span class='ocrx_word' id='word_1_960' title='bbox 2194 5253 2407 5307; x_wconf 88' lang='lat' dir='ltr'><strong>excelso</strong></span> <span class='ocrx_word' id='word_1_961' title='bbox 2430 5252 2641 5317; x_wconf 89' lang='lat' dir='ltr'><strong>dicitur,</strong></span> <span class='ocrx_word' id='word_1_962' title='bbox 2667 5252 3006 5307; x_wconf 87' lang='lat' dir='ltr'><strong>sublimitatis</strong></span> <span class='ocrx_word' id='word_1_963' title='bbox 3031 5250 3314 5307; x_wconf 88' lang='lat' dir='ltr'><strong>eminentia</strong></span> <span class='ocrx_word' id='word_1_964' title='bbox 3342 5251 3813 5319; x_wconf 82' lang='lat' dir='ltr'><strong>commendatur;</strong></span> 
     </span>
    </p>
   </div>
   <div class='ocr_carea' id='block_1_115' title="bbox 2192 5344 3816 5416">
    <p class='ocr_par' dir='ltr' id='par_1_115' title="bbox 2192 5344 3816 5416">
     <span class='ocr_line' id='line_1_115' title="bbox 2192 5344 3816 5416; baseline 0.002 -15"><span class='ocrx_word' id='word_1_965' title='bbox 2192 5363 2315 5401; x_wconf 84' lang='lat' dir='ltr'><strong>cum</strong></span> <span class='ocrx_word' id='word_1_966' title='bbox 2342 5357 2518 5401; x_wconf 84' lang='lat' dir='ltr'><strong>autem</strong></span> <span class='ocrx_word' id='word_1_967' title='bbox 2546 5347 2597 5401; x_wconf 92' lang='lat' dir='ltr'><strong>in</strong></span> <span class='ocrx_word' id='word_1_968' title='bbox 2626 5346 2911 5416; x_wconf 85' lang='lat' dir='ltr'><strong>profundo,</strong></span> <span class='ocrx_word' id='word_1_969' title='bbox 2950 5344 3235 5401; x_wconf 80' lang='lat' dir='ltr'><strong>difﬁcultas</strong></span> <span class='ocrx_word' id='word_1_970' title='bbox 3269 5344 3715 5415; x_wconf 77' lang='lat' dir='ltr'><strong>investigationis</strong></span> <span class='ocrx_word' id='word_1_971' title='bbox 3755 5358 3816 5405; x_wconf 86' lang='lat' dir='ltr'><strong>et</strong></span> 
     </span>
    </p>
   </div>
   <div class='ocr_carea' id='block_1_116' title="bbox 2192 5436 3816 5511">
    <p class='ocr_par' dir='ltr' id='par_1_116' title="bbox 2192 5436 3816 5511">
     <span class='ocr_line' id='line_1_116' title="bbox 2192 5436 3816 5511; baseline 0 -17"><span class='ocrx_word' id='word_1_972' title='bbox 2192 5439 2531 5510; x_wconf 86' lang='lat' dir='ltr'><strong>cognitionis.</strong></span> <span class='ocrx_word' id='word_1_973' title='bbox 2564 5439 2715 5495; x_wconf 90' lang='lat' dir='ltr'><strong>Unde</strong></span> <span class='ocrx_word' id='word_1_974' title='bbox 2742 5448 2795 5493; x_wconf 89' lang='lat' dir='ltr'><strong>et</strong></span> <span class='ocrx_word' id='word_1_975' title='bbox 2824 5438 2949 5493; x_wconf 89' lang='lat' dir='ltr'><strong>illud</strong></span> <span class='ocrx_word' id='word_1_976' title='bbox 2981 5438 3093 5493; x_wconf 87' lang='lat' dir='ltr'><strong>Deo</strong></span> <span class='ocrx_word' id='word_1_977' title='bbox 3119 5437 3310 5492; x_wconf 91' lang='lat' dir='ltr'><strong>dicitur</strong></span> <span class='ocrx_word' id='word_1_978' title='bbox 3338 5454 3351 5493; x_wconf 91' lang='lat'><strong>:</strong></span> <span class='ocrx_word' id='word_1_979' title='bbox 3385 5436 3547 5501; x_wconf 82' lang='lat' dir='ltr'><strong>Quam</strong></span> <span class='ocrx_word' id='word_1_980' title='bbox 3581 5442 3816 5511; x_wconf 77' lang='lat' dir='ltr'><strong>magni-</strong></span> 
     </span>
    </p>
   </div>
   <div class='ocr_carea' id='block_1_117' title="bbox 2191 5526 3813 5602">
    <p class='ocr_par' dir='ltr' id='par_1_117' title="bbox 2191 5526 3813 5602">
     <span class='ocr_line' id='line_1_117' title="bbox 2191 5526 3813 5602; baseline 0.002 -19"><span class='ocrx_word' id='word_1_981' title='bbox 2191 5532 2344 5602; x_wconf 78' lang='lat' dir='ltr'><strong>ﬁcata</strong></span> <span class='ocrx_word' id='word_1_982' title='bbox 2371 5540 2486 5585; x_wconf 90' lang='lat' dir='ltr'><strong>sunt</strong></span> <span class='ocrx_word' id='word_1_983' title='bbox 2515 5546 2666 5601; x_wconf 81' lang='lat' dir='ltr'><strong>Opera</strong></span> <span class='ocrx_word' id='word_1_984' title='bbox 2699 5539 2819 5597; x_wconf 89' lang='lat' dir='ltr'><strong>tua,</strong></span> <span class='ocrx_word' id='word_1_985' title='bbox 2854 5528 3106 5583; x_wconf 87' lang='lat' dir='ltr'><strong>Domine!</strong></span> <span class='ocrx_word' id='word_1_986' title='bbox 3134 5528 3283 5583; x_wconf 86' lang='lat' dir='ltr'><strong>nimis</strong></span> <span class='ocrx_word' id='word_1_987' title='bbox 3316 5526 3597 5599; x_wconf 70' lang='lat' dir='ltr'><strong>profunda</strong></span> <span class='ocrx_word' id='word_1_988' title='bbox 3641 5532 3813 5601; x_wconf 75' lang='lat' dir='ltr'><strong>facta</strong></span> 
     </span>
    </p>
   </div>
   <div class='ocr_carea' id='block_1_118' title="bbox 2256 5677 3455 5751">
    <p class='ocr_par' dir='ltr' id='par_1_118' title="bbox 2256 5677 3455 5751">
     <span class='ocr_line' id='line_1_118' title="bbox 2256 5677 3455 5751; baseline 0 0"><span class='ocrx_word' id='word_1_989' title='bbox 2256 5683 2273 5751; x_wconf 72' lang='lat'>1</span> <span class='ocrx_word' id='word_1_990' title='bbox 2309 5682 2417 5751; x_wconf 47' lang='lat' dir='ltr'><strong>Bari.</strong></span> <span class='ocrx_word' id='word_1_991' title='bbox 2454 5689 2551 5730; x_wconf 67' lang='lat' dir='ltr'><strong>Am-</strong></span> <span class='ocrx_word' id='word_1_992' title='bbox 2567 5686 2672 5751; x_wconf 59' lang='lat' dir='ltr'><strong>Pr»</strong></span> <span class='ocrx_word' id='word_1_993' title='bbox 2696 5684 2924 5751; x_wconf 60' lang='lat' dir='ltr'><strong>meum</strong></span> <span class='ocrx_word' id='word_1_994' title='bbox 2944 5677 2996 5751; x_wconf 64' lang='grc' dir='ltr'><strong>ιιι</strong></span> <span class='ocrx_word' id='word_1_995' title='bbox 3018 5678 3455 5751; x_wconf 57' lang='lat' dir='ltr'><strong>exanimum-</strong></span> 
     </span>
    </p>
   </div>
   <div class='ocr_carea' id='block_1_119' title="bbox 2254 5744 3810 5809">
    <p class='ocr_par' dir='ltr' id='par_1_119' title="bbox 2254 5744 3810 5809">
     <span class='ocr_line' id='line_1_119' title="bbox 2254 5744 3810 5809; baseline 0.017 -34"><span class='ocrx_word' id='word_1_996' title='bbox 2254 5744 2415 5809; x_wconf 46' lang='lat' dir='ltr'><strong>mm,</strong></span> <span class='ocrx_word' id='word_1_997' title='bbox 2443 5750 2540 5809; x_wconf 67' lang='lat' dir='ltr'><strong>Am.</strong></span> <span class='ocrx_word' id='word_1_998' title='bbox 2566 5749 2660 5792; x_wconf 66' lang='lat' dir='ltr'><strong>En:</strong></span> <span class='ocrx_word' id='word_1_999' title='bbox 2688 5750 2758 5795; x_wconf 85' lang='lat' dir='ltr'><strong>De</strong></span> <span class='ocrx_word' id='word_1_1000' title='bbox 2780 5755 2877 5807; x_wconf 82' lang='lat' dir='ltr'><strong>qua</strong></span> <span class='ocrx_word' id='word_1_1001' title='bbox 2908 5744 3174 5796; x_wconf 75' lang='lat' dir='ltr'><strong>saturitate.</strong></span> <span class='ocrx_word' id='word_1_1002' title='bbox 3202 5750 3304 5793; x_wconf 73' lang='lat' dir='ltr'><strong>Mss.</strong></span> <span class='ocrx_word' id='word_1_1003' title='bbox 3330 5749 3458 5795; x_wconf 79' lang='lat' dir='ltr'><strong>tres:</strong></span> <span class='ocrx_word' id='word_1_1004' title='bbox 3485 5748 3563 5793; x_wconf 79' lang='lat' dir='ltr'><strong>De</strong></span> <span class='ocrx_word' id='word_1_1005' title='bbox 3590 5757 3703 5809; x_wconf 83' lang='lat' dir='ltr'><strong>quo</strong></span> <span class='ocrx_word' id='word_1_1006' title='bbox 3726 5744 3810 5801; x_wconf 70' lang='lat' dir='ltr'><strong>di-</strong></span> 
     </span>
    </p>
   </div>
   <div class='ocr_carea' id='block_1_120' title="bbox 2195 5803 2631 5858">
    <p class='ocr_par' dir='ltr' id='par_1_120' title="bbox 2195 5803 2631 5858">
     <span class='ocr_line' id='line_1_120' title="bbox 2195 5803 2631 5858; baseline -0.011 0"><span class='ocrx_word' id='word_1_1007' title='bbox 2195 5806 2259 5858; x_wconf 84' lang='lat' dir='ltr'><strong>cit</strong></span> <span class='ocrx_word' id='word_1_1008' title='bbox 2281 5805 2381 5858; x_wconf 81' lang='lat' dir='ltr'><strong>inse</strong></span> <span class='ocrx_word' id='word_1_1009' title='bbox 2405 5803 2631 5856; x_wconf 77' lang='lat' dir='ltr'><strong>Salvator.</strong></span> 
     </span>
    </p>
   </div>
  </div>
