4122 6350
353 400 456 457 563

351 525 465 570 sunt
486 512 811 585 cogitationes
835 519 934 563 tua:
959 508 1129 580 (Psnl.
1153 524 1260 573 set,
1282 507 1360 580 6).
1390 509 1451 563 Et
1474 508 1665 563 iterum
1690 526 1703 562 :
1726 509 1933 563 Iudicia

352 617 437 660 tua
479 606 613 659 velut
644 604 853 675 abyssus
886 602 1045 656 multa
1077 601 1244 675 (Psal.
1278 617 1450 668 xxxv,
1492 602 1570 672 7).
1603 602 1738 657 Hinc
1774 602 1934 671 igitur

351 708 432 753 est
474 697 602 752 illud
639 696 911 765 Apostoli,
952 694 1093 764 quod
1137 694 1513 764 requirendum
1561 694 1701 749 inter
1739 702 1931 749 cetera

353 788 578 860 posuisti
608 804 621 839 :
657 785 826 858 Hujus
850 785 925 839 rei
948 784 1131 855 gratia,
1150 784 1338 855 inquit,
1366 785 1514 854 [lecto
1540 801 1705 856 genua
1732 800 1842 838 mea
1865 784 1935 837 ad

351 875 562 933 Patrem
586 876 791 931 Domini
828 875 985 929 nostri
1016 873 1141 929 Iesu
1169 873 1353 931 Christi
1372 915 1387 940 ,
1417 890 1480 929 ea;
1515 890 1614 944 quo
1652 874 1814 929 omnis
1841 891 1935 946 pa-

350 967 563 1022 ternitas
602 967 655 1021 in
695 966 833 1020 caelis
876 975 925 1020 st
967 965 1021 1019 in
1063 971 1198 1019 terra
1240 966 1563 1033 nominatur;
1602 974 1658 1019 ut
1689 965 1772 1019 det
1798 965 1933 1021 vobis

348 1058 624 1114 secundum
660 1058 858 1112 divitias
899 1056 1078 1129 glorior
1115 1072 1221 1113 sua:
1263 1059 1446 1113 virtute
1487 1059 1802 1113 corroborari
1844 1074 1934 1129 per

352 1150 606 1219 Spiritum
642 1149 781 1219 ejus,
820 1147 877 1202 in
917 1148 1143 1203 interiori
1188 1148 1388 1203 homine
1423 1149 1647 1204 habitare
1681 1148 1933 1205 Christum

350 1257 441 1312 per
475 1240 632 1311 ﬁdem
656 1241 709 1294 in
742 1238 977 1294 cordibus
1004 1240 1207 1305 vestris,
1252 1248 1309 1294 ut
1352 1240 1405 1294 in
1446 1240 1692 1295 clmritate
1719 1239 1934 1294 radicati

351 1344 401 1387 et
456 1332 655 1404 fundati
705 1333 1018 1405 prmaleatis
1068 1332 1484 1403 comprehendere
1540 1347 1652 1386 eum
1706 1331 1934 1386 omnibus

350 1425 568 1490 sanctis,
599 1436 713 1495 qua
745 1425 809 1479 sit
847 1423 1109 1496 longitudo
1141 1433 1188 1479 et
1222 1423 1470 1491 latitudo,
1500 1424 1714 1479 altitudo
1737 1432 1787 1478 et
1814 1439 1935 1494 pro-

352 1516 610 1586 fundum;
632 1517 759 1571 scire
780 1517 931 1570 etiam
957 1517 1396 1588 supereminentcm
1424 1517 1683 1572 scientiam
1710 1515 1933 1569 charito-

351 1606 419 1661 tis
450 1603 668 1672 Christi,
708 1614 764 1660 ut
799 1607 1108 1677 impleamini
1145 1605 1200 1660 in
1238 1621 1435 1661 omnem
1459 1605 1816 1677 plenitudinem
1838 1604 1934 1660 Dei

351 1694 517 1767 (Eph.
542 1708 619 1760 ll,
651 1694 864 1765 14-19).

421 1786 650 1843 CAPUT
697 1785 885 1841 XXVI.
911 1816 981 1827 -—-
1006 1787 1095 1843 63.
1142 1787 1371 1843 Attende
1411 1787 1589 1843 omnia
1632 1786 1927 1857 diligenter.

351 1876 533 1948 Hujus
564 1876 671 1941 rei,
703 1876 911 1947 inquit,
942 1878 1106 1947 gratia
1132 1877 1279 1948 ﬂecto
1303 1894 1466 1950 genua
1492 1894 1603 1932 mea
1631 1878 1699 1931 ad
1726 1876 1933 1932 Patrem

351 1968 559 2024 Domini
583 1969 741 2024 nostri
766 1968 893 2023 Iesu
918 1969 1136 2036 Christi,
1164 1985 1226 2024 ea:
1250 1986 1349 2041 quo
1383 1971 1545 2025 omnis
1579 1971 1853 2040 paternitas
1880 1970 1933 2025 in

349 2060 489 2115 satis
525 2070 576 2115 et
607 2060 661 2114 in
697 2069 832 2114 terra
870 2061 1175 2114 nominatur.
1216 2060 1422 2127 Quaeris
1446 2060 1597 2132 cujus
1624 2062 1699 2115 rei
1730 2060 1930 2131 gratia:

350 2150 454 2205 hoc
482 2162 641 2219 supra
670 2149 911 2217 dixerat,
942 2148 1159 2221 PrOpter
1182 2150 1316 2219 quod
1339 2159 1451 2222 pcto
1485 2165 1585 2204 non
1608 2152 1857 2219 inﬁnmari
1878 2152 1932 2205 in

349 2241 757 2296 tribulationibus
795 2240 917 2294 meis
955 2257 1047 2311 pro
1084 2242 1238 2296 vobis.
1270 2241 1382 2296 Hoc
1403 2255 1531 2312 ergo
1559 2241 1638 2297 eis
1665 2250 1843 2311 optat,
1874 2251 1933 2297 ut

351 2346 459 2387 non
483 2332 819 2387 inﬁrmentur
848 2332 903 2386 in
929 2331 1353 2409 tribulationibus
1376 2332 1613 2403 Apostoli
1632 2371 1649 2399 ,
1678 2346 1810 2402 quas
1837 2348 1932 2402 pro

351 2423 457 2478 ilﬁs
500 2422 828 2490 sustinebat,
872 2431 927 2478 et
970 2430 1185 2492 propter
1228 2423 1329 2477 hoc
1367 2437 1538 2494 genua
1579 2422 1822 2478 nectebat
1863 2421 1930 2478 ad

349 2514 586 2571 Patrem.
611 2515 842 2571 Proinde
869 2530 974 2570 non
1002 2514 1258 2571 inﬁrmari
1285 2515 1424 2572 unde
1452 2515 1557 2570 illis
1578 2516 1670 2583 sit,
1696 2517 1933 2587 sequitur

347 2614 407 2662 et
447 2606 620 2662 dicit:
654 2604 724 2661 Ut
765 2606 848 2661 det
888 2606 1024 2661 vobis
1059 2607 1334 2661 secundum
1374 2605 1575 2661 divitias
1612 2605 1789 2677 gloria
1827 2622 1934 2662 suo

348 2698 528 2753 uirtute
555 2698 873 2753 eorroborari
907 2714 996 2755 uer
1032 2698 1264 2771 spiritum
1300 2697 1427 2769 ejus.
1458 2697 1552 2753 lia:
1587 2706 1712 2752 sunt
1735 2697 1932 2753 divitia:

348 2789 425 2846 de
454 2790 649 2860 quibus
673 2788 801 2845 dicit
831 2804 846 2843 :
876 2788 923 2844 0
949 2789 1164 2843 altitudo
1190 2786 1518 2843 diuitiarum!
1541 2785 1762 2842 Abditas
1789 2787 1929 2843 enim

350 2880 550 2937 habent
571 2892 782 2949 cauas,
808 2879 897 2935 ubi
921 2879 1083 2935 nullis
1108 2878 1316 2936 meritis
1338 2876 1783 2950 praecedentibus,
1804 2875 1931 2949 quid

349 2971 641 3039 habemus,
665 2969 809 3041 quod
838 2984 944 3026 nou
971 2968 1314 3039 accepimus?
1351 2968 1554 3024 Deinde
1576 2968 1845 3039 sequitur,
1877 2975 1935 3024 et

348 3061 476 3131 quid
496 3069 667 3131 optet,
694 3060 937 3133 sdjungit
960 3078 974 3115 :
1001 3058 1071 3115 In
1095 3060 1318 3115 interiori
1334 3099 1352 3128 ,
1378 3058 1577 3132 inquit,
1604 3060 1804 3115 homine
1832 3058 1931 3113 ha-

351 3153 507 3207 bitare
542 3150 798 3207 Christum
825 3168 914 3223 per
941 3150 1096 3222 ﬁdem
1126 3152 1181 3206 in
1215 3149 1451 3206 sordibus
1475 3150 1670 3207 uestris.
1702 3150 1826 3205 llac
1848 3154 1934 3206 est

350 3242 456 3297 vita
492 3241 771 3311 sardium,
817 3257 919 3314 qua
962 3242 1187 3299 vivimus
1229 3242 1286 3298 in
1327 3243 1579 3300 saeclum
1622 3241 1935 3311 seculi,ab

351 3330 663 3390 tuitio’tldei
704 3349 871 3406 usque
906 3333 975 3390 sd
1016 3334 1175 3390 ﬁnem
1213 3334 1428 3404 speciei.
1473 3333 1544 3391 ιιι
1574 3334 1629 3389 in
1663 3333 1929 3402 obesitate,

348 3427 523 3497 liquit
538 3466 557 3495 ,
594 3426 805 3481 radicati
841 3434 891 3482 et
927 3425 1128 3498 fundati
1169 3426 1482 3498 prcsaleatis
1513 3426 1932 3498 comprehendere

351 3530 473 3570 aut
514 3517 740 3573 omnibus
778 3518 983 3573 sanctis.
1034 3518 1138 3572 Ista
1183 3526 1268 3573 est
1309 3518 1613 3574 communio
1653 3516 1928 3587 cujusdam

351 3605 546 3662 divina:
573 3608 909 3678 celestisque
935 3607 1274 3678 reipublicae;
1307 3608 1430 3664 hinc
1459 3615 1762 3664 saturantur
1799 3624 1932 3679 pau-

351 3706 544 3768 peres,
576 3711 682 3751 non
712 3711 806 3751 sua
834 3705 1133 3766 quaerentes
1152 3740 1167 3765 ,
1199 3696 1293 3752 sed
1321 3712 1437 3767 quze
1465 3696 1594 3753 Jcsu
1621 3696 1849 3763 Christi;
1882 3698 1933 3753 id

352 3795 464 3853 est,
496 3802 603 3841 non
632 3787 908 3841 commoda
935 3789 1136 3858 privata
1166 3794 1458 3854 secundes,
1490 3789 1584 3843 sed
1615 3790 1667 3843 in
1691 3804 1933 3844 commu-

354 3893 442 3945 ne,
473 3880 560 3934 ubi
585 3880 730 3935 salus
752 3882 988 3935 omnium
1015 3890 1127 3946 est,
1159 3881 1497 3937 consulentes
1527 3900 1539 3937 :
1570 3896 1691 3937 nam
1715 3883 1783 3938 de
1818 3883 1936 3954 ipso

358 3986 492 4039 parte
532 3985 640 4041 quo
681 3971 814 4026 tales
854 3980 1186 4033 saturantur.
1225 3972 1453 4042 quodam
1492 3974 1613 4029 loco
1651 3974 1935 4043 Apostolus

355 4059 510 4123 dicit,-
541 4059 687 4115 Unus
726 4061 871 4131 panis
892 4102 907 4127 ,
935 4078 1092 4116 unum
1122 4079 1338 4133 corpus,
1374 4064 1519 4117 multi
1540 4080 1713 4119 sumus
1751 4065 1792 4136 (ι
1813 4063 1931 4119 Cor.

358 4166 419 4214 ι,
446 4151 558 4222 l7).
599 4152 735 4219 Quid
773 4167 903 4224 ergo
939 4152 1426 4223 comprehendere?
1465 4153 1595 4219 Qua:
1615 4156 1714 4222 sit,
1743 4156 1959 4226 inquit,

356 4243 602 4306 latitudo,
650 4244 786 4298 sicut
814 4244 924 4314 jam
960 4244 1103 4309 dixi,
1140 4245 1193 4298 in
1227 4245 1389 4300 bonis
1416 4246 1701 4316 operibus,
1745 4246 1938 4317 quibus

360 4332 725 4389 benevolentia
756 4337 1039 4407 porrigitur
1064 4352 1229 4407 usque
1253 4336 1320 4391 ad
1347 4337 1642 4408 diligendos
1662 4339 1935 4406 inimicos;

357 4435 406 4478 et
429 4426 714 4497 longitudo,
746 4437 801 4481 ut
825 4428 1213 4497 longanimiter,
1242 4443 1341 4500 pro
1368 4428 1467 4483 bac
1493 4429 1787 4498 latitudine,
1819 4445 1936 4484 mo-

357 4516 530 4572 lostite
561 4517 881 4583 tolerentur;
905 4528 953 4573 et
973 4520 1208 4586 altitudo,
1226 4529 1282 4574 ut
1302 4535 1399 4589 pro
1418 4519 1499 4576 his
1518 4531 1774 4577 aeternum
1795 4522 1937 4593 quod

357 4607 411 4660 iu
435 4608 681 4676 supernis
711 4617 793 4663 est
815 4610 1117 4679 praemium,
1156 4626 1263 4665 non
1288 4626 1483 4667 vanum
1511 4612 1707 4683 aliquid
1730 4621 1939 4685 tempo-

356 4696 471 4751 rale
496 4705 773 4763 speretur;
803 4707 849 4752 et
874 4701 1181 4771 profundum
1198 4740 1217 4768 ,
1242 4701 1381 4756 unde
1398 4702 1622 4771 gratuita
1651 4704 1816 4774 gratia
1847 4703 1938 4759 Dei

355 4786 650 4842 secundum
675 4799 941 4843 secretum
964 4797 1017 4843 et
1041 4789 1273 4845 abditum
1299 4791 1587 4847 voluntatis
1610 4793 1724 4860 ejus
1738 4793 1937 4848 existit.

355 4876 433 4935 lbi
454 4878 600 4934 enim
620 4878 834 4934 radicati
855 4922 872 4946 ,
908 4879 976 4936 ibi
998 4896 1181 4936 sumus
1200 4880 1400 4937 fundati
1425 4901 1437 4937 :
1461 4884 1702 4949 radicati,
1727 4894 1942 4955 propter

356 4971 775 5043 agriculturam;
813 4972 1050 5038 l'mulati,
1093 4982 1308 5045 propter
1342 4974 1744 5032 adiﬁcationem
1773 4994 1786 5031 :
1822 4992 1942 5046 qua:

358 5065 612 5135 quoniam
641 5080 748 5119 non
776 5073 860 5120 est
883 5065 952 5120 ab
977 5065 1212 5130 homine,
1237 5065 1363 5121 dicit
1386 5067 1499 5122 alio
1514 5068 1631 5123 loco
1651 5067 1790 5123 idem
1814 5083 1943 5137 apo-

358 5157 554 5222 stolus,
584 5155 677 5210 Dei
699 5157 1008 5228 agricultura
1029 5157 1176 5225 estis,
1200 5156 1295 5211 Dei
1317 5158 1585 5227 adiﬁcatio
1609 5158 1729 5213 estis
1775 5157 1832 5227 (l
1838 5159 1936 5213 bid.

361 5260 416 5302 tu
434 5287 450 5313 ,
490 5247 567 5319 9).
600 5247 713 5302 Hoc
740 5256 904 5303 totum
944 5248 1115 5319 agitur
1141 5264 1261 5304 cum
1292 5250 1345 5303 in
1374 5248 1471 5304 bac
1499 5258 1678 5303 nostra
1707 5250 1941 5319 pcregri-

362 5340 581 5395 natione
630 5340 766 5395 ﬁdes
817 5356 911 5410 per
962 5340 1296 5396 dilectionem
1347 5348 1616 5409 operatur.
1661 5340 1717 5394 ln
1768 5340 1945 5395 futuro

361 5442 545 5487 autem
569 5433 765 5487 mulo
790 5432 1019 5503 perlecta
1049 5440 1103 5487 ct
1129 5432 1284 5503 plena
1305 5431 1535 5487 cbaritas
1559 5433 1673 5487 sine
1702 5432 1806 5487 ulla
1832 5446 1946 5487 ma-

362 5521 535 5576 lorum
565 5522 861 5586 tolerantia,
894 5538 1001 5577 non
1026 5522 1129 5577 ﬁde
1151 5522 1321 5577 credit
1343 5522 1484 5592 quod
1510 5536 1615 5576 non
1641 5521 1780 5576 videt
1801 5564 1816 5590 ,
1848 5538 1947 5578 nec

364 5624 461 5689 spe
489 5610 757 5667 desiderat
782 5610 919 5682 quod
959 5624 1065 5666 non
1098 5618 1274 5677 tenet;
1305 5610 1399 5666 sed
1436 5609 1494 5665 in
1527 5619 1782 5684 aeternum
1811 5612 1949 5667 veri-

367 5701 493 5757 tatis
522 5702 1009 5758 incommutabilem
1032 5702 1262 5771 speciem
1289 5692 1733 5772 contemplabitur
1750 5741 1766 5767 ,
1795 5702 1948 5772 cujus

368 5791 485 5848 sine
515 5791 622 5850 ﬁne
658 5792 892 5863 quietum
937 5808 1069 5864 opus
1104 5791 1240 5859 erit,
1272 5791 1486 5849 laudare
1515 5791 1658 5863 quod
1685 5801 1855 5852 amat.
1892 5801 1949 5850 et

1502 395 1981 455 EPISTULARUM
2017 393 2290 453 CLASSIS
2326 397 2411 453 ΠΙ.

2036 524 2217 564 amare
2240 508 2381 579 quod
2411 509 2605 565 laudat.
2639 508 2717 573 De
2745 509 2844 566 bac
2869 522 3258 584 consequenter
3285 515 3447 572 dicit:
3472 519 3618 576 Scire

2036 603 2188 657 etiam
2227 604 2673 673 supereminentem
2713 605 2973 660 scientiam
3015 608 3272 664 charitatis
3310 608 3525 678 Christi,
3563 623 3617 667 ut

2036 694 2349 764 impleamini
2374 696 2427 750 in
2453 711 2649 751 omnem
2673 695 3034 769 plenitudinem
3059 697 3175 753 Det.
3534 748 3539 751 .

2105 787 2193 843 64.
2220 787 2280 843 ιη
2308 788 2411 844 hoc
2445 787 2701 861 mysterio
2749 791 2916 861 ﬁgura
2957 791 3134 847 crucis
3171 792 3485 848 ostenditur.
3508 795 3612 863 Qui

2034 878 2176 934 enim
2204 881 2325 950 quia
2353 880 2519 937 voluit
2555 890 2795 937 mortuus
2829 891 2932 949 est,
2959 883 3228 955 quomodo
3260 885 3427 941 voluit
3471 902 3615 941 mor-

2034 975 2158 1025 tuus
2180 980 2281 1024 est.
2314 969 2433 1026 Non
2469 971 2665 1027 frustra
2698 972 2855 1042 igitur
2883 973 2987 1030 tsle
3013 989 3183 1045 genus
3214 976 3402 1031 mortis
3430 975 3617 1047 elegit,

2033 1060 2137 1115 nisi
2158 1070 2215 1115 ut
2243 1065 2297 1116 in
2322 1076 2390 1118 eo
2408 1078 2618 1134 quoque
2646 1065 2942 1122 latitudinis
2967 1064 3145 1137 hujus,
3172 1076 3226 1123 et
3244 1067 3613 1139 longitudinis,

2033 1158 2091 1205 et
2111 1152 2419 1219 altitudinis,
2441 1162 2495 1208 et
2515 1152 2887 1224 profunditatis
2909 1157 3161 1229 magister
3182 1158 3453 1214 existeret.
3477 1158 3607 1213 Nam

2035 1238 2259 1298 latitudo
2296 1252 2379 1297 est
2425 1244 2479 1297 in
2519 1259 2588 1299 eo
2624 1244 2768 1315 ligno
2793 1244 2936 1316 quod
2983 1254 3343 1303 transuersum
3380 1248 3613 1320 desuper
3728 1240 3735 1245 ⁷

2037 1331 2248 1403 ﬁgitur:
2282 1333 2382 1388 hoc
2411 1333 2475 1389 ad
2505 1334 2642 1390 bona
2682 1350 2843 1406 opera
2883 1338 3148 1407 pertinet,
3173 1340 3292 1408 quia
3328 1339 3404 1393 ibi
3426 1350 3611 1395 exten-

2034 1422 2233 1478 duntur
2253 1439 2461 1479 manus.
2493 1424 2791 1496 Longitudo
2816 1426 2868 1480 in
2888 1442 2953 1483 eo
2971 1428 3110 1498 quod
3132 1428 3199 1484 ab
3229 1429 3342 1498 ipso
3363 1430 3504 1500 ligno
3525 1445 3615 1483 uso-

2034 1527 2138 1583 que
2182 1513 2251 1569 ad
2280 1522 2474 1569 terram
2516 1516 2864 1586 conspicuum
2902 1526 3025 1573 est:
3063 1518 3134 1572 ibi
3172 1520 3314 1574 enim
3352 1520 3613 1589 quodam-

2034 1603 2193 1659 modo
2222 1612 2406 1669 statur,
2431 1606 2483 1660 id
2505 1617 2607 1673 est,
2638 1607 2941 1677 persistitur
2963 1616 3020 1664 et
3043 1619 3440 1679 perseveratur;
3470 1612 3613 1681 quod

2034 1692 2417 1764 longanimitati
2450 1696 2715 1752 tribuitur.
2745 1697 2984 1753 Altitudo
3008 1707 3091 1754 cst
3118 1698 3168 1752 in
3194 1713 3258 1755 ea
3291 1699 3415 1770 ligni
3440 1711 3623 1770 parte,

2032 1798 2152 1854 qua:
2179 1784 2246 1840 ab
2273 1785 2361 1840 illo
2387 1786 2531 1856 quod
2565 1794 2928 1843 transversum
2956 1788 3149 1860 ﬁgitur,
3176 1802 3388 1843 sursum
3425 1805 3629 1844 versus

2036 1875 2368 1945 relinquitur,
2398 1876 2499 1931 hoc
2518 1885 2597 1931 est
2613 1876 2681 1932 ad
2703 1887 2865 1949 caput
2889 1878 3129 1934 cruciﬁxi
3149 1895 3165 1944 ;
3185 1879 3308 1950 quia
3330 1880 3464 1936 bene
3488 1895 3612 1949 spe-

2032 1965 2264 2019 rantium
2306 1981 2537 2036 superna
2579 1970 2909 2039 exspectatio
2948 1978 3050 2025 est.
3076 1970 3194 2026 lam
3232 1986 3359 2025 vero
3394 1971 3520 2026 illud
3544 1988 3611 2028 ex

2033 2051 2178 2123 ligno
2200 2055 2340 2124 quod
2360 2071 2466 2110 non
2492 2068 2737 2127 apparet,
2762 2058 2902 2128 quod
2934 2059 3095 2114 ﬁxum
3121 2062 3438 2128 occultatur,
3470 2063 3611 2116 unde

2036 2153 2202 2200 totum
2230 2147 2355 2201 illud
2372 2150 2628 2219 exsurgit,
2656 2149 3073 2219 profunditatem.
3090 2152 3352 2222 signiﬁcat
3366 2154 3610 2229 gratuita:

2030 2238 2214 2309 gratiae
2245 2255 2260 2292 :
2286 2238 2337 2292 in
2368 2253 2473 2309 quo
2497 2240 2783 2295 multorum
2822 2241 3034 2311 ingenia
3065 2250 3412 2299 conteruntur
3436 2243 3499 2298 id.
3524 2244 3613 2297 in-

2032 2331 2295 2399 vestigare
2334 2330 2614 2397 conantis,
2648 2340 2705 2385 ut
2740 2331 2807 2385 ad
2840 2338 3137 2387 extremum
3179 2333 3258 2388 eis
3294 2332 3518 2397 dicatur,
3565 2334 3612 2387 0

2031 2418 2182 2472 homo
2208 2426 2263 2472 tu
2286 2419 2401 2487 quis
2428 2421 2595 2490 esqui
2630 2420 2934 2491 respondeas
2970 2421 3079 2477 Deo
3125 2421 3305 2495 (Rom.
3334 2438 3387 2478 tu
3406 2461 3424 2491 ,
3452 2423 3526 2480 20
3548 2422 3613 2498 γε

2102 2509 2192 2591 65.
2226 2508 2418 2565 Vivent
2457 2525 2585 2582 ergo
2624 2512 2786 2567 corda
2824 2521 3185 2570 saturatorum
3222 2529 3515 2585 pauperum
3555 2516 3611 2571 in

2031 2598 2287 2656 steculum
2316 2601 2534 2668 seaculi;
2568 2603 2668 2658 hoc
2696 2611 2779 2658 est
2799 2603 3076 2661 humilium
3104 2604 3364 2663 cbaritate
3385 2606 3611 2677 ﬂagran-

2032 2690 2188 2756 tium,
2213 2707 2330 2747 non.
2348 2707 2449 2748 sua
2470 2694 2850 2763 quaerentium,
2877 2694 2974 2751 sed
3015 2704 3321 2753 sanctorum
3358 2697 3618 2755 societate

2031 2782 2394 2852 gaudentium.
2426 2783 2540 2840 Hoc
2578 2784 2825 2855 primitus
2860 2785 2914 2841 in
2951 2787 3222 2858 Apostelis
3272 2786 3467 2844 factum
3504 2798 3608 2845 est.

2032 2869 2139 2929 Sed
2182 2871 2447 2930 laudando
2480 2875 2646 2932 Deum
2665 2916 2683 2943 ,
2708 2874 2764 2932 id
2791 2884 2876 2932 est
2903 2877 3243 2947 pradicando
3267 2881 3490 2950 gratiam
3516 2880 3621 2936 Dei

2033 2962 2055 3034 (
2077 2964 2333 3035 quoniam
2351 2965 2559 3023 dictum
2574 2974 2678 3035 est,
2697 2965 3002 3023 Laudabunt
3030 2968 3307 3024 Dominum
3329 2970 3421 3042 qui
3439 2972 3611 3043 requi-

2033 3062 2150 3108 runt
2174 3052 2333 3130 eum),
2360 3055 2486 3126 quid
2528 3056 2846 3129 populorum
2868 3057 3249 3129 acquisierint,
3270 3059 3327 3116 in
3366 3075 3434 3117 eo
3465 3061 3621 3132 quod

2033 3143 2289 3214 sequitur.
2317 3144 2458 3201 vide.

2102 3231 2330 3293 CAPUT
2354 3234 2644 3293 XXVIl.-
2657 3237 2746 3295 66.
2766 3236 3319 3307 Cotnmemoraburuur,
3346 3241 3537 3313 inquit,
3563 3252 3617 3298 et

2032 3334 2382 3383 convertentur
2403 3326 2476 3381 ad
2497 3326 2772 3384 Doruinum
2795 3330 3015 3386 κήκιεεὲ
3046 3331 3173 3403 lines
3200 3341 3346 3387 terra
3359 3346 3381 3397 ;
3412 3341 3460 3388 et
3483 3332 3611 3388 ado-

2033 3416 2217 3472 rabunt
2237 3419 2293 3474 in
2318 3430 2586 3490 conspectu
2612 3421 2723 3491 ejus
2741 3422 2987 3478 universa
3008 3424 3189 3495 patrita
3202 3424 3425 3495 gentium
3449 3439 3470 3479 :
3485 3441 3615 3495 quo-

2036 3506 2174 3562 niam
2203 3507 2406 3564 Domini
2437 3518 2510 3564 est
2534 3527 2766 3583 regnum,
2793 3523 2839 3566 et
2868 3514 2976 3584 ipse
3006 3513 3345 3569 dominabitur
3365 3516 3608 3587 gentium.-

2038 3595 2135 3657 lle
2161 3599 2368 3665 irrisus,
2392 3601 2482 3657 ille
2502 3603 2806 3670 cruciﬁxus,
2840 3604 2930 3660 ille
2950 3604 3231 3660 derelictus
3258 3604 3361 3661 hoc
3387 3620 3615 3676 regnum

2036 3689 2263 3758 acquirit
2291 3708 2304 3744 :
2331 3698 2386 3745 et
2414 3692 2581 3747 tradet
2625 3694 2675 3747 in
2707 3695 2819 3750 ﬁne
2840 3696 2952 3750 Deo
2979 3704 3033 3751 et
3057 3695 3251 3762 Patri;
3278 3711 3382 3752 non
3408 3707 3466 3751 ut
3495 3697 3609 3766 ipse

2038 3781 2266 3847 annuat,
2289 3782 2384 3837 sed
2412 3784 2551 3853 quod
2580 3785 2631 3838 in
2656 3786 2756 3840 ﬁde
2785 3787 3091 3852 seminavit,
3121 3802 3240 3843 cum
3267 3790 3414 3845 venit
3438 3789 3612 3847 minor

2041 3871 2214 3937 Patre,
2245 3873 2346 3928 hoc
2380 3873 2631 3943 perducat
2658 3876 2723 3930 ad
2765 3878 2995 3944 Speciem
3029 3878 3080 3933 in
3110 3894 3210 3949 qua
3252 3879 3473 3950 :equalis
3506 3886 3641 3935 non‘

2038 3965 2262 4022 recessit
2285 3979 2313 4018 a
2346 3965 2518 4020 Patre.
2548 3964 2985 4023 Handucaverunl
3012 3970 3419 4026 etadorarerunt
3445 3988 3640 4027 omnes.

2040 4057 2380 4111 ἀπείθεια-ω
2408 4057 2641 4113 :.divites
2671 4067 2826 4114 terra:
2846 4098 2861 4124 ,
2890 4060 3150 4129 superbos
3184 4061 3479 4132 intelligere
3520 4062 3618 4118 de-

2041 4146 2247 4214 bemus,
2274 4146 2321 4201 si
2347 4153 2492 4202 recte
2524 4148 2767 4216 superius
2786 4163 3067 4218 pauperes,
3100 4148 3328 4206 humiles
3353 4152 3615 4222 intellige-

2042 4238 2249 4301 bomus,
2279 4237 2348 4291 de
2374 4236 2566 4306 quibus
2598 4237 2651 4291 in
2686 4237 2974 4308 Evangelio
2997 4238 3155 4304 dicit,
3191 4239 3338 4294 Beati
3372 4258 3639 4311 pauperes.

2043 4329 2253 4399 spiritu,
2293 4327 2531 4398 quoniam
2569 4328 2793 4396 ipsorunt
2829 4336 2901 4383 est
2944 4345 3157 4400 regnum
3203 4329 3443 4385 caelatum
3470 4347 3489 4386 :
3519 4333 3642 4402 ipsir

2043 4420 2185 4475 enim
2213 4427 2337 4474 sunt
2362 4419 2539 4485 mites,
2562 4419 2805 4490 lugentes
2822 4460 2837 4485 ,
2859 4421 3153 4476 esurientes
3181 4431 3235 4476 et
3262 4422 3503 4477 sitientes
3530 4423 3619 4490 ju-

2043 4512 2239 4567 stitiam
2258 4550 2274 4575 ,
2304 4510 2674 4567 misericordes
2697 4552 2713 4577 ,
2744 4510 3156 4578 mundicordes,
3188 4514 3389 4583 paciﬁci
3408 4556 3427 4582 ,
3447 4523 3502 4571 et
3526 4516 3616 4585 qui

2044 4601 2466 4672 persecutionem
2516 4602 2785 4672 patiuntur
2831 4611 3046 4671 promer
3093 4602 3399 4673 justitiam,
3426 4605 3620 4675 quibus

2044 4694 2512 4766 praedicationibus
2564 4694 2871 4765 singillatim
2935 4694 3313 4751 beatitudinem
3378 4697 3631 4769 adjunxit‘

2049 4787 2258 4860 (Matth.
2289 4803 2343 4851 v,
2367 4786 2542 4857 3-12).
2569 4786 2765 4842 Contra
2805 4802 2933 4857 ergo
2960 4786 3156 4843 divites
3182 4796 3338 4845 terrae
3376 4788 3477 4844 hoc
3501 4789 3619 4843 loco

2044 4879 2257 4957 ειψθτιή
2287 4877 2612 4948 intelligendi
2643 4886 2785 4933 sunt.
2816 4877 3000 4948 Neque
3018 4880 3159 4934 enim
3187 4879 3375 4934 frustra
3405 4878 3475 4934 ita
3501 4879 3614 4934 dis-

2047 4970 2194 5025 tincti
2245 4978 2404 5035 sunt,
2436 4980 2493 5024 ut
2519 4968 2587 5023 de
2611 4968 2933 5039 pauperibus
2957 4984 3116 5038 supra
3143 4968 3428 5035 diceretur,
3453 4968 3619 5024 Edent

2046 5075 2310 5131 pauperes,
2334 5069 2381 5111 et
2405 5057 2801 5123 saturabuntur;
2827 5058 2913 5115 hic
2936 5075 3087 5124 vero,
3110 5057 3542 5113 Manducaverunt
3574 5070 3621 5114 et

2046 5150 2380 5204 adoraverunt
2424 5166 2596 5204 omnes
2634 5149 2809 5205 divites
2847 5159 3014 5205 terra.
3060 5150 3133 5206 Et
3166 5149 3265 5220 ipsi
3302 5151 3496 5221 quippe
3523 5153 3619 5206 ad-

2047 5240 2188 5296 ducti
2216 5249 2340 5294 sunt
2374 5240 2439 5294 ad
2478 5255 2713 5295 mensam
2744 5241 2979 5307 Christi,
3013 5250 3068 5296 et
3092 5240 3357 5312 accipiunt
3392 5242 3460 5296 de
3498 5256 3617 5297 cor-

2049 5345 2177 5400 pore
2201 5339 2255 5385 ct
2271 5331 2529 5401 sanguine
2548 5330 2662 5402 ejus
2683 5347 2699 5397 ;
2724 5331 2820 5386 sed
2845 5331 3069 5386 adorant
3095 5338 3321 5399 tantum,
3341 5346 3446 5388 non
3462 5333 3622 5389 etiam

2047 5430 2379 5488 saturantur,
2426 5421 2677 5491 quoniam
2735 5438 2841 5477 non
2898 5423 3190 5479 imitantur.
3245 5422 3623 5479 Manducantes

2049 5514 2189 5570 enim
2234 5528 2521 5583 pauperem
2544 5515 2585 5580 ί,
2616 5511 2968 5582 dedignantur
3003 5529 3123 5570 esse
3166 5529 3425 5585 pauperes
3455 5533 3468 5569 :
3496 5516 3619 5586 quia

2049 5601 2291 5660 Christus
2310 5619 2406 5674 pro
2434 5604 2586 5660 nobis
2613 5618 2796 5674 passus
2812 5612 2912 5669 est,
2938 5605 3244 5675 relinquens
3264 5604 3416 5661 nobis
3434 5620 3586 5663 exem
3599 5635 3622 5647 -

2119 5740 2141 5805 ἦ
2307 5739 2414 5789 Bad.
2440 5748 2538 5805 Am.
2563 5746 2715 5805 etEr.‘
2726 5739 2951 5805 mittunt
2971 5750 3257 5804 pauperem;
3290 5751 3436 5805 qum
3454 5753 3622 5792 vocem

2063 5801 2299 5853 extubeut
2320 5815 2493 5854 omnes
2514 5802 2719 5866 inapecti
2740 5813 2770 5852 a
2792 5802 2932 5852 nobis
3092 5808 3145 5854 et
3166 5808 3277 5853 Lov.
