4014 6338
513 362 613 418 567

510 480 654 549 plum
685 486 743 531 ut
762 491 1048 547 sequamur
1075 474 1291 544 vestigia
1320 473 1436 544 ejus
1461 472 1516 544 (1
1542 469 1684 526 Petr.
1719 487 1788 536 ιι,
1819 469 1882 524 21
1906 473 1944 540 ).
1981 469 2084 526 τε.

509 581 808 627 rumtamen
853 569 993 640 quod
1034 569 1326 624 humiliavit
1367 567 1743 634 semetipsum,
1785 563 1953 620 factus
1981 563 2082 618 oh-

510 663 694 719 cdiens
746 677 914 733 usque
967 660 1033 716 ad
1080 670 1341 723 mortem,
1383 667 1607 714 mortem
1645 666 1822 712 autem
1869 655 2078 719 crucis,

510 763 862 824 aspernantur
895 751 1118 819 divites,
1177 761 1231 806 et
1287 750 1474 806 similia
1531 749 1736 819 perpeti
1788 755 2076 817 respuunt,

508 853 715 899 tumore
742 844 782 909 ¹,
812 857 916 896 non
945 840 1300 912 magnitudine
1325 856 1338 900 :
1370 839 1672 894 inﬁrmitate
1692 852 1839 907 ergo,
1869 851 1973 890 non
1996 850 2080 889 sa-

505 936 691 992 nitate.
718 935 821 992 Sed
841 935 958 1006 quia
985 935 1123 990 Deus
1151 933 1399 990 excitavit
1432 948 1550 986 eum
1576 947 1607 987 a
1627 931 1878 994 mortuis,
1901 939 1955 984 et
1979 929 2079 983 do-

504 1026 648 1082 navit
681 1027 728 1082 ei
766 1041 959 1081 nomen
988 1024 1128 1096 quod
1165 1032 1248 1080 est
1284 1038 1445 1094 super
1467 1037 1625 1078 omne
1664 1036 1887 1096 nomen,
1927 1029 1982 1074 ut
2023 1018 2076 1072 in

503 1118 715 1171 nomine
754 1115 883 1172 Jesu
922 1116 1162 1171 flectatur
1199 1131 1357 1169 omne
1396 1104 1569 1184 genu,
1598 1112 1893 1169 cmleslium
1918 1152 1932 1174 ,
1966 1120 2076 1166 ter-

500 1208 769 1275 restrium,
799 1218 853 1263 et
873 1207 1198 1263 infernarum
1224 1207 1476 1280 (Philipp.
1505 1223 1564 1272 ιι,
1589 1203 1770 1274 840);
1800 1203 1935 1258 fama
1967 1203 2075 1257 cel-

499 1298 746 1354 situdinis
788 1299 902 1368 ejus
936 1306 991 1354 ct
1025 1299 1188 1369 gloria
1227 1299 1459 1352 nominis
1489 1297 1605 1366 ejus
1641 1295 1692 1350 in
1725 1293 1956 1351 Ecclesia
1987 1309 2075 1349 ns-

496 1405 812 1460 quequaqne
837 1389 1021 1445 diffusa
1045 1391 1289 1460 permoti,
1307 1399 1360 1444 et
1379 1389 1478 1459 ipsi
1496 1385 1790 1442 vehiuntad
1812 1399 2069 1447 mensam,

497 1480 819 1536 manducent
857 1489 911 1535 et
946 1480 1201 1546 adorant;
1248 1495 1354 1535 non
1389 1488 1564 1534 tamen
1605 1484 1927 1542 saturantur,
1951 1477 2072 1544 quia

496 1587 600 1624 non
632 1570 870 1626 csuriunt
908 1579 963 1626 et
999 1572 1186 1626 sitiunt
1209 1569 1464 1641 justitiam
1499 1588 1513 1623 :
1547 1569 1677 1624 tales
1701 1568 1841 1624 enim
1869 1577 2072 1622 satura-

494 1663 709 1718 buntnr.
727 1666 1040 1735 Quanquam
1064 1664 1291 1734 perfecta
1315 1665 1561 1718 saturitas
1588 1663 1640 1716 in
1669 1662 1756 1717 illa
1783 1659 1887 1714 vita
1912 1669 2070 1714 teter-

495 1771 560 1809 na
593 1755 711 1818 crit,
746 1771 867 1811 cum
897 1772 962 1810 ex
987 1756 1083 1810 ista
1109 1755 1527 1826 peregrinatione
1554 1753 1852 1809 venerimus
1880 1767 1944 1806 ex
1967 1750 2069 1807 fide

493 1846 558 1900 ad
588 1847 840 1916 speciem,
870 1847 938 1901 ab
971 1848 1187 1917 speculo
1223 1845 1290 1900 ad
1323 1845 1539 1908 faciem,
1583 1845 1650 1900 ab
1684 1845 1960 1914 aenigmate
2002 1843 2066 1896 ad

493 1938 823 2006 perspicuam
849 1938 1161 2004 veritatem;
1191 1951 1295 1990 non
1319 1944 1494 1989 tamen
1522 1933 1953 1990 inconvenienter
1977 1947 2066 1986 sa.

492 2036 696 2082 Iuratus
736 2027 928 2082 dicitur
957 2029 1304 2098 paupertate'I
1331 2026 1559 2091 Christi,
1599 2024 1687 2095 qui
1733 2039 1826 2095 pro
1865 2023 2065 2094 justitia

491 2119 605 2185 ejus
628 2161 642 2182 ,
676 2119 778 2174 hoc
812 2129 895 2175 est
920 2134 1019 2190 pro
1052 2117 1452 2188 participatione
1481 2116 1638 2172 Verbi
1663 2115 1878 2181 aeterni,
1909 2129 2064 2185 quam

493 2212 757 2266 inchoavit
785 2211 995 2267 interim
1035 2210 1138 2265 fide
1160 2252 1176 2276 ,
1203 2211 1379 2264 omnia
1412 2207 1720 2278 temporalia
1756 2222 1862 2260 non
1891 2206 2064 2261 solum

492 2310 846 2370 temperanter
886 2302 1178 2357 contemnit
1210 2301 1377 2366 bona,
1411 2315 1595 2355 verum
1621 2299 1778 2354 ctiam
1807 2298 2066 2367 patienter

487 2393 708 2449 sustinet
731 2394 886 2448 maia.

557 2487 644 2541 67.
687 2486 844 2543 Tales
865 2488 1072 2542 fuerunt
1092 2487 1380 2557 piscatores
1406 2493 1460 2539 et
1489 2483 1753 2554 publicani
1777 2499 1790 2549 ;
1819 2483 1938 2553 quia
1963 2481 2060 2537 ab-

487 2580 621 2646 iecta
649 2579 806 2650 hujus
833 2580 1015 2634 mundi
1039 2580 1216 2650 elegit,
1244 2587 1299 2634 ut
1319 2577 1665 2633 confunderet
1695 2576 1844 2631 fortia
1877 2575 1917 2647 (Ι
1939 2574 2054 2628 Cor.

489 2687 526 2730 t.
553 2669 645 2742 27)
677 2688 691 2726 :
718 2671 786 2726 de
812 2671 894 2726 his
922 2672 1120 2726 dictum
1150 2679 1233 2725 est
1251 2713 1265 2734 ,
1293 2669 1459 2724 Edent
1485 2686 1748 2741 pauperes,
1787 2677 1834 2723 et
1865 2678 2064 2722 satura-

488 2764 690 2818 buntur.
715 2764 820 2820 Sed
845 2765 964 2835 quia
996 2765 1149 2818 istam
1191 2764 1520 2818 saturitatem
1559 2777 1662 2817 non
1692 2761 1828 2831 apud
1859 2759 2063 2830 seipsos

487 2865 769 2910 tenuerunt
813 2855 1242 2927 (quodammodo
1287 2855 1428 2911 enim
1468 2863 1737 2909 ructantes
1781 2851 2058 2907 Dominum

489 2947 868 3012 laudaverunt;
900 2947 949 3001 id
984 2955 1093 3012 est,
1131 2946 1876 3016 prmdicaverunt'quterentes
1913 2956 2055 3004 eum,

488 3039 587 3093 hoc
613 3046 693 3097 est
720 3055 828 3094 non
855 3053 950 3093 sua
979 3046 1298 3108 quaerentes,
1330 3036 1427 3092 sed
1458 3036 1509 3092 in
1529 3049 1651 3090 eum
1680 3033 1939 3089 charitate
1966 3030 2064 3085 lla-

486 3128 743 3200 grantcs),
772 3144 957 3184 eorum
984 3128 1355 3198 pra-dicatione
1385 3135 1682 3181 commotus
1705 3132 1788 3179 cst
1811 3121 2056 3187 mundus,

487 3229 543 3273 ut
571 3229 1054 3275 commemorentur
1071 3227 1124 3274 et
1148 3227 1522 3273 convertantur
1541 3215 1605 3271 ad
1633 3215 1909 3270 Dominum
1941 3213 2058 3266 uni-

486 3311 623 3366 versi
657 3311 787 3365 fines
811 3320 985 3376 terrm,
1024 3319 1080 3365 et
1119 3309 1341 3365 adorent
1379 3309 1434 3362 in
1462 3317 1749 3378 conspectu
1787 3304 1904 3375 ejus
1939 3303 2059 3356 uni-

488 3416 653 3458 versa:
681 3402 862 3471 patria:
886 3402 1152 3468 gentium;
1177 3401 1414 3471 quoniam
1443 3399 1648 3454 Doutini
1672 3408 1743 3453 est
1767 3412 1993 3466 regnum,
2013 3403 2060 3448 et

486 3496 592 3562 ipse
639 3493 977 3547 dominabitur
1024 3494 1263 3562 gentium.
1312 3491 1421 3546 Hae
1459 3490 1712 3545 Ecclesia:
1753 3488 2059 3543 dilatatione

489 3584 646 3638 etiam
676 3583 912 3653 superbi,
959 3584 1009 3638 id
1049 3592 1132 3639 est
1168 3583 1358 3638 divites
1395 3591 1550 3636 terra:
1578 3581 1791 3636 adducti
1835 3588 1957 3634 sunt
2004 3587 2060 3633 ut

487 3674 899 3738 manducarent;
929 3683 983 3730 et
1014 3675 1254 3745 quamvis
1292 3689 1398 3728 non
1441 3674 1658 3728 saturati
1681 3713 1696 3738 ,
1728 3681 1902 3727 tamen
1933 3671 2060 3728 ado-

489 3775 624 3820 rant.
657 3765 807 3821 llunc
830 3766 1024 3836 quippe
1039 3766 1278 3820 ordinem
1312 3765 1587 3834 prophetia
1606 3765 1797 3818 Psalmi
1822 3763 1923 3819 hoc
1943 3763 2060 3819 loco

487 3857 673 3922 tenuit,
691 3871 847 3927 quem
865 3857 1104 3911 videmus
1123 3856 1349 3926 impleri.
1372 3855 1622 3925 Adjungit
1641 3863 1835 3922 autem,
1856 3853 1920 3908 In
1940 3869 2060 3908 con-

485 3956 655 4018 spectu
679 3948 791 4018 ejus
817 3948 1076 4018 procidant
1105 3963 1274 4002 omnes
1302 3948 1388 4018 qui
1414 3947 1716 4001 descendunt
1752 3946 1806 4000 in
1834 3955 2018 4000 terram
2041 3961 2059 3999 :

487 4039 538 4092 id
564 4049 665 4105 est,
694 4053 883 4094 omnes
923 4039 1058 4094 bona
1099 4037 1329 4093 amando
1370 4046 1602 4102 terrena,
1633 4051 1736 4092 non
1778 4037 1828 4091 in
1865 4036 2056 4092 caalttm

483 4130 793 4186 ascendunt.
831 4129 944 4185 Non
981 4131 1121 4185 enim
1155 4129 1350 4184 faciunt
1373 4128 1514 4200 quod
1541 4129 1616 4182 ait
1647 4128 1932 4197 Apostolus
1955 4169 1969 4194 ,
1999 4127 2060 4182 Si

483 4222 822 4276 resurreaistis
867 4238 979 4276 cum
1025 4221 1242 4288 Christo,
1291 4237 1402 4292 qua:
1438 4235 1636 4274 sursum
1675 4229 1788 4273 sunt
1832 4220 2058 4289 quaerite,

484 4315 567 4368 ubi
599 4313 827 4369 Christus
851 4316 991 4370 estin
1013 4315 1216 4368 dextera
1247 4314 1340 4368 Dei
1358 4314 1565 4380 sedens;
1594 4329 1706 4383 qua:
1727 4329 1924 4367 sursum
1944 4321 2059 4367 sunt

487 4407 648 4476 sapite
666 4447 683 4473 ,
710 4423 810 4460 non
841 4422 954 4478 quis
980 4423 1132 4476 super
1158 4415 1341 4459 terram
1371 4405 1600 4476 (Coloss.
1627 4421 1702 4472 ιιι,
1739 4406 1790 4471 1,
1819 4404 1893 4475 2)
1923 4421 1935 4456 :
1965 4403 2058 4460 sed

490 4496 666 4566 potius
688 4505 883 4566 quanto
911 4496 1012 4550 sibi
1050 4496 1204 4550 bonis
1233 4495 1456 4548 terrenis
1491 4495 1752 4549 feliciores
1792 4494 2058 4560 videntur,

489 4583 638 4640 tanto
658 4585 825 4657 magis
853 4586 904 4640 in
937 4593 1130 4640 terram
1147 4584 1494 4649 descendunt,
1523 4584 1621 4639 hoc
1642 4593 1740 4649 est,
1774 4585 1824 4640 in
1853 4595 2059 4641 terrena

489 4677 873 4746 deprimuntur.
904 4675 971 4730 Et
1000 4677 1117 4732 ideo
1146 4676 1198 4730 in
1228 4685 1514 4746 conspectu
1547 4677 1663 4745 ejus
1685 4678 1980 4747 procident,
2007 4680 2060 4734 id

487 4778 589 4834 est,
623 4767 711 4822 ubi
750 4768 861 4837 ipse
889 4766 1064 4832 videt,
1094 4783 1200 4822 non
1232 4767 1320 4822 ubi
1353 4767 1594 4825 homines
1621 4768 1802 4824 vident
1843 4771 1933 4841 qui
1967 4785 2060 4826 eos

484 4861 725 4915 excelsos
747 4859 1101 4928 sublimesque
1126 4859 1466 4914 arbitrantur.

558 4950 782 5006 CAPUT
797 4949 1202 5005 XXVlll.——68.
1227 4949 1294 5004 Et
1322 4951 1510 5018 anima,
1539 4952 1725 5022 inquit,
1744 4970 1855 5007 mea
1873 4954 1968 5024 ipsi
1987 4955 2063 5008 ui-

489 5052 567 5096 uet
595 5058 614 5097 :
647 5041 745 5112 ipsi
780 5042 976 5110 utique,
1010 5055 1113 5095 non
1143 5041 1273 5106 sibi,
1309 5041 1445 5097 sicut
1471 5043 1819 5112 superborum
1856 5045 2059 5114 privato

487 5135 629 5190 bono
661 5148 758 5188 suo
785 5133 1072 5187 hetantium
1105 5174 1122 5201 ,
1162 5142 1216 5188 et
1254 5148 1284 5186 a
1319 5137 1585 5188 communi
1616 5136 1849 5190 omnium
1879 5136 2017 5190 bono
2038 5137 2059 5168 ³

488 5225 630 5295 quod
653 5224 792 5280 Deus
815 5230 916 5286 est,
942 5223 1083 5278 inani
1105 5224 1333 5279 elatione
1353 5225 1723 5281 resilientium.
1743 5227 1854 5283 Hoc
1877 5230 2059 5299 utique

485 5315 801 5381 devitcmus,
846 5322 900 5369 et
941 5315 1207 5370 communi
1254 5316 1429 5386 potius
1467 5333 1595 5373 vero
1638 5321 1872 5377 omnium
1919 5322 2059 5377 bono

490 5407 707 5478 perfrui,
739 5421 893 5476 quam
920 5406 1122 5476 privato
1157 5415 1341 5464 nostro
1377 5409 1610 5479 gaudere
1645 5426 1970 5480 qtucramus;
2003 5423 2060 5469 ut

551 5591 565 5620 ¹
602 5587 670 5636 Ita
691 5593 800 5637 Mss.
823 5588 1200 5650 praestantiores.
1225 5596 1281 5639 Αι
1319 5591 1484 5640 excusi
1515 5591 1716 5650 habent,
1749 5590 1931 5645 timore.

551 5653 570 5713 ξ
607 5650 783 5713 Regius
802 5649 934 5708 Ccd.,
958 5661 1158 5713 pauper.

551 5664 570 5680 ι
607 5664 668 5696 lit!
709 5664 783 5698 ius
802 5664 934 5708 μαι,
958 5664 1158 5713 pauper.

551 5711 572 5743 ³
606 5664 714 5758 ﬂag.
741 5719 848 5759 Arn.
878 5715 954 5758 Er.
980 5717 1034 5760 et
1072 5709 1295 5821 plerique
1317 5718 1423 5762 Mss.
1471 5713 1668 5772 habent,
1691 5721 1786 5766 (ια
1823 5719 2061 5770 communi

551 5770 696 5821 utinm
742 5770 998 5821 bonorum:
1018 5780 1070 5821 et
1113 5785 1206 5821 oau
1225 5789 1256 5821 υ
1281 5783 1387 5821 post
1414 5787 1425 5821 :
1451 5787 1561 5821 vero
1581 5778 1789 5821 omnium
1813 5777 2053 5821 Dmtlt:'mu_

487 5770 696 5822 omnium
742 5770 968 5821 bonorum
980 5785 998 5834 ;
1018 5770 1086 5822 et’
1113 5770 1256 5834 paulo
1281 5783 1387 5836 [est
1414 5787 1425 5824 :
1451 5787 1561 5827 vero
1581 5770 1789 5828 omnium
1813 5777 2054 5830 bonorum.

1725 356 1782 412 S.
1815 360 1850 411 Λ
1863 356 2174 414 υϐυδτικι
2205 357 2504 414 EPISCOPI

2189 469 2274 538 qui
2302 471 2488 535 vivunt,
2508 472 2620 540 jam
2640 489 2741 527 non
2763 474 2858 528 sibi
2881 474 3067 543 vivant,
3089 475 3223 531 sicut
3251 479 3325 533 ait
3349 479 3655 548 Apostolus,
3677 488 3764 539 sed

2187 560 2232 612 ei
2257 561 2344 628 qui
2373 577 2463 629 pro
2485 561 2610 629 ipsis
2635 572 2857 619 mortuus
2882 574 2958 620 est
2976 575 3022 619 et
3044 568 3315 624 resisti-east
3333 569 3398 643 (ll
3419 568 3539 626 Cor.
3569 588 3626 637 v,
3642 574 3760 644 {5).

2187 650 2292 706 Pro
2319 652 2417 707 hoc
2436 654 2577 708 enim
2603 654 2862 711 mediator
2877 655 3099 716 effectus
3121 670 3223 726 est,
3252 669 3310 716 ut
3341 677 3439 718 nos
3457 666 3767 720 reconciliet

2185 740 2296 796 Deo
2323 757 2416 810 per
2454 742 2803 801 humilitatem
2826 786 2842 811 ,
2871 762 2903 802 ει
2931 762 3038 818 quo
3065 765 3160 819 per
3195 750 3408 822 impiam
3454 754 3764 824 superbiam

2184 829 2340 902 longe
2379 848 2786 914 recesseramus.
2808 837 3000 909 Neque
3032 841 3175 895 enim
3225 851 3427 898 tantum
3457 845 3584 900 illud
3621 847 3761 903 scri-

2182 931 2327 990 phnn
2349 933 2449 988 est,
2470 926 2611 994 quod
2631 942 2789 998 supra
2819 931 2991 1000 posui,
3024 929 3238 988 Initium
3265 936 3426 990 omnis
3453 940 3649 1008 peccati
3670 958 3764 995 su-

2183 1012 2386 1081 perbia;
2423 1015 2516 1069 sed
2551 1017 2711 1072 etiam
2747 1017 2852 1075 hoc
2897 1019 2966 1074 ibi
3006 1021 3196 1092 legitur
3225 1041 3239 1078 :
3266 1021 3477 1080 Initium
3514 1029 3766 1099 superbia

2180 1100 2414 1170 hominis,
2433 1115 2716 1174 apostatare
2739 1125 2771 1162 a
2801 1109 2909 1164 Deo
2937 1109 3121 1182 (Eccli.
3149 1128 3208 1179 x,
3231 1114 3315 1182 14,
3345 1115 3458 1189 15).
3488 1116 3603 1174 Non
3632 1135 3770 1192 ergo

2178 1194 2276 1250 sibi
2303 1197 2448 1251 vivat
2466 1201 2706 1270 quisque,
2732 1201 2826 1257 sed
2849 1202 3090 1270 Christo;
3113 1204 3314 1262 faciens
3341 1223 3447 1264 non
3465 1225 3641 1278 suam,
3663 1213 3768 1269 sed

2177 1285 2344 1356 ipsius
2369 1289 2725 1359 voluntatem,
2747 1303 2802 1350 et
2823 1294 3121 1352 manens‘in
3151 1298 3268 1369 ejus
3294 1299 3585 1374 charitate;
3621 1305 3764 1361 sicut

2175 1387 2230 1434 et
2255 1379 2366 1448 ipse
2393 1380 2517 1437 fecit
2545 1384 2866 1442 voluntatem
2895 1387 3086 1454 Patris,
3118 1397 3174 1444 et
3199 1399 3378 1446 manet
3404 1392 3456 1446 in
3484 1391 3601 1461 ejus
3625 1394 3760 1449 cha-

2175 1470 2350 1528 ritate.
2380 1473 2502 1530 [hee
2521 1477 2716 1548 quippe
2735 1494 2830 1534 nos
2852 1479 3167 1546 admonens,
3198 1491 3254 1538 et
3266 1484 3510 1553 exemplo
3530 1499 3631 1541 suo
3659 1503 3759 1542 ex-

2173 1561 2414 1632 hortans,
2439 1569 2490 1622 in
2520 1569 2812 1642 Evangelia
2832 1587 2929 1628 suo
2955 1573 3166 1630 locutus
3195 1583 3277 1630 est
3303 1575 3480 1646 (Joan.
3510 1593 3604 1644 xv,
3635 1578 3752 1648 10).

2173 1652 2226 1709 Si
2253 1664 2427 1712 autem
2455 1658 2565 1728 ipse
2594 1676 2715 1716 cum
2759 1662 2811 1716 in
2854 1663 3023 1718 forma
3051 1665 3143 1720 Dei
3173 1666 3391 1735 aequalis
3418 1677 3562 1724 esset
3586 1668 3755 1732 Patri,

2173 1755 2347 1804 tamen
2375 1765 2469 1821 per
2510 1753 2731 1808 formam
2775 1757 2936 1822 servi,
2976 1771 3132 1826 quam
3166 1765 3386 1828 prapter
3404 1772 3502 1813 nos
3525 1760 3753 1831 accepit,

2171 1854 2278 1894 non
2309 1855 2458 1896 suam
2487 1843 2833 1912 voluntatem,
2859 1846 2953 1902 sed
2980 1846 3156 1903 Patris
3183 1863 3241 1904 se
3268 1847 3442 1906 facere
3476 1864 3756 1905 commen~

2169 1929 2340 1996 davit;
2381 1943 2580 2002 quanto
2609 1935 2776 2006 magis
2806 1953 2924 2002 nos,
2968 1940 3182 2008 propria
3220 1939 3531 2012 privataque
3567 1952 3756 1997 nostra

2170 2022 2438 2080 voluntate
2484 2035 2787 2098 contempta
2828 2045 2930 2099 qua
2979 2031 3236 2087 tenebrati
3278 2048 3480 2098 sumus,
3524 2034 3590 2088 ad
3623 2034 3758 2090 illud

2168 2126 2449 2170 commune
2477 2115 2673 2182 lumen,
2699 2126 2760 2173 nt
2786 2120 3144 2177 illuminemur
3167 2131 3222 2178 et
3247 2123 3423 2178 vultus
3448 2125 3618 2189 nostri
3644 2139 3752 2181 non

2166 2204 2500 2271 erubescant,
2525 2207 2780 2264 debemus
2791 2211 3069 2280 accedere,
3092 2214 3235 2284 quod
3255 2215 3515 2272 illuminat
3534 2233 3754 2274 omnem

2169 2294 2436 2351 hominem
2462 2299 2758 2354 venientem
2803 2301 2859 2356 in
2901 2302 3040 2358 hunc
3077 2305 3331 2360 mundum
3371 2305 3482 2377 (Id.
3512 2323 3551 2376 ι,
3583 2308 3662 2379 9),
3693 2319 3752 2365 ιιι

2167 2388 2343 2444 anima
2395 2401 2573 2444 nostra
2604 2391 2702 2460 ipsi
2732 2393 2900 2448 vivat!
2935 2395 3048 2452 Hoc
3081 2397 3222 2453 enim
3265 2398 3334 2453 de
3369 2399 3525 2455 nobis
3559 2415 3753 2458 conse-

2165 2488 2391 2549 quenter
2418 2481 2678 2553 adjungit,
2705 2499 2828 2540 cum
2855 2485 3010 2555 dicit,
3052 2487 3119 2542 Et
3163 2505 3331 2545 semen
3368 2507 3535 2546 meum
3571 2495 3755 2549 seruies

2164 2567 2243 2622 illi
2260 2585 2279 2623 :
2300 2571 2547 2640 quoniam
2576 2573 2664 2643 qui
2687 2575 2914 2630 seminat
2937 2575 3133 2632 bonum
3157 2593 3364 2646 semen,
3384 2579 3523 2636 ﬁlius
3544 2591 3631 2638 est
3653 2582 3756 2639 bo-

2165 2659 2352 2725 minis;
2381 2661 2576 2716 bonum
2606 2673 2780 2720 autent
2817 2681 3022 2734 semen,
3048 2667 3100 2722 bi
3129 2677 3254 2724 sum
3279 2670 3370 2724 filii
3397 2671 3566 2743 regni.

2234 2753 2316 2807 CA
2326 2753 2456 2809 PUT
2479 2753 2666 2810 XXIX.
2681 2785 2752 2796 —
2766 2757 2858 2812 69.
2875 2757 3003 2814 Haec
3028 2773 3192 2831 [torre
3211 2761 3386 2817 omnia
3401 2777 3520 2832 qua
3535 2763 3591 2818 in
3605 2763 3754 2834 psal-

2165 2857 2253 2898 mo
2281 2844 2384 2899 isto
2408 2843 2548 2900 dicta
2573 2855 2716 2912 sunt,
2741 2849 2862 2918 quia
2889 2864 2995 2905 non
3023 2851 3088 2905 ad
3120 2865 3354 2920 praesens
3387 2861 3621 2924 tempus,
3651 2855 3750 2910 sed

2163 2935 2228 2990 ad
2251 2935 2543 2992 futurorum
2571 2939 2907 3010 prephetiam
2931 2943 3294 3012 pertinebant,
3324 2945 3459 3001 sicut
3485 2948 3647 3002 etiam
3667 2949 3752 3019 ip-

2164 3029 2238 3083 sis
2263 3029 2422 3084 rebus
2437 3041 2684 3100 apparet;
2711 3033 2789 3088 sic
2808 3049 2934 3089 eum
2949 3035 3267 3092 concludere
3281 3037 3467 3106 voluit,
3484 3047 3546 3093 ut
3563 3048 3751 3096 osten-

2163 3119 2314 3175 deret
2339 3135 2399 3176 se
2422 3137 2528 3176 non
2557 3126 2836 3194 praesentia
2862 3125 3250 3196 demonstrare,
3272 3130 3357 3185 vel
3375 3145 3591 3188 narrare
3607 3147 3750 3204 pm-

2163 3211 2338 3276 terita,
2380 3211 2473 3267 sed
2513 3211 2684 3268 futura
2729 3215 3078 3285 prophetare:
3107 3219 3520 3288 Annuntiabitur,
3549 3222 3743 3294 inquit,

2165 3301 2384 3355 Domino
2412 3305 2665 3373 generatio
2705 3315 2930 3372 uentura,
2975 3317 3023 3362 et
3059 3310 3427 3365 enuntiabant
3451 3313 3569 3367 eali
3585 3315 3748 3385 justi.

2164 3393 2286 3446 tiam
2309 3395 2418 3464 ejus
2440 3395 2630 3466 populo
2653 3398 2740 3468 qui
2761 3409 3015 3465 nascetur,
3036 3416 3184 3469 quem
3204 3403 3322 3474 fecit
3342 3402 3609 3461 Dominus.
3628 3405 3750 3463 Non
3851 3393 3870 3402 r

2162 3484 2255 3552 ait,
2279 3486 2690 3542 Annuntiabitur
2715 3489 2969 3544 Dominus
2983 3493 3312 3563 generationi
3337 3502 3607 3561 ventum;
3626 3497 3743 3563 sed,

2162 3575 2548 3633 Annuntiabitur
2567 3578 2785 3634 Domino
2809 3583 3062 3651 generatio
3082 3595 3288 3638 ventura
3309 3600 3328 3637 :
3355 3585 3497 3655 quod
3529 3600 3638 3640 non
3664 3587 3747 3643 sie

2163 3668 2524 3738 accipiendum
2547 3679 2649 3738 est,
2675 3680 2922 3743 tanquam
2949 3674 3206 3730 nescienti
3236 3675 3431 3745 aliquid
3456 3677 3748 3733 annuntie-

2164 3768 2250 3814 tur
2273 3769 2329 3815 ut
2353 3761 2518 3828 sciat;
2547 3762 2642 3818 sed
2672 3764 2807 3818 sicut
2835 3766 3148 3821 annuntiant
3175 3767 3382 3838 Angeli,
3426 3784 3533 3823 non
3564 3771 3740 3832 solum

2163 3850 2314 3906 nobis
2342 3851 2594 3908 beneficia
2619 3854 2733 3922 Dei,
2761 3869 2944 3910 verum
2973 3857 3130 3911 etiam
3175 3857 3249 3912 illi
3285 3873 3468 3927 preces
3506 3871 3745 3917 nostras.

2161 3939 2292 3994 Nam
2319 3943 2570 4013 scriptum
2595 3951 2698 4009 est,
2727 3943 2818 3998 ttbi
2870 3946 3090 4016 angelus
3129 3947 3429 4002 hominibus
3453 3948 3602 4016 dicit,
3631 3950 3748 4022 Ego

2162 4029 2322 4085 obtuli
2369 4034 2661 4087 memoriam
2686 4035 2928 4090 orationis
2969 4047 3146 4092 vestrae
3180 4038 3328 4110 (Τοῦ.
3355 4055 3448 4106 xtt,
3481 4040 3607 4113 12):
3635 4057 3746 4099 non

2164 4131 2223 4178 ut
2252 4131 2376 4177 tunc
2402 4124 2544 4179 Deus
2585 4125 2792 4180 noverit
2814 4126 2940 4197 quid
2967 4127 3210 4195 velimus,
3245 4129 3328 4184 vel
3368 4145 3474 4201 quo
3501 4131 3748 4204 indigea-

2166 4228 2317 4274 mus;
2350 4212 2506 4268 Novit
2532 4215 2664 4269 enim
2694 4225 2836 4286 pater
2858 4227 3036 4282 vester,
3063 4220 3135 4274 ait
3162 4221 3434 4290 Dominus,
3461 4224 3586 4294 quid
3606 4225 3749 4281 vobis

2163 4308 2496 4360 necessarium
2523 4308 2588 4361 sit
2617 4309 2908 4378 priusquam
2939 4312 3118 4381 petatis
3147 4312 3209 4366 ab
3235 4329 3294 4366 eo
3322 4312 3529 4386 (Matth.
3557 4331 3634 4383 Vt,
3661 4317 3743 4387 8):

2165 4399 2258 4453 sed
2283 4400 2402 4468 quia
2431 4416 2646 4456 necesse
2680 4401 2841 4456 habet
2868 4403 3144 4460 rationalis
3175 4414 3418 4461 creatura
3458 4407 3746 4482 obtempe-

2165 4505 2288 4546 rans
2310 4491 2439 4558 Deo,
2485 4493 2802 4562 temporales
2842 4508 3029 4550 causas
3057 4494 3123 4550 ad
3167 4505 3420 4554 mternam
3461 4501 3747 4556 veritatem

2166 4580 2388 4648 referre,
2418 4583 2532 4637 sive
2559 4583 2785 4651 petendo
2811 4584 2951 4654 quod
2992 4600 3114 4657 erga
3153 4601 3215 4642 se
3251 4587 3360 4652 fiat,
3403 4590 3516 4646 sive
3544 4605 3750 4647 consu-

2165 4671 2324 4726 lendo
2351 4670 2479 4741 quid
2503 4671 2686 4738 faciat;
2713 4675 2801 4743 qui
2832 4674 2951 4744 pius
2969 4676 3160 4731 mentis
3175 4677 3397 4733 affectus
3413 4688 3517 4748 est,
3546 4689 3606 4736 ut
3629 4683 3746 4752 ipsa

2163 4769 2516 4831 construatur,
2533 4778 2639 4818 non
2665 4772 2720 4818 ut
2747 4764 2888 4820 Deus
2911 4765 3222 4822 instruatur.
3239 4768 3372 4824 Nam
3393 4779 3449 4824 et
3469 4770 3584 4826 haec
3598 4787 3750 4845 qua:-

2164 4853 2284 4909 dam
2304 4856 2618 4911 contestatio
2645 4857 2917 4913 rationalis
2936 4868 3196 4914 creaturae
3221 4868 3324 4927 est,
3348 4862 3490 4932 quod
3515 4879 3619 4918 non
3640 4864 3749 4922 sibi

2165 4949 2275 5018 ipsa
2302 4950 2373 5004 sit
2397 4950 2596 5006 bonum
2625 4965 2733 5020 quo
2761 4950 2914 5012 beata
2944 4951 3055 5019 fiat,
3093 4951 3187 5008 Sed
3219 4953 3348 5008 illud
3386 4955 3750 5013 incommuta-

2164 5038 2270 5094 bile
2287 5039 2436 5110 cujus
2465 5030 2864 5111 participatione
2892 5041 3050 5097 etiam
3077 5043 3288 5113 sapiens
3313 5044 3563 5101 efficitur.

2235 5129 2323 5185 70.
2362 5130 2484 5186 Sive
2511 5130 2582 5185 ita
2613 5131 2811 5186 dictum
2848 5138 2951 5199 est,
2992 5133 3384 5188 Annuutiabitur
3412 5134 3632 5192 Domino
3657 5156 3755 5210 ge-

2164 5223 2356 5276 neratio
2380 5232 2607 5291 uentura,
2637 5238 2700 5278 ac
2719 5223 2763 5278 si
2784 5223 3071 5290 diceretur,
3099 5225 3323 5281 Domino
3351 5227 3754 5301 placebuntqui

2165 5313 2551 5368 annuntiabunt
2573 5329 2680 5369 non
2709 5314 2843 5381 sibi;
2877 5323 2934 5369 ut
2959 5315 3032 5370 ita
3059 5315 3130 5370 sit
3154 5315 3379 5373 Domino
3403 5322 3753 5391 anno-tiara,

2164 5409 2302 5462 sicut
2323 5417 2405 5463 est
2423 5408 2646 5464 Domino
2661 5407 2841 5465 vivere
2858 5425 2874 5463 :
2895 5409 2974 5464 sic
2992 5409 3191 5464 dictum
3205 5418 3309 5479 est,
3335 5411 3435 5478 Qui
3447 5416 3756 5485 mandatas,

2165 5498 2386 5553 Domino
2422 5500 2728 5565 mandarat;
2766 5510 2811 5555 et
2838 5501 2925 5571 qui
2949 5517 3048 5555 non
3078 5502 3364 5568 manducat,
3396 5502 3616 5560 Domino
3641 5523 3762 5562 non

2163 5591 2452 5646 manducat.
2479 5591 2560 5647 Ad
2587 5593 2689 5648 hoc
2715 5594 2910 5664 quippe
2937 5593 3158 5660 addidit,
3187 5594 3253 5649 Et
3272 5597 3462 5667 gratias
3483 5600 3590 5669 agit
3610 5598 3757 5669 Deo,

2166 5692 2220 5736 ut
2247 5683 2620 5740 ostenderetur
2635 5685 2758 5755 quid
2775 5693 2934 5748 esset.
2953 5684 3171 5740 Domino
3189 5689 3310 5757 facit
3324 5687 3502 5758 (Rom.
3526 5705 3639 5756 xrv,
3662 5692 3760 5762 6),

2170 5775 2220 5828 id
2252 5784 2349 5839 est,
2383 5776 2434 5829 in
2473 5775 2587 5844 ejus
2629 5776 2858 5834 laudem
2885 5777 3020 5833 facit.
3052 5778 3200 5835 Tunc
3237 5779 3377 5836 enim
3415 5791 3580 5852 recte,
3622 5791 3768 5842 tunc
