2061 3175
190 193 242 222 569

187 251 267 284 juste,
283 254 345 275 tunc
364 248 406 282 pie
427 247 465 280 th,
481 255 540 274 cum
554 254 621 281 opus
638 247 735 273 bonum
755 247 780 273 in
795 246 851 280 ejus
867 246 969 272 laudem

188 296 218 322 lit
229 295 304 328 cujus
316 293 400 329 gratia
414 293 527 320 donatur
537 297 566 320 ut
580 293 633 319 ﬁat.
648 293 685 319 Ac
700 299 745 326 per
759 291 809 318 hoc
823 291 923 318 etiamsi
939 299 970 318 eo

189 340 268 368 modo
281 339 411 375 quispiam
425 339 481 366 lucc
496 338 573 365 verba
589 338 736 372 intelligere
753 337 825 369 velit,
839 342 867 364 ut
879 345 969 364 eorum

189 388 239 414 iste
253 386 319 414 ordo
330 386 375 418 sil,
390 385 587 412 Annuntiabitur
597 384 706 411 Domino
718 384 843 420 generalia
857 389 968 416 ventura,

187 433 213 460 id
224 437 274 465 est,
288 440 319 460 ea
339 431 474 467 generatio
488 430 683 458 annuntiabitur
696 438 754 465 quac
772 431 883 458 Domino
905 438 969 457 vcn-

187 483 246 506 tura
259 482 309 511 est,
325 477 459 512 generatio
471 476 571 504 scilicet
588 476 691 511 piorum
711 481 789 510 atque
808 481 969 509 sanctorum,

187 524 247 557 quia
270 523 411 557 impiorum
436 526 463 549 et
485 521 674 549 sceleratorum
696 521 828 556 generatio
848 529 900 548 non
917 522 970 548 Do-

186 570 270 602 mino,
288 569 335 597 sed
355 570 404 597 sibi
429 573 537 596 ventura
552 573 608 595 est:
621 568 653 596 ab
668 568 759 595 eadem
781 568 970 602 significatione

187 623 240 642 non
253 615 395 648 reccditur,
415 622 465 649 qua
487 614 645 648 intelligatur
658 614 752 640 anima:
767 614 931 648 participatio
944 614 969 640 in

187 662 317 696 idipsum;
332 661 356 688 id
368 665 419 693 est,
435 660 589 688 rationalem
603 664 760 691 creaturam,
778 667 837 686 cum
857 659 890 685 sit
910 667 969 685 nm—

187 707 284 739 tabilis,
296 714 348 733 non
361 706 414 733 fieri
426 706 529 733 beatam
543 705 593 731 nisi
604 712 618 731 a
630 705 735 739 proprio
751 712 798 730 suo
811 704 929 731 tnntabili
937 703 970 730 ad

185 751 401 779 incommutabile
415 751 523 782 bonum,
536 749 657 784 idemque
671 756 810 776 commune
824 748 891 782 quod
903 749 970 776 Deus

185 802 235 830 est,
252 805 266 824 a
280 804 332 832 quo
347 796 459 830 superba
484 796 617 830 impietate
632 795 741 827 abstitit,
762 795 854 821 humili
874 795 971 828 pietate

185 850 311 869 conversa
325 842 458 869 subsistat.
475 841 502 867 In
515 850 568 876 quo
579 841 671 868 affectu
684 841 833 875 proficiens,
846 841 970 876 quidquid

185 887 247 916 boni
263 888 333 919 facit,
350 887 461 914 Domiuo
475 887 545 919 facit,
562 887 611 914 hoc
630 891 670 914 est
682 887 707 913 in
721 887 778 921 ejus
793 887 906 919 laudem,
923 895 969 914 cu-

185 934 226 970 ius
240 934 351 968 gratiam
373 934 491 968 percepit
505 938 533 960 ut
547 933 638 965 faciat;
655 933 723 959 unde
737 938 777 960 est
791 934 859 959 actio
872 933 970 968 gratia-

184 987 254 1012 rum,
264 987 322 1013 qua:
335 979 427 1005 intimo
441 979 555 1006 ﬁdelium
570 978 697 1013 mysterio
708 978 863 1006 celebratur.

219 1024 331 1052 CAPUT
346 1024 521 1054 XXX.—7i.
537 1025 600 1052 lllttd
615 1029 701 1051 autem
711 1025 780 1059 quod
795 1025 922 1060 sequitur,
938 1025 970 1051 Et

183 1070 366 1097 annuntiabuut
382 1071 507 1105 justitiam
521 1071 575 1105 ejus
589 1070 681 1106 populo
696 1071 737 1105 qui
750 1075 879 1103 nasrelur,
895 1080 967 1105 quem

184 1116 243 1151 fecit
253 1115 385 1147 Dominus,
400 1116 543 1148 superioris
559 1123 653 1142 sensus
665 1116 829 1142 conﬁrmatio
842 1121 891 1143 est.
904 1116 969 1143 Nam

183 1161 254 1195 qttod
267 1161 301 1188 ibi
316 1161 413 1187 dictum
434 1167 490 1193 est,
507 1161 702 1188 Annuntiabitur
718 1160 825 1187 Dontiuo
844 1162 969 1196 generatio

183 1211 307 1233 ventura:
322 1206 372 1233 hoc
391 1210 432 1233 Cal
445 1206 543 1233 dictutn
558 1206 614 1237 hic,
630 1207 811 1233 annuntiabuut
827 1207 969 1242 ‘justitiam

183 1252 248 1288 ejus.
269 1251 327 1285 Ipsa
340 1251 436 1285 quippe
454 1251 589 1285 generatio
608 1258 666 1285 qua:
684 1256 793 1278 ventura
813 1252 969 1286 propltelata

183 1300 225 1324 est
239 1296 341 1331 piorum
370 1301 448 1331 atque
464 1301 614 1323 sanctorum
627 1317 634 1327 ,
647 1296 746 1329 justitia
761 1298 770 1311 ²
789 1296 833 1323 Dei
849 1302 899 1329 cst,
917 1305 968 1324 non

183 1342 301 1376 ipsorum
315 1351 321 1368 :
334 1350 368 1372 ne
386 1342 439 1369 sint
452 1350 483 1369 ex
499 1342 550 1369 illis
564 1342 608 1377 qui
623 1343 763 1377 ignorantes
777 1343 824 1370 Dei
832 1344 967 1377 justitiam,

182 1392 206 1415 et
217 1396 290 1414 suam
303 1388 411 1414 volentes
424 1388 572 1414 constituere
581 1408 587 1419 ,
597 1388 703 1423 justitire
715 1387 760 1413 Dei
774 1396 823 1414 non
838 1393 895 1415 sunt
909 1389 969 1415 sub-

178 1433 240 1469 jecti
250 1433 413 1469 (Rom.x,3).
425 1434 470 1460 Illa
480 1441 591 1469 namque
601 1433 702 1468 justitia
714 1434 760 1460 Dei
771 1435 970 1462 commendatur

184 1479 210 1505 in
223 1486 255 1506 eo
268 1479 337 1513 quod
353 1479 462 1511 dicitur,
477 1480 619 1514 ignorantes
639 1479 685 1505 Dei
701 1479 826 1513 justitiam
837 1501 843 1511 ,
856 1488 905 1514 qua
921 1488 969 1507 nos

183 1532 214 1551 ex
231 1524 287 1558 ejus
302 1525 383 1558 gratia
402 1524 463 1558 justi
485 1532 575 1551 sumus
593 1533 598 1550 :
617 1528 645 1550 ut
660 1524 714 1559 ipsa
735 1524 834 1558 justitia
850 1524 906 1559 ejus
921 1532 968 1552 nos

183 1570 277 1603 simus,
293 1578 352 1597 cum
362 1570 432 1604 juste
443 1570 564 1603 vivimus,
576 1570 714 1597 credentes
727 1570 752 1596 in
765 1578 824 1597 eum
838 1571 880 1606 qui
889 1571 968 1604 justi-

183 1616 244 1643 licat
256 1616 364 1650 impium
381 1615 435 1649 (Irl.
450 1624 486 1649 tv,
499 1615 524 1649 5)
539 1624 545 1647 ;
563 1624 614 1642 non
632 1615 675 1642 illa
691 1624 740 1650 qtta
757 1616 812 1650 ipse
829 1615 915 1649 justus
928 1620 968 1643 est

181 1667 281 1690 a-terna
295 1670 341 1689 sua
357 1667 382 1688 et
399 1662 605 1688 incommutabili
619 1662 728 1696 justitia.
751 1662 812 1691 “:06
826 1663 913 1697 itaque
923 1663 967 1697 ju-

180 1707 263 1738 slitia,
278 1715 328 1741 qua
350 1714 399 1734 nos
420 1707 465 1734 Dei
482 1715 589 1734 munere
601 1708 665 1742 justi
688 1716 778 1734 sumus
789 1729 796 1741 ,
808 1708 968 1743 significatur

181 1753 208 1780 in
227 1753 328 1789 psalmo
350 1754 410 1786 illo,
428 1754 470 1780 ubi
492 1754 617 1788 scriptum
642 1759 700 1781 est:
720 1754 824 1781 Iustitia
844 1760 887 1781 tua
905 1756 967 1781 sicut

179 1803 275 1824 utentes
286 1797 332 1824 Dei
344 1798 428 1832 (Psal.
438 1807 520 1830 xxxv,
534 1798 570 1834 '7).
584 1799 685 1826 Montes
703 1800 798 1836 quippe
812 1800 855 1826 Dei
867 1821 873 1831 ,
883 1800 966 1826 sancti

181 1842 238 1876 ejus
258 1847 334 1875 sunt;
350 1843 383 1870 de
398 1844 491 1878 quibus
506 1844 566 1870 alibi
585 1844 697 1871 dicitur:
714 1844 858 1879 Suscipiunt
872 1850 966 1871 montes

180 1896 266 1921 pacem
287 1888 380 1922 popqu
400 1894 440 1915 tuo
456 1888 543 1923 (Psul.
558 1897 638 1922 Lxxt,
651 1888 695 1924 5).
719 1890 751 1915 Et
768 1890 850 1916 multa
874 1890 907 1916 de
926 1890 966 1916 his

179 1932 313 1961 montibus
331 1933 427 1967 scripta
447 1937 508 1959 sunt.
527 1933 634 1967 figurata
658 1934 803 1966 locutione,
816 1942 873 1969 qua:
893 1942 966 1961 com~

179 1985 328 2006 memorare
342 1986 411 2006 nunc
424 1979 532 2013 longum,
544 1983 593 2005 cst.
607 1979 658 2006 Sed
670 1979 728 2014 quia
739 1980 789 2006 hoc
800 1980 882 2014 ipsum
895 1981 964 2015 quod

179 2023 248 2050 Deus
263 2023 389 2057 justiﬁcat
407 2024 544 2055 homines,
560 2024 638 2051 nimis
662 2025 764 2051 occulto
784 2025 883 2059 judicio
905 2025 966 2053 facit

180 2068 315 2104 (quoniam
335 2070 446 2105 gratuita
461 2070 544 2104 gratia
558 2069 635 2101 facit;
650 2070 671 2096 si
691 2075 778 2097 autem
800 2071 897 2105 gratia,
913 2080 964 2097 non

178 2122 211 2141 ex
225 2115 358 2149 operibus,
375 2115 488 2149 alioquin
502 2116 584 2149 gratia
595 2115 649 2149 jam
664 2123 714 2142 non
730 2121 769 2142 est
781 2117 862 2150 gratia
878 2116 964 2153 [Rom.

178 2167 215 2192 si,
231 2159 257 2196 6]
271 2168 277 2192 ;
293 2167 324 2187 ex
340 2160 391 2187 hoc
408 2161 503 2196 quippe
517 2161 644 2195 incipiunt
663 2168 742 2195 opera
764 2162 831 2188 bona
843 2183 850 2194 ,
866 2171 898 2189 cx
913 2171 965 2198 quo

177 2204 369 2239 justilicamur;
388 2213 439 2232 non
462 2206 522 2240 quia
543 2210 753 2240 praecesserunt,
772 2206 964 2241 justilleamur:

178 2255 205 2277 ct
218 2250 270 2278 hoc
279 2256 319 2278 est
330 2251 498 2286 profundum,
508 2251 540 2279 de
553 2260 604 2286 quo
613 2252 734 2287 superius
744 2253 797 2287 jam
809 2254 889 2280 multa
898 2254 966 2281 dixi-

179 2295 261 2330 mus),
275 2297 400 2323 continuo
423 2297 447 2323 in
464 2295 556 2323 eodem
568 2297 669 2331 psalmo
684 2305 743 2324 cum
756 2298 874 2331 dixisset,
884 2298 965 2325 Justi-

180 2340 216 2367 tia
231 2346 274 2368 tua
286 2343 351 2368 velut
364 2346 458 2368 montes
473 2341 534 2375 Del,
551 2342 700 2376 subjunxit,
716 2343 819 2370 Iudicia
837 2349 880 2370 tua
900 2346 965 2372 velut

178 2387 283 2422 abyssus
298 2388 386 2414 multa.
403 2388 465 2414 Inde
480 2389 550 2414 venit
570 2388 603 2415 ad
624 2389 734 2416 salutem
755 2389 904 2418 hominibus
921 2391 964 2425 ju-

178 2434 326 2468 mentisquc
340 2441 517 2465 communem,
526 2434 585 2468 quia
594 2439 619 2461 et
632 2434 688 2468 ipsa
694 2442 725 2461 cx
733 2436 911 2463 misericordia
919 2437 964 2464 Dei

177 2483 227 2511 est,
239 2483 266 2505 et
277 2479 350 2511 dicit,
361 2478 482 2505 Homines
493 2484 515 2505 et
524 2480 638 2514 iumenta
650 2480 730 2507 salvos
742 2481 828 2515 facies,
843 2481 964 2515 Domine;

177 2523 241 2551 sicut
260 2524 426 2558 multiplicata
446 2528 483 2551 est
503 2525 673 2551 misericordia
688 2530 729 2552 tua
740 2547 747 2558 ,
764 2526 848 2553 Deus:
861 2532 888 2554 ut
903 2527 964 2554 hinc

177 2569 354 2604 intelligamus
373 2570 452 2597 etiam
470 2570 540 2598 illam
549 2571 660 2598 salutem
671 2573 856 2607 sempiternam
870 2578 897 2600 ct
914 2574 963 2600 im-

177 2616 315 2643 mortalem
329 2615 362 2643 de
376 2624 426 2651 qua
442 2616 505 2643 dicit
519 2616 668 2650 Apostolus,
683 2617 735 2652 Spe
750 2619 814 2645 enim
827 2619 890 2645 salvi
904 2620 965 2654 [acti

178 2669 265 2687 sumus
277 2661 286 2694 (
297 2660 340 2687 Id.
351 2669 396 2688 vui
407 2682 413 2694 ,
425 2661 470 2696 24)
481 2682 488 2694 ,
500 2661 620 2688 similiter
633 2666 661 2689 ut
680 2663 755 2689 istam
770 2671 828 2698 qua:
849 2665 963 2691 homini-

178 2706 228 2734 bus
238 2705 417 2741 jumentisque
436 2707 585 2735 communis
599 2711 655 2739 est,
670 2708 752 2742 gratis
770 2717 818 2736 nos
831 2711 962 2745 accipere,

179 2759 232 2780 nou
246 2760 278 2780 ex
291 2753 426 2788 operibus,
442 2760 475 2781 ne
489 2753 557 2780 forte
571 2754 629 2789 quis
641 2754 797 2787 extollatur;
809 2756 868 2789 quia
883 2764 962 2790 opera

209 2831 217 2849 ⁸
234 2831 272 2863 sic
281 2833 335 2856 lss.
347 2830 456 2863 melioris
470 2835 584 2863 notamus
601 2831 692 2863 vulgati
701 2832 807 2863 habent,
819 2832 857 2858 hic
867 2836 902 2859 est
913 2834 963 2860 dic-

177 2863 236 2888 tum.
255 2860 307 2886 hazc
317 2862 466 2894 atmuntiabit
470 2862 591 2894 justitiam
601 2860 661 2893 ejus.

209 2894 218 2908 ι
236 2896 288 2917 ass.
302 2892 413 2927 plerique
426 2900 432 2918 ε
447 2892 519 2925 atque
530 2892 666 2919 sanctorum
673 2893 775 2925 justitia:
788 2894 831 2920 Ini
842 2898 884 2920 est.

779 187 1020 229 EPJSTOLAIIUM
1037 188 1173 220 CLASSIS
1189 192 1232 220 ill.

1760 203 1813 230 570

1023 246 1091 274 bona
1105 256 1137 276 ex
1146 249 1229 284 ipsius
1238 249 1427 285 justiticatione
1439 259 1587 292 operamur.
1600 254 1685 291 Ipsius
1694 259 1760 286 enim
1768 268 1812 286 su-

1023 300 1078 319 mus
1091 293 1244 328 ﬁgmentum,
1254 296 1329 323 creati
1339 296 1365 323 in
1374 295 1474 325 Christo
1486 298 1547 325 Jesu
1560 300 1586 326 in
1597 301 1712 335 operibus
1725 303 1809 334 bouis,

1022 345 1077 372 qua:
1085 340 1232 372 prttparattit
1239 339 1307 367 Deus
1314 346 1340 367 ut
1347 342 1373 368 in
1381 342 1432 370 illis
1439 344 1592 372 ambulemus
1601 345 1678 381 (Eph.
1687 348 1807 380 11,840).

1024 382 1056 428 Et
1068 382 1111 409 illa
1127 384 1197 411 salus
1209 392 1273 420 ergo
1287 387 1398 421 gratuita
1416 392 1471 422 est,
1486 389 1520 417 de
1531 398 1581 426 qua
1601 391 1627 419 iu
1642 392 1694 420 alio
1709 394 1810 428 psalmo

1022 427 1118 456 dicitur
1130 438 1136 455 :
1152 430 1254 458 Domini
1268 436 1303 459 est
1317 433 1385 460 salus
1396 454 1404 468 ,
1419 439 1441 461 et
1453 443 1529 470 super
1541 436 1664 471 populum
1680 427 1750 465 tuum
1768 439 1810 467 be-

1023 474 1128 502 nedictio
1143 481 1185 503 tua
1201 476 1285 512 (Psal.
1297 486 1336 512 ιιι,
1350 479 1389 514 9).
1747 473 1750 477 ’

1058 520 1101 548 72.
1120 521 1193 549 Sicut
1204 530 1267 557 ergo
1279 524 1347 558 quod
1362 524 1456 560 legitur
1465 547 1472 559 ,
1486 525 1588 554 Domini
1600 531 1637 554 est
1656 528 1725 556 salus
1734 549 1742 561 ,
1753 537 1806 557 non

1022 573 1054 595 ea
1068 567 1138 594 salus
1151 567 1305 603 intelligitur
1317 577 1367 604 qua
1383 570 1509 599 Dominus
1523 572 1612 600 salvus
1626 578 1684 606 est;
1697 573 1744 601 sed
1758 582 1807 609 qua

1023 609 1049 637 hi
1061 611 1125 638 salvi
1140 616 1210 644 sunt,
1225 620 1292 647 quos
1307 614 1363 648 ipse
1384 615 1470 643 salvos
1484 615 1545 643 facit
1557 625 1564 644 :
1578 617 1616 645 sic
1634 625 1695 645 cum
1713 618 1808 654 legitur

1023 655 1069 682 Dei
1080 655 1192 689 justitia,
1208 657 1233 684 in
1248 665 1280 685 eo
1297 658 1367 693 quod
1382 660 1507 694 scriptum
1522 666 1579 695 est,
1595 661 1745 697 Ignorantes
1761 664 1808 691 Dei

1016 702 1154 737 justitiam,
1169 709 1192 731 et
1204 713 1275 732 suam
1287 706 1395 733 nolentes
1408 707 1574 740 constituere;
1589 717 1643 737 non
1656 714 1697 737 est
1709 710 1753 738 illa
1768 711 1808 738 in.

1022 748 1161 783 telligenda
1174 758 1225 785 qua
1239 750 1308 778 Deus
1317 751 1403 786 justus
1415 755 1470 785 est,
1484 753 1531 780 sed
1544 761 1595 788 qua
1608 754 1672 789 justi
1686 761 1748 783 sunt
1757 756 1806 783 ho-

1021 794 1106 822 mines
1116 803 1183 830 quos
1193 797 1274 831 gratia
1285 805 1332 824 sua
1342 798 1477 832 justilicat.
1496 798 1558 827 Inde
1568 800 1638 827 enim
1649 801 1726 833 salvi,
1738 801 1807 831 unde

1019 839 1100 874 justi;
1116 842 1239 876 quoniam
1254 842 1323 877 quod
1336 843 1372 870 ait
1384 863 1392 877 ,
1406 843 1467 871 Non
1478 850 1514 871 est
1528 853 1591 881 opus
1606 847 1674 873 sanis
1686 847 1806 880 medicus,

1021 886 1066 915 sed
1078 887 1143 914 male
1154 887 1300 916 habentibus
1311 910 1318 923 ,
1332 890 1452 924 exposuit
1472 891 1499 919 in
1520 892 1754 926 consequentibus,
1767 892 1806 920 di-

1022 939 1094 964 cens,
1112 932 1171 959 Non
1183 934 1238 960 veni
1250 942 1337 962 vocare
1344 935 1438 970 justas,
1450 936 1494 963 sed
1504 941 1644 972 peccatores
1655 936 1759 973 (Matth.
1769 945 1805 970 ιιι,

1022 976 1130 1012 £2,131).
1144 977 1202 1005 Non
1218 979 1296 1014 igitur
1308 981 1452 1008 secundum
1465 989 1544 1017 opera
1561 983 1669 1016 justitia:
1683 976 1742 1017 qute
1759 991 1807 1010 nos

1022 1021 1142 1055 fecimus,
1152 1022 1198 1050 sed
1208 1025 1352 1052 secundum
1361 1033 1435 1053 sttam
1446 1027 1652 1055 misericordiam
1662 1028 1749 1055 salvos
1759 1036 1807 1056 nos

1022 1066 1084 1095 fecit
1097 1076 1143 1103 per
1159 1069 1291 1097 lavacrum
1305 1072 1512 1106 regenerationis
1524 1073 1586 1108 (Tit.
1599 1081 1642 1106 ιιι,
1654 1074 1693 1109 5).
1713 1065 1806 1108 Iniqua

1021 1114 1103 1148 gratia
1116 1122 1163 1149 spe
1182 1116 1248 1143 salvi
1266 1116 1326 1145 facti
1344 1124 1435 1144 sumus
1449 1117 1534 1151 (Rom.
1547 1126 1592 1145 vm
1602 1139 1609 1150 ,
1620 1118 1679 1154 24).
1690 1118 1766 1146 Unde
1780 1119 1806 1146 in

1021 1159 1067 1188 illo
1081 1161 1182 1195 psalmo
1197 1162 1361 1197 subjungitur
1372 1171 1379 1188 :
1392 1162 1453 1190 Filii
1463 1168 1544 1189 autem
1557 1163 1685 1190 hominum
1697 1163 1742 1190 sub
1753 1159 1806 1198 teg-

1021 1206 1087 1233 mine
1100 1207 1198 1233 alarum
1214 1212 1312 1234 tuarum
1325 1208 1469 1243 sperabunt.
1485 1208 1678 1237 lnelzriabuntur
1689 1209 1719 1236 ab
1732 1209 1807 1236 uber-
1821 1238 1825 1241 ,

1021 1256 1070 1279 tale
1082 1252 1171 1279 domus
1186 1258 1249 1286 tute,
1264 1258 1287 1280 et
1300 1258 1407 1282 torrente
1422 1255 1557 1290 voluptatis
1572 1260 1622 1282 tute
1635 1256 1730 1290 potabis
1744 1264 1807 1288 eos;

1020 1298 1137 1332 quoniant
1150 1295 1217 1333 apud
1235 1303 1258 1325 te
1276 1303 1312 1325 est
1326 1300 1382 1335 fons
1396 1300 1468 1332 vita,
1480 1303 1502 1326 et
1515 1301 1542 1327 in
1555 1301 1647 1328 lumine
1658 1305 1701 1328 tuo
1712 1301 1807 1328 videbi—

1020 1351 1076 1369 mus
1091 1342 1183 1370 lumen.
1198 1343 1331 1371 Prwtende
1341 1345 1537 1372 misericordiam
1549 1350 1616 1372 tuam
1628 1345 1760 1374 scientibus
1771 1352 1807 1380 te,

1020 1392 1043 1415 et
1052 1389 1178 1423 justitiam
1198 1393 1266 1416 tuam
1279 1390 1310 1417 iis
1329 1391 1373 1426 qui
1392 1395 1458 1419 recto
1472 1396 1530 1418 sunt
1545 1392 1628 1419 corde.
1650 1392 1715 1419 Huic
1729 1392 1808 1427 igitur

1017 1433 1125 1469 justitia:
1146 1435 1192 1462 Dei
1208 1436 1340 1464 contraria
1359 1437 1481 1471 superbia
1496 1440 1552 1469 est,
1566 1445 1617 1472 qua
1639 1437 1726 1465 liditur
1746 1443 1806 1465 tan-

1020 1488 1098 1515 quam
1113 1481 1146 1509 de
1159 1482 1283 1516 operibus
1294 1483 1421 1517 propriis;
1435 1483 1544 1518 ideoque
1552 1483 1587 1510 ibi
1597 1483 1716 1518 sequitur
1727 1493 1734 1511 :
1747 1483 1807 1512 Non

1020 1527 1102 1555 veniat
1114 1527 1175 1554 mihi
1188 1535 1231 1562 pes
1242 1527 1364 1562 superbia:
1378 1528 1460 1563 (Psal.
1473 1528 1655 1561 xxxv,8-12).

1056 1572 1099 1599 75.
1120 1572 1182 1599 llaec
1192 1573 1295 1608 justitia
1307 1581 1357 1608 qua
1371 1574 1429 1608 ejus
1444 1573 1607 1609 lidelcsjusti
1619 1579 1690 1608 sunt,
1702 1575 1807 1611 interim

1019 1616 1138 1645 viventes
1149 1625 1180 1645 ex
1195 1618 1261 1651 fide,
1275 1618 1360 1646 donec
1374 1619 1489 1653 perfecta
1507 1619 1610 1654 justitia
1632 1621 1808 1655 perducantur

1020 1662 1052 1689 ad
1065 1663 1191 1699 speciem,
1205 1664 1272 1691 sicut
1286 1664 1372 1692 salute
1385 1664 1499 1700 perfecta
1514 1666 1593 1692 etiam
1608 1665 1639 1692 ad
1652 1666 1734 1700 ipsius
1747 1673 1806 1693 cor—

1020 1708 1091 1743 poris
1110 1709 1350 1742 immortalitatem,
1371 1710 1454 1745 gratia
1472 1714 1514 1738 est
1527 1711 1533 1726 '
1547 1710 1613 1738 Novi
1632 1711 1805 1739 Testamenti.

1020 1753 1095 1781 Unde
1108 1754 1160 1781 alio
1174 1754 1233 1781 loco
1247 1754 1310 1782 dicit
1322 1755 1478 1789 Apostolus,
1498 1755 1551 1783 Pro
1571 1756 1670 1784 Christo
1684 1758 1807 1792 legatione

1018 1798 1158 1834 fungimur,
1169 1804 1286 1833 tanquam
1296 1799 1350 1827 Deo
1362 1801 1509 1828 exhortante
1522 1809 1566 1837 per
1578 1810 1623 1828 nos
1633 1811 1639 1835 ;
1651 1802 1807 1831 obsecramus

1019 1854 1065 1881 pro
1078 1844 1177 1872 Christo
1191 1846 1348 1873 reconciliari
1360 1846 1412 1874 Deo
1426 1855 1436 1874 :
1449 1855 1480 1874 ac
1501 1847 1561 1875 inde
1574 1848 1723 1883 subjungit.
1739 1848 1807 1875 Eum

1018 1890 1061 1924 qui
1074 1899 1124 1917 non
1139 1895 1240 1918 noverat
1252 1896 1389 1926 peccatum,
1405 1900 1453 1926 pro
1467 1892 1537 1921 nobis
1550 1897 1678 1928 peccatum
1692 1893 1764 1927 fecit,
1781 1893 1807 1924 id

1019 1941 1069 1970 est,
1085 1937 1243 1964 sacrilicium
1269 1945 1317 1973 pro
1341 1938 1475 1973 peccatis;
1494 1946 1555 1965 nam
1574 1943 1602 1966 et
1621 1939 1677 1973 ipsa
1697 1939 1723 1965 in
1737 1939 1806 1974 Lege

1019 1987 1124 2017 peccata
1137 1983 1345 2018 appellabantur,
1357 1992 1415 2018 qua:
1429 1991 1476 2018 pro
1489 1985 1605 2018 peccatis
1616 1984 1804 2014 otl'erebanttlr.

1020 2027 1054 2055 Ut
1076 2036 1122 2055 nos
1138 2029 1215 2055 simus
1233 2029 1334 2064 justitia
1348 2029 1397 2055 Dei
1415 2030 1441 2056 in
1463 2030 1518 2063 ipso
1532 2028 1565 2065 (ll
1575 2029 1633 2056 Cor.
1643 2037 1668 2057 ν.
1678 2030 1727 2062 20,
1738 2029 1783 2064 21)
1797 2039 1804 2057 :

1019 2073 1045 2100 id
1056 2077 1105 2106 est,
1118 2074 1144 2100 in
1155 2073 1211 2108 ejus
1221 2081 1333 2108 corpore
1343 2074 1412 2108 quod
1422 2078 1462 2101 est
1473 2074 1600 2106 Ecclesia,
1612 2074 1654 2101 cui
1665 2079 1742 2109 caput
1752 2080 1803 2107 est,

1018 2126 1067 2145 nos
1082 2119 1164 2145 simus
1174 2118 1275 2152 justitia
1290 2118 1351 2151 Dei;
1366 2125 1446 2153 quam
1460 2118 1610 2153 ignorantes
1625 2119 1680 2152 illi,
1693 2124 1719 2147 ct
1729 2127 1804 2147 suam

1018 2163 1137 2190 volentes
1151 2163 1324 2196 constituere,
1340 2163 1366 2190 id
1378 2168 1420 2190 est
1431 2167 1554 2198 tanquam
1568 2164 1601 2191 de
1616 2165 1671 2192 suis
1681 2165 1805 2200 operibus

1017 2208 1175 2242 gloriantes,
1187 2208 1295 2242 justitia:
1311 2208 1357 2236 Dei
1374 2216 1427 2236 non
1446 2214 1508 2237 sunt
1521 2210 1641 2245 subjecti.
1663 2211 1724 2239 lude
1737 2216 1763 2239 et
1777 2212 1805 2239 in

1018 2253 1069 2281 hoc
1081 2253 1182 2288 psalmo
1196 2261 1257 2281 curn
1269 2254 1393 2287 dixisset,
1407 2255 1595 2282 Annuntiabunt
1605 2257 1728 2290 justitiam
1738 2258 1803 2292 ejus,

1018 2299 1137 2334 sequitur
1150 2304 1177 2327 et
1190 2300 1308 2335 adjungit
1319 2309 1326 2328 :
1338 2300 1440 2337 Populo
1454 2302 1497 2336 qui
1515 2307 1647 2334 nascetur,
1661 2310 1734 2337 quem
1748 2304 1806 2338 fecit

1018 2344 1151 2372 Dominus.
1171 2345 1234 2381 Quis
1249 2350 1289 2373 est
1309 2346 1381 2373 enim
1394 2347 1506 2381 populus
1519 2355 1597 2382 quem
1613 2355 1664 2374 non
1680 2347 1742 2375 fecit
1755 2348 1806 2374 Do-

1018 2391 1122 2423 minus,
1141 2391 1286 2418 secundum
1309 2391 1334 2418 id
1349 2392 1418 2426 quod
1433 2392 1553 2420 homines
1572 2397 1649 2426 sunt,
1664 2393 1708 2428 qui
1726 2394 1804 2420 etiam

1019 2443 1113 2470 pecora
1127 2436 1227 2462 creavit
1236 2457 1243 2468 ,
1260 2443 1274 2462 a
1290 2444 1342 2472 quo
1353 2441 1395 2464 est
1408 2437 1493 2465 omnis
1506 2438 1557 2465 vita
1567 2459 1574 2471 ,
1586 2439 1724 2473 omnisque
1737 2438 1804 2465 facta

1018 2485 1044 2508 et
1057 2485 1143 2508 creata
1158 2485 1249 2510 natura
1258 2482 1269 2508 τ
1279 2481 1331 2509 Sed
1343 2482 1377 2509 ita
1391 2483 1587 2518 intelligendum
1600 2489 1651 2517 est,
1664 2493 1737 2519 quem
1747 2485 1804 2520 fecit

1017 2526 1141 2554 Dominus
1150 2547 1157 2559 ,
1174 2531 1203 2554 ut
1214 2534 1267 2555 non
1280 2528 1364 2555 solum
1375 2549 1382 2561 ,
1397 2529 1467 2563 quod
1481 2529 1602 2557 homines
1621 2535 1699 2563 sunt,
1712 2538 1802 2558 verum

1017 2572 1096 2599 etiam
1116 2572 1187 2607 quod
1197 2572 1260 2607 justi
1274 2578 1351 2605 sunt,
1364 2574 1398 2602 ab
1412 2574 1457 2601 illo
1471 2575 1532 2602 facti
1550 2575 1744 2610 intelligantur;
1760 2583 1805 2604 sc-

1015 2618 1132 2646 cundum
1145 2618 1208 2646 illud
1222 2619 1294 2654 quod
1308 2619 1361 2654 jam
1382 2627 1433 2647 non
1448 2621 1529 2648 semel
1546 2623 1750 2649 commemoravi
1769 2623 1803 2649 ah

1017 2664 1144 2699 Apostolo
1154 2664 1253 2692 dictum
1268 2674 1275 2692 :
1289 2664 1376 2700 Ipsius
1386 2666 1451 2693 enim
1461 2667 1607 2702 ﬁgmentum
1620 2675 1716 2698 sumus.
1727 2668 1804 2694 muti

1017 2711 1043 2738 in
1056 2710 1155 2738 Christo
1164 2710 1226 2738 Jesu
1239 2712 1265 2738 in
1277 2711 1394 2747 operibus
1406 2712 1486 2746 bonis,
1498 2720 1553 2749 quia
1567 2713 1717 2749 praeparavit
1733 2712 1803 2741 Deus

1017 2761 1044 2782 ut
1058 2756 1083 2783 in
1096 2757 1147 2784 illis
1157 2757 1320 2791 ambulemus.
1352 2758 1357 2765 ‘

1052 2803 1164 2830 CAPUT
1177 2803 1307 2830 XXXI.—
1316 2803 1358 2830 74.
1370 2804 1471 2831 Animae
1484 2803 1563 2839 igitur
1572 2804 1706 2832 rationalis
1718 2808 1804 2832 muta-

1050 2869 1057 2884 ι
1075 2871 1139 2897 3159.,
1151 2868 1231 2900 gratia
1241 2869 1341 2901 estroti
1355 2870 1500 2896 Wstamenti.
1513 2874 1541 2895 At
1548 2872 1572 2896 in
1584 2871 1650 2901 laid,
1661 2872 1748 2898 deerat
1758 2876 1806 2901 est,

1019 2898 1266 2931 fueratque‘iusiguis
1278 2900 1316 2924 hic
1336 2900 1402 2926 locus
1413 2908 1484 2933 prava
1496 2898 1689 2934 interpunctione
1701 2898 1806 2929 vitiatus;
