4014 6338
495 422 590 477 571

494 535 671 589 hilitas
695 530 1030 593 admonetur,
1046 538 1153 597 quo
1180 521 1417 587 noverit,
1438 519 1539 575 nisi
1569 508 1969 590 participatione
1996 516 2077 570 ln-

492 621 883 681 commutabilis
904 618 1049 685 boni,
1067 617 1284 687 justam.
1298 612 1521 677 salvam,
1538 610 1852 680 sapientem,
1865 608 2076 663 beatam

492 730 551 771 se
579 729 700 771 esse
729 729 835 767 non
875 725 1032 781 posse
1057 753 1071 776 ,
1101 722 1197 762 nec
1225 705 1325 762 sibi
1363 717 1481 761 eam
1520 702 1717 757 bonum
1756 715 1877 756 esse
1919 714 2077 770 posse

494 805 707 876 propria
733 802 1022 865 voluntate,
1055 798 1149 855 sed
1174 797 1392 853 malum.
1422 795 1641 866 Propria
1670 794 1864 865 quippe
1892 793 2077 848 volun-

492 907 601 952 tate
625 894 881 951 avertitur
905 907 935 947 a
962 892 1103 947 bono
1129 886 1545 945 iucommutabili
1566 928 1581 953 ,
1610 900 1775 956 eaque
1800 884 2077 938 aversione

491 991 743 1044 vitiatur:
770 1001 868 1041 nec
896 984 1071 1041 sanari
1100 997 1195 1054 per
1234 981 1465 1052 seipsam
1504 986 1698 1050 potest,
1732 977 1824 1033 sed
1852 975 2075 1047 gratuita

490 1079 853 1137 misericordia
895 1078 975 1132 sui
1004 1073 1306 1140 Creatoris,
1338 1087 1458 1144 quae
1486 1071 1539 1127 in
1575 1071 1676 1126 hac
1714 1069 1820 1124 vita
1850 1084 1966 1123 cam
2010 1082 2075 1123 ex

490 1173 595 1228 fide
623 1172 886 1227 viventem
927 1168 980 1222 in
1016 1181 1109 1236 spe
1137 1164 1409 1220 constituit
1434 1161 1622 1217 salutis
1651 1169 1883 1215 aeternas.
1927 1157 2077 1214 Unde

490 1278 599 1319 non
628 1262 789 1316 altum
816 1258 1004 1331 sapiat,
1035 1255 1129 1311 sed
1160 1253 1379 1319 timeat;
1410 1267 1579 1322 eoque
1604 1251 1796 1305 timore
1823 1255 1970 1303 casto
1998 1247 2076 1301 in-

491 1356 696 1410 haereat
725 1353 855 1417 Deo,
883 1350 971 1421 qui
999 1361 1114 1403 eam
1145 1360 1172 1399 a
1206 1344 1414 1416 propria
1448 1340 1777 1397 immunditia
1805 1355 1906 1409 qua
1934 1339 2077 1393 inor-

490 1445 670 1501 dinate
694 1444 831 1498 bona
861 1439 1107 1496 inferiora
1140 1436 1341 1502 dilexit,
1368 1435 1512 1489 velut
1536 1448 1565 1487 a
1592 1431 1820 1503 quadam
1849 1430 2075 1484 fornica-

492 1539 635 1594 tione
663 1534 919 1608 Spirituali
950 1530 1223 1588 mundavit
1252 1547 1263 1581 :
1295 1543 1391 1583 nec
1428 1525 1673 1580 humanis
1716 1522 1958 1577 laudibus
1986 1537 2078 1576 ex-

492 1630 726 1695 tollatur,
746 1642 815 1681 ne
836 1626 853 1657 ¹
880 1625 948 1680 sit
969 1624 1021 1677 in
1041 1618 1330 1691 virginibus
1341 1617 1514 1672 stultis
1531 1615 1883 1688 (Matthxxv,
1900 1612 2073 1684 l-l3),

490 1719 661 1773 aliena
703 1716 855 1771 laude
902 1708 1367 1782 lretantibus(hoc
1407 1707 1547 1763 enim
1590 1706 1658 1760 de
1697 1703 2078 1775 qnzestionibus

492 1809 596 1864 tuis
624 1814 791 1862 restat
818 1801 1167 1873 extremum),
1198 1809 1250 1855 et
1275 1806 1491 1868 propter
1516 1797 1682 1867 ipsam
1723 1796 1932 1850 inanem
1963 1795 2077 1849 lauo

492 1900 636 1963 dem,
667 1912 769 1951 non
794 1902 1009 1966 propter
1044 1889 1421 1947 conscientiam
1453 1902 1626 1951 suam,
1651 1885 1740 1940 ubi
1782 1885 1886 1939 illis
1928 1886 2079 1940 testis

492 2002 573 2047 est
601 1991 760 2057 Deus,
788 1988 924 2043 bona
955 1985 1335 2055 operantibus;
1364 1980 1458 2036 sed
1496 1979 1564 2035 sit
1590 1979 1643 2033 in
1672 1976 1962 2047 virginibus
1988 1990 2077 2030 sa-

493 2082 786 2154 pientibus,
815 2079 903 2134 ubi
932 2077 1073 2132 dicat
1110 2075 1250 2145 quod
1279 2074 1355 2128 ait
1384 2072 1670 2143 Apostolus
1697 2088 1710 2123 :
1738 2068 1877 2123 Nam
1919 2069 2081 2141 gloria

492 2185 665 2229 nostra
684 2174 791 2227 lucc
820 2180 919 2236 est,
952 2169 1288 2223 testimonium
1318 2165 1634 2219 conscientia:
1659 2171 1843 2219 nostra
1870 2162 1939 2235 (ll
1956 2161 2075 2217 Cor.

494 2268 549 2331 1,
579 2264 690 2335 12).
732 2262 844 2316 lloc
872 2262 1012 2316 enim
1042 2268 1124 2314 est
1147 2259 1323 2313 oleum
1355 2256 1493 2312 l‘erre
1522 2270 1724 2321 secum,
1754 2270 1857 2310 non
1888 2269 1917 2308 a
1946 2271 2077 2310 ven-

494 2355 743 2410 dentibus
768 2367 945 2409 emere
970 2395 983 2418 ,
1014 2353 1115 2406 hoc
1158 2360 1238 2405 est
1266 2350 1332 2404 ab
1369 2348 1723 2404 adulantibus.
1766 2348 2082 2402 Adulatores

496 2459 725 2515 namque
755 2444 962 2499 laudem
991 2458 1139 2497 suam
1168 2450 1415 2511 tanquam
1443 2442 1616 2495 oleum
1647 2438 1921 2495 venditant
1946 2441 2080 2495 stul-

498 2538 584 2591 tis.
640 2536 715 2590 De
758 2535 858 2589 hoc
896 2535 1015 2588 oleo
1052 2534 1243 2587 dicitur
1284 2533 1334 2586 in
1384 2532 1595 2587 Psalmo
1624 2550 1637 2586 :
1671 2531 1968 2597 Emendabit
2006 2551 2085 2587 mc

488 2628 662 2700 justus
687 2628 739 2680 in
769 2625 1131 2691 misericordia,
1158 2633 1204 2679 et
1229 2632 1406 2697 arguet
1435 2638 1514 2679 me
1537 2640 1555 2689 ;
1583 2622 1747 2678 oleum
1771 2634 1933 2679 autem
1964 2642 2082 2695 pec-

496 2720 682 2773 catoris
724 2734 825 2773 non
870 2717 1200 2788 impinguabit
1242 2725 1393 2785 caput
1429 2732 1594 2770 meum
1621 2715 1804 2788 (Psal.
1830 2732 1929 2770 cxr.
1952 2756 1969 2782 ,
1993 2714 2087 2789 5).

497 2810 672 2881 Elegit
696 2822 724 2863 a
750 2812 895 2881 justo
933 2807 1348 2864 misericorditer
1374 2806 1714 2879 reprehendi,
1745 2816 1799 2864 et
1822 2808 2083 2878 quodam-

499 2901 662 2958 modo
688 2899 1009 2969 colapltizarl
1029 2941 1044 2965 ,
1070 2913 1227 2969 quam
1248 2940 1263 2961 ,
1297 2904 1355 2952 ut
1397 2897 1445 2953 ei
1487 2906 1648 2967 caput
1681 2897 1734 2954 in
1781 2899 2088 2970 superbiam

497 3000 705 3049 crescat
728 2993 752 3024 ²
783 2991 1077 3061 peccatoris
1105 2989 1408 3045 adulatione
1433 2989 1656 3045 laudari.

568 3082 658 3138 75.
687 3080 1025 3137 lrridentium
1049 3081 1243 3151 quippe
1264 3080 1542 3149 responsio
1561 3079 1691 3134 mihi
1714 3078 1944 3147 videtur,
1960 3095 2082 3136 cum

497 3174 579 3230 eis
605 3189 632 3228 a
659 3173 986 3245 sapientibus
1012 3173 1301 3243 virginibus
1331 3170 1540 3235 dicitur,
1569 3172 1651 3228 Ite
1678 3175 1844 3244 potius
1872 3175 1942 3227 ad
1969 3190 2087 3229 ven-

498 3264 692 3332 dentes,
720 3274 767 3319 et
793 3267 937 3320 emite
955 3265 1090 3320 vobis
1111 3283 1128 3321 :
1153 3266 1286 3321 sicut
1311 3265 1361 3320 in
1387 3266 1615 3336 quodam
1643 3266 1777 3323 libro
1801 3267 2086 3338 Sapientiae

498 3356 753 3426 scriptum
780 3365 892 3423 est,
923 3356 1011 3411 ubi
1038 3355 1493 3426 contemptoribus
1521 3357 1683 3425 dicit,
1710 3356 1773 3411 Et
1800 3375 1888 3430 ego
1916 3360 2086 3430 perdi-

496 3444 623 3501 tioni
641 3454 814 3501 ucstra:
825 3446 1145 3517 superridebo
1164 3444 1343 3518 (Prov.
1359 3448 1383 3503 l
1397 3490 1411 3511 ,
1424 3445 1539 3516 26).
1557 3445 1652 3503 Illa
1673 3458 1846 3505 autem
1867 3466 2089 3521 respon-

499 3538 650 3593 sione
676 3554 779 3607 qua
807 3537 1111 3608 petentibus
1143 3538 1316 3593 oleum
1342 3539 1542 3595 dictum
1571 3548 1685 3605 est,
1718 3539 1800 3595 Ne
1825 3544 1954 3613 forte
1985 3561 2086 3598 non

498 3631 710 3702 sumant
740 3632 879 3684 nobis
905 3640 951 3684 et
982 3629 1139 3697 vobis,
1172 3646 1275 3686 non
1302 3632 1666 3702 desperanter,
1693 3633 1786 3690 sed
1819 3634 2087 3689 humiliter

497 3721 699 3776 dictum
730 3731 829 3776 εει.
869 3720 999 3788 Quis
1035 3722 1175 3775 enim
1222 3722 1300 3777 sic
1337 3729 1624 3792 praesumat
1651 3723 1719 3777 de
1762 3724 2087 3780 conscientia

499 3826 615 3878 sua,
642 3822 698 3867 ut
725 3819 902 3866 certus
928 3812 996 3866 sit
1022 3826 1138 3867 eam
1169 3812 1270 3868 sibi
1315 3814 1367 3868 in
1393 3812 1594 3884 judicio
1622 3812 1714 3869 Dei
1745 3829 1900 3883 posse
1930 3813 2086 3869 sulti-

499 3918 622 3958 cere
643 3946 657 3970 ,
691 3904 788 3958 nisi
821 3904 1195 3960 misericordes
1220 3905 1241 3936 ³
1272 3904 1686 3961 misericorditer
1720 3906 1957 3978 judicet?
1994 3907 2088 3963 Ju-

500 3991 696 4048 dicinm
737 3994 877 4047 enim
906 3995 1021 4050 sine
1059 3994 1420 4050 misericordia
1450 3995 1524 4050 illi
1556 3996 1645 4067 qui
1677 4013 1780 4052 non
1824 3997 1946 4052 fecit
1981 4000 2085 4053 mi-

498 4084 841 4139 sericordiam
866 4086 1068 4157 (Jacobi
1088 4102 1144 4150 ιι,
1164 4088 1273 4155 15).
1307 4087 1439 4156 Ipsae
1468 4097 1644 4144 autem
1666 4099 1789 4145 sunt
1816 4090 2085 4158 lampades

498 4188 765 4240 accensze,
794 4192 955 4246 opera
985 4178 1185 4232 scilicet
1214 4176 1383 4245 bona,
1406 4178 1473 4233 de
1502 4179 1693 4250 quibus
1721 4182 1975 4237 Dominus
2004 4184 2087 4239 di-

497 4265 568 4319 cit
596 4284 608 4318 :
635 4265 853 4320 Luceant
881 4266 1011 4321 bona
1048 4284 1201 4339 Opera
1238 4278 1402 4323 vestra
1429 4286 1601 4326 coram
1646 4272 1930 4330 hominibus
1956 4276 1976 4306 *
1994 4318 2008 4341 ,
2042 4285 2086 4330 et

500 4356 630 4426 glori
632 4359 780 4425 ﬁceut
805 4357 1011 4413 Patrem
1028 4370 1239 4413 vestrum
1255 4362 1341 4431 qui
1355 4363 1407 4416 in
1424 4363 1560 4417 caelis
1575 4372 1649 4419 est
1666 4364 1875 4435 (Matth.
1894 4384 1947 4430 γ,
1974 4369 2083 4440 16).

499 4446 783 4518 [lucusque
811 4451 1073 4517 pertendit
1110 4451 1331 4505 intentio
1376 4454 1635 4525 virginum
1665 4458 2002 4527 sapientium,
2032 4470 2088 4516 ut

500 4536 622 4593 ideo
649 4540 815 4593 velint
844 4541 1007 4595 videri
1048 4542 1115 4595 ah
1141 4542 1442 4598 hominibus
1474 4561 1635 4615 opera
1665 4564 1758 4603 sua
1789 4550 1954 4618 bona,
1979 4569 2083 4608 non

499 4643 609 4697 quo
632 4629 700 4683 ab
730 4631 807 4684 eis
834 4631 1113 4686 laudentur
1141 4633 1298 4702 ipsae,
1326 4633 1419 4688 sed
1447 4642 1503 4688 ut
1525 4636 1845 4706 gloriﬁcetur
1870 4641 2030 4707 Detts,
2054 4659 2083 4696 a

500 4734 608 4788 quo
632 4720 730 4774 illis
750 4728 833 4775 est
858 4723 995 4793 quod
1018 4723 1154 4778 bene
1178 4735 1466 4795 operantur
1488 4745 1501 4781 :
1528 4743 1591 4783 ac
1611 4744 1705 4798 per
1725 4729 1823 4785 hoc
1848 4732 2085 4789 interiori

500 4807 641 4865 bono
670 4812 933 4881 gaudent,
959 4815 1099 4884 quod
1122 4812 1211 4870 est
1247 4832 1425 4873 coram
1455 4817 1565 4875 Deo
1584 4862 1599 4887 ,
1630 4821 1716 4875 ubi
1746 4824 2082 4897 electuosyna

499 4900 553 4956 in
584 4903 811 4968 occulto,
836 4912 893 4957 ut
922 4904 942 4936 ⁸
971 4915 1139 4974 pater,
1165 4905 1254 4975 qui
1286 4907 1429 4963 videt
1454 4908 1503 4962 in
1530 4912 1757 4980 occulto,
1781 4914 1986 4969 reddat.
2015 4917 2085 4972 Et

500 4990 621 5048 ideo
647 5008 752 5049 non
778 4994 1035 5051 deﬁciunt
1062 4996 1353 5067 lampades,
1376 5000 1497 5071 quia
1520 5001 1755 5061 interiori
1784 5007 1904 5063 oleo
1929 5023 2085 5079 vege-

560 5148 579 5216 ξ
614 5147 749 5208 add,
775 5148 1053 5216 extetlatur,
1074 5162 1162 5216 nec
1180 5150 1259 5202 sit.
1283 5159 1410 5216 Mss,
1435 5154 1589 5207 mea.

559 5212 580 5241 ³
827 5211 1082 5261 videbatur
1106 5211 1406 5278 legendum,
1425 5223 1708 5278 crassescat.
1732 5220 1820 5269 Sed
1846 5220 1955 5272 libri
1980 5237 2085 5272 om-

498 5282 589 5319 nes
605 5271 804 5342 habent,
829 5277 1011 5342 crescat
1024 5286 1041 5335 ,'
1081 5271 1186 5342 qud
1201 5278 1355 5326 verbo
1376 5271 1545 5328 alludit
1567 5283 1860 5342 Augustinus
1881 5271 1949 5333 ad,
1967 5271 2082 5335 illud

528 5333 807 5405 reverbium
826 5367 842 5393 ,
873 5336 1003 5396 quod
1024 5333 1179 5405 relert
1220 5342 1457 5405 superius
1475 5342 1525 5390 in
1548 5333 1711 5405 Aepi’st.
1749 5345 1828 5404 55,
1854 5360 1903 5393 u.
1928 5347 1975 5393 5.
2011 5333 2083 5397 De

513 5352 842 5405 iruvermum,
873 5352 1003 5396 (μου
1024 5352 1179 5387 retert
1220 5352 1277 5387 su
1345 5352 1449 5388 rtus
1476 5354 1525 5390 tn
1565 5352 1711 5403 epist.
1749 5352 1811 5392 55
1854 5360 1903 5393 n.
1928 5352 1975 5393 5.
2011 5355 2076 5397 De

513 5391 851 5471 W"€_2_§'§2
1058 5398 1213 5471 [σιω
1253 5352 1504 5471 ﬁdit“?
1529 5402 1711 5465 factum
1755 5381 2076 5470 adrogantem,

496 5460 625 5528 recte
643 5456 788 5528 etiam
808 5456 946 5528 vulgo
969 5456 1164 5521 dicitur,
1186 5460 1343 5511 Crevit
1363 5468 1521 5525 caput.

552 5517 582 5589 f
611 5518 684 5587 sic
709 5525 811 5567 MSS.
839 5517 981 5589 t'a'tic.
1008 5528 1061 5570 et
1082 5517 1232 5585 prope
1254 5517 1433 5573 omnes
1451 5538 1515 5574 ex
1538 5528 1731 5576 nostris.
1758 5535 1811 5579 At
1832 5528 1964 5589 Fdd.,
1986 5530 2082 5581 nisi

497 5588 787 5636 misericors,
814 5588 907 5629 etc.

559 5642 703 5713 falsa.
728 5653 857 5713 sex_:
887 5648 1087 5713 taceant
1102 5650 1424 5713 aperapestfa
1451 5659 1614 5696 coram
1639 5646 1920 5713 hominibus,
1940 5658 1990 5702 ut
2015 5666 2081 5704 t‘t-

497 5696 781 5772 detmtboua
815 5696 1199 5772 factapostraiet
1219 5705 1505 5772 gloriﬁcent.

838 5759 1157 5840 pleriqueat
1173 5759 1285 5817 Edd.
1306 5759 1537 5840 habent;
1559 5769 1646 5840 tibi
1666 5770 2008 5840 elecnwsynam
2028 5776 2079 5829 in

496 5818 680 5873 occulto
693 5818 936 5888 pater'qut
970 5818 1097 5881 {videt
1120 5828 1171 5880 in
1194 5828 1378 5882 occulto
1412 5831 1602 5883 reddat.

1728 402 1787 459 S.
1826 397 2189 459 AUGUSTINI
2227 394 2529 454 EPlSCOPl

3660 396 3766 453 572

2185 519 2379 574 tantur,
2404 507 2457 564 id
2478 515 2560 563 est
2587 507 2877 563 intentione
2899 505 3055 562 bonae
3079 504 3438 575 conscientiae,
3456 520 3557 576 qua
3585 522 3763 565 coram

2183 600 2294 657 Deo
2320 599 2377 655 llt
2400 602 2451 655 in
2482 600 2598 672 ejus
2635 599 2857 671 gloriam
2884 597 3139 670 quidquid
3169 612 3347 654 coram
3376 599 3677 654 hominibus
3713 603 3764 655 in

2182 691 2335 748 bonis
2354 692 2602 763 operibus
2631 689 2792 747 lucet.
2816 694 2885 746 At
2903 705 3031 745 vero
3056 690 3332 745 stultarum
3360 690 3641 762 virginum,
3666 692 3768 746 hoc

2183 784 2357 839 oleum
2388 799 2496 838 non
2534 797 2714 839 secum
2744 782 3064 853 portantium
3092 780 3342 837 deficiunt
3377 781 3683 852 lampades;
3713 783 3765 838 id

2183 883 2293 941 est,
2326 891 2427 929 non
2469 884 2873 946 perseveranter
2897 874 3031 929 bona
3067 888 3229 943 opera
3273 874 3469 940 lucent,
3497 888 3619 929 cum
3650 876 3765 930 laus

2183 964 2409 1021 humana
2440 966 2595 1021 fuerit
2618 967 2906 1032 subtracta,
2940 975 3156 1037 propter
3180 980 3335 1034 quam
3362 966 3449 1019 illa
3480 965 3765 1029 faciebant,

2183 1057 2459 1129 hucusque
2483 1058 2830 1113 intentionem
2872 1072 3020 1112 suam
3049 1056 3399 1127 perducentes
3433 1064 3488 1110 ut
3519 1055 3768 1111 videren-

2184 1158 2268 1203 tnr
2291 1150 2358 1205 ab
2388 1149 2689 1206 hominibus
2710 1192 2725 1218 ,
2755 1164 2860 1204 non
2890 1157 2947 1203 ut
2988 1148 3372 1219 gloriﬁcaretur
3394 1148 3549 1203 Pater
3583 1147 3677 1218 qui
3716 1147 3769 1202 in

2181 1241 2331 1296 caelis
2359 1250 2458 1296 est.
2489 1241 2619 1308 Qua:
2644 1242 2868 1297 intentio
2892 1238 3141 1311 perennis
3164 1249 3247 1294 est
3265 1240 3466 1310 gloriae,
3496 1254 3601 1307 qua
3624 1242 3772 1295 novit

2180 1334 2356 1389 anima
2386 1334 2498 1389 Deo
2530 1348 2589 1390 se
2614 1332 2812 1389 debere
2840 1332 2979 1404 quod
3002 1332 3286 1403 justilicata
3315 1340 3397 1386 est
3433 1330 3497 1385 ad
3527 1330 3771 1385 facienda

2182 1427 2317 1484 bona
2348 1444 2529 1499 opera,
2561 1437 2617 1484 et
2643 1428 2761 1482 ideo
2802 1428 2854 1482 in
2884 1428 2994 1491 illo,
3024 1440 3129 1481 non
3170 1425 3223 1479 in
3254 1440 3331 1491 se,
3361 1420 3563 1478 laudari
3602 1432 3769 1478 amat.

2181 1521 2334 1578 Unde
2375 1522 2499 1576 alibi
2537 1520 2699 1575 homo
2738 1519 2829 1575 Dei
2863 1527 3073 1582 cantat,
3118 1515 3187 1571 In
3223 1515 3441 1570 Domino
3483 1515 3775 1570 laudabitur

2181 1615 2352 1669 anima
2377 1630 2487 1667 mea
2516 1610 2887 1683 (Psal.xxxm,
2915 1610 2972 1681 2)
2997 1651 3013 1675 ,
3045 1617 3102 1663 ut
3138 1608 3227 1680 qui
3268 1608 3556 1679 gloriatur,
3582 1605 3639 1661 in
3668 1604 3780 1661 Do-

2183 1709 2328 1764 mino
2356 1708 2613 1779 glorietur
2639 1707 2657 1779 (
2680 1707 2696 1761 l
2719 1707 2834 1762 Cor.
2868 1707 2919 1770 l,
2945 1703 3057 1776 3i).
3344 1690 3353 1697 ’

2251 1796 2476 1855 CAPUT
2505 1797 2795 1853 XXXII.—
2814 1796 2899 1851 76.
2931 1795 3038 1851 Sed
3065 1793 3190 1866 qttid
3217 1800 3309 1849 est
3332 1788 3471 1863 quod
3504 1791 3555 1846 in
3581 1789 3785 1846 eadem

2185 1889 2458 1959 Evangelii
2500 1888 2729 1943 lectione
2768 1887 3025 1957 scriptum
3066 1894 3179 1950 est,
3213 1898 3401 1939 omnes
3439 1896 3637 1952 sponso
3662 1890 3774 1936 tar-

2186 1981 2348 2036 dante
2389 1979 2688 2035 dormisse?
2730 1981 2985 2036 Somnum
3031 1979 3193 2033 istum
3232 1977 3277 2030 si
3316 1975 3774 2039 intellexerimus,

2184 2071 2326 2143 quod
2349 2073 2496 2127 velut
2523 2072 2764 2126 tardante
2783 2071 3003 2140 judicio,
3031 2068 3097 2123 ad
3124 2067 3264 2139 quod
3304 2065 3602 2121 faciendum
3641 2079 3777 2120 ven-

2186 2173 2334 2219 turus
2353 2173 2435 2218 est
2453 2163 2718 2228 Christus,
2739 2162 3041 2216 abundante
3064 2159 3340 2230 iniquitate
3363 2156 3596 2213 charitas
3619 2155 3778 2210 refri-

2187 2255 2380 2325 gescit,
2407 2253 2676 2324 quomodo
2707 2252 2778 2307 ibi
2806 2265 3065 2323 ponemus
3085 2248 3316 2320 virgines
3339 2247 3629 2318 sapientes,
3654 2259 3779 2299 cum

2186 2348 2361 2416 potius
2417 2347 2470 2400 in
2528 2345 2632 2399 illis
2675 2346 2782 2399 sint
2830 2343 2896 2398 de
2938 2341 3129 2412 quibus
3174 2338 3367 2393 dicttur
3403 2355 3417 2389 :
3466 2336 3569 2401 Qui
3611 2343 3780 2389 autem

2187 2440 2572 2511 perseveraverit
2610 2453 2766 2508 usque
2802 2437 2855 2489 in
2896 2435 3078 2505 ﬁnem,
3118 2432 3199 2486 ltic
3234 2431 3401 2485 salvus
3437 2428 3532 2483 erit
3563 2425 3781 2500 (Matth.

2186 2547 2347 2597 xxxv,
2399 2528 2553 2601 l2)?
2598 2530 2805 2584 Dictum
2850 2534 2934 2582 est
2974 2538 3140 2597 ergo,
3180 2522 3504 2575 Dormierant
3558 2532 3734 2572 omnes
3760 2532 3791 2581 ε

2186 2623 2309 2694 quia
2335 2638 2437 2677 non
2466 2631 2670 2677 tantum
2699 2620 2878 2684 stulti,
2901 2619 2989 2690 qui
3018 2624 3236 2687 prepter
3259 2613 3541 2667 humanam
3570 2609 3785 2665 laudem

2189 2714 2327 2770 bona
2372 2722 2662 2785 operantur
2688 2727 2867 2767 coram
2900 2708 3240 2771 hominibus,
3269 2718 3454 2760 verum
3493 2703 3654 2758 etiam
3693 2715 3787 2755 sa-

2189 2808 2417 2879 pientes,
2478 2807 2569 2877 qui
2605 2805 2707 2862 hoc
2736 2811 3013 2876 propterea
3044 2800 3241 2856 faciunt
3268 2807 3324 2853 ut
3353 2795 3594 2851 laudetur
3619 2793 3785 2856 Deus.

2188 2901 2534 2971 experiuntur
2577 2899 2732 2952 istam
2775 2905 3003 2951 mortem
3036 2909 3141 2949 εει
3171 2900 3394 2961 utroque
3418 2888 3558 2944 enim
3585 2900 3801 2957 genere

2190 2992 2507 3048 moriuntur.
2537 2991 2604 3046 Et
2633 2990 2732 3046 ista
2757 3004 2902 3044 mors
2924 3002 3068 3056 saepe
3116 2986 3169 3040 in
3208 2980 3504 3053 Seripturis
3529 2980 3802 3035 dormitio

2194 3084 2409 3151 dicitur,
2445 3093 2661 3155 promer
2684 3080 2916 3137 futuram
2944 3078 3394 3135 resurrectionem
3429 3073 3576 3128 velut
3615 3072 3790 3142 evigi-

2190 3175 2461 3230 lationem.
2508 3173 2641 3229 llinc
2680 3171 2968 3241 Apostolus
2998 3169 3161 3233 dicit,
3195 3167 3274 3221 De
3296 3162 3658 3221 dormientibus
3686 3179 3790 3217 ast-

2190 3277 2290 3322 tem
2321 3265 2439 3320 nolo
2469 3281 2555 3320 uos
2578 3264 2838 3335 ignorare,
2871 3264 3054 3333 fratres
3086 3259 3128 3331 (Ι
3156 3257 3331 3313 Thess.
3359 3272 3431 3320 tv,
3454 3253 3544 3326 i2)
3565 3270 3581 3318 ;
3604 3261 3662 3309 et
3680 3252 3800 3309 alio

2191 3361 2333 3425 loco,
2359 3357 2443 3413 Ea:
2469 3356 2645 3427 quibus
2687 3354 2855 3425 plures
2893 3360 3100 3407 manent
3141 3365 3294 3421 usque
3337 3347 3540 3411 adhuc;
3577 3344 3799 3415 quidam

2189 3462 2357 3507 autem
2385 3450 2698 3503 dormierunt
2726 3443 2904 3517 (ICor.
2933 3459 3029 3511 xv,
3050 3440 3107 3514 6)
3130 3458 3143 3494 :
3165 3450 3221 3497 et
3247 3439 3348 3494 alia
3378 3434 3792 3493 innumerabilia

2192 3545 2243 3600 in
2283 3543 2385 3599 hoc
2415 3541 2715 3598 testimonia
2749 3548 2933 3609 aperte
2955 3552 3048 3608 per
3062 3535 3364 3605 Scripturas
3386 3530 3665 3602 utriusque
3685 3527 3795 3585 τε-

2190 3634 2437 3692 stamenti
2465 3633 2819 3703 reperiuntur.
2851 3628 3000 3685 Unde
3026 3634 3080 3682 et
3103 3628 3190 3681 ille
3213 3626 3308 3690 ait,

2437 3747 2833 3813 Consanguineus
2854 3718 2983 3813 letbi
2998 3754 3143 3813 sopor
3160 3753 3175 3791 :

2748 3805 2907 3870 (Virg.
2933 3802 3119 3857 Aineii.
3145 3802 3245 3865 vr.)

2191 3921 2245 3969 et
2269 3913 2313 3968 si
2343 3912 2623 3975 advertas,
2658 3910 2823 3965 multa
2863 3908 3101 3964 invenies
3138 3906 3299 3962 etiam
3345 3905 3396 3960 in
3437 3902 3803 3959 srecularibus—

2191 4005 2407 4072 litteris,
2427 4004 2514 4058 ubi
2544 4017 2689 4058 mors
2716 4014 2905 4055 somno
2926 3998 3286 4069 com'paratur.
3308 3993 3637 4065 Signiﬁcavit
3656 4009 3793 4063 ergo

2192 4096 2448 4151 Dominus
2476 4094 2707 4149 futurum
2732 4107 2850 4147 esse
2872 4100 3096 4160 tempus.
3125 4105 3230 4159 quo
3252 4089 3391 4143 inter
3413 4086 3791 4142 tribulationcs

2192 4195 2248 4242 et
2293 4186 2611 4242 tentationes
2654 4184 2834 4239 saeculi
2887 4182 3066 4253 hujus,
3098 4181 3210 4250 jam
3261 4181 3476 4251 jamque
3525 4179 3644 4248 ejus
3689 4193 3792 4234 es-

2193 4288 2528 4348 spectaretur
2570 4286 2626 4331 et
2663 4282 2967 4346 speraretur
3015 4272 3308 4338 adventus,
3359 4281 3609 4341 tanquam
3662 4285 3793 4340 pro-

2191 4372 2421 4442 pinqnus
2483 4381 2643 4439 atque
2701 4367 2985 4422 imminens
3016 4407 3033 4429 .
3089 4364 3157 4420 ad
3215 4379 3375 4435 quem
3445 4379 3505 4419 se
3577 4376 3791 4432 praepa-

2193 4470 2309 4516 rent
2351 4460 2442 4530 qui
2482 4459 2536 4514 in
2581 4459 2697 4529 ejus
2732 4472 2857 4512 esse
2899 4455 3094 4511 familia
3119 4454 3382 4509 videntur.
3406 4454 3518 4508 Hoc
3535 4463 3620 4508 est
3638 4454 3789 4508 enim

2192 4551 2334 4622 quod
2360 4551 2470 4617 ait,
2500 4550 2676 4606 exisse
2719 4548 2927 4604 obviam
2974 4561 3174 4617 sponso
3217 4554 3274 4601 et
3315 4559 3545 4615 Sponsas.
3573 4542 3790 4614 Sponso

2192 4642 2436 4712 quidem,
2480 4642 2616 4697 Filio
2653 4641 2785 4696 Dei:
2814 4654 3025 4709 sponsa:
3066 4645 3276 4701 autem,
3309 4637 3427 4692 sive
3463 4634 3586 4707 quia
3624 4635 3679 4690 in
3719 4653 3791 4693 eo

2190 4749 2417 4803 corpore
2454 4742 2710 4788 venturus
2750 4741 2832 4788 est
2870 4731 3011 4802 quod
3053 4729 3280 4800 sumpsit
3305 4745 3370 4785 ex
3403 4727 3789 4799 Virgine;sive

2189 4829 2311 4897 quia
2344 4828 2453 4896 ipsa
2485 4828 2725 4882 Ecclesia
2764 4836 2888 4881 tunc
2910 4826 3108 4880 clarior
3133 4824 3445 4895 apparebit,
3476 4835 3537 4879 ut
3562 4823 3629 4878 ad
3660 4826 3789 4879 uui-

2191 4920 2327 4973 vcrsi
2364 4920 2605 4987 corporis
2642 4917 3107 4988 congregationem
3151 4916 3386 4971 membra
3424 4927 3786 4983 concurrant,

2189 5010 2380 5080 quibus
2400 5008 2840 5065 concurrentibus
2858 5049 2874 5073 ,
2895 5008 3014 5076 ejus
3040 5007 3347 5078 magnitudo
3373 5007 3784 5064 monstrabitur.

2260 5101 2410 5156 CAP.
2433 5098 2860 5155 XXXlll.-—-77.
2881 5099 3126 5169 Yitgines
3146 5108 3361 5169 propter
3393 5096 3784 5154 continentiam

2189 5194 2533 5263 nuncupavit.
2562 5193 2756 5248 Decem
2783 5207 2932 5255 vero,
2972 5190 3023 5245 id
3052 5201 3135 5245 est
3161 5191 3398 5262 quinque
3422 5199 3477 5245 et
3503 5189 3742 5259 quinque
3768 5230 3784 5253 ,

2190 5295 2406 5355 propter
2432 5302 2712 5341 numerum
2750 5301 2856 5355 quo
2894 5293 3182 5340 censentur
3206 5285 3443 5355 corporis
3468 5299 3658 5338 sensus
3678 5325 3695 5349 ,
3731 5284 3783 5336 iu

2188 5376 2378 5447 quibus
2412 5377 2614 5431 habitat
2641 5377 2964 5433 continentia
2982 5418 2998 5443 ,
3022 5391 3144 5431 cum
3169 5392 3199 5429 a
3227 5374 3585 5444 voluptatibus
3610 5374 3784 5445 ιω·ρῇ

2188 5466 2286 5522 bus
2312 5476 2364 5519 et
2386 5467 2583 5521 illicitis
2603 5468 2916 5522 abstinetur.
2943 5467 3261 5537 Lampados,
3287 5466 3425 5521 sicut
3448 5466 3648 5520 dictum
3670 5474 3779 5530 est,

2188 5556 2325 5611 bona
2354 5564 2478 5611 sunt
2506 5572 2667 5625 opera
2688 5599 2703 5623 ,
2734 5558 3071 5627 maximeque
3102 5557 3167 5610 ad
3200 5555 3621 5610 misericordiam
3651 5570 3779 5622 per-

2190 5647 2439 5710 tineutia;
2469 5656 2522 5702 et
2546 5648 2659 5716 ipsa
2699 5656 2819 5717 quae
2857 5650 3015 5702 etiam
3060 5664 3239 5703 coram
3280 5646 3586 5700 hominibus
3633 5646 3777 5701 lucet

2188 5738 2463 5794 laudabilis
2489 5741 2858 5794 conversatio:
2885 5739 2976 5795 sed
3007 5741 3180 5810 magni
3212 5740 3452 5806 interest,
3484 5754 3588 5809 qua
3622 5754 3781 5792 men-

2190 5829 2258 5886 tis
2297 5829 2586 5887 intentiouc
2618 5833 2737 5899 liat;
2773 5832 2889 5888 ideo
2934 5833 3060 5888 dicit
3103 5829 3231 5889 alias
3267 5833 3556 5903 sapientes,
3585 5831 3782 5888 stultis
