4014 6338
173 360 185 377 λ
279 358 375 413 5‘3
1446 352 1920 411 EPlSTOLARUM
1959 354 2234 417 CLASSIS
2269 362 2356 418 lll.
3424 375 3530 434 δτι

274 474 419 527 alias.
465 467 574 525 Sed
621 467 743 522 hinc
772 480 863 522 eas
889 464 1172 528 discernit,
1199 464 1340 535 quod
1368 464 1541 519 stulta:
1570 482 1672 521 non
1702 482 1848 521 sum-

275 568 490 633 pserunt
528 559 706 614 oleum
748 570 963 621 secum,
1000 555 1266 624 sapientes
1311 563 1485 610 autem
1530 565 1849 626 acceperunt

274 656 447 707 oleum
474 651 530 704 in
555 649 697 703 vasis
723 648 853 711 suis,
886 646 987 702 hoc
1009 646 1168 701 estin
1198 645 1445 701 cordibus
1486 646 1629 711 suis,
1669 649 1756 703 ubi
1791 648 1851 703 ﬁt

273 745 383 814 ipsa
426 738 760 812 participatio
820 736 992 793 intimi
1037 752 1101 792 ac
1142 735 1356 808 superni
1398 736 1546 800 boni.
1594 737 1745 794 Unde
1791 738 1847 794 in

274 834 478 904 psalmo
503 830 730 901 quodam
747 870 762 895 ,
790 843 911 884 cum
940 826 1137 883 dictum
1166 836 1341 896 esset,
1372 826 1669 897 Sacriﬁcate
1686 831 1848 882 sacri-

268 927 445 998 ﬁcium
468 923 719 995 justitite,
756 930 802 976 et
840 930 1038 993 sperate
1058 921 1111 976 in
1138 920 1385 988 Domino;
1416 919 1597 989 Multi,
1642 923 1845 991 inquit,

270 1022 489 1074 dicunt:
512 1017 633 1083 Quis
662 1014 874 1071 ostendit
895 1013 1035 1069 nobis
1059 1014 1227 1069 bona?
1249 1013 1450 1069 Deinde
1480 1024 1536 1068 ut
1555 1013 1851 1070 manifesta-

268 1121 351 1167 ret
391 1110 547 1180 cujus
584 1108 707 1163 boni
748 1120 930 1161 amore
974 1105 1260 1162 debeamus
1303 1105 1513 1175 operari
1550 1105 1846 1175 justitiam,

269 1201 372 1257 hoc
409 1210 531 1267 est,
573 1198 870 1254 sacriﬁcare
906 1195 1221 1252 sacriﬁcium
1256 1194 1473 1267 iustitiae
1499 1195 1516 1227 ¹
1541 1214 1557 1253 :
1583 1194 1850 1268 Signatum

270 1302 376 1357 est,
410 1292 605 1363 inquit,
629 1291 681 1343 in
704 1288 845 1343 nobis
876 1287 1043 1341 lumen
1070 1285 1235 1341 vultus
1259 1286 1365 1352 tui,
1393 1283 1644 1350 Domine;
1673 1286 1850 1339 dedisti

272 1383 501 1438 ltetitiam
528 1380 581 1435 in
609 1378 760 1435 corde
783 1393 891 1433 meo
919 1376 1087 1449 (Psal.
1108 1392 1181 1441 tv,
1211 1375 1274 1445 6,
1302 1376 1378 1448 7).
1413 1375 1574 1448 Cujus
1600 1376 1726 1432 boni
1748 1378 1850 1431 ali-

271 1478 529 1543 quantum
560 1467 852 1540 participati
873 1509 889 1534 ,
917 1476 971 1521 et
996 1465 1200 1537 plenius
1229 1466 1616 1537 perfectiusque
1642 1467 1853 1536 partici-

274 1560 435 1632 pandi
482 1560 796 1624 intentione,
834 1557 922 1629 qui
965 1556 1102 1612 bene
1140 1565 1410 1626 operatur,
1439 1565 1492 1611 ct
1520 1556 1851 1613 laudabiliter

270 1655 431 1707 etiam
484 1651 539 1707 in
596 1661 883 1721 conspectu
932 1648 1204 1704 hominum
1250 1657 1595 1704 conversatur
1624 1691 1640 1717 ,
1691 1648 1852 1706 habet

272 1744 450 1799 oleum
472 1757 673 1807 secum,
690 1757 797 1813 quo
815 1742 952 1797 bona
979 1755 1139 1810 opera
1165 1740 1280 1810 ejus
1310 1741 1470 1797 etiam
1490 1740 1543 1796 in
1564 1755 1851 1811 conspectu

272 1833 550 1889 hominum
568 1832 798 1887 lucentia
829 1846 933 1885 non
960 1831 1402 1900 exstinguuntur;
1431 1832 1552 1899 quia
1571 1848 1674 1886 non
1703 1833 1757 1887 in
1786 1848 1851 1889 eo

272 1926 507 1981 Charitas
535 1923 829 1994 refrigescit
853 1922 1154 1978 abundante
1181 1923 1488 1994 iniquitate,
1532 1924 1625 1978 sed
1666 1939 1851 1994 perse-

271 2025 421 2072 verat
448 2029 618 2086 usque
646 2015 698 2069 in
728 2012 907 2069 ﬁnem.
941 2013 1054 2068 lloe
1078 2013 1256 2068 oleum
1283 2014 1455 2069 stultae
1485 2013 1715 2085 virgines
1746 2031 1849 2070 non

272 2108 474 2166 habent
513 2121 729 2172 secum,
772 2106 1019 2176 quoniam
1051 2104 1151 2159 sibi
1180 2103 1460 2159 tribuendo
1484 2105 1528 2159 si
1559 2104 1683 2171 quid
1726 2106 1851 2161 boni

272 2202 448 2271 operis
478 2197 695 2258 faciunt,
726 2211 942 2251 necesse
970 2204 1053 2250 est
1075 2194 1323 2250 inﬂentur
1347 2195 1593 2264 superbia
1611 2237 1624 2260 ,
1653 2206 1853 2275 et‘pro-

271 2302 389 2363 pter
436 2290 542 2345 hoc
579 2289 764 2344 vitium
809 2288 885 2342 sic
933 2287 1087 2341 laude
1124 2286 1454 2341 delectentur
1492 2286 1753 2352 humana,
1794 2297 1853 2343 ut

272 2386 387 2452 ejus
416 2378 637 2452 gaudio,
664 2381 708 2434 si
736 2378 859 2450 qttid
886 2377 1010 2433 boni
1035 2385 1232 2447 agunt,
1256 2375 1460 2432 fervere
1488 2386 1541 2432 et
1569 2377 1746 2433 lucere
1768 2378 1850 2432 vi-

270 2475 517 2531 deantur.

336 2564 571 2624 CAPUT
592 2563 906 2622 XXXIV.—
920 2563 1008 2618 78.
1033 2561 1292 2617 Tardante
1317 2570 1480 2617 autem
1509 2578 1715 2634 sponso,
1734 2561 1851 2616 dor-

270 2659 489 2713 mierunt
503 2674 693 2712 omnes.
710 2655 825 2711 Non
842 2656 981 2711 enim
1002 2664 1125 2709 tunc
1140 2654 1315 2709 veniet
1328 2668 1447 2709 cum
1475 2662 1737 2724 speratur,
1755 2654 1851 2709 sed

273 2751 448 2807 media
490 2758 649 2805 nocte
688 2764 809 2805 eum
850 2748 1004 2803 valde
1032 2747 1351 2814 obscurum,
1374 2746 1427 2801 id
1450 2754 1564 2813 est,
1586 2745 1850 2801 occultum

271 2844 373 2898 erit
397 2857 469 2897 an
494 2842 695 2895 veniat.
722 2839 873 2895 Unde
898 2838 1050 2904 dicit,
1076 2836 1247 2893 media
1277 2844 1431 2892 nocte
1454 2837 1741 2891 clamorem
1770 2835 1851 2891 fa-

268 2942 411 2988 ctum
437 2950 451 2986 :
477 2928 613 2985 Ecce
653 2944 868 3000 sponsus
908 2928 1073 2991 venit,
1113 2926 1241 2981 exite
1277 2925 1473 2979 obviam
1497 2925 1563 2980 ei.
1594 2925 1851 2979 Nimirum

265 3023 475 3077 clamor
518 3020 619 3074 iste
663 3019 775 3088 ipsa
816 3025 899 3073 est
940 3013 1063 3071 tuba
1104 3014 1212 3081 illa,
1243 3028 1400 3085 quam
1428 3029 1853 3072 commemorans

266 3113 566 3185 Apostolus
590 3110 720 3166 dicit
746 3127 759 3163 :
790 3107 946 3166 Canet
970 3107 1102 3162 enim
1128 3107 1266 3173 tuba,
1297 3115 1343 3160 et
1379 3106 1565 3161 mortui
1596 3115 1853 3179 resurgent

262 3204 553 3274 incorrupti
578 3202 621 3275 (l
640 3202 759 3257 Cor.
786 3216 879 3267 xv,
905 3196 1019 3271 52).
1050 3196 1214 3253 Tuba!
1238 3196 1454 3252 nomine
1486 3196 1701 3267 aliquod
1736 3196 1851 3252 evi-

263 3297 642 3354 dentissimum
667 3301 723 3350 et
742 3289 1201 3363 praeclarissimum
1227 3292 1434 3358 signum
1456 3285 1567 3342 vult
1595 3288 1847 3358 intelligi:

261 3404 425 3461 quam
450 3400 642 3442 vocem
676 3381 977 3453 archangeli
1003 3387 1058 3437 et
1086 3380 1263 3435 tubam
1294 3379 1387 3434 Dei
1414 3379 1522 3435 alio
1564 3377 1685 3434 loco
1726 3378 1855 3436 dicit

262 3482 309 3554 (Ι
338 3480 515 3535 Thess.
545 3493 620 3544 tv,
650 3475 762 3548 15).
789 3475 919 3546 Quae
948 3473 1107 3530 etiam
1147 3485 1249 3530 vox
1287 3471 1452 3543 ipsius
1486 3470 1693 3527 Domini
1722 3470 1852 3529 Jesu

260 3572 459 3628 Christi
496 3571 550 3626 in
590 3567 875 3639 Evangelio
907 3566 1120 3632 dicitur,
1152 3580 1314 3636 quam
1338 3564 1555 3621 audient
1593 3565 1627 3621 ii
1666 3563 1759 3636 qui
1798 3564 1851 3622 in

262 3660 628 3720 monumentis
669 3667 817 3724 sunt,
860 3666 914 3713 et
954 3657 1245 3727 procedent
1288 3654 1464 3728 (Joan.
1499 3668 1554 3723 v,
1600 3654 1691 3723 28,
1734 3654 1850 3730 29).

262 3757 503 3826 Surgunt
548 3768 677 3823 ergo
721 3763 907 3805 omnes
951 3748 1183 3819 virgines
1226 3745 1366 3811 illta,
1396 3753 1450 3802 et
1488 3746 1754 3816 sapientes
1795 3753 1854 3803 et

262 3848 459 3909 stultre,
481 3853 537 3901 et
561 3848 747 3913 aptant
768 3838 1037 3910 lampades
1057 3853 1198 3903 suas,
1222 3836 1274 3892 id
1296 3847 1377 3893 est
1394 3879 1411 3907 ,
1434 3837 1690 3893 rationem
1716 3854 1853 3908 prae-

261 3947 452 4009 parant
477 3934 702 3991 reddere
726 3932 792 3988 de
810 3930 1058 4002 operibus
1081 3930 1213 3985 suis.

330 4030 419 4084 79.
456 4025 566 4081 Sed
596 4033 739 4089 tunc,
769 4023 820 4077 in
861 4022 1003 4076 illius
1023 4019 1273 4075 clamoris
1298 4019 1561 4075 evidentia
1592 4028 1645 4075 et
1673 4035 1850 4075 resur-

265 4121 503 4175 rectione
546 4122 908 4177 mortuorum,
944 4110 1066 4182 quia
1112 4109 1257 4164 nulla
1300 4109 1401 4164 erit
1444 4109 1702 4164 dubitatio
1740 4109 1849 4178 jam

267 4209 515 4266 instantis
534 4206 915 4277 praesentisque
935 4200 1120 4273 judicli
1140 4242 1153 4267 ,
1178 4201 1519 4256 subtrahetur
1559 4214 1716 4255 Omne
1755 4216 1847 4255 so-

266 4302 450 4356 latium
474 4297 651 4354 laudis
675 4297 937 4351 humanze.
976 4293 1160 4363 Neque
1198 4291 1341 4347 enim
1384 4291 1592 4345 vacabit
1630 4290 1696 4345 de
1742 4292 1848 4345 alio

269 4393 568 4462 disceptare
586 4429 600 4452 ,
640 4386 722 4442 vel
751 4386 818 4441 de
842 4385 948 4440 alio
970 4383 1209 4454 judicare
1228 4423 1244 4449 ,
1270 4389 1359 4435 aut
1383 4378 1663 4451 gratificari
1691 4388 1850 4451 atque

266 4481 543 4551 suﬂ’ragari
570 4478 743 4545 alteri,
771 4474 981 4547 quando
1008 4474 1368 4543 unusquisque
1404 4471 1675 4542 proprium
1716 4490 1848 4528 onus

267 4573 515 4643 portabit,
536 4578 589 4626 et
607 4570 675 4625 de
699 4582 913 4623 suorum
932 4565 1190 4620 factorum
1208 4562 1472 4619 reddenda
1489 4563 1693 4617 rati0ne
1707 4564 1845 4633 cogi-

266 4666 398 4721 tabit
414 4682 427 4717 :
443 4678 507 4719 ac
535 4677 630 4733 per
655 4661 757 4715 hoc
771 4658 973 4714 feretur
990 4655 1199 4712 animus
1213 4654 1425 4726 quidem
1441 4654 1699 4727 virginum
1717 4656 1848 4709 stul-

265 4766 438 4810 torum
480 4750 862 4810 consuetudine
903 4749 1148 4819 propria,
1185 4747 1279 4801 sed
1325 4762 1429 4802 non
1462 4746 1688 4801 inventis
1729 4746 1847 4801 lau-

268 4847 421 4901 dibus
446 4843 693 4899 humanis
715 4839 943 4895 deficiet.
975 4837 1155 4907 Neque
1180 4837 1322 4892 enim
1346 4837 1672 4905 germanitas
1701 4835 1851 4891 dixe-

268 4947 421 5004 runt,
448 4936 604 5008 Apud
650 4942 697 4988 te
738 4933 851 4987 laus
878 4946 1020 4995 mea;
1058 4928 1174 4994 vel,
1218 4926 1285 4982 In
1315 4926 1531 4983 Domino
1566 4926 1850 4982 laudabitur

271 5031 438 5083 ninia
474 5042 625 5092 mea;
651 5033 742 5079 aut
777 5024 829 5078 in
860 5022 1083 5078 Domino
1111 5019 1348 5091 gloriatzc
1377 5028 1519 5084 sunt,
1549 5033 1667 5073 cum
1698 5020 1847 5089 igno-

274 5129 451 5179 rantes
476 5117 571 5173 Dei
592 5114 873 5186 justitiam,
899 5125 1048 5167 suam
1066 5109 1325 5180 justitiam
1350 5108 1747 5164 constituerent.
1773 5109 1849 5163 Ac

271 5224 363 5280 per
387 5209 493 5264 hoc
522 5213 706 5277 petunt
726 5218 756 5258 a
782 5201 1107 5273 sapientibus
1135 5200 1308 5256 oleum
1327 5240 1341 5264 ,
1372 5197 1477 5254 hoc
1502 5206 1587 5253 est
1614 5197 1845 5268 aliquam

271 5299 722 5364 consolationem;
750 5310 849 5351 nec
876 5293 1148 5349 inveniunt
1174 5306 1274 5347 nec
1302 5290 1583 5361 accipiunt,
1611 5291 1714 5344 illis
1766 5304 1850 5346 re-

269 5390 658 5465 spondentibus
685 5402 744 5444 se
768 5388 976 5443 nescire
1004 5392 1180 5440 utrum
1203 5384 1285 5438 vel
1329 5382 1429 5437 sibi
1469 5382 1693 5438 sufﬁciat
1736 5384 1848 5452 ipsa

270 5484 631 5549 conscientia,
675 5496 779 5553 qua
820 5488 1127 5549 exspectant
1159 5474 1574 5531 misericordiam
1616 5475 1714 5527 sub
1758 5476 1848 5529 illo

268 5576 487 5647 judice,
527 5573 617 5645 qui
654 5585 775 5627 cum
804 5570 859 5625 in
884 5570 1079 5624 throno
1116 5566 1344 5629 sederit,
1383 5564 1501 5636 quis
1542 5563 1849 5632 gloriabitur

271 5733 353 5845 ﬂ:
669 5722 894 5792 Iustitia,
931 5722 1127 5787 addunt,
1150 5726 1198 5776 et
1229 5730 1462 5787 sperare;
1498 5715 1628 5782 (ιιιοει
1651 5716 1850 5787 quidem

337 5807 366 5844 ρ
578 5824 592 5839 .

337 5807 592 5844 ρςιιωδς.

1954 481 2157 527 castum
2182 487 2241 529 se
2280 474 2476 533 habere
2501 492 2614 544 cor,
2642 488 2733 534 aut
2766 481 2886 551 quis
2928 482 3238 550 gloriabitur
3272 488 3529 545 mundum

1954 576 2011 615 se
2037 578 2155 618 esse
2179 580 2209 618 a
2237 575 2472 635 peccato,
2491 570 2591 624 nisi
2616 572 3001 642 superexsultet
3017 576 3378 633 misericordia
3394 578 3536 648 judi-

1954 653 2038 707 cio
2068 653 2267 723 (Jacobi
2304 674 2372 724 ιι,
2413 660 2545 729 13)?
2580 677 2699 733 quae
2741 679 2902 735 super
2926 680 3021 722 eos
3044 669 3147 723 erit
3167 708 3180 734 ,
3210 671 3300 740 qui
3325 670 3536 726 miseri-

1953 744 2152 809 cordia:
2175 763 2336 817 opera
2361 750 2450 804 illa
2475 751 2768 810 intentione
2791 755 3052 825 fecerunt,
3082 767 3142 813 ut
3164 774 3347 815 eorum
3369 762 3534 817 mise-

1957 848 2192 907 reretur,
2222 857 2252 895 a
2281 859 2386 913 quo
2412 859 2473 901 se
2500 846 2740 903 sciebant
2766 851 3038 921 accepisse
3066 854 3210 923 quod
3241 853 3534 922 habebant;

1956 942 2054 981 nec
2077 929 2437 998 gloriabantur
2455 938 2602 1005 quasi
2629 954 2734 993 non
2754 942 3078 1011 acceperint,
3104 943 3197 998 sed
3218 958 3313 1014 per
3330 945 3537 1014 seipsos

1956 1015 2236 1076 habuerint
2256 1039 2363 1093 quo
2391 1025 2693 1096 placerent,
2722 1031 2856 1087 sicut
2880 1032 3029 1087 stulti
3068 1034 3157 1104 qui
3195 1042 3250 1089 et
3280 1034 3379 1090 sibi
3421 1036 3534 1105 pla-

1956 1118 2078 1162 cent
2104 1119 2347 1182 tauquam
2374 1116 2440 1171 de
2464 1118 2603 1173 bono
2626 1134 2657 1173 a
2685 1134 2745 1174 se
2771 1121 2869 1176 sibi
2896 1131 3102 1192 parato,
3129 1133 3181 1179 et
3209 1124 3276 1179 ab
3310 1125 3536 1179 adulan-

1957 1199 2098 1254 tibus
2136 1204 2218 1256 vel
2256 1208 2558 1263 errantibus
2597 1210 2667 1264 ita
2726 1211 3005 1267 laudantur
3070 1228 3135 1269 ac
3184 1215 3229 1269 si
3280 1216 3377 1284 ipsi
3430 1216 3537 1271 sint

1955 1289 2169 1358 aliquid.
2200 1292 2300 1358 Qui
2334 1304 2502 1350 autem
2535 1308 2678 1369 putat
2701 1317 2755 1355 se
2773 1317 2879 1357 esse
2902 1303 3123 1372 aliquid,
3148 1321 3265 1359 cum
3287 1306 3415 1361 nihil
3438 1307 3532 1371 sit,

1956 1380 2093 1435 sicut
2132 1382 2260 1438 dicit
2295 1386 2622 1455 Apostolus,
2666 1390 2888 1461 seipsum
2927 1393 3138 1447 seducit.
3189 1393 3332 1464 Opus
3368 1405 3537 1449 autem

1956 1486 2103 1524 suum
2128 1473 2297 1540 probet
2326 1479 2694 1547 unusquisque;
2721 1491 2769 1534 et
2796 1491 2914 1536 tunc
2937 1483 2990 1537 in
3017 1485 3180 1555 seipse
3208 1494 3399 1540 tantum
3422 1485 3536 1556 glo-

1957 1560 2086 1614 riam
2136 1564 2364 1632 habebit,
2414 1577 2460 1621 et
2506 1585 2606 1623 non
2639 1570 2693 1624 in
2731 1571 2889 1626 altero
2943 1572 3138 1646 (Galat.
3179 1591 3231 1630 vn
3252 1616 3269 1642 ,
3296 1575 3393 1647 5):
3434 1576 3537 1631 hoc

1957 1662 2039 1706 est
2063 1664 2274 1722 portare
2298 1658 2473 1712 oleum
2498 1674 2701 1727 secum,
2730 1676 2836 1721 non
2864 1678 2931 1717 ex
2955 1662 3127 1719 aliena
3156 1664 3312 1721 laude
3338 1666 3539 1736 depen-

1957 1740 2103 1796 dere.
2136 1744 2240 1799 Sed
2266 1761 2423 1815 quam
2450 1749 2676 1819 gloriam
2703 1751 2756 1806 in
2782 1768 2841 1807 se
2865 1752 3109 1819 habebit,
3135 1756 3236 1810 nisi
3262 1771 3384 1810 eum
3407 1757 3425 1788 ⁸
3448 1757 3536 1812 cui

1934 1916 1935 1919 η
1957 1832 2169 1902 dicitur,
2196 1834 2372 1892 Gloria
2401 1857 2529 1906 inea,
2557 1850 2604 1896 et
2630 1843 2858 1899 exultans
2882 1854 3033 1915 caput
3052 1859 3217 1900 meum
3244 1845 3412 1918 (Psal.
3438 1862 3498 1903 m
3516 1889 3534 1915 ,

1957 1923 2046 1994 4);
2080 1934 2133 1981 ut
2159 1926 2300 1997 quod
2322 1943 2464 1999 saepe
2488 1931 2773 1988 dicendum
2798 1944 2912 2003 est,
2938 1936 3027 2006 qui
3056 1936 3327 2007 gloriatur,
3351 1939 3403 1992 in
3427 1938 3536 1994 Do-

1958 2016 2102 2071 tnino
2124 2018 2380 2085 glorietur
2408 2022 2454 2092 (l
2474 2021 2592 2077 Cor.
2617 2039 2655 2088 ι,
2677 2022 2806 2096 31)?

2028 2104 2118 2159 80.
2149 2107 2375 2164 Proinde
2399 2111 2658 2181 sapientia
2681 2129 2802 2182 qua:
2822 2114 2876 2169 in
2897 2115 3222 2185 sapientibus
3244 2116 3535 2186 virginibus

1960 2192 2180 2263 habitat,
2196 2201 2486 2255 secundum
2503 2202 2627 2258 illud
2642 2204 2780 2273 quod
2792 2214 2915 2261 ante
2930 2207 3194 2276 praedixit,
3205 2220 3325 2262 cum
3338 2208 3410 2263 ait
3418 2223 3540 2263 con-

1961 2294 2063 2339 tem
2071 2286 2577 2356 ptoribus,etsauam
2590 2294 2881 2350 doctrinam
2900 2297 3143 2366 accipere
3152 2297 3540 2363 recusantibus,

1959 2373 2029 2430 Et
2058 2394 2145 2448 ego
2165 2390 2340 2435 vestra:
2360 2383 2627 2453 perditioni
2647 2386 2969 2456 superridebo
2987 2386 3169 2458 (Prov.
3200 2404 3238 2454 ι,
3263 2388 3389 2460 26);
3412 2389 3541 2444 dicit

1960 2467 2134 2523 stultis
2147 2470 2455 2540 virginibus,
2476 2471 2504 2526 I
2510 2485 2557 2527 te
2572 2476 2737 2545 potius
2754 2476 2822 2529 ad
2834 2477 3120 2545 uendentes,
3136 2487 3183 2533 et
3200 2480 3349 2533 emite
3370 2480 3503 2534 nobis
3516 2496 3536 2534 :

1959 2565 2205 2628 tanquam
2237 2560 2457 2629 diceret,
2484 2563 2579 2619 Ubi
2598 2575 2721 2619 sunt
2745 2567 2833 2636 qui
2863 2582 2957 2622 vos
2973 2567 3226 2623 fallebant
3241 2569 3540 2624 mendosis-

1957 2646 2107 2702 simis
2160 2649 2433 2719 laudibus,
2461 2655 2672 2724 quando
2710 2666 2766 2711 et
2791 2672 2822 2711 a
2848 2659 2998 2713 vobis
3038 2658 3385 2726 faliebamini,
3417 2661 3539 2731 quia

1958 2735 2011 2790 in
2057 2738 2206 2794 vobis
2246 2757 2353 2797 non
2384 2742 2436 2797 in
2469 2742 2693 2802 Domino
2722 2747 3127 2816 gloriabamini?
3168 2748 3320 2817 Quod
3360 2758 3539 2805 autem

1957 2828 2104 2896 dicit,
2138 2831 2202 2884 Et
2231 2833 2352 2887 dum
2380 2844 2495 2888 eunt
2523 2852 2705 2903 emere,
2730 2838 2860 2891 vestit
2886 2848 3197 2909 sponsus;et
3215 2855 3330 2911 qua
3346 2849 3540 2909 parata

1955 2930 2120 2987 erant,
2145 2922 2449 2979 intraverunt
2475 2942 2591 2980 cum
2619 2944 2697 2991 eo,
2728 2928 2831 2982 hoc
2854 2928 2984 2982 mihi
3013 2928 3221 2984 videtur
3242 2931 3539 3001 intelligen-

1957 3009 2102 3078 dum,
2132 3015 2273 3086 quod
2297 3017 2488 3073 vitioso
2516 3019 2694 3074 cordis
2720 3020 2916 3076 affectu
2943 3021 3224 3078 inhiabant
3247 3023 3393 3079 inani
3416 3026 3536 3096 glo-

1957 3102 2070 3169 riae,
2097 3120 2253 3174 quam
2283 3122 2433 3161 vana:
2457 3109 2651 3164 mentis
2676 3109 2904 3167 elatione
2930 3120 3146 3167 sectatae
3171 3124 3317 3169 sunt.
3339 3115 3405 3169 Et
3423 3115 3539 3185 ipse

1954 3193 2220 3266 appetitus
2249 3198 2576 3268 signiﬁcatus
2600 3210 2684 3255 est
2709 3202 2760 3256 in
2786 3217 2853 3257 eo
2876 3202 3015 3273 quod
3036 3203 3236 3259 dictum
3265 3215 3349 3261 est
3365 3247 3382 3271 ,
3403 3205 3538 3261 Dum

1956 3297 2073 3342 eunt
2106 3304 2300 3356 emere,
2342 3290 2473 3345 venit
2506 3308 2763 3362 sponsus;
2798 3304 2847 3350 ct
2874 3294 3173 3349 introierunt
3211 3313 3327 3350 cum
3357 3313 3417 3352 eo
3471 3299 3539 3353 ad

1956 3379 2179 3449 nuptias,
2204 3396 2317 3450 qua
2342 3392 2537 3450 parata:
2564 3392 2708 3437 eram
2731 3399 2750 3438 :
2773 3384 2875 3440 hoc
2898 3393 3001 3450 est,
3027 3400 3146 3454 qua:
3173 3400 3353 3442 veram
3379 3386 3538 3443 ﬁdem

1957 3484 2245 3542 veramque
2271 3472 2520 3543 pietatem
2543 3474 2708 3530 corde
2731 3475 3029 3546 gestabant,
3047 3491 3150 3546 qua
3172 3487 3389 3546 possent
3405 3493 3537 3533 con-

1958 3564 2242 3633 temperari
2291 3579 2511 3621 numero
2556 3566 2904 3637 societatique
2943 3576 3246 3622 sanctorum
3270 3607 3288 3634 ,
3332 3583 3438 3623 non
3482 3570 3537 3624 in

1956 3654 2167 3724 seipsis,
2192 3654 2287 3711 sed
2316 3659 2370 3711 in
2392 3656 2617 3712 Domino
2640 3658 2979 3728 gloriantiutn
2998 3699 3014 3723 ,
3043 3668 3102 3713 ut
3136 3660 3392 3716 intrarent
3414 3676 3539 3716 cum

1957 3743 2033 3799 eis
2059 3744 2109 3799 in
2138 3742 2265 3799 illud
2290 3746 2563 3816 gaudium,
2593 3747 2661 3802 de
2684 3762 2791 3818 quo
2816 3748 3027 3815 dicitur,
3054 3747 3203 3804 Intra
3224 3749 3279 3805 in
3297 3750 3541 3820 gaudium

1959 3832 2163 3890 Domini
2193 3838 2263 3891 tui
2292 3836 2504 3910 (Matth.
2538 3855 2665 3905 xxv,
2691 3838 2822 3911 23);
2852 3840 2940 3894 ubi
2975 3842 3077 3895 erit
3112 3840 3343 3910 perfecta
3375 3845 3541 3912 parti-

1955 3925 2149 3997 cipatio
2176 3926 2622 3984 incommutabilis
2648 3929 2772 3985 boui
2793 3970 2808 3995 ,
2837 3930 2988 4000 cujus
3009 3930 3170 3988 modo
3198 3932 3341 3987 velut
3377 3934 3537 3990 arrha

1954 4014 2195 4085 qttmdam
2243 4033 2337 4087 per
2377 4018 2534 4073 ﬁdem
2574 4027 2801 4083 tenetur,
2843 4028 2899 4073 ut
2933 4021 3221 4075 secundum
3254 4023 3391 4079 hanc
3412 4037 3542 4092 gron

1958 4105 2081 4159 tiam
2104 4107 2360 4170 vivamus,
2387 4110 2440 4161 in
2469 4119 2721 4179 quantum
2758 4110 2884 4172 Deo,
2909 4126 3011 4164 non
3042 4111 3194 4165 nobis
3219 4113 3463 4167 vivimus.

2026 4195 2250 4252 CAPUT
2279 4196 2491 4252 XXXV.
2512 4229 2584 4238 —
2601 4199 2691 4254 81.
2720 4198 2948 4253 Proinde
2974 4199 3115 4268 quod
3137 4200 3393 4270 sequitur,
3420 4202 3535 4258 No-

1955 4285 2151 4341 vissime
2188 4288 2388 4340 veniunt
2414 4296 2459 4341 et
2487 4288 2693 4360 relique
2728 4289 2944 4360 uirgines
2962 4330 2977 4355 ,
3013 4290 3267 4347 dicentes:
3295 4290 3531 4360 Domine,

1955 4373 2187 4442 Domine,
2202 4377 2341 4448 aperi
2368 4376 2508 4432 nobis
2520 4396 2540 4445 ;
2559 4394 2665 4433 non
2691 4379 2890 4434 dictum
2907 4388 2989 4435 est
3003 4396 3094 4436 eas
3112 4381 3306 4438 emisse
3325 4384 3501 4439 oleum
3516 4426 3533 4450 ,

1954 4475 2008 4522 ct
2040 4466 2115 4521 sic
2153 4467 2390 4533 venisse,
2421 4484 2592 4541 neque
2616 4471 2755 4525 enim
2780 4468 2891 4540 jam
2926 4481 3041 4527 erat
3078 4472 3245 4540 unde;
3291 4475 3385 4529 sed
3429 4476 3533 4529 mi-

1954 4558 2294 4613 sericordiam
2320 4572 2442 4615 sero
2458 4560 2748 4631 qumsiisse,
2766 4577 2884 4616 cum
2902 4565 3010 4632 jam
3036 4572 3242 4632 tempus
3261 4566 3533 4633 judicandi

1954 4659 2117 4714 esset,
2139 4658 2192 4705 et
2218 4650 2412 4720 probos
2426 4667 2455 4705 a
2473 4651 2713 4722 reprobis
2734 4654 3033 4722 separandi.
3055 4654 3218 4709 Recte
3234 4665 3410 4711 autem
3430 4658 3532 4712 illis

1953 4742 2306 4812 respondetur
2329 4761 2343 4797 :
2368 4742 2527 4798 Amen
2557 4744 2669 4800 dico
2688 4745 2855 4811 vobis,
2878 4745 3062 4802 Nescio
3091 4765 3192 4819 ηρ.
3217 4748 3310 4804 ille
3337 4750 3533 4819 quippe

1955 4811 2056 4887 hoc
2082 4832 2241 4901 dicit,
2274 4850 2429 4903 quem
2475 4850 2580 4889 non
2617 4834 2745 4890 latet
2779 4836 2976 4906 aliquid
3002 4857 3016 4892 :
3041 4811 3175 4905 sein
3198 4811 3382 4893 Nescio
3423 4811 3529 4907 eos,

1953 4922 2083 4979 nihil
2126 4923 2265 4978 aliud
2304 4935 2387 4980 est
2427 4941 2614 4996 qttam,
2644 4927 2870 4982 Nescitis
2909 4944 3022 4992 me,
3052 4929 3264 4998 quando
3287 4929 3355 4984 de
3380 4931 3533 5007 vqbis

1955 5018 2126 5086 potius
2152 5017 2345 5087 eiigitis
2372 5016 2675 5074 conﬁdereI
2702 5036 2857 5090 quam
2884 5020 2951 5075 de
2984 5036 3090 5076 me.
3120 5019 3249 5075 Cum
3278 5023 3417 5076 enim
3446 5022 3533 5076 di-

1953 5108 2089 5164 citur
2115 5107 2253 5178 quod
2282 5123 2379 5164 nos
2404 5111 2674 5180 cognoscit
2698 5112 2856 5174 Deus,
2884 5112 3241 5181 cognitionem
3268 5112 3351 5166 sui
3379 5112 3535 5167 nobis

1954 5209 2187 5269 proastnt,
2220 5207 2276 5253 ut
2305 5216 2399 5270 per
2428 5201 2529 5256 hoc
2552 5200 2906 5273 intelligamus
2935 5217 3003 5255 ne
3024 5201 3125 5255 hoc
3148 5201 3359 5270 quidem
3381 5201 3537 5257 nobis

1953 5304 2074 5346 esse
2118 5289 2450 5346 tribuendum
2494 5292 2635 5363 quod
2674 5308 2771 5347 nos
2814 5293 3010 5347 scimus
3038 5293 3240 5358 Deum,
3280 5292 3374 5345 sed
3413 5308 3532 5345 eam

1953 5396 2161 5452 quoque
2182 5382 2455 5438 scientiam
2483 5382 2625 5438 illius
2650 5381 3028 5438 misericordia:
3049 5382 3357 5435 tribuamus.
3383 5380 3534 5437 Unde

1954 5489 2074 5528 cum
2100 5473 2324 5544 quodam
2356 5474 2471 5529 loco
2498 5462 2783 5542 Apostolus
2803 5474 3036 5536 diceret,
3076 5469 3229 5524 Nunc
3253 5480 3419 5525 autem
3444 5489 3533 5525 ro-

1954 5576 2244 5634 gnoscentcs
2273 5564 2431 5618 Deum
2451 5605 2466 5632 ,
2507 5564 2738 5619 correxit
2765 5574 2820 5619 et
2858 5564 2965 5629 ait,
3007 5560 3121 5617 Ima
3154 5563 3340 5635 cogniti
3364 5580 3396 5617 a
3428 5562 3534 5618 Dea

2017 5717 2034 5748 ί
2068 5717 2201 5778 add,
2226 5716 2322 5768 nisi
2341 5729 2466 5767 eam.
2492 5725 2617 5777 Mss,
2638 5716 2736 5778 nisi
2755 5728 2883 5767 eum.

2019 5778 2039 5811 ²
2071 5776 2201 5842 Bait,
2225 5790 2324 5831 Am.
2344 5787 2397 5831 et
2406 5786 2502 5843 Eia,
2516 5776 2836 5842 considerari;
2859 5784 2909 5831 at
2928 5778 3096 5831 ceteri
3116 5777 3247 5844 litat.
3269 5777 3525 5845 conﬁdere.
