4122 6350
467 348 571 403 575

463 461 660 534 (Galat.
685 475 756 522 tv,
786 456 1029 529 9):quid
1071 452 1211 512 aliud
1258 450 1442 506 volens
1480 444 1726 517 intelligi,
1762 443 1863 498 nisi
1903 440 2045 513 quod

462 569 558 610 eos
583 554 697 622 ipse
717 550 900 608 fecerit
923 548 1226 618 cognitores
1263 543 1422 598 suos?
1451 540 1617 594 Nemo
1643 546 1820 593 autem
1849 550 2047 606 cogno-

464 645 568 700 scit
590 643 788 705 Deum,
817 641 917 696 nisi
956 638 1047 708 qui
1085 633 1330 704 intelligit
1356 632 1501 686 illum
1529 644 1650 685 esse
1677 642 1942 681 summum
1968 634 2048 680 at-

462 749 569 803 que
595 729 1025 788 incommutabile
1067 727 1301 790 bonum,
1349 721 1500 792 cujus
1539 718 1942 791 participatione
1989 715 2049 770 Iit

468 827 672 881 bonus:
699 822 841 894 quod
865 823 915 876 in
933 821 1089 888 hujus
1110 816 1296 889 psalmi
1315 813 1655 871 conclusione
1677 811 1904 882 positum
1931 817 2046 874 est,

461 914 850 970 Annuntiubunt
877 909 1134 982 justitiam
1160 908 1268 978 ejus
1295 903 1481 977 papula
1506 903 1590 974 qui
1623 909 1872 965 nascetur,
1903 914 2050 970 quem

466 1007 585 1078 fecit
616 1004 884 1059 Dominus.
913 1000 1040 1056 Inde
1062 1009 1145 1055 est
1170 1007 1225 1054 et
1251 997 1379 1053 illud
1409 995 1549 1067 quod
1583 996 1636 1049 in
1663 993 1768 1049 alio
1801 993 2006 1063 psalmo
2031 1009 2046 1072 ς

435 1098 586 1170 .Ipse
633 1097 748 1168 feeit
785 1112 908 1160 nos,
950 1103 999 1148 et
1037 1109 1139 1147 non
1181 1091 1282 1162 ipsi
1325 1107 1415 1145 nos
1459 1089 1631 1161 (Psal.
1662 1102 1802 1152 sotx,
1827 1085 1904 1156 5).
1939 1085 2051 1140 Hoc

465 1191 609 1246 enim
635 1203 740 1243 non
764 1187 832 1242 ad
860 1202 977 1242 eam
1009 1194 1250 1239 naturam
1280 1197 1379 1253 qua
1404 1181 1644 1237 homines
1669 1193 1874 1242 sumus,
1897 1177 2050 1246 cnjns

466 1291 670 1337 naturm
699 1279 837 1334 idem
861 1279 975 1349 ipse
999 1285 1208 1333 creator
1235 1283 1345 1340 est,
1365 1275 1457 1344 qui
1481 1272 1602 1327 caeli
1625 1280 1680 1326 et
1709 1281 1883 1336 terrm,
1912 1268 2051 1323 side-

465 1389 619 1437 rum,
661 1373 1004 1439 omniumque
1045 1366 1424 1430 animantium;
1457 1363 1550 1418 sed
1590 1361 1655 1416 ad
1703 1361 1828 1415 illud
1875 1360 2050 1429 potius

465 1461 804 1520 referendum
834 1469 916 1515 est
940 1457 1081 1529 quod
1117 1455 1402 1527 Apostolus
1443 1454 1551 1508 ait:
1579 1452 1749 1522 Ipsius
1790 1451 1918 1504 enim
1958 1465 2048 1502 su-

466 1573 578 1609 mus
607 1555 899 1624 ﬁgmentum
917 1549 1070 1604 creati
1093 1549 1146 1602 in
1169 1546 1296 1601 Jesu
1323 1545 1520 1600 Christo
1551 1545 1606 1597 in
1634 1544 1865 1613 operibus
1885 1540 2046 1606 bouis,

465 1663 579 1718 qua:
615 1643 916 1716 praeparauit
948 1640 1088 1695 Deus
1117 1648 1172 1693 ut
1205 1639 1260 1692 in
1297 1637 1399 1691 illis
1436 1635 1747 1689 ambulemus
1776 1631 1948 1703 (Eph.
1975 1647 2047 1700 ιι,

467 1737 580 1793 10).

536 1739 765 1882 CAPUT
804 1823 1044 1880 XXXVI.
1068 1852 1140 1863 —
1164 1821 1256 1876 82.
1280 1819 1522 1875 Arbitror
1539 1817 1630 1872 tibi
1658 1816 1786 1871 satis
1814 1829 1932 1872 esse
1957 1828 2049 1869 so-

467 1902 607 1974 lutas
623 1927 740 1973 tuas
763 1919 995 1987 quinque
1019 1913 1360 1984 qumstioncs,
1391 1911 1518 1965 dum
1540 1911 1592 1964 in
1619 1910 1716 1964 ista
1741 1924 1858 1963 mea
1889 1907 2050 1962 veluti

466 2019 616 2065 sexta
645 2011 979 2073 immorarer,
1004 2022 1164 2077 quam
1180 2005 1310 2060 mihi
1349 2004 1598 2074 proposui
1627 2003 1692 2058 de
1713 2001 1892 2058 Gratia
1917 2000 2050 2056 Novi

470 2101 823 2164 Tcstamenti,
856 2108 1074 2169 propter
1100 2112 1258 2167 quam
1287 2095 1517 2150 Verbum
1547 2108 1674 2148 caro
1720 2093 1915 2148 factum
1945 2099 2047 2157 est,

469 2195 650 2260 idest,
679 2193 768 2263 qui
798 2191 964 2248 Filius
1003 2191 1096 2246 Dei
1126 2189 1257 2256 erat,
1288 2188 1450 2242 homo
1479 2187 1646 2242 factus
1675 2195 1775 2253 est,
1807 2195 2050 2240 naturam

469 2283 808 2353 suscipiendo
836 2291 1094 2348 nostram,
1117 2297 1222 2336 non
1243 2278 1533 2335 amittendo
1559 2293 1709 2332 suam
1743 2295 1757 2332 :
1790 2293 1887 2348 per
1910 2275 2053 2347 quod

469 2383 526 2428 et
572 2374 724 2428 nobis
770 2373 1144 2442 recipientibus
1174 2386 1297 2426 eum
1327 2378 1564 2440 potestas
1600 2369 1839 2434 daretur,
1871 2377 1928 2422 ut
1953 2368 2050 2438 qui

471 2480 684 2519 eramus
709 2464 973 2528 homines,
1023 2463 1116 2517 filii
1159 2463 1251 2517 Dei
1279 2462 1526 2518 heremus
1553 2459 1742 2532 (Joan.
1769 2475 1806 2527 ι,
1837 2461 1921 2525 Η,
1947 2459 2053 2528 12)

471 2555 876 2626 participatione
897 2553 1342 2610 incommutabilis
1367 2553 1492 2608 boni
1518 2553 1567 2606 in
1586 2552 1784 2606 melius
1815 2566 2056 2606 commu-

471 2646 583 2712 tati,
617 2660 720 2700 non
746 2645 811 2700 ad
831 2645 1175 2715 temporalem
1201 2644 1526 2709 felicitatem,
1555 2642 1646 2698 sed
1672 2643 1738 2696 ad
1760 2641 1880 2696 vitm
1901 2652 2056 2696 mter-

471 2751 575 2800 nm,
607 2751 724 2806 qum
759 2737 870 2790 sola
918 2736 1073 2790 beata
1117 2743 1219 2801 est,
1268 2733 1625 2804 adoptionem.
1676 2731 1824 2788 Unde
1865 2730 2058 2800 placuit

472 2829 631 2884 etiam
668 2827 1035 2898 propheticum
1067 2827 1335 2881 Psalmum
1381 2839 1712 2896 percurrere,
1744 2825 1896 2892 cujus
1943 2823 2054 2893 pri-

474 2936 619 2975 mum
646 2934 858 2975 versum
908 2920 960 2972 in
993 2919 1237 2988 passione
1265 2917 1721 2980 commemoravit,
1766 2914 2054 2968 ostendens

473 3013 742 3083 quomodo
763 3026 861 3066 nos
888 3011 1028 3066 Deus
1050 3011 1401 3080 derelinquat,
1429 3019 1484 3064 et
1512 3024 1617 3080 quo
1639 3010 1743 3062 alio
1771 3007 1928 3062 modo
1951 3023 2053 3061 non

473 3103 690 3159 recedat
717 3117 745 3156 a
775 3101 928 3156 nobis
959 3118 974 3160 :
1007 3101 1074 3155 ad
1102 3101 1236 3156 bona
1263 3111 1460 3155 mterna
1489 3115 1588 3152 nos
1614 3099 1886 3168 colligens,
1921 3109 2056 3152 tem-

473 3192 679 3262 poralia
708 3208 836 3246 vero
861 3190 1141 3261 aliquando
1172 3190 1370 3245 utiliter
1396 3188 1656 3254 tribuens,
1683 3196 1739 3242 et
1776 3186 2058 3257 aliquando

477 3283 682 3336 utiliter
719 3281 1074 3344 subtrahens;
1107 3289 1163 3334 ut
1189 3280 1269 3334 eis
1293 3293 1398 3332 non
1441 3278 1643 3332 hmrere
1667 3276 1954 3342 discamus,
1991 3289 2060 3330 ne

474 3382 776 3443 contempta
805 3373 921 3428 luce
946 3373 1219 3438 interiore,
1254 3387 1373 3441 qum
1405 3369 1472 3425 ad
1513 3384 1701 3424 novam
1729 3369 1960 3440 pertinet
1979 3367 2058 3422 vi-

477 3472 586 3518 tam
616 3461 786 3535 (unde
801 3463 958 3517 etiam
986 3463 1220 3533 psalmus
1245 3463 1345 3517 iste
1372 3463 1484 3532 ipse
1501 3478 1592 3533 pro
1617 3461 1930 3532 susceptione
1951 3479 2059 3514 ma-

478 3554 665 3619 tutina,
701 3563 948 3623 tanquam
993 3569 1090 3622 pro
1132 3554 1252 3609 luce
1281 3569 1435 3619 nova,
1465 3568 1662 3608 nomen
1707 3553 1974 3622 accepit),
2005 3554 2058 3608 in

481 3645 680 3700 exteris
707 3644 943 3700 tenebris
971 3645 1200 3700 libenter
1239 3645 1555 3710 habitemus,
1586 3643 1726 3699 unde
1753 3645 1805 3698 in
1831 3644 2063 3700 exterio4

480 3752 569 3792 res
598 3737 878 3804 mittuntur
904 3737 992 3807 qui
1018 3752 1082 3791 ex
1111 3737 1225 3792 istis
1249 3737 1448 3792 exteris
1490 3751 1594 3790 non
1626 3749 1684 3790 se
1710 3734 1777 3789 ad
1807 3735 2060 3791 interiora

477 3837 824 3894 convertunt;
854 3843 920 3884 ne
947 3829 1158 3883 diabolo
1177 3837 1228 3883 et
1262 3829 1462 3898 angelis
1487 3827 1603 3896 ejus
1644 3826 1849 3892 sociati,
1879 3831 2058 3882 extreé

477 3938 565 3977 ma
591 3923 930 3979 damnatione
951 3923 1248 3992 puniamur.
1268 3920 1625 3990 Intelligentes
1645 3919 1802 3990 igitur
1826 3920 2061 3989 peregri-

482 4016 750 4070 nationem
792 4023 1026 4069 nostram
1056 4015 1117 4066 in-
1137 4012 1237 4066 hac
1262 4012 1389 4078 vita,
1435 4009 1634 4066 mundo
1663 4011 2055 4081 crucifigamur,

486 4087 836 4161 extendentes
866 4119 1056 4159 manus
1099 4104 1150 4157 in
1174 4102 1505 4157 latitudinem
1528 4100 1788 4157 bonorum
1815 4116 2056 4171 operum,

477 4183 534 4252 et
561 4198 960 4269 longanimitate
998 4211 1164 4265 usque
1188 4195 1240 4250 in
1273 4193 1430 4249 linem
1457 4201 1873 4264 perseverantes,
1901 4202 2061 4262 atque

480 4289 739 4343 habentes
766 4303 862 4342 eor
890 4302 1120 4353 sursum,
1148 4286 1238 4340 ubi
1264 4284 1507 4340 Christus
1533 4292 1617 4339 est
1654 4283 1705 4338 in
1727 4283 1941 4339 dextera
1966 4284 2059 4339 Dei

479 4380 673 4435 sedens
701 4380 720 4452 (
744 4379 935 4434 Coloss.
967 4394 1046 4444 nt,
1077 4379 1127 4444 l,
1149 4377 1244 4448 2),
1278 4386 1551 4448 totumque
1586 4375 1689 4432 hoc
1735 4391 1840 4431 non
1883 4377 2056 4446 nobis,

479 4473 574 4528 sed
607 4474 748 4528 illius
772 4472 1146 4527 misericordia:
1177 4473 1488 4537 tribuentes,
1518 4469 1669 4540 cujus
1697 4469 1957 4540 profunda
1974 4457 2076 4539 ju-i

480 4565 622 4619 dicia
645 4579 855 4618 omnem
885 4571 1233 4618 scrutatorem
1262 4562 1497 4632 fatigant.
1527 4559 1650 4614 Haec
1679 4567 1763 4614 est
1787 4560 1928 4614 enim
1953 4574 2058 4614 non

484 4657 722 4711 inaniter
747 4655 1003 4722 fabulosa,
1024 4655 1119 4710 sed
1147 4655 1350 4710 utiliter
1377 4668 1533 4708 verax
1563 4653 1804 4719 latitudo,
1830 4652 2060 4723 longitu-

489 4749 582 4816 do,
612 4748 1218 4835 altitndo,3rofundum,
1238 4747 1386 4828 unde,
1406 4745 1773 4816 perveniamus
1799 4745 1959 4799 etiam
1990 4745 2056 4801 ad

484 4841 971 4912 supereminentem
1013 4839 1288 4894 scientiam
1333 4837 1608 4894 charitatis
1633 4836 1848 4902 Christi,
1875 4847 1929 4893 et
1957 4837 2058 4892 im-

486 4934 728 5004 pleamur
747 4935 798 4988 in
825 4947 1038 4988 omnem
1068 4930 1446 5001 plenitudinem
1481 4930 1607 5003 Dci(
1627 4928 1764 5000 Eph.
1795 4946 1872 4996 ιιι,
1907 4929 2028 5001 l9).

557 5025 787 5081 CAPUT
824 5021 1086 5079 XXXVII.
1117 5022 1291 5078 —85.
1313 5022 1437 5077 Scio
1455 5031 1630 5077 autem
1658 5037 1812 5094 quam
1834 5037 1939 5076 non
1966 5038 2058 5076 su-

483 5133 810 5188 pervacanea
850 5115 1220 5181 sollicitudine,
1269 5132 1361 5186 per
1389 5116 1524 5171 hanc
1560 5115 1890 5171 occasionem
1917 5130 2062 5188 qum-

485 5213 716 5267 stionum
749 5213 877 5266 mihi
919 5211 1014 5267 abs
1043 5220 1092 5266 te
1121 5215 1532 5282 propositarum,
1578 5208 1711 5267 Novi
1737 5211 2062 5265 Testamenti

488 5302 712 5372 gratiam
742 5303 832 5357 tibi
867 5301 1124 5357 voluerim
1155 5303 1420 5372 copiosius
1451 5301 1847 5356 commendare.
1891 5301 2063 5356 liabet

491 5393 633 5448 enim
679 5393 1031 5461 adversarios,
1063 5395 1152 5465 qui
1184 5392 1690 5464 ejusprofunditate
1713 5393 1926 5460 turbati,
1955 5408 2062 5447 non

486 5484 596 5538 Deo
625 5485 881 5552 tribuere,
931 5485 1024 5540 scd
1078 5485 1251 5556 potius
1283 5485 1383 5541 sibi
1416 5484 1604 5539 volunt
1639 5499 1886 5554 arrogare
1920 5483 2062 5555 quod

488 5578 613 5631 boni
640 5586 780 5631 sunt.
804 5577 913 5632 Nec
940 5577 1070 5632 tales
1091 5586 1230 5642 sunt,
1255 5591 1388 5648 quos
1415 5576 1568 5632 facile
1591 5585 1937 5641 contemnas;
1967 5575 2063 5632 sed

483 5673 820 5728 continenter
848 5671 1105 5733 viventes,
1134 5671 1356 5740 atquein
1378 5668 1533 5724 bonis
1557 5668 1806 5739 operibus
1829 5667 2063 5724 laudabi-

482 5764 562 5820 lcs
587 5779 602 5818 :
629 5779 726 5821 nec
751 5764 939 5843 falsum
967 5762 1232 5819 Christum
1273 5762 1408 5818 sicut
1433 5760 1637 5818 Manich
1657 5760 1703 5818 ei
1731 5761 1921 5830 aliique
1947 5761 2062 5832 plu-

1690 330 1752 386 S.
1790 323 2158 385 AUGUSTINI
2195 324 2499 384 EFISCOPI

3631 330 3735 387 576

2152 441 2273 496 rimi
2301 427 2558 512 haeretici,
2595 443 2689 499 s'ed
2715 443 2962 500 eumdem
2991 459 3177 501 verum
3205 445 3566 517 mqualemque
3592 445 3733 500 I‘atri

2153 547 2206 591 et
2223 545 2567 605 comtcrnum,
2595 538 2963 608 veraciterque
3005 539 3273 593 hominem
3311 538 3529 606 factum,
3549 549 3603 594 et
3641 555 3734 594 ve-

2153 628 2298 683 nisse
2319 627 2616 696 credentes,
2637 637 2691 684 et
2715 637 2993 684 venturum
3015 637 3382 700 exspectantes
3401 645 3416 693 ;
3435 629 3528 684 sed
3555 639 3734 685 tamen

2153 720 2456 790 ignorantes
2475 721 2567 776 Dei
2583 722 2863 791 justitiam,
2881 731 2935 777 et
2959 736 3107 778 suam
3128 722 3450 777 constituere
3472 721 3732 777 volentes.

2154 811 2336 882 Neque
2361 813 2501 867 enim
2535 812 2731 867 frustra
2755 813 3028 878 Dominus,
3052 828 3172 867 cum
3190 822 3244 868 et
3263 813 3380 868 illas
3404 828 3734 868 commemo-

2154 911 2298 958 raret
2323 920 2440 974 qum
2468 919 2647 958 secum
2671 905 2997 959 intraverunt
3025 903 3090 958 ad
3114 904 3347 974 nuptias,
3374 912 3428 959 ct
3452 903 3571 959 illas
3595 919 3699 960 con

2156 1003 2236 1049 tra
2263 1011 2396 1066 quas
2415 995 2605 1066 januas
2646 996 2853 1064 clausit,
2900 1006 2955 1052 et
3005 997 3197 1067 quibus
3223 995 3517 1066 respondit,
3550 994 3737 1051 Nescio

2155 1102 2262 1152 vos,
2288 1094 2535 1158 utrasque
2565 1088 2795 1159 virgines
2823 1087 2974 1153 dixit,
3005 1096 3221 1158 propter
3243 1088 3659 1153 continentiam;
3681 1098 3742 1142 et

2154 1178 2387 1248 quinque
2429 1189 2644 1250 propter
2685 1180 3169 1250 concupiscentiam
3223 1178 3400 1234 carnis
3421 1177 3737 1243 edomitam,

2153 1269 2395 1340 quinario
2423 1271 2694 1340 prmditam
2725 1287 2918 1337 sensu;
2950 1281 3164 1327 ornatas
3185 1280 3434 1342 utrasque
3477 1270 3738 1341 lampadi-

2157 1359 2279 1428 bus,
2313 1371 2528 1432 propter
2553 1362 2812 1417 bonorum
2842 1377 3067 1431 Operam
3093 1363 3352 1433 boumque
3371 1361 3738 1417 conversatio-

2159 1453 2244 1507 nis
2269 1453 2320 1507 in
2360 1465 2645 1526 conspectu
2676 1455 2948 1509 hominum
2978 1455 3451 1511 lueuleutissimam
3484 1454 3693 1509 Iaudem
3720 1471 3735 1518 ;

2159 1555 2410 1619 utrasque
2439 1547 2647 1603 obviam
2685 1564 2882 1619 sponso
2911 1558 3120 1614 euntes,
3143 1559 3360 1620 propter
3387 1551 3741 1620 exspectatio-

2153 1656 2274 1695 nem
2300 1656 2404 1710 qua
2432 1641 2626 1696 Christi
2652 1651 2901 1710 speratur
2928 1640 3185 1697 adventus
3218 1661 3231 1696 :
3266 1642 3359 1697 sed
3401 1651 3575 1696 tamen
3606 1642 3741 1697 alias

2157 1731 2444 1802 sapientes,
2469 1732 2598 1786 alias
2619 1732 2825 1798 stultas,
2851 1731 2994 1802 quod
3024 1732 3294 1802 sapientes
3323 1733 3500 1788 oleum
3515 1748 3739 1802 accepe-

2152 1830 2278 1876 runt
2302 1821 2354 1876 in
2377 1822 2515 1876 vasis
2539 1822 2674 1889 suis,
2705 1823 2879 1876 stult-.e
2903 1831 3079 1876 autem
3113 1822 3212 1877 hoc
3241 1838 3353 1878 non
3386 1821 3625 1878 ferebant

2153 1927 2308 1976 cum;
2341 1913 2393 1966 in
2418 1911 2522 1966 tam
2551 1913 2727 1967 multis
2757 1927 2932 1982 pares,
2971 1913 3072 1968 hoc
3112 1913 3230 1968 solo
3263 1928 3354 1967 eas
3375 1913 3615 1983 dispares
3640 1913 3738 1969 de-

2155 1993 2436 2069 monstrai,
2470 2004 2572 2060 hoc
2622 2004 2736 2060 solo
2761 2003 2970 2060 diversa
3000 2004 3078 2060 eis
3106 2013 3160 2060 et
3202 2005 3472 2060 contraria
3523 2006 3737 2060 nomine

2154 2096 2396 2167 imponit.
3482 2162 3486 2166 _

2225 2189 2315 2243 84.
2346 2187 2480 2256 Quid
2513 2187 2653 2243 enim
2685 2194 2790 2242 tam
2829 2187 3169 2258 conjunctum
3210 2201 3369 2258 quam
3417 2187 3652 2258 virgines
3686 2196 3740 2243 et

2157 2279 2408 2349 virgines,
2437 2279 2670 2350 quinque
2697 2287 2750 2334 et
2772 2278 3003 2350 quinque
3032 2277 3364 2348 lampadibus
3387 2288 3611 2342 ornatm,
3634 2277 3732 2332 ob-

2157 2371 2296 2425 viam
2325 2386 2521 2441 sponso
2549 2380 2738 2426 euntes
2757 2381 2811 2427 et
2832 2372 2946 2426 istm
2965 2379 3021 2426 et
3046 2371 3197 2425 illm?
3225 2371 3290 2426 Et
3319 2370 3445 2441 quid
3474 2380 3582 2425 tam
3611 2387 3739 2426 eon-

2159 2463 2377 2516 trarium
2395 2476 2555 2532 quam
2571 2462 2857 2531 sapientes,
2880 2470 2935 2516 et
2953 2461 3171 2516 stultm?
3196 2460 3442 2516 videlicet
3459 2460 3600 2532 quod
3627 2461 3744 2515 istm

2161 2554 2337 2606 oleum
2371 2553 2423 2606 in
2450 2553 2611 2619 vasis,
2670 2553 2771 2608 hoc
2810 2562 2911 2619 est,
2961 2553 3367 2623 intelligentiam
3421 2553 3605 2623 gratim
3643 2552 3737 2608 Dei

2162 2653 2373 2720 portant
2395 2644 2446 2698 in
2495 2643 2747 2699 cordibus
2773 2644 2904 2709 suis,
2944 2645 3178 2700 scientes
3224 2643 3365 2714 quod
3393 2658 3548 2698 nemo
3578 2642 3744 2712 possit

2153 2741 2279 2790 esse
2306 2737 2584 2790 continens
2605 2735 2706 2790 nisi
2731 2736 2869 2792 Deus
2893 2736 3006 2802 det,
3034 2746 3090 2792 et.
3137 2735 3240 2791 hoc
3269 2740 3440 2813 ipsum
3465 2735 3740 2806 sapientius

2154 2819 2495 2897 deputantcs,
2515 2829 2650 2882 scire
2671 2827 2821 2897 cujus
2842 2827 2941 2883 hoc
2967 2827 3165 2882 donum
3187 2829 3256 2884 sit
3275 2830 3293 2899 (
3315 2828 3445 2900 Sap.
3475 2843 3590 2892 vm,
3611 2827 3740 2897 21):

2163 2921 2268 2974 illm
2309 2929 2486 2976 autem
2534 2921 2770 2990 largitori
2813 2921 3049 2976 omnium
3079 2922 3338 2976 bonorum
3388 2922 3585 2992 gratias
3633 2939 3739 2976 non

2162 3021 2400 3081 agentes,
2432 3021 2759 3066 evanuerunt
2785 3013 2836 3066 in
2865 3013 3275 3083 cogitationibus
3301 3013 3432 3077 suis,
3456 3022 3512 3070 et
3541 3013 3742 3068 obscu-

2163 3111 2337 3156 ratum
2368 3111 2450 3156 est
2477 3102 2731 3170 insipiens
2779 3118 2874 3156 cor
2922 3119 3126 3168 carum,
3157 3103 3396 3158 dicentes
3420 3120 3479 3160 se
3511 3119 3631 3159 esse
3653 3121 3742 3166 sa:

2167 3191 2391 3262 pientes,
2441 3192 2615 3246 stultae
2643 3191 2792 3246 factm
2819 3201 2943 3246 sunt
2962 3191 3145 3263 (Rom.
3180 3210 3218 3255 ι.
3243 3193 3335 3262 21,
3368 3193 3492 3263 29.).
3526 3195 3599 3249 De
3628 3196 3745 3265 qui-

2163 3280 2262 3336 bus
2283 3297 2411 3336 sane
2428 3282 2572 3336 nullo
2594 3281 2752 3336 modo
2773 3298 2913 3337 nunc
2927 3282 3316 3352 desperandum
3333 3294 3435 3351 est,
3459 3294 3744 3354 antequam

2163 3372 2494 3428 dormiamus
2525 3392 2538 3428 :
2567 3373 2659 3428 sed
2687 3374 2730 3428 si
2761 3374 2829 3429 ita
2856 3374 3190 3442 dormierint,
3233 3391 3356 3430 cum
3386 3376 3559 3431 factus
3584 3376 3743 3434 fuerit

2167 3465 2369 3518 clamor
2390 3465 2500 3531 ille,
2529 3481 2635 3534 quo
2681 3465 2870 3520 adesse
2909 3465 3020 3535 jam
3049 3467 3376 3523 uuntiabitur
3403 3483 3652 3538 sponsus,
3685 3478 3742 3524 et

2164 3559 2493 3628 evigilantes,
2541 3558 2641 3613 hoc
2689 3568 2770 3613 est
2797 3569 3139 3629 resurgentes
3166 3563 3526 3616 remanserint
3571 3562 3740 3627 foris;

2165 3665 2272 3703 non
2298 3650 2420 3718 quia
2450 3649 2684 3718 virgines
2713 3666 2820 3705 non
2842 3664 2987 3715 sunt,
3013 3650 3107 3706 sed
3128 3651 3248 3721 quia
3273 3653 3573 3708 nescientes
3601 3651 3746 3707 unde

2166 3738 2396 3795 habeant
2424 3739 2564 3810 quod
2587 3748 2732 3808 sunt,
2781 3742 2958 3796 stultm
2999 3742 3233 3812 virgines
3275 3751 3419 3811 sunt,
3451 3744 3749 3813 meritoque

2165 3829 2296 3884 foris
2322 3839 2498 3897 erunt,
2526 3831 2650 3902 quia
2680 3832 2903 3887 internae
2937 3832 3185 3890 allectum
3216 3835 3398 3905 gratim
3433 3851 3539 3891 non
3564 3851 3752 3894 secum

2162 3921 2360 3980 ferunt.

2237 4013 2327 4068 85.
2355 4013 2578 4080 Quando
2617 4014 2749 4070 tales
2789 4030 2917 4086 ergo
2960 4017 3246 4086 repereris,
3274 4033 3379 4073 non
3407 4017 3499 4073 tibi
3527 4034 3751 4089 persua-

2168 4104 2329 4161 deant
2352 4099 2662 4162 inanitatem
2693 4123 2942 4164 vasorum
2971 4123 3212 4175 suorutn,
3244 4108 3339 4164 sed
3366 4118 3424 4164 tu
3452 4109 3532 4166 eis
3570 4110 3755 4179 potius

2170 4199 2576 4268 plenitudinem.
2609 4199 2762 4256 Unde
2783 4200 2858 4254 ait
2882 4200 3190 4272 Apostolus,
3242 4201 3479 4272 Quisquis
3505 4218 3560 4256 se
3600 4213 3757 4272 putat)

2167 4289 2362 4360 aliquid
2382 4291 2528 4357 scire,
2557 4290 2780 4345 nondum
2803 4293 2895 4346 scit
2919 4291 3340 4360 quemadmodum
3379 4302 3574 4363 oportet
3595 4295 3746 4348 seire.

2165 4379 2234 4434 Et
2265 4395 2385 4435 mox
2408 4381 2694 4436 ostendens
2709 4382 2833 4450 quid
2854 4382 3066 4446 dixerit,
3093 4381 3329 4452 Quisquis
3346 4393 3534 4451 autent,
3553 4384 3747 4453 inquit,

2169 4468 2338 4541 diligit
2364 4468 2549 4536 Deum,
2579 4469 2659 4524 hic
2674 4473 2904 4543 cognitus
2929 4482 3002 4526 est
3020 4472 3084 4526 ab
3107 4472 3196 4526 illo
3221 4471 3276 4544 (l
3302 4470 3421 4529 Cor.
3450 4489 3561 4539 vnn,
3591 4473 3745 4544 2,3).

2169 4561 2281 4617 Nec
2309 4562 2386 4618 sic
2414 4561 2594 4618 dicere
2612 4563 2796 4631 voluit,
2823 4563 3085 4634 Cognovit
3107 4579 3251 4629 eum,
3278 4564 3372 4621 sed
3392 4564 3636 4632 dicendo,
3663 4582 3751 4620 co—

2170 4657 2339 4727 gnitus
2386 4664 2456 4710 est
2509 4655 2572 4712 ab
2613 4655 2724 4722 illo,
2778 4655 3084 4728 expressius
3131 4654 3298 4710 voluit
3335 4655 3748 4724 commendare,

2171 4747 2329 4802 etiam
2362 4747 2464 4801 hoc
2493 4746 2560 4801 ab
2587 4746 2674 4802 illo
2714 4745 2866 4800 nobis
2891 4761 3012 4802 esse
3039 4754 3242 4814 uteum
3271 4746 3573 4816 diligamus.
3611 4745 3753 4802 Cha-

2168 4841 2301 4907 ritas
2327 4841 2468 4894 enim
2519 4838 2615 4896 Dei
2663 4837 2973 4894 diffunditur
3008 4839 3060 4893 in
3095 4837 3346 4895 cordibus
3373 4839 3593 4904 nostris,
3641 4855 3752 4896 non

2167 4948 2262 5002 per
2286 4945 2383 4986 nos
2412 4931 2576 5002 ipsos,
2603 4929 2695 4984 sed
2719 4944 2815 5001 per
2833 4929 3086 5000 Spiritum
3107 4939 3348 4987 sanctum
3373 4931 3463 5001 qui
3486 4931 3652 4988 datus.
3670 4939 3770 4989 est.

2171 5024 2324 5081 nobis
2351 5023 2536 5092 (Rom.
2565 5038 2619 5085 γ,
2648 5019 2745 5093 5).
2767 5021 2997 5078 Necesse
3024 5031 3106 5078 est
3141 5030 3322 5091 autem
3349 5029 3410 5078 ut
3450 5038 3636 5093 parum
3664 5021 3756 5079 di—

2171 5113 2296 5184 ligat
2329 5113 2516 5178 Deum,
2540 5111 2635 5181 qui
2671 5126 2778 5185 non
2803 5111 2872 5168 ab
2906 5111 3018 5176 illo,
3047 5111 3143 5166 sed
3169 5127 3200 5166 a
3223 5112 3402 5183 seipso
3452 5112 3652 5168 bonum
3695 5128 3758 5168 so

2173 5207 2460 5276 arbitratur
2477 5204 2736 5280 (effectum
2764 5221 2777 5257 :
2805 5203 2948 5260 unde
2972 5213 3149 5261 autem
3193 5203 3308 5259 ﬁeri
3347 5212 3525 5275 potest
3549 5213 3610 5261 ut
3631 5205 3778 5262 talis.

2171 5313 2278 5352 non
2319 5298 2373 5352 in
2399 5297 2596 5368 scipso,
2649 5297 2745 5352 sed
2793 5297 2845 5366 in
2897 5295 3122 5352 Domino
3159 5295 3454 5367 glorietur?
3479 5296 3580 5365 Qui
3608 5300 3780 5356 enim.

2172 5388 2428 5460 gloriatur
2457 5387 2598 5457 quod
2625 5387 2696 5441 sit
2719 5386 2910 5452 bonus,
2944 5386 2998 5440 in
3025 5386 3120 5442 illo
3139 5386 3303 5442 debet
3320 5387 3562 5458 gloriari,
3587 5402 3619 5442 a
3645 5403 3754 5457 quo
3779 5441 3783 5445 .

2175 5480 2345 5536 factus
2379 5489 2464 5536 est
2492 5479 2662 5535 bonus
2691 5494 2794 5554 :jac
2821 5494 2917 5550 per
2941 5477 3045 5534 hoc
3083 5479 3172 5548 qui
3199 5492 3258 5534 se
3285 5495 3316 5534 a
3341 5479 3628 5550 semetipso
3673 5479 3756 5535 fa-
3781 5547 3787 5554 η

2172 5583 2314 5629 ctum
2347 5573 2544 5628 bonum
2573 5571 2879 5636 arbitratur,
2905 5585 3238 5640 consequens
3263 5579 3348 5626 est
3389 5578 3448 5625 ut
3469 5570 3521 5625 in
3546 5570 3752 5640 scipso,

2175 5680 2280 5720 non
2309 5665 2361 5718 in
2381 5663 2605 5721 Domino
2624 5663 2900 5733 glorietur.
2922 5661 3106 5716 Omnis
3129 5669 3304 5716 autem
3329 5661 3552 5716 intentio
3573 5661 3759 5734 gratim

2173 5757 2308 5816 Novi
2351 5757 2704 5824 Testamenti,
2755 5769 2854 5826 qua
2904 5769 3114 5810 sursum
3165 5770 3258 5810 eor
3305 5753 3565 5813 habemus
3596 5752 3759 5828 (quia
