4122 6350
360 395 468 456 577

365 527 524 569 omne
543 510 724 566 datum
748 505 1029 577 optimum,
1048 508 1102 556 et
1120 512 1277 555 omne
1316 495 1514 552 donum
1538 493 1832 564 perfectum
1854 492 1946 546 de-

362 620 573 663 sursum
593 597 904 674 est[.lacobi
931 614 969 663 ι,
1003 593 1128 668 17],
1161 593 1215 648 id
1253 592 1380 664 agit,
1408 605 1475 645 ne
1500 589 1668 643 simus
1704 586 1894 657 ingrati
1928 600 1941 651 ;

369 707 527 769 atque
550 698 601 749 in
624 695 734 763 ipsa
761 690 1048 762 gratiarum
1076 686 1282 741 actione
1308 683 1437 738 nihil
1465 679 1607 735 aliud
1642 678 1834 749 agitur,
1865 677 1946 730 nio

369 792 406 849 ti
435 789 594 861 utqui
618 786 893 858 gloriatur,
921 781 971 835 in
991 778 1214 834 Domino
1236 774 1507 847 glorietur.
1533 771 1707 826 ilabes
1727 770 1940 832 librum,

367 886 465 943 etsi
495 875 783 955 prolixum,
809 886 1006 941 tamen,
1027 880 1279 943 quantum
1310 868 1576 931 existimo,
1620 879 1723 918 non
1754 877 1943 933 supcr-

366 980 551 1034 iluum.
602 974 706 1029 Sed
754 985 872 1025 ama
905 968 1063 1023 etiam
1096 962 1482 1019 ecclesiasticas
1511 957 1688 1027 legere
1718 956 1940 1021 litteras,

361 1082 413 1126 et
438 1085 542 1124 non
562 1066 723 1120 multa
746 1061 1002 1125 invenies,
1025 1073 1142 1128 quae
1162 1055 1400 1126 requiras
1420 1069 1483 1107 ex
1507 1068 1621 1116 me;
1654 1049 1747 1105 sed
1768 1050 1945 1119 legen-

361 1163 433 1217 do
462 1169 517 1216 et
548 1152 885 1216 ruminando,
914 1154 958 1206 si
988 1148 1147 1204 etiam
1170 1161 1300 1217 pure
1323 1144 1605 1199 Dominum
1643 1141 1942 1212 largitorem

360 1257 622 1312 bonorum
650 1247 888 1304 omnium
922 1241 1244 1314 depreceris,
1292 1239 1465 1294 omnia
1500 1253 1617 1307 qum
1644 1234 1943 1305 cognitione

361 1347 519 1417 dgna
549 1349 694 1405 sunt,
724 1347 815 1394 aut
833 1344 984 1391 certe
1013 1333 1259 1405 plurima,
1294 1331 1408 1400 ipso
1435 1330 1602 1399 magis
1629 1327 1941 1397 inspirante.

361 1453 521 1509 quam
553 1431 827 1488 hominum
858 1427 1034 1497 aliquo
1055 1431 1425 1479 commouentc.
1456 1420 1745 1490 perdisces.
1765 1418 1940 1485 Quan-

360 1543 519 1600 quam
548 1542 612 1581 eo
638 1524 759 1594 ipso
787 1536 892 1591 quo
916 1517 1216 1572 forinsecus
1247 1515 1380 1569 bene
1406 1513 1780 1566 admonentem
1804 1509 1944 1580 judi-

360 1621 445 1675 cio
472 1634 575 1672 non
606 1621 817 1670 errante
853 1609 1227 1680 approbamus,
1252 1604 1375 1675 quid
1420 1604 1561 1657 aliud
1600 1619 1757 1673 quam
1784 1604 1944 1657 inter-

360 1729 487 1768 num
510 1712 709 1772 lumen,
732 1705 1039 1776 magistrutn
1068 1716 1166 1755 nos
1196 1698 1395 1752 habere
1425 1695 1711 1751 testamur?

824 1812 1159 1870 EPISTOLA
1188 1809 1344 1865 CXLI
1373 1812 1389 1832 ‘
1421 1807 1521 1878 (α).

364 1939 447 1993 Ad
477 1936 719 2007 populum
747 1931 980 2003 factionis
1008 1927 1315 1993 donatiuum,
1342 1922 1590 1993 quomodo
1610 1922 1814 1975 illorum
1833 1923 1943 1993 epi-

434 2028 575 2098 scopi
604 2027 655 2078 in
683 2019 1069 2093 Carthaginensi
1097 2017 1365 2071 collatione
1388 2014 1597 2068 convicti
1622 2014 1739 2068 sint.
1764 2013 1946 2083 Itaque

433 2135 570 2174 nunc
596 2120 793 2170 demum
818 2112 1023 2167 redeant
1063 2110 1130 2163 ad
1160 2108 1402 2163 Ecclesia:
1431 2107 1692 2161 catholica:
1719 2123 1945 2160 comnm-

366 2234 369 2237 ί
430 2211 649 2264 nionem.

359 2310 622 2366 Summus
644 2307 843 2370 Senex,
873 2305 1227 2367 VALENTINUS,
1272 2304 1542 2357 Annianus
1561 2301 1660 2374 (b),
1684 2302 1942 2357 Inuocau-

429 2417 568 2467 rws,
605 2400 929 2464 Maxumus,
968 2398 1240 2464 Orn'ws,
1277 2398 1635 2460 Aecusnaus,
1665 2397 1938 2461 Daunus,

430 2504 484 2550 et
510 2493 697 2549 caeteri
720 2489 956 2561 episcopi
986 2489 1053 2543 de
1086 2488 1311 2544 concilio
1338 2488 1577 2543 Zertensi
1604 2491 1644 2554 ι,
1668 2487 1734 2542 ad
1764 2488 1942 2542 Dona-

428 2588 602 2641 tistas.

432 2680 484 2733 l.
513 2676 647 2731 Cum
676 2676 728 2729 in
754 2674 974 2728 auribus
1010 2674 1208 2728 nostris
1252 2672 1388 2726 fama
1435 2672 1819 2740 crebresceret,
1842 2673 1945 2727 hoc

356 2769 512 2823 vobis
554 2776 762 2822 vestros
806 2767 1086 2836 episcopos
1108 2765 1305 2829 dicere,
1333 2763 1671 2835 Cognitorem
1703 2764 1775 2838 (c)
1804 2782 1944 2836 prze-

359 2860 468 2914 inio
494 2858 659 2913 fuisse
686 2869 1013 2927 corruptum,
1050 2864 1308 2910 utcontra
1337 2871 1431 2911 eos
1452 2857 1713 2931 Sententia
1743 2858 1946 2927 profer-

358 2962 526 3018 retur,
584 2966 680 3006 vos
709 2960 885 3005 autem
920 2951 1018 3003 ista
1068 2947 1502 3014 facile‘credere,
1551 2962 1614 3003 ac
1664 2960 1942 3018 pr0pterea

358 3045 557 3099 multos
579 3052 813 3096 vestrum
835 3040 1008 3095 adhuc
1028 3040 1169 3095 nolle
1188 3039 1527 3108 acquiescere
1547 3040 1752 3094 veritati
1777 3056 1792 3105 ;
1834 3040 1947 3109 pla-

355 3135 468 3190 cuit
496 3134 670 3197 nobis,
715 3141 938 3202 cogente
966 3130 1171 3185 Domini
1192 3129 1470 3194 clmritate,
1502 3145 1567 3185 ex
1593 3131 1822 3186 concilio
1845 3147 1945 3186 no-

355 3237 472 3284 stro
504 3227 620 3280 haec
639 3224 705 3280 ad
742 3240 838 3279 vos
859 3223 1053 3299 scripta
1076 3222 1324 3293 dirigere,
1348 3222 1538 3293 quibus
1567 3222 1818 3292 primitus
1844 3223 1945 3277 ad-

356 3316 711 3373 moneremini
754 3316 875 3371 illos
903 3314 1057 3369 vobis
1106 3314 1277 3368 vietos
1315 3322 1473 3383 atque
1515 3314 1787 3370 convictos
1830 3316 1947 3369 hzec

358 3409 640 3466 mendacia
684 3408 887 3478 jactare
918 3425 930 3462 :
962 3407 1049 3477 qui
1078 3406 1236 3462 etiam
1279 3406 1332 3461 in
1368 3420 1465 3461 suo
1510 3405 1776 3475 Mandata,
1804 3408 1946 3479 quod

358 3517 462 3573 pro
490 3500 578 3555 illa
604 3500 881 3555 collatione
903 3497 1161 3565 fecerunt,
1191 3506 1245 3552 et
1286 3497 1396 3552 suis
1441 3497 1745 3553 nominibus
1790 3508 1948 3569 atque

360 3594 840 3663 subseriptionibus
888 3592 1249 3657 ﬁrmaverunt,
1287 3605 1387 3645 nos
1425 3590 1535 3645 illic
1585 3592 1867 3646 traditores
1894 3601 1950 3647 et

362 3696 731 3757 persecutores
774 3698 901 3739 suos
942 3698 1061 3738 esse
1104 3681 1370 3747 dicentes,
1416 3681 1469 3736 in
1519 3680 1749 3738 falsitate
1790 3691 1948 3754 atque

364 3778 643 3836 mendacio
670 3776 1100 3834 manifestissimo
1124 3775 1317 3831 detecti
1339 3783 1498 3846 atque
1534 3776 1760 3831 convicti
1784 3788 1906 3831 sunt
1930 3794 1945 3844 ;

362 3874 433 3928 ita
460 3881 522 3926 ut
545 3872 784 3926 volentes
825 3868 1039 3939 gloriari
1063 3868 1128 3923 de
1154 3867 1490 3924 multitudine
1510 3869 1947 3939 coepiscoporum

362 3979 603 4030 suorum,
621 3963 759 4017 inter
777 3961 1070 4030 aliquorum
1090 3960 1384 4015 absentium
1403 3961 1614 4015 nomina
1633 3962 1789 4017 etiam
1808 3977 1949 4018 mor-

366 4058 439 4111 tui
471 4070 663 4110 nomen
690 4054 1019 4117 insererent;
1047 4061 1100 4108 et
1136 4068 1256 4108 cum
1307 4062 1633 4122 quaereretur
1663 4055 1749 4110 ubi
1782 4065 1944 4125 esset,

365 4147 538 4202 subita
571 4145 966 4217 perturbatione
986 4144 1187 4207 czecati,
1218 4143 1314 4213 ipsi
1344 4158 1468 4199 eum
1490 4144 1869 4201 confiterentur
1895 4148 1948 4202 in

362 4240 553 4294 itinere
572 4237 847 4293 defecisse.
871 4237 1073 4291 Etcum
1100 4235 1552 4305 interrogarentur
1570 4238 1836 4307 quomodo
1854 4253 1951 4309 po—

425 4392 442 4422 ¹
467 4398 598 4449 ιω,
618 4390 680 4441 de
702 4387 913 4440 Cmtcilio
933 4387 1153 4439 Cirtensi.
1176 4388 1289 4451 cdd.
1321 4389 1417 4439 duo
1439 4392 1605 4451 vatie.,
1634 4392 1869 4443 Xersensi.
1896 4403 1952 4447 Αῐ

361 4451 445 4518 alii
468 4466 808 4518 propeetnnes
828 4458 954 4518 Mss,
972 4464 1160 4518 necnon
1182 4450 1293 4518 Edd.
1314 4452 1421 4500 Bad.
1446 4462 1548 4518 am.
1575 4450 1625 4504 et
1647 4462 1734 4518 Er.
1748 4456 1948 4518 habent,

363 4514 425 4564 de
458 4511 668 4582 ("ancilia
690 4511 949 4582 ⁸Ζεῑῑξιιθὶε
975 4524 1117 4582 quam
1142 4512 1403 4582 lectionem
1447 4516 1693 4582 probatam
1725 4511 1952 4582 intelligi;

362 4577 608 4641 meviris
620 4576 909 4641 quibusdam
932 4575 1152 4633 eruditis,
1184 4576 1270 4641 qui
1293 4575 1539 4641 civitatem
1584 4577 1723 4641 aliam
1763 4580 1813 4628 in
1858 4575 1949 4630 Νἷι-

363 4639 512 4687 midia
535 4638 804 4688 Cirtensem
827 4651 937 4693 quae
957 4638 1259 4686 Constantina
1292 4639 1569 4693 vocabatur.
1597 4647 1648 4689 et
1667 4639 1809 4690 aliam
1844 4649 1953 4693 Zer-

366 4674 1825 4763 ἱέἵέἓιιῖᾜήζεῖῖόὴἷξυιῖἴῖῗῶῑιιιῖὃιῖῗῶἕῶἔέξῗιὲἷηξῖ,
1844 4674 1950 4755 “(iis

362 4768 546 4823 praeter
564 4764 1012 4811 Constantinensem
1035 4762 1312 4823 episcopum
1347 4762 1671 4823 Fortunatam,
1693 4771 1953 4818 Zertenses

366 4822 452 4872 alii
473 4824 571 4873 duo
599 4824 894 4873 Gaudentius
924 4828 977 4872 et
1008 4822 1240 4871 salustius
1260 4832 1599 4874 recensentur.

431 4907 452 4924 '
491 4906 557 4955 Ad
578 4906 701 4955 hanc
724 4904 1074 4969 emendandam
1097 4904 1246 4967 adjuti
1268 4918 1436 4954 sumus
1455 4918 1501 4955 a.
1527 4906 1611 4969 bg.
1637 4906 1705 4956 bl.
1730 4922 1774 4959 c.
1802 4924 1873 4961 cc.
1900 4911 1948 4962 if.

362 4980 537 5080 ἕδνων.
563 4982 612 5017 n.
638 4980 680 5016 s.
701 4968 775 5018 sb.
801 4974 837 5017 t.
864 4980 939 5016 ve.
964 4966 1215 5015 duobus’r.
1241 4973 1444 5029 quatuor
1467 4982 1514 5018 v.
1543 4966 1595 5018 et
1615 4976 1716 5019 Am.
1741 4973 1849 5021 Bad.
1876 4980 1948 5023 Er.

424 5064 501 5177 Ea)
520 5110 644 5177 Alias
663 5109 781 5177 152‘:
802 5121 913 5175 quae
930 5117 1096 5161 autem
1114 5108 1199 5159 141
1226 5117 1361 5171 erat,
1380 5123 1508 5162 nunc
1536 5111 1645 5162 261.
1665 5115 1845 5177 Scripta
1870 5116 1954 5167 die

364 5171 566 5234 M'jt’tnii
582 5186 662 5222 an.
682 5172 790 5222 412.

426 5255 499 5319 (b)
526 5256 703 5323 Aurelii
726 5268 903 5323 nomen
920 5255 999 5304 hic
1016 5252 1254 5323 eahibent
1281 5253 1499 5323 epistola:
1528 5255 1674 5323 hujus
1707 5256 1956 5323 exempla-

362 5316 454 5367 ria.
474 5316 531 5368 At
549 5319 705 5381 ipsum
722 5318 953 5381 omittunt
965 5316 1159 5381 codices
1172 5327 1344 5364 omnes
1356 5316 1405 5381 in
1423 5316 1507 5365 lib.
1529 5318 1560 5366 2
1578 5316 1778 5370 tietract.
1800 5336 1843 5371 c.
1856 5316 1949 5372 Ξίοε

363 5381 449 5429 ubi
467 5377 592 5449 bane
624 5380 847 5449 eamdem
878 5377 1130 5449 epistolam
1159 5389 1260 5449 asc
1280 5377 1504 5449 saiptam
1538 5385 1843 5449 recognoscit
1865 5393 1957 5449 itu-

363 5443 621 5507 gustatus,
656 5442 772 5491 licet
794 5454 893 5507 _I_l_0n
930 5440 1124 5507 missam
1156 5440 1341 5507 privato
1358 5440 1508 5507 ipsius
1522 5440 1756 5507 nomine;
1784 5463 1805 5490 (ι
1822 5446 1952 5507 quia,

370 5501 393 5548 ἱ
410 5504 586 5566 inquit,
607 5505 656 5552 in
674 5501 876 5553 concilio
900 5501 1130 5566 Numidia
1161 5502 1383 5566 omnibus
1398 5503 1502 5566 qui
1518 5504 1584 5566 ibi
1621 5501 1957 5565 eramus-hoc

369 5580 391 5609 ι
410 5562 519 5613 ﬁeri
534 5564 777 5627 placuit”
800 5571 857 5614 ut
875 5564 1061 5627 scilicet
1082 5562 1310 5627 perbrevi
1331 5562 1535 5623 epistola
1557 5562 1851 5617 docerentur
1870 5576 1957 5617 Do-

364 5622 555 5676 natista?
588 5622 786 5689 quid'in
815 5622 1187 5689 Carthaginiensi
1209 5622 1467 5689 collatione
1499 5633 1694 5688 gestum
1715 5630 1796 5687 sit,
1830 5643 1894 5678 ne
1928 5644 1956 5679 a

363 5688 464 5752 suis
480 5685 698 5752 ipsorum
717 5689 972 5752 episcopis,
991 5685 1099 5752 rem
1128 5685 1271 5740 aliter
1289 5694 1436 5752 atque
1460 5685 1695 5741 habuerat
1726 5685 1958 5742 narranti-

364 5748 474 5809 bus,
496 5748 853 5799 Seducereutur
871 5748 1092 5800 ulterius.

427 5832 497 5897 (c)
515 5830 856 5884 Marcellinum.

1550 369 2026 435 EPISTOLARUM
2067 374 2337 435 CLASSIS
2376 377 2459 433 ill.

3497 416 3500 419 -
3537 381 3640 438 578

2055 492 2214 546 tuerit
2240 491 2379 562 apud
2408 491 2787 565 Carthaginem
2834 489 3197 559 subscribere;
3221 494 3310 563 qui
3341 496 3395 550 in
3445 495 3636 554 itinere

2048 583 2155 653 jam
2182 584 2467 652 deformat,
2496 588 2864 646 vehementius
2889 590 3200 660 perturbati,
3228 591 3337 648 alio
3358 593 3636 650 mendacio

2052 688 2110 729 se
2134 676 2517 746 obligaverunt,
2557 680 2943 750 respondentes
2982 698 3106 738 eum
3137 698 3166 737 a
3206 683 3522 755 Carthagine
3542 702 3632 741 re-

2051 765 2296 821 deuntem
2330 767 2493 825 fuisse
2539 770 2847 827 defunctum
2875 790 2886 825 :
2918 773 2983 828 de
3023 790 3131 845 quo
3179 775 3457 831 mendacio
3488 778 3635 837 exire

2050 858 2265 913 omnino
2308 860 2526 916 minime
2568 860 2873 931 potaeruut.
2925 866 3063 921 Ecce
3088 868 3279 937 quibus
3305 868 3522 923 creditis
3550 870 3635 925 vel

2050 949 2115 1004 de
2143 950 2354 1021 antiqua
2387 952 2688 1021 traditione,
2721 955 2800 1008 vel
2829 955 2896 1010 de
2925 957 3230 1026 Cognitoris
3255 962 3626 1029 corruptione,

2049 1043 2137 1111 qui
2181 1043 2483 1098 Mandatum
2533 1061 2707 1113 suum,
2740 1047 2827 1101 ubi
2880 1048 3033 1104 nobis
3079 1050 3387 1120 objecerunt
3431 1053 3633 1109 crimen

2051 1134 2365 1201 traditionis,
2416 1150 2519 1189 nou
2553 1146 2840 1205 potuerunt
2886 1141 3226 1197 conscribere
3270 1144 3386 1199 sine
3411 1146 3635 1200 crimine

2050 1224 2306 1280 falsitatis.
2333 1226 2559 1283 Proinde
2574 1244 2692 1299 quae
2720 1232 2949 1286 maxime
2971 1236 3266 1290 necessaria
3287 1237 3629 1304 credidimus,

2051 1316 2131 1371 his
2163 1317 2347 1371 litteris
2377 1327 2625 1389 tanquam
2652 1320 2918 1375 breviario
2944 1324 3162 1379 collecta
3196 1325 3533 1393 inseruimns,
3566 1345 3633 1382 ne

2051 1406 2182 1462 forte
2208 1409 2271 1462 ad
2291 1425 2481 1479 magna
2504 1409 2790 1465 Gestorum
2818 1414 3084 1468 volumina
3114 1416 3192 1471 vel
3225 1420 3499 1486 pervenire
3527 1436 3630 1475 nou

2049 1496 2202 1552 facile
2230 1500 2463 1567 possitis,
2488 1501 2570 1555 vel
2590 1516 2649 1554 ea
2678 1501 2853 1570 legere
2883 1503 3208 1558 laboriosum
3242 1508 3453 1575 putetis.

2117 1589 2173 1643 2.
2210 1589 2583 1661 Carthaginem
2630 1594 2871 1647 venimus
2897 1604 2951 1647 et
2978 1611 3077 1649 nos
3104 1604 3158 1649 et
3183 1598 3415 1669 episcopi
3444 1603 3631 1669 vestri,

2049 1688 2101 1733 et
2130 1680 2271 1749 quod
2298 1681 2442 1751 prius
2468 1683 2719 1738 nolebant
2746 1692 2799 1738 et
2825 1684 3096 1755 indignum
3128 1702 3246 1743 esse
3272 1689 3539 1755 dicebant,
3575 1695 3628 1747 in

2053 1788 2216 1826 unum
2262 1776 2631 1829 convenimus.
2682 1776 2850 1831 Electi
2882 1787 3005 1831 sunt
3042 1794 3106 1833 ex
3146 1781 3298 1834 nobis
3335 1791 3389 1836 et
3416 1798 3479 1836 ex
3506 1784 3635 1853 ipsis
3670 1784 3673 1787 ⁴

2049 1873 2251 1933 septem
2281 1864 2424 1933 hinc,
2453 1876 2506 1921 et
2546 1876 2748 1937 septem
2778 1868 2921 1933 inde,
2950 1870 3038 1939 qui
3073 1885 3170 1940 pro
3212 1886 3372 1926 causa
3397 1875 3633 1928 omnium

2049 1956 2411 2027 loquerentur.
2445 1959 2612 2014 Electi
2637 1970 2760 2015 sunt
2797 1962 2887 2015 alii
2919 1971 3125 2032 septem
3158 1964 3302 2032 hinc,
3334 1974 3389 2020 et
3428 1976 3631 2036 septem

2052 2047 2192 2111 inde,
2220 2062 2340 2102 cum
2367 2049 2577 2118 quibus,
2603 2050 2690 2105 ubi
2717 2067 2848 2120 opus
2875 2062 3007 2120 erat,
3038 2052 3317 2108 consilium
3348 2065 3635 2126 pertracta-

2052 2148 2189 2190 rent.
2223 2137 2391 2217 Electi
2439 2146 2564 2219 sunt
2608 2148 2833 2209 quatuor
2862 2142 3005 2209 hinc,
3036 2152 3087 2196 et
3118 2154 3342 2213 quatuor
3372 2146 3511 2212 inde,
3543 2148 3634 2217 qui

2060 2229 2238 2285 Ccstis
2281 2233 2680 2301 eonscribendis
2721 2235 2973 2288 custodes
3013 2246 3210 2301 essent,
3242 2253 3308 2292 ne
3332 2238 3634 2294 infalsatum

2043 2321 2245 2391 aliquid
2266 2322 2334 2376 ab
2362 2298 2850 2393 aliquo’diccretur.
2884 2325 2997 2379 Dati
3025 2335 3142 2379 sunt
3165 2298 3325 2380 etiam
3344 2344 3373 2381 a
3398 2327 3551 2383 nobis
3580 2334 3636 2384 et

2048 2414 2115 2467 ab
2145 2414 2271 2483 ipsis
2297 2415 2485 2468 notarii
2513 2423 2740 2484 quatuor
2778 2416 2922 2483 hinc,
2952 2424 3005 2471 et
3030 2425 3255 2487 quatuor
3276 2419 3415 2483 inde,
3441 2428 3497 2473 ut
3525 2420 3635 2475 bini

2048 2520 2167 2559 cum
2199 2505 2569 2575 exceptoribus
2602 2507 2793 2577 judieis
2832 2508 3181 2577 alternarent,
3214 2526 3295 2564 ne
3317 2512 3507 2581 aliquis
3532 2528 3633 2567 no-

2048 2604 2213 2649 strum
2238 2611 2295 2650 se
2319 2596 2518 2652 dixisse
2547 2598 2743 2667 aliquid
2786 2608 3119 2667 causaretur,
3151 2601 3290 2670 quod
3318 2617 3421 2657 non
3454 2603 3638 2659 fuisset

2047 2699 2348 2761 exceptum.
2383 2693 2515 2749 liuic
2545 2703 2707 2748 tantae
2728 2694 3015 2764 diligentim
3047 2696 3205 2750 etiam
3230 2696 3354 2752 illud
3383 2707 3465 2753 est
3482 2698 3636 2752 addi-

2048 2792 2180 2850 tum,
2207 2794 2327 2839 utet
2348 2801 2443 2839 nos
2464 2793 2517 2840 et
2542 2786 2661 2855 ipsi,
2685 2786 3131 2856 quemadmodum
3162 2787 3275 2857 ipse
3299 2787 3483 2857 judex,
3511 2803 3635 2843 ver-

2049 2875 2128 2930 bis
2172 2877 2367 2931 nostris
2395 2877 2872 2945 subseriberemus,
2904 2894 2971 2932 ne
3023 2878 3304 2949 quisquam
3347 2879 3546 2933 diceret
3580 2880 3635 2935 in

2049 2967 2152 3023 illis
2180 2968 2356 3023 Gestis
2384 2970 2579 3040 aliquid
2612 2968 2691 3024 Vel
2739 2979 2927 3041 postea
2959 2969 3122 3025 fuisse
3146 2981 3467 3042 corruptum.
3502 2972 3635 3027 Cum

2050 3062 2189 3115 enim
2231 3062 2404 3117 adhuc
2429 3063 2731 3118 viventibus
2757 3064 2835 3119 eis
2862 3064 2949 3133 qui
2983 3064 3437 3134 subscripserunt,
3480 3064 3635 3120 inno-

2052 3154 2248 3208 tuerint
2288 3154 2473 3209 eadem
2499 3154 2660 3233 Gesta
2685 3154 2931 3209 omnibus
2978 3156 3131 3223 locis,
3160 3157 3211 3210 in
3244 3157 3437 3226 quibus
3477 3172 3637 3227 opor-

2051 3252 2126 3301 tet
2156 3253 2212 3300 ut
2252 3246 2624 3313 innotescant;
2658 3249 2737 3301 sic
2765 3247 2925 3301 etiam
2962 3246 3027 3301 ad
3049 3257 3291 3317 posteros
3319 3248 3635 3303 conﬁrmata

2049 3338 2246 3395 veritas
2276 3339 2605 3410 perdurabit.
2633 3339 2804 3395 Nolite
2833 3356 2959 3410 ergo
2988 3355 3107 3395 esse
3138 3340 3327 3411 ingrati
3346 3349 3504 3395 tanta
3531 3339 3637 3394 mi-

2051 3432 2352 3488 sericordia:
2374 3433 2489 3500 Dei,
2507 3448 2625 3504 qua:
2647 3448 2744 3504 per
2768 3433 2922 3487 istam
2950 3431 3276 3503 diligentiam
3303 3432 3453 3488 vobis
3479 3430 3637 3487 mini-

2051 3535 2213 3580 strata
2243 3534 2342 3580 est.
2376 3524 2527 3580 Nulla
2556 3524 2825 3580 excusatio
2840 3526 2948 3593 jam
2975 3525 3265 3589 remansit;
3300 3524 3635 3579 nimiumdu—

2052 3631 2131 3682 ra,
2162 3616 2380 3671 nimium
2407 3615 2663 3671 diabolica
2687 3615 3101 3670 sunthominum
3130 3614 3290 3669 corda
3314 3630 3432 3686 qua:
3459 3615 3637 3670 adhuc

2054 3700 2213 3763 tanta:
2242 3706 2649 3761 manifestatioui
2676 3706 2917 3761 veritatis
2942 3706 3226 3760 obsistunt.

2124 3799 2178 3854 5.
2208 3799 2343 3853 Ecce
2372 3798 2603 3868 episc0pi
2646 3798 2811 3867 partis
2841 3808 3051 3861 vestrae,
3089 3814 3222 3867 quos
3250 3813 3435 3852 omnes
3461 3798 3641 3869 elege-

2053 3898 2208 3954 runt,
2238 3897 2292 3943 ut
2312 3903 2409 3959 pro
2429 3888 2673 3942 omnibus
2697 3888 3060 3959 loquerentur,
3091 3888 3265 3943 conati
3296 3894 3452 3954 sunt,
3475 3904 3643 3957 quan-

2056 3993 2166 4038 tum
2195 3990 2497 4052 potuerunt,
2523 3992 2579 4035 ut
2622 3981 2840 4035 omnino
2883 3982 2993 4051 ipsa
3034 3996 3190 4034 causa
3238 3995 3342 4034 non
3371 3992 3637 4050 ageretur,

2056 4083 2272 4145 propter
2299 4089 2456 4144 quam
2488 4081 2661 4126 tantus
2687 4086 2938 4125 numerus
2965 4072 3334 4141 cpisc0porutn
3368 4071 3641 4138 utriusque

2054 4166 2219 4236 partis
2244 4165 2312 4220 de
2338 4164 2581 4219 universa
2610 4162 2786 4218 Africa
2808 4205 2821 4227 ,
2852 4172 2905 4218 et
2942 4162 3007 4217 de
3040 4171 3144 4215 tam
3172 4161 3471 4233 longinquis
3511 4162 3642 4217 locis

2056 4255 2431 4327 Carthaginem
2497 4262 2733 4307 venerat.
2787 4254 2851 4306 Et
2893 4267 3014 4306 cum
3071 4252 3246 4306 omnis
3298 4252 3475 4306 anima
3523 4266 3644 4305 sus-

2057 4361 2222 4416 pensa
2268 4351 2601 4415 exspeCtaret
2650 4344 2701 4398 in
2734 4352 2874 4397 tanta
2915 4344 3229 4398 collectione
3285 4340 3409 4414 quid
3445 4358 3639 4413 agere-

2057 4452 2160 4507 tur,
2190 4440 2262 4495 illi
2281 4440 2624 4494 vehementer
2645 4436 2909 4492 instabant
2936 4444 2992 4491 ut
3022 4436 3151 4490 nihil
3177 4445 3439 4506 ageretur.
3467 4435 3643 4504 Quare

2057 4533 2186 4599 hoc,
2214 4531 2314 4586 nisi
2334 4531 2455 4601 quia
2486 4545 2699 4584 causam
2729 4544 2881 4584 suam
2904 4528 3097 4582 malam
3119 4528 3387 4594 sciebant,
3412 4536 3465 4582 et
3495 4526 3648 4582 facil-

2059 4624 2186 4679 lime
2227 4637 2288 4678 se
2317 4636 2473 4693 posse
2499 4620 2635 4675 vinci
2655 4661 2670 4685 ,
2696 4620 2740 4674 si
2771 4628 3038 4689 ageretur,
3075 4618 3316 4685 dubitare
3345 4632 3450 4672 non
3490 4628 3645 4688 pote-

2058 4714 2213 4773 rant?
2244 4714 2360 4785 lpse
2381 4729 2516 4784 ergo
2536 4714 2745 4766 animus
2766 4726 2973 4777 eorum,
2996 4728 3101 4781 quo
3121 4712 3373 4767 timebant
3395 4727 3462 4766 ne
3483 4726 3645 4765 causa

2054 4816 2320 4880 ageretur,
2345 4806 2457 4875 jam
2485 4806 2651 4859 victos
2678 4818 2770 4858 eos
2798 4818 2917 4858 esse
2938 4803 3283 4858 monstrabat.
3306 4802 3361 4857 Si
3389 4802 3528 4856 enim
3557 4818 3651 4855 ex~

2058 4908 2366 4972 torquerent
2390 4896 2530 4968 quod
2572 4896 2853 4961 volebant,
2898 4904 2956 4949 ut
2994 4895 3104 4965 jam
3146 4895 3359 4950 collatio
3395 4894 3506 4963 ipsa
3541 4909 3644 4947 non

2058 4992 2209 5047 fieret
2230 5032 2246 5059 ,
2277 5005 2377 5045 nec
2405 4986 2851 5058 disputationibus
2880 4986 3074 5042 nostris
3104 4988 3297 5040 veritas
3317 4994 3597 5055 appareret
3629 5002 3641 5036 :

2060 5085 2343 5140 redeuntes
2370 5096 2401 5136 a
2430 5079 2766 5150 Carthagine,
2800 5077 2925 5147 quid
2952 5077 3100 5131 vobis
3129 5085 3280 5131 erant
3301 5077 3642 5146 reSponsuri?

2059 5178 2183 5248 quid
2228 5172 2681 5231 demonstraturi?
2709 5170 2883 5226 Credo
2908 5212 2923 5238 ,
2969 5169 3222 5240 prolaturi
3252 5178 3404 5223 erant
3442 5167 3603 5224 Gesta
3624 5210 3642 5235 ,

2061 5282 2116 5326 et
2140 5267 2330 5324 dicturi
2358 5266 2544 5321 vobis:
2577 5263 2685 5319 Nos
2715 5262 3042 5318 instabamus
3073 5270 3128 5315 ut
3169 5276 3331 5315 causa
3371 5276 3475 5316 non
3520 5276 3644 5331 age-

2061 5369 2228 5426 retur,
2259 5358 2334 5412 illi
2366 5354 2632 5411 instabant
2671 5362 2728 5408 ut
2763 5362 3028 5423 ageretur.
3056 5350 3165 5405 Vos
3202 5351 3517 5421 exspectatis
3562 5350 3642 5404 vi-

2059 5430 2187 5509 dere
2214 5451 2341 5523 quid
2368 5450 2632 5521 egerimus
2660 5465 2673 5501 :
2712 5462 2836 5502 ecce
2864 5444 3023 5517 legite
3062 5443 3150 5498 ubi
3180 5458 3272 5498 eos
3306 5444 3555 5507 vicimus,
3589 5450 3645 5495 ut

2061 5546 2191 5602 nihil
2212 5559 2511 5616 ageremus.
2541 5540 2700 5596 Forte
2720 5549 2773 5595 et
2792 5554 2885 5595 vos
2914 5537 3326 5609 responderetis,
3357 5538 3401 5591 si
3427 5552 3520 5591 cor
3547 5536 3644 5590 ha-

2062 5640 2262 5694 beretis
2287 5655 2300 5690 :
2329 5636 2468 5691 Nihil
2499 5650 2626 5705 ergo
2668 5632 2870 5699 acturi,
2912 5629 3097 5701 utquid
3140 5630 3291 5686 istis?
3335 5629 3419 5685 vel
3466 5628 3643 5700 potius

2062 5734 2148 5805 qui
2179 5733 2306 5788 nihil
2333 5732 2544 5802 egistis,
2579 5727 2763 5798 utquid
2791 5725 3034 5781 redistis?

2141 5828 2189 5884 4.
2212 5827 2447 5898 Denique
2473 5834 2811 5897 posteaquam
2837 5834 2941 5877 non
2968 5824 3249 5890 potuerunt
3271 5814 3482 5872 efﬁcere
3504 5813 3646 5886 quini
