4122 6350
528 372 631 429 879

527 482 703 540 conati
730 489 853 538 sunt
872 521 886 546 ,
909 478 962 536 id
984 487 1068 536 est
1094 486 1153 534 ut
1176 489 1334 535 causa
1371 476 1778 545 non’ageretur;
1820 469 1932 542 ipsa
1960 470 2099 526 actio

530 570 914 629 demonstravit
969 567 1097 639 quid
1151 562 1451 628 timuerint,
1493 561 1704 633 quando
1750 561 1804 616 in
1849 560 2100 616 omnibus

529 663 655 717 victi
694 667 836 716 sunt.
865 657 1105 714 Confessi
1130 664 1254 713 sunt
1275 654 1449 718 enim,
1481 661 1664 708 contra
1693 650 1979 706 Ecclesium
2005 665 2097 703 ca-

530 751 816 815 tholicam,
858 764 976 818 qua:
1016 754 1125 801 toto
1165 754 1421 799 terrarum
1451 742 1581 797 orbe
1606 739 1935 805 diffunditur,
1969 738 2098 793 nihil

530 858 590 898 se
645 842 843 897 habere
885 836 1025 908 quod
1074 835 1347 899 dicerent;
1395 833 1518 902 quia
1556 831 1755 886 divinis
1800 838 2097 885 sanctarum

531 932 921 1001 Scripturarum
959 922 1273 981 testimoniis
1304 921 1543 991 oppressi
1584 929 1739 986 sunt,
1777 918 1965 989 quibus
1993 917 2100 973 Ec-

532 1023 694 1078 clesia
717 1020 1021 1087 designatur
1056 1015 1311 1083 incipiens
1339 1013 1405 1067 ab
1431 1011 1724 1067 Jerusalem
1750 1009 1980 1065 crevisse
2008 1023 2101 1077 per

530 1114 647 1168 loca
695 1112 749 1165 in
792 1108 981 1179 quibus
1020 1105 1255 1175 Apostoli
1298 1103 1749 1173 praedicaverunt,
1787 1110 1842 1156 et
1884 1100 2099 1155 nomina

536 1200 839 1257 earumdem
868 1199 1101 1253 locorum
1128 1198 1179 1249 in
1209 1195 1319 1249 suis
1348 1193 1597 1263 Epistolis
1619 1199 1673 1246 et
1698 1192 1841 1245 Actis
1866 1190 2101 1244 conscri-

533 1299 778 1360 pscrunt,
809 1299 864 1344 et
902 1286 1023 1341 inde
1051 1284 1268 1340 diffundi
1299 1298 1392 1353 per
1432 1291 1649 1338 caeteras
1673 1289 1876 1351 gentes.
1905 1280 2100 1334 Contra

531 1381 686 1435 istam
737 1376 1028 1433 Ecclesium
1074 1390 1132 1428 se
1172 1389 1275 1428 non
1320 1373 1520 1427 habere
1561 1386 1775 1426 causam
1824 1370 2097 1424 manifesta

532 1486 660 1524 voce
687 1468 909 1539 professi
952 1475 1103 1531 sunt,
1128 1465 1212 1518 ubi
1242 1473 1323 1519 est
1346 1462 1740 1517 evidentissima
1785 1462 1838 1515 in
1887 1462 2099 1516 nomine

532 1563 624 1616 Dei
654 1570 828 1616 nostra
851 1560 1086 1615 victoria.
1119 1558 1248 1613 Cum
1277 1558 1420 1611 enim
1446 1556 1759 1611 confirmant
1783 1555 2096 1620 Ecclesium,

529 1654 612 1708 cui
642 1667 739 1709 nos
758 1651 1149 1708 communicare
1170 1690 1183 1713 ,
1212 1650 1355 1718 ipsos
1377 1656 1552 1704 autem
1582 1664 1686 1702 non
1708 1648 2099 1703 communicare

529 1741 868 1815 manifestum
892 1749 975 1796 est
993 1781 1008 1804 ,
1036 1740 1160 1794 olim
1181 1753 1240 1793 se
1269 1738 1435 1792 victos
1461 1751 1581 1792 esse
1608 1745 1897 1801 testantur;
1927 1745 1983 1791 et
2007 1752 2100 1791 vo-

532 1833 634 1897 bis,
663 1833 707 1887 si
735 1826 980 1902 sapiatis,
1010 1830 1342 1900 apertissime
1386 1827 1619 1883 indicant
1649 1828 1774 1897 quid
1800 1827 2094 1893 dimittere,

528 1932 584 1978 et
623 1922 747 1993 quid
789 1930 970 1977 tenere
1012 1919 1281 1984 debeatis,
1327 1932 1433 1972 non
1472 1932 1534 1973 ea
1563 1913 1786 1972 falsitate
1808 1932 1911 1988 qua
1949 1918 2098 1973 vobis

528 2027 633 2067 non
668 2018 881 2067 cessant
914 2009 1086 2065 adhuc
1113 2022 1279 2078 usque
1308 2008 1553 2073 mentiri,
1596 2008 1694 2063 sed
1741 2006 1831 2063 illa
1876 2008 2098 2065 veritate

530 2118 691 2175 quam
719 2102 841 2158 victi
865 2102 1034 2157 coacti
1059 2109 1181 2156 sunt
1202 2099 1464 2154 confiteri.

598 2194 652 2247 5.
682 2191 930 2262 Quisquis
960 2206 1088 2261 ergo
1114 2190 1181 2245 ab
1216 2189 1316 2244 hac
1354 2189 1613 2244 catholica
1661 2187 1897 2244 Ecclesia
1939 2188 2098 2245 fuerit

526 2295 829 2355 separatus,
858 2281 1243 2353 quantumlibet
1267 2274 1600 2335 laudabilia!
1622 2296 1681 2335 se
1708 2281 1885 2336 vivere
1917 2282 2099 2336 existi-

526 2382 664 2443 met,
702 2373 803 2429 hoc
830 2372 947 2427 solo
974 2372 1175 2427 scelere
1200 2369 1342 2443 quod
1380 2385 1409 2423 a
1447 2368 1643 2425 Christi
1670 2372 1870 2427 unitate
1895 2371 2097 2442 disjun-

525 2471 644 2520 ctus
668 2472 783 2528 est,
813 2476 919 2517 non
945 2460 1159 2517 habebit
1183 2462 1372 2525 vitam;
1396 2460 1490 2516 sed
1518 2461 1592 2515 ira
1622 2460 1713 2516 Dei
1738 2472 1915 2516 manet
1936 2476 2097 2533 super

525 2569 668 2611 eum.
697 2553 946 2625 Quisquis
972 2561 1149 2608 autem
1190 2552 1245 2606 in
1290 2551 1389 2605 hac
1415 2550 1650 2606 Ecclesia
1693 2551 1830 2607 bene
1871 2552 2091 2617 vixerit,

524 2646 658 2701 nihil
681 2645 730 2701 ei
761 2643 1102 2714 praejudicant
1136 2639 1308 2697 aliena
1336 2650 1585 2709 peccata;
1616 2642 1735 2711 quia
1760 2644 2096 2715 unusquisque

522 2738 581 2793 in
617 2750 679 2791 ea
723 2735 981 2808 proprium
1024 2749 1150 2788 onus
1195 2731 1445 2802 portabit,
1494 2731 1632 2787 sicut
1660 2732 1942 2802 Apostolus
1968 2733 2095 2788 dicit

523 2827 720 2902 (Colat.
740 2843 822 2894 v1,
855 2829 931 2899 5).
962 2824 1030 2881 Et
1048 2826 1344 2898 quicumque
1370 2825 1421 2880 in
1446 2840 1508 2879 ea
1535 2840 1716 2895 corpus
1740 2822 1925 2879 Christi
1950 2842 2093 2878 man-

521 2920 773 2975 ducaverit
826 2918 1064 2988 indigne,
1112 2916 1363 2987 judicium
1421 2914 1517 2968 sibi
1575 2914 1844 2968 manducat
1886 2925 1935 2967 et
1974 2913 2093 2968 bibit

522 3008 567 3079 (l
593 3008 710 3067 Cor.
741 3024 795 3065 ιι
814 3049 831 3073 ,
856 3007 949 3078 29)
979 3025 991 3061 :
1028 3022 1150 3061 nam
1178 3007 1335 3060 etiam
1376 3006 1477 3059 hoc
1514 3005 1625 3074 ipse
1653 3004 1937 3073 Apostolus
1963 3008 2095 3060 seri-

521 3100 645 3169 psit.
673 3098 805 3156 Cum
842 3106 1016 3153 autem
1047 3098 1200 3162 dicit,
1221 3097 1472 3167 judicium
1510 3096 1602 3151 sibi
1629 3098 1925 3165 manducet,
1965 3098 2093 3153 satis

519 3189 791 3255 ostendit,
830 3190 952 3259 quia
996 3204 1102 3241 non
1145 3187 1295 3242 alteri
1341 3186 1593 3256 judicium
1639 3186 1950 3253 manducat,
1997 3188 2091 3245 sed

522 3279 644 3334 sibi.
676 3280 787 3336 lloc
812 3295 907 3333 nos
931 3278 1134 3348 egimus
1151 3315 1167 3344 ,
1191 3286 1244 3331 et
1267 3276 1593 3332 ostendimus
1612 3316 1627 3340 ,
1656 3286 1711 3331 et
1736 3276 2055 3331 obtinuimus
2074 3319 2088 3341 ,

520 3370 641 3440 quia
669 3370 970 3426 communio
996 3368 1253 3422 malorum
1278 3381 1384 3422 non
1416 3366 1641 3420 maculat
1678 3365 1903 3438 aliquem
1931 3367 2091 3436 parti-

519 3462 782 3530 cipatione
805 3460 1263 3514 Sacramentorum
1284 3498 1298 3521 ,
1325 3455 1419 3511 sed
1439 3456 1785 3513 consensione
1810 3455 2087 3511 factorum.

522 3549 654 3604 Nam
693 3550 737 3603 si
777 3550 827 3603 in
856 3548 1004 3603 factis
1030 3548 1181 3601 malis
1227 3562 1333 3601 non
1377 3546 1456 3602 eis
1500 3546 1721 3616 quisque
1765 3546 2087 3611 consentiat;

521 3647 696 3707 portat
739 3639 909 3692 malus
947 3652 1161 3691 causam
1204 3650 1352 3692 suam
1392 3645 1447 3691 et
1482 3651 1760 3706 personam
1785 3652 1965 3703 suam,
1993 3652 2091 3691 nec

521 3727 829 3799 praejudicat
851 3728 999 3781 alteri
1025 3742 1180 3796 quem
1208 3726 1259 3780 in
1278 3727 1628 3781 consensione
1656 3726 1779 3785 mali
1804 3727 1982 3798 operis
2005 3741 2092 3780 so-

519 3820 659 3873 cium
684 3834 790 3873 non
820 3818 976 3873 habet
1000 3817 1257 3872 criminis.

591 3909 643 3963 6.
677 3908 786 3962 Hoc
814 3908 970 3962 ctiam
996 3906 1093 3977 ipsi
1122 3921 1253 3961 voce
1272 3906 1600 3975 apertissima
1624 3907 1791 3961 coacti
1811 3915 1933 3961 sunt
1956 3922 2089 3961 con-

519 3995 684 4061 fiteri;
716 4011 823 4049 non
854 4003 977 4050 tunc
1012 3993 1223 4065 quando
1265 3994 1360 4048 ista
1397 3994 1733 4059 dicebamus,
1773 3994 1868 4050 sed
1905 4004 2087 4065 postea

517 4101 638 4140 cum
666 4083 807 4140 aliud
827 4092 1090 4154 ageretur.
1112 4081 1242 4137 Nam
1267 4098 1387 4136 cum
1414 4091 1626 4136 ventum
1649 4082 1834 4137 fuisset
1870 4084 1936 4138 ad
1964 4100 2091 4139 cau.

520 4190 632 4229 sam
654 4176 812 4229 etiam
829 4172 1117 4236 Caeciliani,
1140 4188 1299 4241 quam
1320 4186 1416 4226 nos
1435 4171 1501 4226 ab
1526 4172 1776 4226 Ecclesia:
1800 4188 1957 4227 causa
1981 4174 2091 4228 dis-

520 4264 887 4336 tinguebamns
905 4304 920 4328 ,
942 4272 1003 4319 ut
1046 4263 1090 4317 si
1113 4262 1246 4317 forte
1266 4263 1435 4316 malus
1456 4272 1597 4317 esset
1616 4262 1859 4319 inventus
1877 4306 1891 4329 ,
1919 4267 2087 4334 ipsum

516 4356 1107 4420 anathematizaremns,
1136 4368 1242 4408 non
1264 4362 1437 4409 tamen
1465 4364 1683 4425 propter
1703 4355 1873 4425 ipsum
1901 4355 2090 4411 Eccle-

516 4447 648 4502 siam
693 4446 885 4502 Christi
932 4446 1382 4515 relinqueremus,
1431 4446 1516 4501 cui
1564 4462 1659 4515 per
1698 4447 1891 4501 malam
1938 4463 2087 4502 suam

516 4551 727 4592 causam
768 4536 1111 4606 pracjudicare
1150 4552 1255 4591 non
1284 4546 1463 4607 posset
1490 4554 1503 4591 :
1535 4552 1655 4592 cum
1684 4553 1810 4609 ergo
1834 4539 1993 4594 etiam
2021 4540 2087 4594 ad

517 4627 683 4696 ipsam
713 4627 975 4681 Caeciliani
1004 4640 1215 4681 causam
1246 4636 1458 4682 ventum
1499 4626 1715 4696 fuisset,
1747 4638 1801 4684 et
1838 4628 2089 4699 legissent

516 4720 592 4774 illi
638 4720 914 4775 concilium
958 4719 1371 4790 Carthaginense
1413 4719 1486 4792 (a)
1515 4760 1530 4786 ,
1562 4721 1651 4775 ubi
1678 4721 1969 4776 recitabant
2004 4737 2090 4777 se-

516 4810 782 4881 ptuaginta
812 4811 931 4880 plus
965 4811 1138 4865 minus
1166 4811 1532 4881 episcoporum
1578 4812 1865 4866 sententias
1904 4821 2087 4868 contra

514 4904 852 4957 Caecilianum
879 4902 1151 4957 absentem
1177 4904 1441 4973 prolatas;
1470 4903 1840 4973 respondimus
1861 4904 1939 4959 eis
1956 4944 1971 4971 ,
2010 4905 2089 4960 sic

515 5008 619 5047 non
659 4993 848 5047 obesse
874 4992 1002 5047 illud
1031 4994 1396 5063 episcoporum
1426 4993 1711 5049 concilium
1739 4995 1940 5049 absenti
1967 4995 2086 5051 Ca:-

513 5083 703 5137 c.liano
721 5124 736 5149 ,
766 5082 1211 5153 quemadmodum
1242 5098 1349 5138 non
1376 5083 1544 5139 obfuit
1570 5085 1794 5154 plurium
1821 5086 2091 5156 episcopo-

511 5188 630 5227 rum
672 5174 837 5243 partis
880 5175 1067 5229 Donati
1107 5174 1385 5229 concilium
1429 5174 1503 5247 (b)
1541 5176 1746 5231 absenti
1789 5176 2082 5243 Primiano,

510 5263 720 5333 quando
744 5280 865 5321 eum
896 5265 951 5320 in
992 5264 1291 5320 blaximiani
1319 5279 1475 5319 causa
1514 5266 1634 5336 plus
1661 5266 1836 5321 minus
1871 5276 2083 5321 centum

509 5356 743 5427 episcopi
796 5356 1195 5412 damnaverant.
1253 5354 1404 5411 Tunc
1452 5356 1563 5423 illi,
1613 5357 1879 5411 nominata
1926 5372 2082 5411 causa

508 5442 837 5516 Maximiani,
864 5448 1003 5503 unde
1030 5449 1203 5503 sciunt
1238 5462 1298 5504 se
1336 5448 1494 5505 etiam
1520 5463 1655 5519 quos
1675 5448 2078 5515 damnaverant,

570 5623 644 5684 (a)
666 5631 749 5671 An.
773 5624 859 5673 5H
886 5624 1100 5675 habitum
1121 5636 1150 5674 a
1174 5623 1395 5676 factiosis.

507 5701 1095 5815 Eu(‘12.ei.ab?)i-Egtlisgiotanum
1110 5740 1126 5770 ,
1146 5719 1224 5756 an.
1243 5706 1367 5770 393;
1391 5708 1528 5773 enim
1556 5706 1759 5772 Epistula
1790 5707 2009 5774 synodica
2033 5709 2078 5758 in

1750 360 1810 418 S.
1858 354 2217 418 Λυσι]εωῖ
2254 352 2579 417 smscorr

3678 366 3787 424 580

2206 469 2257 525 in
2282 468 2484 528 honore
2506 468 2714 540 integro
2738 470 3069 541 suscepisse,
3094 477 3152 524 et
3180 467 3497 540 baptismum
3533 474 3585 529 in
3614 477 3780 531 sacri.

2202 560 2321 633 lego
2358 561 2655 618 Maximiani
2694 560 2981 616 schismate
3005 559 3185 615 datum
3226 575 3287 618 se
3320 562 3698 631 confirmasse,
3726 576 3782 621 et

2203 664 2306 705 non
2332 649 2687 715 destruxisse;
2716 658 2771 705 et
2809 649 2865 704 in
2901 664 2996 705 sua
3035 648 3319 721 Bagaitana
3355 655 3615 708 sententia
3658 657 3738 724 (a)
3760 696 3777 721 ,

2201 756 2304 811 qua
2331 755 2425 796 eos
2452 740 2869 806 damnaverunt,
2909 740 3221 810 quibusdam
3258 743 3347 813 qui
3385 744 3439 797 in
3480 742 3595 812 ipso
3633 746 3778 799 schi-

2201 838 2372 884 smate
2409 830 2655 897 fuerunt,
2699 829 3009 885 dilationem
3043 829 3287 897 dedisse,
3316 840 3371 886 et
3398 832 3595 887 dixisse
3636 835 3777 904 quod

2202 934 2297 975 eos
2320 935 2425 975 non
2454 920 2734 989 polluerint
2758 922 2999 991 sacrilegi
3029 921 3222 977 surculi
3248 922 3544 978 Maximiani
3571 925 3779 993 planta-

2203 1010 2281 1066 ria
2313 1028 2327 1064 :
2358 1010 2454 1065 ista
2476 1025 2603 1080 ergo
2623 1025 2780 1065 causa
2802 1020 3141 1081 posteaquam
3168 1026 3349 1067 eorum
3376 1028 3533 1068 aures
3558 1029 3781 1084 percnso

2203 1101 2305 1166 sit,
2334 1109 2744 1169 expavescentes
2769 1110 2825 1156 et
2849 1100 3172 1169 perturbati,
3204 1110 3257 1156 et
3282 1102 3427 1155 obliti
3458 1103 3597 1157 unde
3626 1119 3784 1175 supc-

2202 1191 2314 1245 rius
2355 1201 2540 1245 contra
2600 1208 2697 1248 nos
2742 1191 3170 1259 contendebant,
3211 1194 3461 1247 continuo
3498 1194 3781 1264 dixerunt,

2204 1280 2314 1335 Nec
2339 1297 2491 1334 causa
2515 1298 2707 1348 causae,
2734 1299 2822 1336 nec
2852 1298 3063 1352 persona
3096 1299 3322 1353 persona:
3355 1285 3655 1355 prwjudicat
3684 1303 3703 1341 :
3727 1298 3783 1343 et

2202 1371 2644 1425 confirmaverunt
2673 1370 2846 1425 verbis
2872 1370 2981 1423 suis
3006 1370 3145 1439 quod
3176 1386 3272 1425 nos
3309 1383 3463 1427 antea
3500 1374 3567 1429 de
3595 1375 3782 1430 Eccle-

2202 1460 2279 1513 sia
2320 1459 2652 1524 dicebamus,
2698 1461 2820 1530 quia
2861 1475 2963 1514 non
2994 1460 3166 1513 solum
3206 1462 3490 1518 Catholica:
3517 1474 3779 1520 transma-

2202 1549 2331 1603 rinae
2350 1586 2365 1616 ,
2397 1558 2580 1603 contra
2608 1565 2763 1619 quam
2802 1564 2860 1604 se
2888 1548 3115 1604 confessi
3143 1561 3264 1605 sunt
3289 1566 3394 1605 non
3417 1551 3611 1608 habere
3636 1556 3779 1624 quod

2202 1638 2471 1705 dicerent,
2500 1654 2683 1695 verum
2722 1640 2880 1694 etiam
2920 1640 3203 1695 Catholica:
3227 1643 3516 1710 Africanae,
3558 1660 3675 1714 qua:
3704 1647 3779 1701 illi

2201 1729 2416 1783 unitatis
2457 1728 2831 1784 communione
2869 1729 3223 1800 conjungitur,
3260 1746 3419 1785 causa
3459 1742 3511 1786 et
3553 1749 3778 1803 persona

2200 1816 2499 1885 Caeciliani,
2547 1819 2949 1889 qualiscumque
3007 1818 3222 1887 fuisset,
3285 1821 3623 1891 praeiudicare
3670 1840 3778 1879 non

2199 1916 2411 1976 posset;
2455 1907 2503 1961 si
2544 1908 2889 1963 Maximianus
2925 1909 3015 1979 qui
3058 1924 3181 1965 cum
3220 1912 3428 1966 caeteris
3466 1913 3625 1968 sociis
3665 1916 3780 1971 suis

2199 1997 2523 2054 Primianum
2548 1998 2850 2067 damnavit,
2880 2001 2925 2055 si
2962 2001 3122 2055 etiam
3148 2000 3448 2059 Felicianus
3488 2006 3579 2075 qui
3618 2005 3778 2062 simul

2198 2088 2521 2144 Primianum
2556 2088 2853 2158 damnavit,
2879 2098 2934 2146 et
2972 2100 3156 2162 postea
3184 2092 3238 2147 in
3265 2107 3425 2148 causa
3466 2093 3718 2150 Primiani
3746 2111 3777 2152 a

2198 2180 2384 2237 Donati
2412 2192 2559 2252 parte
2585 2180 2864 2238 damnatus
2894 2192 2978 2239 est
2996 2225 3012 2252 ,
3042 2199 3149 2239 non
3177 2185 3482 2256 praeiudicat
3508 2188 3641 2257 parti
3667 2190 3775 2244 Do—

2197 2272 2339 2337 nati,
2366 2273 2452 2328 cui
2490 2272 2648 2329 modo
2675 2274 2988 2343 episeOpus,
3014 2275 3153 2329 sicut
3191 2285 3349 2331 antea
3387 2276 3589 2343 fuerat,
3621 2294 3776 2335 rece-

2197 2372 2321 2433 ptus
2360 2362 2693 2434 adiungitur;
2718 2364 2764 2419 si
2790 2363 2951 2419 etiam
2972 2363 3103 2435 ipsis
3122 2365 3282 2420 sociis
3303 2366 3416 2421 suis
3431 2367 3776 2426 Maximianus

2197 2468 2302 2509 non
2336 2456 2676 2525 przcjudicat,
2704 2454 2895 2526 quibus
2922 2456 3007 2511 isti
3030 2456 3338 2514 dilationem
3365 2458 3663 2528 dederunt,
3693 2459 3777 2515 di-

2196 2555 2378 2602 centes
2405 2562 2498 2602 eos
2519 2548 2586 2603 ab
2614 2548 2734 2614 illo,
2763 2562 2884 2603 cum
2908 2564 3014 2619 quo
3059 2549 3306 2618 fuerunt,
3342 2566 3448 2605 non
3474 2550 3635 2608 fuisse
3658 2554 3779 2624 pol-

2196 2636 2366 2701 lotos,
2410 2637 2531 2709 quia
2576 2653 2667 2693 nec
2689 2654 2845 2692 causa
2880 2654 3048 2694 causa
3085 2639 3417 2711 prmjudisat,
3445 2657 3535 2696 nec
3563 2658 3775 2713 persona

2196 2746 2440 2799 personae.

2266 2822 2319 2875 7.
2346 2821 2482 2890 Quid
2506 2837 2634 2894 ergo
2656 2824 2889 2894 quaeritis
2913 2823 3171 2894 amplius?
3198 2825 3374 2880 Multis
3413 2825 3625 2896 quidem
3650 2842 3774 2884 ver-

2194 2910 2278 2967 bis
2301 2912 2580 2982 superfluis
2606 2914 2763 2979 Gesta
2796 2925 3184 2982 oneraverunt;
3210 2926 3265 2972 et
3288 2917 3412 2989 quia
3439 2933 3545 2974 non
3584 2929 3774 2989 polue-
3852 2966 3857 2969 .

2194 3016 2319 3060 runt
2360 3005 2573 3062 efficere
2617 3016 2675 3061 ut
2713 3020 2873 3063 causa
2916 3022 3027 3062 non
3088 3016 3351 3079 ageretur,
3396 3008 3497 3063 hoc
3534 3008 3776 3066 fecerunt

2192 3096 2416 3150 multum
2460 3096 2756 3165 loquendo,
2788 3105 2846 3152 ut
2873 3096 3011 3167 quod
3038 3109 3214 3152 aetum
3263 3106 3345 3153 est
3371 3097 3587 3154 difﬁcile
3626 3099 3774 3172 lege-

2195 3194 2358 3238 retur.
2387 3184 2493 3241 Sed
2517 3185 2714 3240 dcbent
2735 3186 2886 3242 vobis
2911 3187 3073 3242 etiam
3098 3187 3198 3242 ista
3218 3202 3401 3243 eorum
3428 3203 3590 3259 pauca
3610 3191 3773 3246 verba

2194 3275 2472 3344 sufficere,
2519 3292 2587 3333 ne
2632 3287 2845 3347 propter
2887 3279 3067 3333 nescio
3110 3294 3269 3348 quze,
3314 3280 3495 3334 nescio
3547 3296 3775 3350 quorum

2194 3366 2468 3423 hominum
2496 3368 2744 3434 crimina,
2792 3368 3010 3424 oderitis
3061 3370 3314 3425 unitatem
3344 3370 3619 3426 catholicae
3667 3372 3773 3428 Ec-

2194 3458 2399 3525 clesiae;
2426 3460 2547 3529 quia
2566 3500 2582 3526 ,
2605 3460 2743 3514 sicut
2760 3460 2860 3529 ipsi
2884 3458 3161 3525 dixerunt,
3189 3460 3519 3531 relegerunt,
3544 3460 3775 3515 subscri-

2194 3558 2445 3617 pserunt,
2492 3547 2601 3602 Nec
2641 3565 2796 3603 causa
2836 3564 3004 3603 causa
3064 3550 3389 3620 prwjudicot,
3438 3566 3527 3604 nec
3560 3566 3774 3621 persona

2194 3656 2436 3711 personae.
2466 3640 2599 3696 Nam
2628 3651 2681 3695 et
2708 3642 2762 3694 in
2790 3642 2902 3711 ipsa
2927 3656 3085 3695 causa
3121 3642 3425 3709 Caeciliani,
3457 3658 3613 3712 quam
3652 3642 3775 3697 licet

2192 3730 2258 3784 ad
2300 3731 2551 3786 Ecclesia:
2579 3745 2795 3785 causam
2826 3745 2931 3785 non
2962 3730 3310 3799 pertinentem
3330 3771 3345 3795 ,
3380 3740 3552 3785 tamen
3586 3729 3774 3785 defen-

2192 3820 2423 3877 dendam
2465 3821 2823 3888 suscepimus,
2857 3828 2913 3874 ut
2935 3820 3095 3875 etiam
3138 3820 3209 3873 ibi
3238 3820 3514 3875 calumniae
3545 3821 3769 3875 manife-

2192 3920 2458 3966 starentur
2503 3910 2771 3978 ipsorum,
2817 3909 3150 3979 apertissime
3187 3910 3311 3963 victi
3354 3919 3509 3976 sunt,
3539 3910 3772 3981 nihilque

2193 4014 2376 4056 eorum
2401 4015 2517 4069 quae
2546 4000 2597 4054 in
2624 3999 2962 4055 Caecilianum
2998 3998 3368 4066 intendebant,
3409 4000 3633 4070 probare
3673 4016 3769 4069 po-

2195 4100 2426 4149 tuerunt.
2476 4092 2688 4161 Insuper
2715 4092 2875 4147 etiam
2904 4091 2973 4146 de
3000 4091 3309 4146 criminibus
3335 4092 3630 4145 traditionis
3672 4106 3772 4146 nos

2192 4187 2511 4257 episcopalia
2550 4186 2708 4243 Gesta
2752 4186 2823 4258 (b)
2869 4188 3210 4257 protulimus,
3259 4187 3397 4242 unde
3438 4188 3772 4243 recitarimus

2192 4278 2399 4347 aliquos
2427 4293 2611 4332 eorum
2655 4279 3022 4348 episcoporum
3047 4278 3136 4347 qui
3175 4276 3463 4332 sententias
3491 4278 3543 4331 in
3580 4280 3774 4333 absen-

2196 4377 2299 4423 tem
2321 4369 2565 4425 dixerant
2591 4370 2929 4425 Caecilianum
2945 4408 2959 4433 ,
2983 4368 3443 4425 manifestissimos
3469 4370 3632 4426 fuisse
3658 4382 3768 4425 tra-

2194 4460 2411 4517 ditores.
2457 4462 2650 4517 Contra
2694 4461 2807 4531 ipsa
2849 4461 3009 4518 Gesta
3051 4461 3155 4530 illi,
3203 4462 3327 4532 quia
3370 4478 3474 4517 non
3507 4463 3772 4518 habebant

2193 4552 2334 4623 quod
2359 4552 2626 4617 dicerent,
2664 4553 2795 4609 falsa
2830 4568 2951 4610 esse
2986 4553 3264 4619 dixerunt;
3307 4553 3401 4609 sed
3430 4554 3575 4609 nullo
3610 4555 3772 4610 modo

2195 4644 2419 4713 probare
2448 4652 2746 4712 potuerunt.

2264 4737 2317 4793 8.
2351 4734 2567 4805 Insuper
2593 4736 2753 4791 etiam
2788 4734 3015 4792 confessi
3046 4746 3204 4801 sunt,
3227 4736 3310 4791 vel
3338 4736 3510 4805 potius
3535 4750 3631 4805 pro
3656 4751 3770 4789 nta-

2191 4840 2291 4899 gna
2312 4825 2477 4895 gloria
2506 4824 2723 4894 professi
2752 4834 2910 4890 sunt,
2935 4825 3275 4880 Caecilianum
3300 4825 3438 4895 apud
3464 4824 3770 4879 Constanti-

2192 4931 2317 4970 num
2365 4916 2735 4984 imperatorem
2777 4930 2809 4971 a
2855 4915 2966 4971 suis
3008 4915 3416 4986 praecessoribus
3443 4922 3765 4969 accusatum.

2191 5008 2258 5062 Et
2293 5007 2610 5061 addiderunt
2654 5006 3024 5071 mendacium,
3072 5004 3215 5075 quod
3253 5006 3358 5059 illis
3396 5006 3770 5063 accusantibus

2190 5098 2349 5153 fuerit
2386 5099 2454 5152 ab
2490 5096 2815 5166 lmperatore
2856 5097 3159 5151 damnatus.
3209 5095 3348 5151 Ecce
3385 5105 3439 5149 et
3480 5094 3603 5149 hinc
3644 5095 3771 5149 victi

2189 5199 2342 5258 sunt,
2389 5189 2529 5245 unde
2572 5189 2725 5244 vobis
2769 5189 2944 5243 solent
2986 5187 3202 5245 nebulas
3237 5186 3434 5242 erroris
3461 5186 3775 5251 oﬂ'undere,

2188 5281 2513 5337 concitantes
2537 5280 2691 5335 nobis
2714 5280 2962 5335 invidiam
2983 5318 3000 5347 ,
3031 5289 3085 5335 et
3113 5280 3164 5334 in
3194 5277 3373 5333 odium
3405 5288 3639 5333 vestrum
3668 5292 3769 5334 nos

2187 5374 2512 5431 adducentes
2530 5414 2544 5438 ,
2588 5374 2709 5445 quia
2738 5374 2988 5429 Ecclesia:
3010 5386 3223 5426 causam
3248 5371 3390 5442 apud
3417 5370 3766 5441 Imperatores

2187 5465 2411 5535 agimus.
2444 5464 2582 5519 Ecce
2626 5463 2857 5533 majores
2892 5477 3077 5518 eorum
3115 5462 3181 5517 de
3204 5477 3429 5532 quorum
3463 5460 3765 5522 nominibus

2246 5581 2321 5645 (a)
2338 5581 2535 5646 “.3594
2549 5583 2881 5646 pronuntiata;
2902 5594 3011 5645 quae
3028 5582 3236 5634 habetur
3250 5585 3299 5632 tn
3330 5580 3416 5632 lib.
3432 5581 3465 5631 3
3485 5587 3613 5633 cont.
3648 5587 3766 5631 (re-

2336 5644 2571 5754 ἓίιῗεήεἱδ
2585 5711 2723 5770 conc.
2745 5717 2822 5755 an.
2847 5704 2940 5756 305
2966 5704 3153 5766 habiti;
3172 5716 3282 5770 quae
3316 5708 3508 5757 exstant
3541 5702 3589 5753 in
3621 5702 3688 5754 lib
3727 5700 3761 5753 3

2184 5765 2312 5817 cont.
2332 5774 2550 5816 Crescon.
2570 5780 2614 5815 c.
2634 5765 2711 5814 27.
