2061 3175
163 183 213 212 ﬁsi

162 239 322 276 gloriantur,
344 238 472 271 Ecclesia;
489 246 600 271 causam.
616 242 728 274 egerunt
746 238 816 274 apud
836 238 955 273 Impera-

164 285 411 320 torem;persecuti
426 288 489 314 sunt
512 284 668 319 accusando
691 283 860 312 Caecilianum
885 283 955 318 apud

164 332 363 368 Imperatorem,
375 331 527 363 damnatum
538 330 671 358 dixerunt.
682 329 740 359 Jam
754 337 807 358 non
817 337 865 357 vos
877 329 955 357 sedu-

162 382 225 407 cant
245 377 396 410 vanissimis
415 381 444 405 et
463 376 675 409 mendacissimis
693 376 782 405 verbis
797 384 805 403 :
819 375 903 404 redite
920 375 955 405 ad

162 433 210 452 cor
223 429 341 453 vestrum
353 444 360 455 ,
377 424 468 451 timete
488 424 627 451 Dominum
640 444 646 454 .
668 424 781 457 cogitate
796 424 933 450 veritatem
944 444 952 456 ,

161 470 303 504 relinquite
314 470 462 497 falsitatem.
475 469 606 504 Quidquid
617 469 686 495 enim
699 469 753 502 jam
771 469 839 502 passi
851 468 953 497 fueritis

162 516 345 551 imperialibus
357 516 459 550 legibus
469 536 475 548 ,
491 514 562 550 quod
585 523 636 541 non
651 514 807 549 projustitia
817 536 823 548 ,
845 515 891 542 sed
905 522 952 548 pro

161 563 299 598 iniquitate
314 562 447 597 patimini,
462 570 514 589 non
528 562 647 596 poteritis
662 561 750 589 dicere
762 562 820 589 ideo
834 569 883 589 nos
892 570 952 589 esse

162 610 275 644 iniustos
285 629 293 641 .
305 609 365 643 quia
378 608 417 636 sic
434 608 569 635 vobiscum
584 608 624 642 agi
639 615 691 634 non
706 607 812 640 debuit,
826 611 854 634 ut
866 607 951 642 Impe-

162 661 235 684 rator
255 664 303 684 vos
321 656 356 683 ab
383 656 431 682 ista
454 655 591 689 iniquitate
611 661 802 690 compesceret.
828 656 953 690 Episcopi

160 703 231 730 enim
245 702 326 730 vestri
339 701 452 729 confessi
468 707 529 728 sunt
544 700 658 735 majores
669 709 730 731 suos
743 702 781 728 sic
791 702 877 735 egisse
890 709 951 729 cum

160 748 320 780 Caeciliano,
344 747 476 782 quomodo
489 747 622 773 vobiscum
636 746 676 781 agi
692 754 743 773 non
758 747 845 773 vultis.
861 748 895 775 Et
914 752 954 775 ta—

161 802 221 822 men
239 794 308 829 quod
330 793 498 820 Czecilianum
520 792 588 827 apud
611 792 797 826 Imperatorem
820 795 952 827 persecuti

160 841 275 873 fuerint,
291 841 369 867 etiam
392 840 456 874 ipsis
470 839 655 866 confitentibus
669 843 694 865 et
707 838 890 873 profitentibus
908 849 951 867 sa-

160 887 194 914 tis
208 886 326 913 constitit
341 895 346 912 :
362 885 431 920 quod
445 889 531 912 autem
546 884 702 911 Caicilianus
723 884 802 913 fuerit
816 886 849 913 ab
864 886 951 920 Impe-

161 938 249 960 ratore
271 932 426 964 damnatus,
448 932 557 958 omnino
582 938 633 957 non
654 933 787 965 constitit;
806 933 858 959 imo
870 933 949 959 etiam

159 978 277 1006 constitit
291 986 350 1005 eum
360 999 367 1010 ,
389 977 573 1004 accusantibus
587 981 612 1003 et
626 978 844 1012 persequentibus
866 978 950 1012 majo~

160 1025 232 1052 ribus
246 1031 352 1056 eorum,
367 1028 393 1051 et
403 1024 443 1050 bis
456 1030 567 1049 numero
579 1022 619 1057 (a)
636 1024 711 1058 prius
725 1024 759 1051 ab
773 1024 912 1058 episcopis,
924 1028 951 1051 et

159 1071 192 1098 ab
205 1071 264 1105 ipso
277 1075 368 1105 postea
380 1069 540 1103 Imperatore
552 1068 634 1097 fuisse
647 1074 793 1105 purgatum.
807 1069 861 1097 IIoc
871 1070 950 1097 etiam

159 1116 208 1151 ipsi
231 1116 472 1147 confirmaverunt,
495 1115 557 1141 talia
583 1120 691 1150 postea,
715 1115 790 1150 quasi
812 1123 859 1150 pro
872 1123 949 1142 causa

158 1169 224 1196 sua,
245 1161 417 1197 proferendo,
432 1165 462 1188 ut
475 1160 560 1195 magis
572 1167 664 1189 contra
679 1162 749 1197 ipsos
768 1168 829 1189 esse
849 1161 951 1188 inveni-

160 1212 260 1239 rentur,
278 1212 306 1235 et
320 1214 368 1242 pro
381 1214 460 1234 causa
474 1205 608 1235 Caeciliani
622 1208 701 1235 etiam
724 1207 767 1234 illa
787 1215 845 1242 qua:
860 1211 951 1242 protu-

160 1254 262 1287 lerunt,
278 1254 462 1281 recitarentur.
476 1252 663 1289 Quoscumque
682 1261 747 1288 ergo
765 1261 889 1280 accusare
905 1261 951 1280 νο-

159 1300 280 1331 Iuerunt,
296 1299 374 1326 trullis
387 1298 467 1326 certis
478 1298 645 1326 documentis
658 1299 772 1333 probare
785 1302 926 1333 potuerunt
942 1308 949 1326 :

157 1344 282 1380 quidquid
301 1349 390 1372 autem
412 1350 460 1371 nos
477 1348 505 1372 et
524 1352 572 1379 pro
590 1344 716 1371 Ecclesiae
736 1351 833 1377 causa,
854 1348 881 1370 et
903 1351 950 1378 pro

157 1390 290 1419 Cteeiliani
305 1398 383 1417 causa
397 1390 513 1418 diximus
524 1410 531 1423 ,
543 1395 570 1417 et
582 1390 669 1417 verbis
684 1390 738 1417 suis
753 1394 780 1417 et
794 1390 950 1417 lectionibus

157 1444 174 1464 ι
186 1445 216 1464 se
229 1436 337 1472 prolatis
349 1436 428 1463 etiam
444 1436 493 1471 ipsi
506 1437 739 1464 confirmaverunt.

192 1482 219 1511 9.
243 1482 309 1510 Nam
332 1482 498 1517 protulerunt
522 1482 607 1517 primo
625 1482 744 1509 codicem
759 1480 862 1516 Optali,
880 1481 949 1509 unde

157 1528 231 1564 quasi
254 1527 398 1563 probarent
418 1528 587 1555 Caecilianum
609 1527 642 1554 ab
662 1527 823 1561 Imperatore
838 1527 949 1554 damna—

158 1580 214 1603 tum
231 1584 238 1602 :
254 1575 299 1610 qui
315 1575 397 1603 codex
413 1582 472 1602 cum
485 1579 577 1602 contra
589 1574 649 1601 illos
664 1574 814 1609 legeretur,
826 1579 852 1600 et
866 1573 949 1607 magis

157 1622 312 1650 ostenderet
325 1621 494 1650 Carcilianum
510 1621 590 1648 fuisse
605 1626 744 1656 purgatum
755 1641 762 1653 ,
778 1620 811 1647 ab
826 1619 949 1647 omnibus

155 1670 201 1698 risi
225 1674 297 1697 sunt.
319 1668 371 1696 Sed
392 1668 453 1703 quia
466 1668 522 1702 ipse
536 1668 606 1694 risus
618 1674 670 1693 non
683 1666 769 1701 potuit
781 1666 814 1692 ab
827 1670 951 1700 excepto-

156 1716 233 1743 ribus
246 1715 348 1749 excipi,
363 1715 450 1741 verbis
465 1714 520 1740 suis
533 1713 602 1748 apud
617 1714 680 1740 Acta
695 1713 763 1739 risos
778 1719 807 1739 se
833 1718 893 1738 esse
908 1715 948 1739 te-

155 1761 219 1788 stati
232 1764 302 1788 sunt.
311 1760 406 1787 Iterum
421 1759 600 1786 recitaverunt
612 1762 639 1785 et
651 1757 817 1793 protulerunt
832 1756 948 1784 libellum

155 1806 312 1842 imperatori
330 1805 505 1833 Constantino
523 1812 538 1831 a
552 1804 607 1831 suis
622 1804 767 1838 majoribus
780 1802 869 1830 datum
881 1823 887 1834 ,
904 1801 948 1828 ubi

155 1852 242 1887 questi
263 1855 326 1879 sunt
348 1851 419 1886 quod
439 1857 485 1878 eos
505 1854 667 1878 memoratus
680 1849 824 1883 imperator
834 1847 950 1883 graviter

155 1902 380 1933 persequeretur;
397 1904 428 1923 ac
442 1897 480 1923 sic
493 1895 588 1923 eodem
604 1895 693 1922 libello
706 1894 908 1922 manifestarunt
921 1900 949 1920 se

157 1943 226 1979 apud
248 1943 437 1977 Imperatorem
451 1949 466 1969 a
481 1941 622 1969 thciliano
637 1940 718 1967 fuisse
730 1944 866 1974 superatos
876 1960 884 1972 ,
899 1939 948 1966 fal-

154 1997 269 2025 sumque
281 1997 341 2017 esse
353 1988 424 2024 quod
435 1988 556 2015 dixerant
567 2008 575 2021 ,
589 1995 650 2014 eum
660 1987 695 2013 ab
706 1986 865 2021 Imperatore
875 1986 949 2012 dam-

158 2040 259 2063 natum.
277 2036 368 2063 'I'ertio
381 2035 547 2070 protulerunt
567 2034 666 2061 litteras
686 2033 804 2067 ejusdem
819 2033 948 2059 Constan-

156 2082 204 2109 tini
217 2081 253 2109 ad
266 2081 392 2109 vicarium
407 2081 533 2108 Verinum
548 2079 623 2107 datas
635 2100 641 2111 ,
657 2079 702 2106 ubi
716 2086 763 2106 eos
775 2078 890 2112 graviter
900 2078 948 2105 de-

156 2130 285 2159 testatur,
304 2130 332 2153 et
348 2129 488 2160 propterea
504 2124 569 2152 dicit
582 2124 616 2151 de
631 2124 725 2152 exsilio
738 2122 908 2155 rclaxandos,
922 2128 949 2150 et

157 2172 239 2200 furori
263 2179 312 2199 suo
334 2170 519 2201 dimittendos,
546 2170 606 2204 quia
628 2169 681 2202 jam
705 2169 773 2195 Deus
791 2173 909 2203 cmperat
922 2169 947 2195 in

156 2218 217 2245 illos
237 2216 373 2244 vindicare
390 2226 397 2243 ί
411 2224 441 2243 ac
456 2217 494 2242 sic
507 2215 586 2242 etiam
601 2214 658 2241 istis
672 2213 838 2248 Imperatoris
853 2213 949 2241 litteris

156 2262 378 2290 continuaverunt
389 2269 419 2289 se
430 2261 524 2289 falsum
540 2260 653 2291 dixisse.
668 2259 736 2294 quod
747 2259 904 2286 Cmcilianus
916 2260 949 2286 ab

157 2308 320 2344 Imperatore
331 2307 471 2336 damnatus
481 2307 516 2334 sit
528 2314 534 2339 ;
547 2314 606 2334 cum
620 2306 707 2340 potius
720 2305 865 2339 Imperator
878 2307 949 2340 ipsos

156 2361 171 2381 a
186 2353 328 2381 Cmciliano
344 2354 429 2380 victos
439 2361 499 2380 esse
512 2351 713 2383 monstraverit,
730 2351 835 2385 quando
848 2359 893 2379 eos
906 2360 948 2378 ιυ-

158 2398 299 2426 bemcnter
314 2403 468 2428 exsecratus
479 2419 486 2430 ,
508 2398 566 2424 ideo
578 2397 655 2430 jussit
668 2401 696 2423 ut
708 2396 741 2423 de
754 2398 848 2425 exsilio
861 2397 948 2424 dimit-

157 2448 278 2472 terentur
289 2464 297 2477 ,
315 2448 344 2473 ut
363 2444 417 2471 Deo
430 2444 519 2478 judice
529 2464 538 2476 ,
552 2443 617 2469 sicut
630 2447 656 2470 et
668 2442 723 2476 jam
735 2447 885 2478 asperant,
900 2450 948 2478 pu-

156 2491 288 2518 nirentnr.

193 2536 238 2564 l0.
261 2536 358 2564 Pustea
379 2535 477 2563 Felicis
497 2535 677 2572 Apmngensis
694 2535 853 2564 ordinatoris
863 2534 948 2562 Caeci-

157 2583 221 2611 Iiani
234 2590 342 2620 causam
357 2582 383 2610 in
396 2582 514 2610 meditun
529 2585 675 2616 miserunt,
691 2582 810 2610 dicentes
825 2581 948 2609 eumdem

158 2628 274 2656 Felicem
294 2626 378 2655 fuisse
398 2626 571 2662 tmditorem,
592 2636 607 2656 a
622 2635 674 2664 quo
692 2628 849 2655 Caecilianus
863 2626 949 2654 fuerat

156 2674 295 2705 ordinatus
318 2682 327 2701 :
349 2678 378 2703 et
398 2675 521 2711 ejusdem
540 2673 703 2703 Constantini
716 2672 885 2708 imperatoris
901 2679 949 2707 pro

158 2720 304 2750 Camiiiano
323 2726 415 2750 contra
430 2721 532 2756 seipsos
547 2720 648 2747 litteras
662 2719 843 2754 protulerunt,
858 2718 902 2746 ubi
915 2718 948 2745 ad

157 2768 347 2802 proconsulem
368 2767 490 2802 scripsit,
509 2771 538 2794 ut
550 2766 583 2793 ad
598 2765 756 2793 Comitatum
770 2772 846 2792 suum
861 2764 949 2793 mitte-

160 2819 235 2840 retur
244 2812 389 2848 Ingentius.
403 2812 455 2840 Iste
470 2817 557 2840 autem
571 2811 705 2847 Ingentius
716 2810 852 2838 confessus
862 2810 948 2839 fuerat

189 2889 227 2922 (a)
236 2890 339 2915 Primum
348 2888 373 2914 in
381 2892 483 2914 nemo
490 2889 602 2919 Concilio,
614 2891 665 2914 tum
674 2888 698 2912 in
708 2886 849 2913 Arelatensi.

774 174 1011 210 EPISTOLAIIUII
1031 179 1167 211 CLASSIS
1187 182 1230 211 III.

1010 236 1037 264 in
1058 238 1210 274 cognitione
1233 239 1333 271 ﬁliani
1354 244 1520 279 proconsulis
1532 244 1627 275 falsum
1638 256 1669 277 se
1682 249 1691 266 ¹
1705 249 1801 280 fecisse

1008 282 1136 312 adversus
1158 284 1275 314 Felicem
1295 286 1432 317 Ctnciliani
1455 290 1647 321 ordinatorem.
1672 294 1799 324 Dicebant

1008 334 1073 365 ergo
1093 329 1135 356 isti
1159 338 1213 359 non
1232 332 1291 360 sine
1305 340 1384 362 causa
1397 335 1512 364 voluisse
1523 335 1714 372 Imperatorem
1725 345 1754 368 ut
1765 342 1800 370 ad

1007 380 1037 402 se
1058 374 1209 404 mitteretur
1229 376 1382 413 Ingentius,
1406 380 1456 408 nisi
1475 382 1536 417 quia
1558 382 1692 413 Czeciliani
1712 386 1800 414 adhuc

1006 427 1084 448 causa
1097 421 1230 456 pendebat
1241 431 1249 451 ε
1259 428 1286 451 et
1295 425 1459 453 conabantur
1469 427 1611 456 immittere
1620 430 1799 465 suspicionem

1006 467 1193 503 vanissimam,
1214 470 1284 507 quod
1308 476 1479 508 posteaquam
1493 473 1627 510 lngentius
1636 476 1669 503 ad
1682 477 1797 505 Comita-

1005 515 1061 539 tum
1082 513 1199 543 directus
1211 519 1269 549 est,
1285 520 1348 544 tunc
1361 517 1505 553 Imperator
1518 526 1611 548 contra
1625 522 1795 551 Czeciliauum

1004 558 1122 592 potuerit
1139 560 1275 595 judicare,
1298 566 1325 590 et
1346 562 1410 590 illud
1426 563 1554 598 judicium
1574 573 1650 594 suum
1663 568 1733 603 quod
1746 577 1796 597 nos

1005 603 1229 640 recitaveramos,
1244 606 1286 633 ubi
1301 607 1369 635 inter
1383 614 1472 644 partes
1484 616 1661 645 cognoverat,
1677 613 1795 641 Caecilia-

1006 657 1122 686 uumque
1139 657 1315 687 purgaverat,
1333 655 1463 682 sententia
1475 656 1620 690 posteriore
1632 659 1793 688 rescindere.

1004 695 1056 723 Sed
1079 696 1216 725 dicebatur
1235 699 1274 725 eis
1297 703 1326 726 ut
1347 700 1397 728 hoc
1413 701 1501 735 potius
1525 702 1663 738 legerent;
1686 708 1713 733 et
1726 706 1792 733 nihil

1004 743 1112 770 omnino
1121 743 1299 777 proferebant.
1308 745 1361 772 Illas
1368 750 1455 773 autem
1464 747 1559 775 litterae
1568 748 1791 787 Imperatoris(a),

1004 786 1099 822 quibus
1110 787 1143 815 ad
1158 795 1187 815 se
1200 788 1267 816 mitti
1282 789 1361 824 jussit
1375 789 1520 825 lugentium
1532 812 1540 825 ,
1560 800 1626 828 quas
1640 799 1732 824 contra
1747 804 1792 823 sc-

1004 831 1076 867 ipsos
1087 840 1135 868 pro
1148 832 1287 862 Czeciliano
1300 835 1488 868 recitaverunt,
1502 836 1553 865 hoc
1563 839 1709 872 continent,
1721 842 1792 876 quod

1004 875 1127 905 Elianus
1138 879 1280 913 proconsul
1297 879 1324 907 in
1338 887 1417 908 causa
1431 880 1528 909 Felicis
1542 882 1702 913 audientiam
1721 875 1793 920 pra:-

1004 921 1090 950 buerit
1101 928 1295 957 competentcm
1307 945 1315 958 ,
1330 925 1505 961 eumdemque
1519 926 1635 955 Felicem
1653 937 1667 955 a
1682 930 1793 958 crimine

1003 969 1152 997 traditionis
1170 969 1339 999 innocentem
1358 971 1438 1000 fuisse
1456 974 1605 1001 constiterit
1617 984 1624 1003 :
1638 975 1685 1002 sed
1698 975 1793 1010 Ingen-

1004 1014 1068 1042 tium
1079 1015 1112 1042 ad
1126 1015 1284 1044 Comitatum
1297 1024 1372 1045 suum
1382 1023 1521 1053 propterea
1529 1019 1625 1054 jubere
1638 1021 1791 1055 transmitti,

1002 1063 1033 1087 ut
1052 1060 1104 1088 illis
1118 1061 1164 1096 qui
1175 1061 1210 1089 ibi
1220 1066 1310 1094 erant,
1327 1067 1354 1090 et
1368 1063 1470 1090 diurnis
1483 1064 1576 1092 diebus
1590 1072 1650 1092 eum
1665 1066 1792 1101 interpel-

1002 1104 1058 1134 lare
1076 1113 1128 1133 non
1149 1106 1320 1141 desinebant,
1339 1115 1468 1143 apparere
1479 1113 1507 1136 et
1521 1109 1634 1137 intimari
1648 1115 1750 1145 posset,
1764 1115 1793 1140 et

1002 1150 1100 1180 frustra
1109 1159 1156 1179 eos
1175 1152 1318 1181 Caeciliano
1339 1154 1465 1182 invidiam
1478 1162 1642 1191 comparare,
1657 1161 1685 1185 et
1694 1156 1791 1185 adver-

1002 1203 1048 1225 sus
1061 1205 1121 1227 eum
1132 1198 1260 1227 violenter
1273 1199 1408 1235 insurgere
1418 1200 1544 1229 voluisse.

1039 1243 1080 1270 II.
1104 1243 1168 1279 Quis
1189 1251 1237 1272 eos
1257 1244 1379 1273 crederet
1393 1246 1443 1274 ista
1456 1251 1549 1274 contra
1561 1254 1590 1275 se
1605 1248 1730 1276 recitasse
1741 1256 1792 1285 pro

1002 1288 1095 1321 nobis,
1119 1289 1170 1318 nisi
1195 1289 1242 1317 Dei
1262 1290 1453 1326 omnipotentis
1473 1295 1538 1319 nutu
1553 1292 1649 1319 factum
1663 1297 1751 1327 esset,
1764 1299 1793 1322 ut

1001 1340 1054 1360 non
1069 1333 1155 1361 solum
1168 1334 1248 1362 verba
1261 1343 1354 1363 eorum
1366 1335 1454 1364 Gestis
1466 1340 1638 1370 tenerentur,
1654 1338 1700 1365 sed
1711 1338 1792 1366 etiam

1001 1386 1096 1406 manus
1117 1379 1340 1408 subscribentium
1363 1381 1535 1416 legerentur?
1553 1381 1618 1409 Nam
1630 1387 1658 1410 et
1670 1383 1790 1411 ordinem

1001 1426 1139 1453 consulum
1154 1430 1180 1454 et
1193 1426 1313 1460 dierum,
1327 1427 1371 1462 qui
1384 1427 1471 1455 Gestis
1486 1436 1627 1463 expressus
1636 1433 1687 1461 est,
1700 1429 1722 1456 si
1732 1429 1791 1464 quis

1001 1468 1073 1498 nunc
1090 1471 1231 1506 diligenter
1243 1471 1379 1504 advertat,
1394 1471 1510 1499 inveniet
1522 1473 1608 1507 primo
1621 1472 1789 1500 thcilianum

1000 1517 1144 1551 episcopali
1156 1517 1257 1552 judicio
1271 1517 1352 1545 fuisse
1365 1522 1512 1552 purgatum.
1530 1518 1628 1545 Deinde
1640 1525 1693 1546 non
1707 1519 1791 1549 multo

1000 1566 1061 1597 post
1073 1562 1168 1590 Felicis
1183 1563 1360 1598 Aptungensis
1374 1570 1453 1591 causa
1465 1564 1499 1590 ab
1511 1557 1617 1591 Atiliano
1629 1565 1789 1599 proconsule

1000 1609 1149 1636 examinata
1162 1613 1203 1637 est
1215 1628 1222 1642 ,
1237 1609 1281 1636 ubi
1295 1616 1355 1636 eum
1368 1609 1485 1636 constitit
1500 1609 1668 1647 innocentem
1682 1618 1688 1636 :
1700 1610 1727 1639 in
1737 1618 1790 1645 qua

1000 1660 1079 1681 causa
1101 1654 1135 1681 ad
1153 1653 1311 1682 Comitatum
1333 1654 1401 1681 mitti
1420 1654 1510 1689 jussus
1528 1659 1570 1684 est
1590 1655 1733 1690 Ingentius.
1757 1657 1791 1684 Et

1001 1698 1078 1734 longe
1100 1704 1190 1734 postea
1212 1700 1268 1734 ipse
1281 1699 1426 1735 Imperator
1439 1708 1546 1728 causam
1562 1701 1632 1729 inter
1643 1706 1733 1736 partes
1743 1709 1791 1729 co-

999 1746 1090 1780 gnovit
1112 1750 1192 1781 atque
1214 1746 1299 1774 finivit
1320 1754 1327 1773 :
1349 1746 1375 1774 in
1393 1754 1443 1781 qua
1458 1747 1610 1782 cognitione
1620 1747 1790 1778 Caecilianum

998 1789 1179 1824 innocentem,
1191 1791 1251 1819 illos
1261 1791 1749 1827 autemcalumniosissimosjodicavit.
1761 1792 1790 1819 In

999 1843 1053 1870 quo
1067 1836 1161 1866 ordine
1175 1837 1313 1866 consulum
1328 1840 1356 1864 et
1369 1836 1473 1866 dierum
1481 1838 1546 1865 satis
1556 1837 1704 1868 ostenditur
1713 1837 1789 1866 falla-

1000 1881 1069 1908 citer
1080 1889 1126 1908 eos
1138 1885 1164 1909 et
1174 1881 1338 1910 calumniose
1350 1881 1460 1915 dixisse,
1471 1881 1542 1917 quod
1552 1881 1698 1916 Imperator
1707 1882 1790 1911 misso

998 1926 1034 1954 ad
1057 1926 1216 1956 Comitatum
1241 1926 1360 1962 Ingentia
1369 1945 1377 1959 ,
1391 1926 1519 1961 judicium
1531 1934 1609 1955 suum
1623 1927 1750 1961 mutavit,
1763 1931 1791 1954 et

999 1971 1171 1999 Cmcilianurn
1188 1980 1266 2007 quem
1285 1972 1357 2007 prius
1369 1977 1543 2007 purgaverat,
1560 1976 1649 2007 postea
1664 1971 1792 2000 condem-

999 2017 1081 2045 navit.
1096 2017 1154 2045 Non
1167 2017 1252 2045 solum
1264 2022 1353 2045 autem
1368 2017 1434 2045 nihil
1446 2017 1481 2045 de
1490 2017 1540 2045 hac
1552 2025 1582 2045 re
1594 2018 1681 2052 legere
1694 2023 1790 2053 potue-

999 2067 1080 2097 runt,
1096 2067 1123 2090 et
1136 2066 1228 2093 contra
1242 2064 1343 2098 seipsos
1357 2067 1428 2090 tanta
1444 2063 1581 2097 legerunt;
1594 2062 1640 2090 sed
1652 2063 1732 2091 etiam
1742 2070 1790 2098 per

1000 2108 1120 2136 ordinem
1148 2108 1286 2136 consulum
1312 2108 1458 2135 evidentius
1485 2107 1677 2135 convincuntur
1691 2127 1700 2142 ,
1728 2113 1790 2143 post

999 2162 1105 2183 causam
1126 2154 1222 2183 Felicis
1245 2154 1423 2189 proconsulari
1441 2153 1542 2189 judicio
1560 2153 1726 2183 terminatam
1737 2174 1745 2187 ,
1761 2154 1788 2182 in

1000 2208 1051 2235 qua
1063 2201 1166 2236 jussum
1181 2205 1222 2228 est
1233 2205 1262 2227 ut
1273 2200 1308 2228 ad
1318 2200 1476 2228 Comitatum
1487 2200 1621 2236 Ingentius
1629 2200 1788 2235 mitteretur,

1000 2253 1050 2274 nec
1064 2253 1146 2281 parvo
1159 2246 1297 2274 intervallo
1306 2266 1314 2279 ,
1328 2246 1375 2273 sed
1389 2246 1467 2281 longe
1480 2251 1571 2280 postea
1583 2246 1722 2276 memorati
1738 2247 1789 2274 im-

1002 2294 1129 2328 peratoris
1138 2293 1238 2328 judicio
1251 2293 1319 2322 inter
1329 2297 1416 2328 partes
1421 2292 1521 2326 habito,
1530 2292 1701 2323 Caecilianum
1708 2293 1791 2323 fuisse

1000 2344 1137 2375 purgatum

1037 2384 1081 2413 12.
1094 2384 1151 2412 Νοιι
1166 2392 1229 2420 ergo
1242 2380 1317 2412 vobis
1329 2384 1420 2412 dicant
1429 2384 1489 2419 quia
1500 2385 1608 2419 praemio
1620 2384 1791 2419 corrupimus

999 2432 1126 2468 judicem.
1141 2433 1209 2466 Quid
1220 2432 1289 2461 enim
1302 2431 1371 2460 aliud
1385 2432 1473 2459 solent
1481 2432 1544 2459 victi
1553 2431 1673 2460 homines
1682 2431 1792 2459 dicere?

1001 2480 1054 2507 Aut
1078 2479 1100 2507 si
1120 2478 1218 2514 aliquid
1239 2477 1360 2508 dedimus
1380 2477 1481 2512 jndici.
1506 2481 1536 2505 ut
1556 2482 1648 2505 contra
1668 2477 1728 2504 illos
1744 2484 1792 2511 pro

1001 2525 1078 2553 nobis
1093 2524 1290 2559 pronuntiaret;
1307 2523 1370 2558 ipsis
1387 2522 1450 2558 quid
1463 2522 1599 2556 dedimus,
1613 2526 1643 2550 ut
1654 2526 1746 2550 contra
1761 2529 1791 2549 se

1001 2580 1050 2607 pro
1064 2572 1139 2601 nobis
1153 2575 1225 2599 tanta
1237 2578 1289 2599 non
1302 2570 1388 2598 solum
1401 2569 1534 2601 dicerent.
1546 2575 1639 2596 verum
1649 2568 1730 2596 etiam
1743 2575 1794 2596 κς,

1001 2618 1134 2645 citarent?
1146 2618 1187 2644 An
1201 2617 1269 2644 forte
1280 2616 1373 2643 volunt
1385 2619 1414 2643 ut
1423 2615 1463 2643 eis
1472 2614 1542 2650 apud
1554 2621 1603 2643 vos
1616 2613 1715 2649 gratias
1726 2620 1791 2648 aga-

1000 2671 1077 2697 mus,
1102 2663 1162 2698 quia
1186 2670 1245 2690 cum
1260 2661 1349 2690 dicant
1359 2661 1474 2696 judicem
1490 2659 1599 2696 praemio
1613 2667 1628 2687 a
1641 2659 1717 2688 nobis
1728 2665 1790 2687 esse

1000 2714 1171 2744 corruptum,
1195 2708 1246 2742 ipsi
1264 2712 1316 2735 tam
1339 2707 1437 2739 multa.
1458 2714 1516 2741 quae
1536 2713 1584 2741 pro
1602 2705 1679 2734 nobis
1696 2710 1789 2733 contra

1000 2755 1103 2791 seipsos
1126 2754 1249 2782 dixerunt
1269 2758 1296 2781 et
1311 2754 1505 2786 recitaverunt,
1518 2752 1599 2788 gratis
1611 2751 1687 2779 nobis
1700 2752 1788 2779 omnia

1033 2813 1041 2828 ι
1052 2816 1104 2837 Mss.
1117 2811 1244 2843 plerique,
1252 2809 1339 2843 falsam
1356 2808 1439 2842 fecisse
1444 2815 1454 2841 ;
1469 2808 1565 2841 supple,
1578 2807 1713 2841 epistolam.
1729 2807 1790 2834 vide

999 2844 1113 2874 superius
1118 2841 1196 2873 epist;
1204 2841 1244 2871 88,
1256 2847 1281 2865 ιι.
1290 2841 1313 2865 4.

1031 2885 1067 2916 (a)
1077 2887 1173 2909 Exstant
1182 2884 1205 2908 in
1218 2883 1289 2915 epist.
1298 2883 1338 2914 ω,
1349 2890 1374 2907 ιι.
1383 2882 1407 2908 4.
