4014 6338
503 366 611 431 883

502 473 902 563 praestiterunt?
933 485 1042 543 Aut
1066 473 1211 541 certe
1235 481 1278 536 si
1308 484 1590 552 propterea
1613 475 1795 532 dicunt
1818 471 1959 544 quod
1986 486 2084 526 nos

505 581 760 648 vicerint,
789 578 912 650 quia
938 576 1128 633 melius
1151 579 1374 644 egerunt
1395 582 1607 624 causam
1631 564 1900 622 Caeciliani
1925 577 2087 634 quam

503 691 636 742 nos,
673 674 776 729 hoc
804 673 961 742 plane
985 669 1184 725 credite
1212 666 1334 720 illis.
1366 663 1474 718 Nos
1501 662 1641 718 enim
1669 659 1803 714 duas
1832 657 2090 712 lectiones

505 783 603 837 pro
646 763 739 820 illo
775 760 1024 820 sufficere
1065 768 1438 830 putaveramus
1483 771 1498 809 :
1542 753 1616 808 illi
1659 760 1836 806 autem
1861 757 2090 819 quatuor

505 859 859 930 protulerunt.

577 949 666 1004 15.
707 946 814 1004 Sed
844 944 971 1016 quid
1005 941 1243 1014 pluribus
1267 939 1472 994 litteras
1497 933 1826 992 oneramus?
1851 928 1910 988 Si
1934 931 2094 987 vultis

508 1041 663 1098 nobis
687 1038 925 1103 credere,
953 1035 1152 1092 credite
1179 1050 1194 1098 ;
1219 1041 1274 1089 et
1295 1041 1570 1087 teneamus
1596 1029 1795 1100 pariter
1815 1027 2093 1089 unitatem,

506 1147 667 1201 quam
702 1130 854 1200 jubet
883 1136 936 1184 et
961 1127 1130 1197 diligit
1157 1126 1314 1180 Deus.
1341 1123 1395 1180 Si
1425 1133 1600 1177 autem
1631 1120 1785 1175 nobis
1811 1135 1918 1174 non
1939 1117 2098 1172 vultis

507 1221 762 1286 credere,
808 1219 969 1274 Gesta
1007 1218 1118 1286 ipsa
1149 1215 1338 1286 legite,
1371 1221 1461 1268 aut
1484 1213 1634 1268 vobis
1659 1219 1718 1266 ut
1739 1212 1982 1280 legantur
2007 1207 2101 1262 ad-

513 1313 737 1379 mittite,
779 1319 835 1367 et
877 1326 943 1365 an
990 1322 1115 1365 Vera
1159 1309 1265 1364 sint
1307 1322 1424 1376 quae
1451 1305 1760 1375 scripsimus
1788 1294 2099 1370 vobis,ipsi

507 1409 753 1480 probate.
782 1406 836 1462 Si
863 1415 1039 1461 autem
1067 1405 1196 1458 nihil
1220 1403 1411 1458 horum
1442 1402 1617 1456 facere
1639 1397 1799 1455 vultis
1819 1442 1833 1464 ,
1861 1406 1916 1453 et
1932 1392 2102 1452 maui-

508 1499 794 1555 festissima
833 1497 1056 1552 veritate
1085 1495 1380 1550 convictam
1409 1495 1572 1562 partis
1601 1490 1787 1546 Donati
1818 1486 2099 1543 falsitatem

509 1589 683 1646 adhuc
703 1589 853 1664 sequi
882 1586 1196 1643 desideratis
1216 1627 1230 1651 ,
1263 1585 1447 1639 mundi
1470 1597 1653 1638 sumus
1674 1598 1703 1637 a
1728 1593 1882 1652 pmna
1903 1589 2099 1643 vestra,

509 1681 722 1752 quando
764 1695 861 1735 vos
897 1694 1018 1734 sero
1062 1687 1245 1748 postea
1283 1673 1581 1745 paenitebit.
1629 1673 1685 1728 Si
1727 1686 1855 1728 vero
1882 1671 1932 1726 id
1960 1669 2102 1740 quod

515 1772 670 1828 vobis
701 1769 946 1842 praestitit
976 1770 1114 1824 Deus
1139 1783 1245 1822 non
1273 1765 1733 1835 contempseritis;
1759 1772 1815 1818 et
1840 1771 1959 1832 post
1979 1775 2105 1815 can-

516 1873 631 1918 sam
674 1872 779 1916 tam
819 1860 1100 1931 diligenter
1128 1866 1298 1912 actam
1321 1897 1336 1922 ,
1366 1866 1420 1911 et
1443 1863 1546 1909 tam
1572 1855 1853 1924 diligenter
1872 1849 2101 1906 manife-

521 1961 714 2009 statam
745 1995 759 2019 ,
816 1964 1120 2022 perversam
1189 1945 1630 2003 consuetudinem
1695 1943 2056 2012 relinquentes
2085 1983 2100 2007 ,

516 2046 635 2117 paci
678 2043 874 2100 Christi
918 2053 972 2098 et
1012 2041 1198 2095 unitati
1239 2037 1616 2094 consenseritis
1640 2075 1655 2103 ,
1687 2035 1753 2091 de
1783 2045 2105 2107 vestra‘cor-

514 2137 753 2192 rectioue
776 2130 1121 2206 gaudebimus
1153 2148 1166 2183 :
1200 2139 1255 2185 et
1281 2130 1623 2185 Sacramenta
1652 2126 1880 2192 Christi,
1909 2140 2028 2196 quae
2051 2123 2102 2178 lu

514 2225 796 2294 sacrilegio
840 2223 1142 2279 schismatls
1188 2221 1253 2275 ad
1294 2217 1550 2290 judicium
1599 2216 1841 2284 habetis,
1879 2216 2024 2270 utilia
2054 2223 2107 2270 et

523 2316 760 2373 salubria
793 2314 948 2370 vobis
977 2321 1132 2368 erunt
1158 2327 1279 2366 cum
1311 2313 1362 2365 iu
1390 2307 1646 2386 catholica
1669 2324 1796 2380 pace
1814 2307 2108 2363 habueritis

516 2417 679 2479 caput
717 2407 986 2462 Christum
1011 2448 1026 2471 ,
1066 2405 1156 2460 ubi
1196 2404 1431 2460 Charitas
1454 2403 1692 2473 eoOperit
1715 2401 2106 2457 multitudinem

515 2509 854 2572 peccatorum
885 2500 902 2570 (
931 2499 948 2553 l
976 2497 1120 2552 Petr.
1151 2511 1232 2565 Iv,
1265 2496 1343 2567 8).
1390 2496 1518 2551 Hace
1556 2496 1621 2550 ad
1655 2510 1750 2549 vos
1797 2493 2107 2563 scripsimus

515 2604 645 2646 xvm
693 2590 795 2647 cal.
833 2591 992 2660 jnlias
1015 2589 1031 2620 ί
1054 2629 1070 2656 ,
1093 2586 1334 2658 piissimo
1371 2586 1606 2641 Honorio
1649 2587 1888 2655 Augusto
1912 2599 1968 2638 Ix
1991 2597 2103 2638 eos.

516 2691 576 2738 ut
615 2681 828 2754 quando
869 2687 1094 2752 possunt
1133 2678 1201 2733 ad
1240 2691 1478 2748 quosque
1513 2685 1750 2732 vestrum
1779 2676 1892 2731 ista:
1917 2673 2108 2729 litterae

517 2773 873 2846 pervenirent.

947 2880 1278 2942 EPISTOLA
1305 2879 1489 2940 CXLII
1551 2881 1646 2956 (a).

518 3000 836 3072 Augustinus
882 2997 1164 3055 Saturnino
1204 3007 1251 3051 et
1290 2996 1495 3068 Eufrati
1529 2992 1830 3066 presbyteris
1848 3033 1864 3058 ,
1900 2992 2111 3062 aliisque

590 3091 820 3157 clericis,
861 3089 1126 3162 gratulans
1170 3089 1232 3143 de
1256 3090 1484 3160 ipsorum
1510 3087 1673 3141 reditu
1698 3088 1766 3139 ad
1793 3085 2072 3140 Ecclesium
2090 3123 2106 3153 ,

594 3199 778 3253 eosque
800 3183 994 3254 in_ejus
1017 3181 1364 3236 communione
1387 3179 1692 3248 conﬁrmans
1712 3193 1733 3242 ;
1753 3186 1799 3231 et
1826 3176 2032 3230 hortans
2057 3185 2111 3229 ut

591 3249 925 3328 ecclesiastica
966 3272 1155 3342 ofﬁcia,
1195 3286 1286 3342 pro
1329 3286 1421 3323 suo
1448 3269 1652 3340 quisque
1673 3267 1865 3339 gradu,
1896 3266 2112 3336 ﬁdeliter

590 3371 946 3433 exsequantur.

524 3473 764 3529 Dominis
805 3471 1196 3537 dilectissimis,
1231 3470 1484 3525 fratribus
1511 3469 1870 3542 presbyteris,
1901 3469 2113 3525 Sarnu-

595 3579 718 3618 ιιικο
745 3572 800 3618 et
826 3563 1094 3629 Eure/vn,
1125 3571 1180 3617 et
1205 3562 1415 3617 clericis
1441 3562 1530 3631 qui
1557 3562 1828 3624 vobiscum
1858 3571 2014 3630 sunt,
2044 3562 2112 3617 ad

596 3654 854 3710 unitatem
894 3652 1088 3708 Christi
1130 3667 1423 3723 pacemque
1450 3653 1752 3721 conversis,
1780 3653 2113 3709 Aususnuus

596 3745 908 3815 episcopus,
938 3743 990 3798 iu
1018 3743 1242 3798 Domino
1265 3743 1514 3798 salutem.

600 3838 625 3890 1
639 3875 653 3890 .
668 3834 979 3891 l.:etilieavit
1001 3849 1099 3889 nos
1117 3843 1295 3889 vester
1312 3831 1569 3905 adventus
1593 3851 1608 3889 :
1634 3833 1727 3889 sed
1749 3849 1856 3890 non
1873 3850 1970 3891 vos
1991 3835 2114 3892 abs-

527 3929 670 3985 entia
717 3936 896 3984 nostra
924 3928 1219 3984 contristet.
1249 3927 1307 3981 In
1337 3927 1426 3982 illa
1455 3928 1597 3983 enim
1623 3928 1863 3984 Ecclesia
1892 3943 2107 3994 sumus,

525 4036 646 4092 qua:
670 4020 898 4092 prepitio
924 4021 1034 4076 Deo
1054 4062 1068 4088 ,
1096 4019 1224 4076 licet
1264 4035 1640 4090 usquequaque
1661 4029 1900 4090 porrecta
1923 4027 1977 4075 et
2001 4028 2111 4074 toto

525 4113 657 4169 orbe
701 4110 893 4167 diffusa
936 4112 1040 4179 sit,
1091 4126 1254 4166 unum
1305 4121 1481 4166 tamen
1526 4125 1720 4180 corpus
1754 4120 2112 4182 estmagnum

525 4204 684 4260 unius
719 4203 907 4274 capitis
953 4203 1164 4274 magni,
1210 4201 1352 4273 quod
1391 4211 1550 4273 caput
1591 4203 1706 4273 ejus
1742 4213 1824 4258 est
1853 4205 1966 4276 ipse
1992 4204 2112 4260 Sal-

526 4304 706 4359 vator,
754 4296 893 4350 sicut
931 4294 1218 4364 Apostolus
1257 4293 1385 4349 dicit
1417 4293 1576 4368 (Eph.
1603 4311 1637 4351 v
1656 4335 1672 4360 ,
1698 4295 1772 4352 25
1797 4339 1810 4361 ,
1841 4307 1886 4351 et
1914 4295 2108 4353 Coloss.

525 4379 741 4458 1,18).
792 4387 868 4442 De
913 4387 1067 4456 hujus
1114 4397 1290 4442 autem
1329 4387 1518 4457 capitis
1554 4388 1965 4459 gloriﬁcatione,
1995 4406 2113 4462 quae

529 4485 655 4548 post
700 4477 816 4548 ejus
861 4479 1305 4532 resurrectionem
1346 4476 1519 4534 futura
1563 4478 1765 4544 fuerat,
1806 4490 1951 4535 tanto
1989 4487 2113 4538 ante

531 4566 788 4639 propheta
835 4566 1083 4637 praedixit
1105 4609 1120 4632 ,
1173 4565 1415 4622 Exaltare
1459 4583 1610 4638 super
1645 4571 1823 4635 cozlos,
1852 4572 2033 4638 Deus;
2059 4581 2114 4628 et

528 4661 653 4730 quia
700 4659 790 4715 illo
830 4674 991 4729 super
1013 4660 1177 4716 caelos
1198 4661 1430 4715 exaltato
1447 4702 1462 4728 ,
1494 4660 1730 4716 Ecclesia
1758 4664 1875 4733 ejus
1898 4679 2110 4722 omnem

530 4761 729 4808 terram
771 4751 984 4823 copiosa
1022 4749 1346 4808 fecunditate
1375 4751 1546 4808 fuerat
1573 4753 1850 4824 impletura
1873 4797 1886 4822 ,
1918 4771 2112 4814 conse-

533 4853 761 4917 quenter
789 4843 928 4903 idcm
959 4845 1193 4916 psalmus
1213 4844 1454 4915 adjunxit
1483 4863 1496 4900 :
1531 4844 1598 4900 Et
1623 4863 1776 4918 super
1793 4865 1989 4904 omnem
2008 4859 2112 4904 ter-

531 4954 642 4994 ram
665 4935 830 5010 gloria
857 4945 944 4991 tua
975 4934 1144 5010 (Psal.
1177 4949 1266 4991 LVI
1285 4977 1300 5002 ,
1333 4935 1445 5007 η).
1473 4937 1730 5004 Proinde,
1761 4938 2109 5009 dilectissimi,

530 5027 706 5085 stabili
748 5035 928 5084 mente
970 5036 1024 5083 et
1066 5026 1370 5082 firmissimo
1405 5029 1569 5085 corde
1592 5070 1607 5094 ,
1639 5030 1739 5085 sub
1767 5037 1875 5087 tam
1902 5033 2114 5088 excelso

528 5121 706 5192 capite
723 5162 740 5187 ,
789 5120 842 5175 in
885 5127 993 5174 tam
1019 5119 1251 5190 glorioso
1274 5133 1496 5189 corpore
1523 5120 1866 5189 persistamus
1885 5163 1900 5187 ,
1929 5122 1982 5176 in
2007 5139 2115 5194 quo

594 5212 613 5244 ι
636 5217 818 5282 vnisse
839 5211 988 5282 vatic.
1012 5215 1143 5280 Mss,
1158 5206 1254 5282 aia:
1270 5205 1374 5282 Afal.
1561 5216 1667 5259 Mox
1688 5210 1740 5259 in
1770 5211 1884 5282 edd.
1911 5210 2115 5282 legeba-

523 5282 632 5338 tur,
649 5271 862 5338 piissimo
885 5271 1092 5338 Honorio
1125 5279 1333 5338 4ngusto
1371 5279 1486 5338 VIII
1505 5273 1901 5338 Cos.,_mendose,
1925 5271 1988 5322 nt'
2012 5276 2114 5338 anis

526 5331 789 5386 tuadvertit
805 5335 1047 5385 Baronius.
1064 5331 1247 5396 Quippe
1271 5331 1463 5384 Honorii
1484 5332 1763 5396 consulatus
1785 5331 1985 5384 octavus
2001 5336 2117 5385 inci-

526 5349 789 5386 Iuaaverttt
805 5349 1047 5385 naronius.
1064 5349 1148 5391 om
1185 5349 1247 5396 pe
1272 5349 1463 5384 nouom
1484 5349 1763 5385 consutatlls
1785 5349 1985 5384 octavus
2001 5349 2117 5385 mct-

525 5397 597 5447 dit
618 5399 668 5446 in
688 5410 866 5447 annum
885 5397 1056 5446 Christi
1217 5396 1459 5458 Atgisthrec
1481 5394 1686 5458 epistola
1695 5397 1876 5458 scripta
1891 5397 1980 5446 fuit
1991 5411 2118 5448 anno

527 5460 749 5524 proxime
785 5459 1012 5524 sequenti
1037 5464 1145 5522 post
1165 5456 1436 5521 Carthagin.
1460 5456 1621 5524 collat.
1649 5456 1872 5521 adeoque
1895 5470 1974 5524 an.
1997 5459 2114 5524 41g,

526 5522 609 5592 qui
634 5527 710 5592 _est_
729 5518 925 5592 Honorii
1070 5532 1242 5592 nonus.
1266 5518 1445 5569 Ii‘avent
1483 5521 1591 5568 Mss.
1618 5524 1756 5582 octo,
1783 5518 1813 5570 ἐ
1835 5519 2012 5584 quibus
2032 5518 2119 5571 ali-

527 5581 612 5644 qui
635 5581 818 5633 habent
841 5590 946 5644 νιιι,
969 5581 1049 5632 alii
1070 5590 1316 5644 noueras.

594 5644 612 5662 '
635 5650 736 5693 non
756 5641 955 5708 reperta
976 5650 1053 5695 est
1074 5643 1168 5694 nisi
1190 5643 1240 5693 in
1264 5641 1484 5693 Vaticano
1518 5642 1788 5707 exemplari
1811 5650 1863 5695 et
1883 5651 1992 5694 nov.

593 5724 919 5798 _(a_)_Alias.2.j‘57
944 5738 1091 5798 :_qua;
1112 5733 1278 5798 autem
1312 5725 1400 5774 ΗΞ
1438 5733 1560 5790 erat,
1606 5740 1734 5780 nunc
1762 5729 1812 5778 in
1847 5729 2118 5791 Appendice

533 5795 610 5838 cst
635 5789 689 5838 l7
732 5789 910 5851 Scripta
932 5789 1057 5839 circa
1080 5789 1206 5840 idem
1230 5795 1439 5851 tempus.

1735 354 1794 410 S.
1837 342 2210 410 AUGUSTI-Nl
2251 343 2554 408 EPISCOPI

3164 409 3194 418 ..
3684 356 3785 415 εει

2195 467 2420 523 invicem
2451 467 2690 523 membra
2719 483 2922 524 sumus.
2948 467 3103 525 Unde
3121 469 3220 526 etsi
3241 471 3611 540 remotissimis
3631 479 3784 533 terris

2195 575 2314 617 mea
2337 561 2622 632 longinqua
2650 569 2794 617 esset
2819 562 3058 617 absentia
3077 603 3094 631 ,
3127 564 3181 618 in
3205 562 3296 619 illo
3325 564 3483 620 simul
3509 580 3783 633 essemus,

2196 667 2226 706 a
2270 653 2420 723 cujus
2448 653 2688 722 Corporis
2735 653 2938 708 unitate
2979 653 3231 710 recedere
3267 671 3375 710 non
3413 655 3690 714 debemus.
3734 660 3792 716 Si

2198 744 2342 799 enim
2385 759 2483 799 nos
2524 758 2627 798 una
2673 744 2863 800 domus
2887 743 3142 812 haberet,
3175 745 3358 816 utique
3381 747 3540 802 simul
3569 764 3691 806 esse
3713 751 3796 806 di-

2199 850 2448 890 ceremur
2495 852 2508 888 :
2551 844 2750 905 quanto
2793 837 2962 906 magis
3008 837 3166 891 simul
3213 852 3428 907 sumus,
3459 855 3580 894 cum
3607 841 3660 896 in
3687 859 3795 898 uno

2199 941 2426 996 corpore
2454 927 2612 982 simul
2642 942 2827 982 sumus
2855 929 2870 981 !
2905 929 3216 998 Quanquam
3239 931 3399 985 etiam
3431 932 3483 986 in
3511 947 3614 987 una
3634 933 3795 989 domo

2208 1031 2306 1072 nos
2347 1032 2468 1073 esse
2498 1017 2704 1073 Veritas
2729 1019 2842 1088 ipsa
2871 1027 3093 1074 testatur
3119 1037 3133 1087 ;
3165 1022 3412 1091 quoniam
3442 1034 3625 1080 sancta
3654 1025 3798 1082 Scri-

2204 1117 2358 1177 ptura
2397 1150 2412 1174 ,
2470 1124 2590 1177 qua:
2641 1123 2837 1179 corpus
2886 1110 3082 1165 Christi
3123 1127 3243 1168 esse
3287 1112 3414 1169 dicit
3461 1114 3794 1182 Ecclesiam,

2205 1197 2318 1268 ipsa
2345 1198 2527 1253 itidem
2557 1200 2686 1254 dicit
2712 1201 3002 1256 Ecclesiam
3033 1202 3276 1259 eamdem
3303 1219 3424 1260 esse
3441 1205 3658 1261 domum
3679 1208 3794 1264 Dei.

2215 1291 2218 1293 λ
2276 1288 2331 1342 2.
2359 1287 2465 1344 Sed
2496 1290 2611 1344 lucc
2630 1289 2824 1345 domus
2842 1305 2949 1346 non
2979 1291 3124 1347 orbis
3144 1301 3301 1349 terrae
3325 1309 3431 1349 uno
3455 1296 3649 1366 angulo
3669 1297 3798 1352 mdia

2205 1378 2398 1434 ﬁcatur
2420 1421 2434 1446 ,
2478 1379 2572 1434 sed
2616 1396 2714 1451 per
2737 1396 2950 1437 omnem
2976 1390 3194 1439 terram.
3221 1384 3374 1440 Unde
3403 1386 3492 1441 ille
3521 1387 3794 1456 psalmus,

2205 1468 2259 1524 in
2283 1469 2434 1538 cujus
2455 1469 2842 1541 titulo-legitur,
2873 1472 3090 1536 Quando
3117 1473 3295 1530 domus
3310 1476 3664 1546 mdiﬁcabatur
3687 1487 3798 1549 post

2205 1559 2540 1629 captivitatem
2557 1602 2572 1627 ,
2601 1561 2678 1616 sic
2703 1562 2886 1631 incipit
2915 1579 2928 1615 :
2961 1562 3173 1618 Cantate
3198 1564 3416 1621 Domino
3431 1569 3688 1622 canticum
3709 1587 3800 1624 no-

2206 1665 2339 1716 uum,
2354 1659 2552 1705 cantate
2575 1649 2816 1718 Domino,
2837 1654 2998 1708 omnis
3021 1663 3153 1708 terra
3181 1654 3350 1727 (Psal.
3366 1672 3496 1724 xcv,
3527 1656 3603 1731 l).
3628 1660 3688 1714 in
3705 1677 3798 1716 ves

2215 1749 2409 1797 tustate
2436 1742 2634 1813 quippe
2653 1743 2848 1800 veteris
2873 1745 3104 1799 hominis
3122 1785 3138 1813 ,
3167 1746 3350 1801 orbem
3379 1758 3534 1803 terra:
3557 1749 3800 1804 diabolus

2207 1835 2600 1903 captivaverat;
2647 1842 2767 1904 post
2807 1834 2945 1890 hanc
2981 1836 3336 1906 captivitatem
3360 1852 3479 1892 cum
3506 1838 3801 1895 tedilicatnr

2207 1927 2398 1982 domus
2425 1966 2441 1994 ,
2491 1929 2765 1983 renovatio
2812 1927 3050 1983 ﬁdelium
3100 1928 3426 2000 significatur
3471 1930 3527 1985 in
3579 1930 3800 1987 homine

2209 2036 2368 2074 novo.
2402 2019 2554 2076 Unde
2577 2020 2706 2076 dicit
2723 2021 3015 2092 Apostolus
3033 2063 3048 2088 ,
3082 2020 3268 2076 Exuite
3289 2037 3374 2076 vos
3397 2031 3608 2076 veterem
3637 2023 3802 2077 homi-

2209 2130 2323 2167 nem
2346 2155 2360 2178 ,
2402 2123 2448 2166 et
2484 2114 2679 2167 induite
2719 2130 2832 2168 eum
2881 2115 2968 2183 qui
3005 2114 3280 2169 secundum
3311 2113 3478 2168 Deum
3501 2125 3704 2170 creatus
3732 2125 3802 2170 est

2211 2205 2372 2277 (Eph.
2401 2220 2453 2258 Iv
2475 2245 2488 2269 ,
2516 2204 2613 2270 22,
2630 2203 2723 2277 94)
2759 2222 2772 2257 :
2799 2215 2856 2260 et
2881 2206 3003 2275 quia
3029 2204 3133 2260 hoc
3158 2220 3254 2276 per
3278 2220 3490 2260 omnem
3523 2214 3726 2261 terram
3749 2207 3805 2261 ﬁt

2211 2299 2264 2353 in
2300 2299 2498 2354 unitate
2523 2299 2784 2354 catholica
2810 2314 2825 2364 ;
2855 2300 2993 2354 sicut
3015 2300 3068 2354 in
3097 2301 3203 2355 alio
3229 2299 3436 2370 psalmo
3457 2301 3664 2356 dictum
3691 2309 3800 2368 est,

2211 2389 2278 2443 Et
2301 2407 2452 2461 super
2470 2406 2667 2445 omnem
2688 2400 2871 2445 terram
2889 2391 3053 2461 gloria
3077 2402 3165 2445 tua
3186 2408 3205 2458 ;
3233 2393 3312 2446 sic
3338 2392 3392 2445 in
3418 2392 3520 2446 isto
3541 2407 3670 2447 cum
3691 2391 3803 2446 dic-

2212 2489 2324 2536 tum
2371 2492 2544 2550 esset,
2578 2482 2789 2538 Cantate
2829 2483 3045 2538 Domino
3084 2485 3333 2539 canticum
3372 2501 3556 2539 novum
3576 2527 3594 2550 ,
3627 2494 3693 2540 ut
3710 2485 3805 2540 deo

2211 2580 2601 2628 monstraretur
2624 2574 2836 2644 quando
2863 2574 3054 2630 domus
3077 2575 3370 2630 tedilicatur
3395 2577 3447 2630 in
3471 2576 3572 2632 isto
3591 2577 3806 2632 cantico

2214 2677 2376 2731 novo,
2398 2666 2651 2720 continuo
2672 2664 3010 2736 subjunctum
3029 2673 3131 2732 est,
3157 2666 3368 2721 Cantate
3386 2665 3626 2733 Domino,
3640 2669 3809 2722 omnis

2215 2765 2369 2811 terra.
2415 2756 2699 2826 Operarios
2741 2765 2955 2824 autem,
3002 2772 3099 2828 per
3143 2773 3278 2828 quos
3324 2758 3423 2813 ista
3468 2767 3576 2813 tam
3611 2774 3806 2830 magna

2213 2848 2404 2905 domus
2445 2849 2774 2916 aediﬁcatur,
2821 2849 2960 2904 idem
3005 2850 3238 2918 psalmus
3282 2851 3635 2916 exhortatur,
3686 2867 3804 2906 cum

2213 2949 2602 3012 consequenter
2630 2940 2778 3006 dicit,
2802 2939 2939 2995 Bene
2955 2942 3178 2996 nuntiate
3201 2942 3265 2996 de
3289 2942 3372 2996 die
3391 2958 3455 2997 ea:
3478 2944 3560 2996 die
3585 2941 3809 2997 salutare

2215 3034 2359 3105 ejus;
2400 3033 2697 3087 annuntiate
2733 3033 2788 3086 in
2824 3033 3052 3103 gentibus
3091 3033 3306 3105 gloriam
3333 3031 3474 3099 eius,
3498 3036 3551 3088 in
3577 3033 3807 3089 omnibus

2216 3127 2419 3197 populis
2442 3126 2694 3180 mirabilia
2719 3125 2829 3196 ejus
2861 3143 2874 3177 :
2903 3134 2958 3181 et
2984 3126 3140 3196 paulo
3169 3134 3290 3196 post
3313 3125 3458 3193 dicit,
3488 3125 3686 3193 Alfene
3698 3125 3806 3181 Do~

2215 3219 2354 3272 mino
2372 3258 2387 3285 ,
2415 3218 2595 3289 patria:
2615 3218 2837 3289 gentium
2855 3254 2871 3284 ,
2898 3215 3076 3284 a/ferte
3101 3215 3322 3271 Domino
3345 3217 3560 3288 gloriam
3581 3227 3630 3271 et
3653 3217 3809 3271 Itono-

2211 3328 2342 3367 rem.
2389 3311 2518 3379 Quae
2560 3311 2630 3366 sit
2661 3309 2775 3366 htec
2797 3308 3018 3376 domus,
3051 3309 3102 3365 id
3128 3318 3213 3365 est
3239 3299 3478 3364 Ecclesia
3507 3307 3804 3376 catholica,

2213 3401 2319 3457 alio
2347 3401 2464 3457 loco
2487 3399 2596 3456 dixi
2616 3401 2656 3454 ⁸.
3504 3410 3509 3414 ’

2286 3497 2340 3552 5.
2370 3495 2462 3551 His
2484 3506 2642 3567 atque
2671 3493 2974 3565 hujusmodi
3001 3492 3319 3549 testimoniis
3344 3501 3503 3548 tanta:
3528 3491 3692 3562 hujus
3715 3491 3808 3548 doc

2216 3603 2370 3656 mus,
2415 3603 2534 3659 qum
2571 3588 2624 3642 in
2657 3596 2765 3642 tota
2793 3586 3065 3656 Scriptura
3095 3593 3203 3640 tam
3232 3584 3397 3638 multa
3427 3583 3770 3653 reperiuntur
3788 3620 3804 3646 ,

2216 3678 2288 3734 ita
2314 3687 2593 3734 cesserunt
2611 3677 2808 3734 inimici
2827 3677 2970 3748 ejus,
2999 3687 3058 3731 ut
3081 3675 3375 3732 faterentur
3400 3682 3588 3729 contra
3617 3673 3809 3729 Eccle-

2216 3773 2349 3826 siam
2403 3768 2809 3824 transmarinam
2837 3805 2854 3835 ,
2903 3783 3062 3838 quam
3106 3776 3282 3822 tamen
3323 3764 3650 3820 catholicam
3691 3779 3807 3819 esse

2215 3861 2448 3917 confessi
2475 3870 2628 3929 sunt,
2657 3876 2714 3916 se
2739 3875 2954 3916 causam
2982 3875 3088 3914 non
3117 3858 3336 3914 habere.
3367 3857 3500 3912 Huic
3539 3871 3646 3913 nos
3665 3871 3808 3912 com-

2217 3955 2548 4009 municamus
2569 3963 2625 4008 ut
2647 3951 2897 4023 conjungi
2916 3965 3217 4006 mercamur
3239 3948 3491 4004 membris
3509 3945 3736 4013 Christi,
3757 3954 3809 4002 et

2216 4045 2581 4116 compagiuem
2625 4044 2866 4114 corporis
2901 4043 3018 4113 ejus
3044 4041 3368 4097 ﬁdelissima:
3393 4040 3675 4097 charitatis
3697 4055 3808 4096 am-

2215 4145 2511 4215 plectamur
2535 4141 2746 4197 aﬂ‘ectu.
2769 4140 3029 4208 Quoniam
3056 4138 3112 4193 in
3140 4137 3397 4192 Ecclesia:
3426 4135 3586 4206 hujus
3610 4135 3807 4191 unitate

2217 4238 2536 4307 quicumque
2581 4235 2720 4289 male
2759 4231 2991 4296 vixerit,
3035 4230 3129 4286 sibi
3159 4230 3412 4302 judicium
3445 4229 3728 4283 manduca!
3763 4234 3808 4279 et

2218 4331 2366 4396 bibit,
2395 4330 2532 4384 sicut
2550 4326 2836 4398 Apostolus
2865 4325 2993 4381 dicit
3021 4325 3062 4398 (l
3084 4323 3199 4379 Cor.
3229 4340 3283 4379 ιι
3304 4365 3318 4388 ,
3339 4320 3453 4395 ‘19).
3471 4322 3808 4390 Quicumque

2216 4431 2394 4476 autem
2427 4420 2560 4476 bene
2589 4420 2746 4485 vivit,
2779 4433 2883 4472 non
2911 4417 2962 4473 ei
2992 4415 3298 4487 praeiudicat
3325 4415 3492 4468 aliena
3522 4426 3690 4466 causa
3710 4452 3727 4477 ,
3755 4420 3807 4463 et

2217 4516 2388 4570 aliena
2421 4527 2666 4584 persona.
2695 4511 2783 4567 Sic
2802 4511 2962 4566 etiam
2991 4508 3065 4563 illi
3086 4523 3206 4563 cum
3227 4507 3295 4563 de
3312 4520 3471 4562 causa
3498 4503 3808 4560 Maximiani

2216 4615 2567 4677 urgerentur,
2607 4619 2702 4658 ore
2729 4619 2827 4659 suo
2855 4602 3025 4659 coacti
3055 4609 3179 4656 sunt
3232 4598 3507 4664 confiteri,
3538 4599 3670 4667 quia
3720 4611 3806 4649 nec

2216 4713 2372 4753 causa
2422 4711 2618 4761 caustc,
2647 4710 2737 4749 nec
2783 4709 2998 4765 persona
3043 4705 3268 4762 personat
3317 4688 3642 4760 prtejudicat.
3687 4686 3805 4743 Sob-

2217 4789 2346 4845 liciti
2373 4798 2548 4844 tamen
2580 4786 2803 4842 invicem
2831 4798 3016 4840 sumus
3044 4799 3140 4854 pro
3165 4782 3319 4838 nobis
3337 4823 3352 4848 ,
3377 4790 3630 4852 tanquam
3654 4779 3806 4834 unius

2217 4881 2458 4950 corporis
2493 4879 2729 4934 membra
2763 4893 2777 4942 ;
2809 4885 2865 4930 ut
2891 4874 3208 4944 quicumque
3234 4871 3515 4941 adjuvante
3542 4870 3804 4934 Domino,

2217 4973 2284 5027 ad
2321 4973 2568 5026 horreum
2606 4967 2843 5022 futurum
2872 4965 3229 5037 pertinemus,
3260 4961 3472 5016 interim
3498 4960 3552 5015 in
3580 4974 3709 5015 area
3734 4958 3807 5013 si-

2217 5065 2328 5119 mul
2373 5063 2577 5134 paleam
2625 5061 2947 5125 toleremus,
2985 5070 3053 5111 ne
3079 5063 3290 5126 propter
3317 5053 3460 5107 illam
3489 5050 3675 5106 futuro
3703 5048 3809 5121 igni

2219 5156 2567 5219 destinatam,
2589 5167 2688 5208 nos
2714 5165 2892 5206 aream
2919 5146 3237 5204 dominicam
3257 5143 3592 5200 deseramus.

2290 5249 2344 5302 4.
2393 5247 2545 5316 Agite
2578 5244 2837 5308 ﬁdeliter,
2877 5249 2930 5296 et
2968 5237 3205 5294 hilariter
3227 5233 3610 5291 Ecclesiastica
3636 5230 3806 5288 olIicia

2219 5353 2339 5410 qute
2375 5337 2442 5392 ad
2469 5351 2564 5392 vos
2590 5335 2886 5406 pertinent,
2917 5345 3014 5402 pro
3037 5326 3285 5401 gradibus
3312 5325 3536 5394 vestris,
3563 5332 3626 5380 et
3650 5323 3808 5378 mini-

2287 5543 2303 5574 ¹
2335 5539 2462 5603 Apud
2483 5545 2594 5587 mv-
2619 5533 2998 5603 delectamur}
3027 5529 3128 5603 alio
3150 5529 3267 5588 ιοοον
3290 5521 3811 5603 Mearm

2221 5583 2567 5669 ρνίηίἓῖἇπῐίά
2585 5583 2908 5669 ἐ
2931 5583 3814 5669 disi:}’!'9__tzéce_§_’f§“§-€€“§.‘f.€fi

2222 5653 2512 5721 Ecclesiae,
2537 5672 2646 5726 qtae
2661 5671 2756 5726 non
2772 5653 3014 5726 danmavit
3033 5653 3294 5726 incognita,
3317 5653 3363 5703 si
3383 5660 3473 5726 ptio
3496 5653 3814 5726 paganorum

2222 5707 2668 5794 iiiéc'iiﬁéigiguie
2701 5707 2951 5794 datiuum:
2986 5725 3100 5794 Quae
3124 5707 3359 5794 {orbae}
3384 5707 3698 5794 1-
3725 5707 3812 5757 litt.

2226 5775 2492 5850 i’etilfcap.
2522 5785 2598 5846 15,
2626 5791 2883 5847 perperam
2904 5780 2982 5831 hlc
3001 5775 3184 5829 inserta
3203 5775 3416 5839 expungi
3444 5775 3676 5835 oportuit.
