  <div class='ocr_page' id='page_1' title='image "/cluster/home/n/w/nwhite01/storage/ocr_20150623/33/hvd.32044015471451/298.png"; bbox 0 0 4122 6350; ppageno 0'>
   <div class='ocr_carea' id='block_1_1' title="bbox 319 356 429 416">
    <p class='ocr_par' dir='ltr' id='par_1_1' title="bbox 319 356 429 416">
     <span class='ocr_line' id='line_1_1' title="bbox 319 356 429 416; baseline 0 0"><span class='ocrx_word' id='word_1_1' title='bbox 319 356 429 416; x_wconf 73' lang='grc'><strong>885</strong></span> 
     </span>
    </p>
   </div>
   <div class='ocr_carea' id='block_1_2' title="bbox 324 461 1915 533">
    <p class='ocr_par' dir='ltr' id='par_1_2' title="bbox 324 461 1915 533">
     <span class='ocr_line' id='line_1_2' title="bbox 324 461 1915 533; baseline -0.009 -5"><span class='ocrx_word' id='word_1_2' title='bbox 324 469 554 528; x_wconf 81' lang='lat' dir='ltr'><strong>sterium</strong></span> <span class='ocrx_word' id='word_1_3' title='bbox 586 473 826 523; x_wconf 90' lang='lat' dir='ltr'><strong>vestrum</strong></span> <span class='ocrx_word' id='word_1_4' title='bbox 856 463 1136 521; x_wconf 88' lang='lat' dir='ltr'><strong>sinceriter</strong></span> <span class='ocrx_word' id='word_1_5' title='bbox 1176 461 1469 533; x_wconf 90' lang='lat' dir='ltr'><strong>adimplete</strong></span> <span class='ocrx_word' id='word_1_6' title='bbox 1514 472 1730 532; x_wconf 90' lang='lat' dir='ltr'><strong>propter</strong></span> <span class='ocrx_word' id='word_1_7' title='bbox 1764 462 1915 517; x_wconf 91' lang='lat' dir='ltr'><strong>illum</strong></span> 
     </span>
    </p>
   </div>
   <div class='ocr_carea' id='block_1_3' title="bbox 326 552 1924 629">
    <p class='ocr_par' dir='ltr' id='par_1_3' title="bbox 326 552 1924 629">
     <span class='ocr_line' id='line_1_3' title="bbox 326 552 1924 629; baseline -0.006 -10"><span class='ocrx_word' id='word_1_8' title='bbox 326 564 526 629; x_wconf 89' lang='lat' dir='ltr'><strong>Deum,</strong></span> <span class='ocrx_word' id='word_1_9' title='bbox 564 559 664 615; x_wconf 91' lang='lat' dir='ltr'><strong>sub</strong></span> <span class='ocrx_word' id='word_1_10' title='bbox 700 573 806 629; x_wconf 94' lang='lat' dir='ltr'><strong>quo</strong></span> <span class='ocrx_word' id='word_1_11' title='bbox 840 557 1083 613; x_wconf 83' lang='lat' dir='ltr'><strong>conservi</strong></span> <span class='ocrx_word' id='word_1_12' title='bbox 1114 571 1299 613; x_wconf 89' lang='lat' dir='ltr'><strong>sumus</strong></span> <span class='ocrx_word' id='word_1_13' title='bbox 1323 597 1338 623; x_wconf 97' lang='lat'><strong>,</strong></span> <span class='ocrx_word' id='word_1_14' title='bbox 1369 565 1424 611; x_wconf 90' lang='lat' dir='ltr'><strong>et</strong></span> <span class='ocrx_word' id='word_1_15' title='bbox 1451 555 1535 611; x_wconf 92' lang='lat' dir='ltr'><strong>cui</strong></span> <span class='ocrx_word' id='word_1_16' title='bbox 1564 555 1825 611; x_wconf 91' lang='lat' dir='ltr'><strong>rationem</strong></span> <span class='ocrx_word' id='word_1_17' title='bbox 1854 552 1924 609; x_wconf 90' lang='lat' dir='ltr'><strong>de</strong></span> 
     </span>
    </p>
   </div>
   <div class='ocr_carea' id='block_1_4' title="bbox 325 644 1925 718">
    <p class='ocr_par' dir='ltr' id='par_1_4' title="bbox 325 644 1925 718">
     <span class='ocr_line' id='line_1_4' title="bbox 325 644 1925 718; baseline -0.007 -7"><span class='ocrx_word' id='word_1_18' title='bbox 325 654 527 711; x_wconf 90' lang='lat' dir='ltr'><strong>nostris</strong></span> <span class='ocrx_word' id='word_1_19' title='bbox 564 651 770 706; x_wconf 85' lang='lat' dir='ltr'><strong>actibus</strong></span> <span class='ocrx_word' id='word_1_20' title='bbox 801 649 1104 706; x_wconf 75' lang='lat' dir='ltr'><strong>reddituros</strong></span> <span class='ocrx_word' id='word_1_21' title='bbox 1144 663 1243 703; x_wconf 91' lang='lat' dir='ltr'><strong>nos</strong></span> <span class='ocrx_word' id='word_1_22' title='bbox 1274 663 1394 704; x_wconf 90' lang='lat' dir='ltr'><strong>esse</strong></span> <span class='ocrx_word' id='word_1_23' title='bbox 1426 646 1740 718; x_wconf 86' lang='lat' dir='ltr'><strong>cogitamus.</strong></span> <span class='ocrx_word' id='word_1_24' title='bbox 1770 644 1925 701; x_wconf 84' lang='lat' dir='ltr'><strong>Unde</strong></span> 
     </span>
    </p>
   </div>
   <div class='ocr_carea' id='block_1_5' title="bbox 325 737 1925 807">
    <p class='ocr_par' dir='ltr' id='par_1_5' title="bbox 325 737 1925 807">
     <span class='ocr_line' id='line_1_5' title="bbox 325 737 1925 807; baseline -0.007 -6"><span class='ocrx_word' id='word_1_25' title='bbox 325 744 601 802; x_wconf 87' lang='lat' dir='ltr'><strong>abundare</strong></span> <span class='ocrx_word' id='word_1_26' title='bbox 641 743 837 798; x_wconf 90' lang='lat' dir='ltr'><strong>debent</strong></span> <span class='ocrx_word' id='word_1_27' title='bbox 868 742 919 796; x_wconf 91' lang='lat' dir='ltr'><strong>in</strong></span> <span class='ocrx_word' id='word_1_28' title='bbox 952 742 1101 796; x_wconf 84' lang='lat' dir='ltr'><strong>vobis</strong></span> <span class='ocrx_word' id='word_1_29' title='bbox 1128 740 1510 797; x_wconf 63' lang='lat' dir='ltr'><strong>misericordiae</strong></span> <span class='ocrx_word' id='word_1_30' title='bbox 1538 739 1772 802; x_wconf 85' lang='lat' dir='ltr'><strong>viscera,</strong></span> <span class='ocrx_word' id='word_1_31' title='bbox 1801 737 1925 807; x_wconf 83' lang='lat' dir='ltr'><strong>quia</strong></span> 
     </span>
    </p>
   </div>
   <div class='ocr_carea' id='block_1_6' title="bbox 325 828 1924 912">
    <p class='ocr_par' dir='ltr' id='par_1_6' title="bbox 325 828 1924 912">
     <span class='ocr_line' id='line_1_6' title="bbox 325 828 1924 912; baseline -0.008 -18"><span class='ocrx_word' id='word_1_32' title='bbox 325 837 581 912; x_wconf 86' lang='lat' dir='ltr'><strong>judicium</strong></span> <span class='ocrx_word' id='word_1_33' title='bbox 613 834 730 891; x_wconf 91' lang='lat' dir='ltr'><strong>sine</strong></span> <span class='ocrx_word' id='word_1_34' title='bbox 760 832 1125 890; x_wconf 83' lang='lat' dir='ltr'><strong>misericordia</strong></span> <span class='ocrx_word' id='word_1_35' title='bbox 1144 833 1248 889; x_wconf 92' lang='lat' dir='ltr'><strong>erit</strong></span> <span class='ocrx_word' id='word_1_36' title='bbox 1276 831 1351 888; x_wconf 88' lang='lat' dir='ltr'><strong>illi</strong></span> <span class='ocrx_word' id='word_1_37' title='bbox 1375 833 1464 902; x_wconf 90' lang='lat' dir='ltr'><strong>qui</strong></span> <span class='ocrx_word' id='word_1_38' title='bbox 1490 846 1597 886; x_wconf 89' lang='lat' dir='ltr'><strong>non</strong></span> <span class='ocrx_word' id='word_1_39' title='bbox 1621 829 1801 886; x_wconf 89' lang='lat' dir='ltr'><strong>fecerit</strong></span> <span class='ocrx_word' id='word_1_40' title='bbox 1820 828 1924 882; x_wconf 87' lang='lat' dir='ltr'><strong>mi-</strong></span> 
     </span>
    </p>
   </div>
   <div class='ocr_carea' id='block_1_7' title="bbox 326 921 1927 1000">
    <p class='ocr_par' dir='ltr' id='par_1_7' title="bbox 326 921 1927 1000">
     <span class='ocr_line' id='line_1_7' title="bbox 326 921 1927 1000; baseline -0.009 -12"><span class='ocrx_word' id='word_1_41' title='bbox 326 929 672 988; x_wconf 83' lang='lat' dir='ltr'><strong>sericordiam</strong></span> <span class='ocrx_word' id='word_1_42' title='bbox 719 926 921 1000; x_wconf 80' lang='lat' dir='ltr'><strong>(Jacobi</strong></span> <span class='ocrx_word' id='word_1_43' title='bbox 965 942 1030 991; x_wconf 89' lang='grc' dir='ltr'><strong>ιι,</strong></span> <span class='ocrx_word' id='word_1_44' title='bbox 1076 923 1187 999; x_wconf 79' lang='grc'><strong>15).</strong></span> <span class='ocrx_word' id='word_1_45' title='bbox 1220 926 1297 981; x_wconf 80' lang='lat' dir='ltr'><strong>Ac</strong></span> <span class='ocrx_word' id='word_1_46' title='bbox 1328 940 1423 995; x_wconf 91' lang='lat' dir='ltr'><strong>per</strong></span> <span class='ocrx_word' id='word_1_47' title='bbox 1447 924 1583 991; x_wconf 90' lang='lat' dir='ltr'><strong>hoc,</strong></span> <span class='ocrx_word' id='word_1_48' title='bbox 1613 931 1670 979; x_wconf 91' lang='lat' dir='ltr'><strong>et</strong></span> <span class='ocrx_word' id='word_1_49' title='bbox 1695 938 1791 993; x_wconf 90' lang='lat' dir='ltr'><strong>pro</strong></span> <span class='ocrx_word' id='word_1_50' title='bbox 1820 921 1927 977; x_wconf 89' lang='lat' dir='ltr'><strong>illis</strong></span> 
     </span>
    </p>
   </div>
   <div class='ocr_carea' id='block_1_8' title="bbox 328 1016 1927 1088">
    <p class='ocr_par' dir='ltr' id='par_1_8' title="bbox 328 1016 1927 1088">
     <span class='ocr_line' id='line_1_8' title="bbox 328 1016 1927 1088; baseline -0.008 -10"><span class='ocrx_word' id='word_1_51' title='bbox 328 1032 479 1077; x_wconf 83' lang='lat' dir='ltr'><strong>orate</strong></span> <span class='ocrx_word' id='word_1_52' title='bbox 523 1019 799 1076; x_wconf 90' lang='lat' dir='ltr'><strong>nobiscum</strong></span> <span class='ocrx_word' id='word_1_53' title='bbox 841 1018 930 1088; x_wconf 89' lang='lat' dir='ltr'><strong>qui</strong></span> <span class='ocrx_word' id='word_1_54' title='bbox 974 1016 1147 1072; x_wconf 89' lang='lat' dir='ltr'><strong>adhuc</strong></span> <span class='ocrx_word' id='word_1_55' title='bbox 1184 1017 1597 1083; x_wconf 74' lang='lat' dir='ltr'><strong>contristantur,</strong></span> <span class='ocrx_word' id='word_1_56' title='bbox 1628 1022 1686 1069; x_wconf 89' lang='lat' dir='ltr'><strong>ut</strong></span> <span class='ocrx_word' id='word_1_57' title='bbox 1710 1021 1927 1069; x_wconf 88' lang='lat' dir='ltr'><strong>sanetur</strong></span> 
     </span>
    </p>
   </div>
   <div class='ocr_carea' id='block_1_9' title="bbox 327 1105 1929 1177">
    <p class='ocr_par' dir='ltr' id='par_1_9' title="bbox 327 1105 1929 1177">
     <span class='ocr_line' id='line_1_9' title="bbox 327 1105 1929 1177; baseline -0.007 -4"><span class='ocrx_word' id='word_1_58' title='bbox 327 1115 559 1173; x_wconf 81' lang='lat' dir='ltr'><strong>carnalis</strong></span> <span class='ocrx_word' id='word_1_59' title='bbox 595 1113 758 1169; x_wconf 88' lang='lat' dir='ltr'><strong>animi</strong></span> <span class='ocrx_word' id='word_1_60' title='bbox 800 1111 1112 1177; x_wconf 88' lang='lat' dir='ltr'><strong>infirmitas,</strong></span> <span class='ocrx_word' id='word_1_61' title='bbox 1153 1126 1218 1165; x_wconf 77' lang='lat' dir='ltr'><strong>ex</strong></span> <span class='ocrx_word' id='word_1_62' title='bbox 1258 1110 1505 1165; x_wconf 89' lang='lat' dir='ltr'><strong>diuturna</strong></span> <span class='ocrx_word' id='word_1_63' title='bbox 1544 1105 1929 1165; x_wconf 82' lang='lat' dir='ltr'><strong>consuetudine</strong></span> 
     </span>
    </p>
   </div>
   <div class='ocr_carea' id='block_1_10' title="bbox 328 1201 1928 1277">
    <p class='ocr_par' dir='ltr' id='par_1_10' title="bbox 328 1201 1928 1277">
     <span class='ocr_line' id='line_1_10' title="bbox 328 1201 1928 1277; baseline -0.008 -13"><span class='ocrx_word' id='word_1_64' title='bbox 328 1208 551 1264; x_wconf 79' lang='lat' dir='ltr'><strong>collecta</strong></span> <span class='ocrx_word' id='word_1_65' title='bbox 572 1215 732 1277; x_wconf 88' lang='lat' dir='ltr'><strong>atque</strong></span> <span class='ocrx_word' id='word_1_66' title='bbox 750 1213 1045 1260; x_wconf 88' lang='lat' dir='ltr'><strong>contracta.</strong></span> <span class='ocrx_word' id='word_1_67' title='bbox 1074 1203 1203 1258; x_wconf 85' lang='lat' dir='ltr'><strong>Nam</strong></span> <span class='ocrx_word' id='word_1_68' title='bbox 1222 1203 1339 1273; x_wconf 89' lang='lat' dir='ltr'><strong>quis</strong></span> <span class='ocrx_word' id='word_1_69' title='bbox 1359 1216 1465 1257; x_wconf 91' lang='lat' dir='ltr'><strong>non</strong></span> <span class='ocrx_word' id='word_1_70' title='bbox 1488 1201 1928 1271; x_wconf 64' lang='lat' dir='ltr'><strong>intelligat-quam</strong></span> 
     </span>
    </p>
   </div>
   <div class='ocr_carea' id='block_1_11' title="bbox 328 1288 1925 1367">
    <p class='ocr_par' dir='ltr' id='par_1_11' title="bbox 328 1288 1925 1367">
     <span class='ocr_line' id='line_1_11' title="bbox 328 1288 1925 1367; baseline -0.009 -11"><span class='ocrx_word' id='word_1_71' title='bbox 328 1300 529 1356; x_wconf 80' lang='lat' dir='ltr'><strong>bonum</strong></span> <span class='ocrx_word' id='word_1_72' title='bbox 555 1299 625 1353; x_wconf 91' lang='lat' dir='ltr'><strong>sit</strong></span> <span class='ocrx_word' id='word_1_73' title='bbox 644 1307 698 1353; x_wconf 91' lang='lat' dir='ltr'><strong>et</strong></span> <span class='ocrx_word' id='word_1_74' title='bbox 713 1295 1005 1367; x_wconf 79' lang='lat' dir='ltr'><strong>jucundum</strong></span> <span class='ocrx_word' id='word_1_75' title='bbox 1035 1293 1227 1349; x_wconf 80' lang='lat' dir='ltr'><strong>fratres</strong></span> <span class='ocrx_word' id='word_1_76' title='bbox 1244 1293 1486 1349; x_wconf 85' lang='lat' dir='ltr'><strong>habitare</strong></span> <span class='ocrx_word' id='word_1_77' title='bbox 1508 1293 1559 1347; x_wconf 91' lang='lat' dir='ltr'><strong>in</strong></span> <span class='ocrx_word' id='word_1_78' title='bbox 1573 1306 1735 1346; x_wconf 79' lang='lat' dir='ltr'><strong>unum</strong></span> <span class='ocrx_word' id='word_1_79' title='bbox 1753 1288 1925 1363; x_wconf 87' lang='lat' dir='ltr'><strong>(Psal.</strong></span> 
     </span>
    </p>
   </div>
   <div class='ocr_carea' id='block_1_12' title="bbox 329 1382 1922 1460">
    <p class='ocr_par' dir='ltr' id='par_1_12' title="bbox 329 1382 1922 1460">
     <span class='ocr_line' id='line_1_12' title="bbox 329 1382 1922 1460; baseline -0.008 -14"><span class='ocrx_word' id='word_1_80' title='bbox 329 1405 558 1454; x_wconf 71' lang='lat' dir='ltr'><strong>cum,</strong></span> <span class='ocrx_word' id='word_1_81' title='bbox 606 1386 694 1460; x_wconf 78' lang='lat' dir='ltr'><strong>l),</strong></span> <span class='ocrx_word' id='word_1_82' title='bbox 741 1387 786 1442; x_wconf 89' lang='lat' dir='ltr'><strong>si</strong></span> <span class='ocrx_word' id='word_1_83' title='bbox 831 1401 989 1441; x_wconf 90' lang='lat' dir='ltr'><strong>sanas</strong></span> <span class='ocrx_word' id='word_1_84' title='bbox 1033 1385 1210 1440; x_wconf 85' lang='lat' dir='ltr'><strong>fauces</strong></span> <span class='ocrx_word' id='word_1_85' title='bbox 1248 1385 1348 1440; x_wconf 85' lang='lat' dir='ltr'><strong>ista</strong></span> <span class='ocrx_word' id='word_1_86' title='bbox 1382 1382 1686 1455; x_wconf 73' lang='lat' dir='ltr'><strong>iucunditas</strong></span> <span class='ocrx_word' id='word_1_87' title='bbox 1713 1389 1922 1452; x_wconf 82' lang='lat' dir='ltr'><strong>tangat,</strong></span> 
     </span>
    </p>
   </div>
   <div class='ocr_carea' id='block_1_13' title="bbox 331 1472 1931 1551">
    <p class='ocr_par' dir='ltr' id='par_1_13' title="bbox 331 1472 1931 1551">
     <span class='ocr_line' id='line_1_13' title="bbox 331 1472 1931 1551; baseline -0.008 -13"><span class='ocrx_word' id='word_1_88' title='bbox 331 1482 473 1538; x_wconf 84' lang='lat' dir='ltr'><strong>unde</strong></span> <span class='ocrx_word' id='word_1_89' title='bbox 492 1489 709 1551; x_wconf 89' lang='lat' dir='ltr'><strong>respuat</strong></span> <span class='ocrx_word' id='word_1_90' title='bbox 727 1478 1135 1533; x_wconf 85' lang='lat' dir='ltr'><strong>amaritudinem</strong></span> <span class='ocrx_word' id='word_1_91' title='bbox 1156 1476 1436 1532; x_wconf 80' lang='lat' dir='ltr'><strong>divisionis</strong></span> <span class='ocrx_word' id='word_1_92' title='bbox 1454 1490 1608 1532; x_wconf 91' lang='lat' dir='ltr'><strong>mens</strong></span> <span class='ocrx_word' id='word_1_93' title='bbox 1627 1489 1746 1545; x_wconf 58' lang='lat' dir='ltr'><strong>qua;</strong></span> <span class='ocrx_word' id='word_1_94' title='bbox 1758 1472 1931 1543; x_wconf 88' lang='lat' dir='ltr'><strong>diligit</strong></span> 
     </span>
    </p>
   </div>
   <div class='ocr_carea' id='block_1_14' title="bbox 330 1566 1933 1630">
    <p class='ocr_par' dir='ltr' id='par_1_14' title="bbox 330 1566 1933 1630">
     <span class='ocr_line' id='line_1_14' title="bbox 330 1566 1933 1630; baseline -0.006 0"><span class='ocrx_word' id='word_1_95' title='bbox 330 1574 666 1630; x_wconf 87' lang='lat' dir='ltr'><strong>dulcedinem</strong></span> <span class='ocrx_word' id='word_1_96' title='bbox 691 1570 1009 1628; x_wconf 80' lang='lat' dir='ltr'><strong>charitatis?</strong></span> <span class='ocrx_word' id='word_1_97' title='bbox 1032 1570 1227 1624; x_wconf 89' lang='lat' dir='ltr'><strong>Potens</strong></span> <span class='ocrx_word' id='word_1_98' title='bbox 1252 1578 1335 1623; x_wconf 92' lang='lat' dir='ltr'><strong>est</strong></span> <span class='ocrx_word' id='word_1_99' title='bbox 1352 1577 1530 1623; x_wconf 89' lang='lat' dir='ltr'><strong>autem</strong></span> <span class='ocrx_word' id='word_1_100' title='bbox 1554 1576 1609 1623; x_wconf 92' lang='lat' dir='ltr'><strong>et</strong></span> <span class='ocrx_word' id='word_1_101' title='bbox 1629 1566 1933 1621; x_wconf 86' lang='lat' dir='ltr'><strong>misericors</strong></span> 
     </span>
    </p>
   </div>
   <div class='ocr_carea' id='block_1_15' title="bbox 331 1658 1933 1737">
    <p class='ocr_par' dir='ltr' id='par_1_15' title="bbox 331 1658 1933 1737">
     <span class='ocr_line' id='line_1_15' title="bbox 331 1658 1933 1737; baseline -0.006 -14"><span class='ocrx_word' id='word_1_102' title='bbox 331 1668 503 1731; x_wconf 84' lang='lat' dir='ltr'><strong>Deus,</strong></span> <span class='ocrx_word' id='word_1_103' title='bbox 536 1682 693 1737; x_wconf 88' lang='lat' dir='ltr'><strong>quem</strong></span> <span class='ocrx_word' id='word_1_104' title='bbox 726 1680 821 1735; x_wconf 88' lang='lat' dir='ltr'><strong>pro</strong></span> <span class='ocrx_word' id='word_1_105' title='bbox 851 1665 957 1719; x_wconf 91' lang='lat' dir='ltr'><strong>illis</strong></span> <span class='ocrx_word' id='word_1_106' title='bbox 984 1678 1223 1728; x_wconf 84' lang='lat' dir='ltr'><strong>oramus,</strong></span> <span class='ocrx_word' id='word_1_107' title='bbox 1254 1672 1313 1717; x_wconf 93' lang='lat' dir='ltr'><strong>ut</strong></span> <span class='ocrx_word' id='word_1_108' title='bbox 1340 1661 1666 1733; x_wconf 87' lang='lat' dir='ltr'><strong>quibuslibet</strong></span> <span class='ocrx_word' id='word_1_109' title='bbox 1691 1658 1933 1715; x_wconf 83' lang='lat' dir='ltr'><strong>occasio—</strong></span> 
     </span>
    </p>
   </div>
   <div class='ocr_carea' id='block_1_16' title="bbox 330 1752 1933 1827">
    <p class='ocr_par' dir='ltr' id='par_1_16' title="bbox 330 1752 1933 1827">
     <span class='ocr_line' id='line_1_16' title="bbox 330 1752 1933 1827; baseline -0.007 -12"><span class='ocrx_word' id='word_1_110' title='bbox 330 1760 487 1816; x_wconf 89' lang='lat' dir='ltr'><strong>nibus</strong></span> <span class='ocrx_word' id='word_1_111' title='bbox 523 1760 682 1814; x_wconf 83' lang='lat' dir='ltr'><strong>etiam</strong></span> <span class='ocrx_word' id='word_1_112' title='bbox 731 1757 874 1827; x_wconf 91' lang='lat' dir='ltr'><strong>ipsos</strong></span> <span class='ocrx_word' id='word_1_113' title='bbox 918 1756 1151 1811; x_wconf 79' lang='lat' dir='ltr'><strong>attrahat</strong></span> <span class='ocrx_word' id='word_1_114' title='bbox 1173 1754 1241 1809; x_wconf 87' lang='lat' dir='ltr'><strong>ad</strong></span> <span class='ocrx_word' id='word_1_115' title='bbox 1269 1754 1517 1810; x_wconf 90' lang='lat' dir='ltr'><strong>salutem.</strong></span> <span class='ocrx_word' id='word_1_116' title='bbox 1550 1752 1807 1807; x_wconf 89' lang='lat' dir='ltr'><strong>Dominus</strong></span> <span class='ocrx_word' id='word_1_117' title='bbox 1836 1765 1933 1805; x_wconf 90' lang='lat' dir='ltr'><strong>vos</strong></span> 
     </span>
    </p>
   </div>
   <div class='ocr_carea' id='block_1_17' title="bbox 331 1850 875 1923">
    <p class='ocr_par' dir='ltr' id='par_1_17' title="bbox 331 1850 875 1923">
     <span class='ocr_line' id='line_1_17' title="bbox 331 1850 875 1923; baseline -0.011 -16"><span class='ocrx_word' id='word_1_118' title='bbox 331 1850 389 1907; x_wconf 91' lang='lat' dir='ltr'><strong>in</strong></span> <span class='ocrx_word' id='word_1_119' title='bbox 415 1866 548 1923; x_wconf 87' lang='lat' dir='ltr'><strong>pace</strong></span> <span class='ocrx_word' id='word_1_120' title='bbox 573 1857 875 1905; x_wconf 84' lang='lat' dir='ltr'><strong>conservet.</strong></span> 
     </span>
    </p>
   </div>
   <div class='ocr_carea' id='block_1_18' title="bbox 763 1958 1505 2033">
    <p class='ocr_par' dir='ltr' id='par_1_18' title="bbox 763 1958 1505 2033">
     <span class='ocr_line' id='line_1_18' title="bbox 763 1958 1505 2033; baseline -0.007 -15"><span class='ocrx_word' id='word_1_121' title='bbox 763 1961 1094 2019; x_wconf 83' lang='lat' dir='ltr'><strong>EPISTOLA</strong></span> <span class='ocrx_word' id='word_1_122' title='bbox 1120 1958 1329 2017; x_wconf 80' lang='lat' dir='ltr'><strong>cxuu</strong></span> <span class='ocrx_word' id='word_1_123' title='bbox 1351 1963 1370 1984; x_wconf 84' lang='grc'><strong>·</strong></span> <span class='ocrx_word' id='word_1_124' title='bbox 1407 1958 1505 2033; x_wconf 90' lang='lat' dir='ltr'><strong>(a).</strong></span> 
     </span>
    </p>
   </div>
   <div class='ocr_carea' id='block_1_19' title="bbox 341 2071 1934 2148">
    <p class='ocr_par' dir='ltr' id='par_1_19' title="bbox 341 2071 1934 2148">
     <span class='ocr_line' id='line_1_19' title="bbox 341 2071 1934 2148; baseline -0.006 -14"><span class='ocrx_word' id='word_1_125' title='bbox 341 2079 537 2135; x_wconf 78' lang='lat' dir='ltr'><strong>Paucis</strong></span> <span class='ocrx_word' id='word_1_126' title='bbox 560 2077 823 2148; x_wconf 77' lang='lat' dir='ltr'><strong>respondet</strong></span> <span class='ocrx_word' id='word_1_127' title='bbox 844 2075 913 2130; x_wconf 84' lang='lat' dir='ltr'><strong>ad</strong></span> <span class='ocrx_word' id='word_1_128' title='bbox 935 2075 1257 2146; x_wconf 65' lang='lat' dir='ltr'><strong>quaestionem</strong></span> <span class='ocrx_word' id='word_1_129' title='bbox 1283 2090 1347 2128; x_wconf 81' lang='lat' dir='ltr'><strong>ea:</strong></span> <span class='ocrx_word' id='word_1_130' title='bbox 1366 2072 1547 2127; x_wconf 85' lang='lat' dir='ltr'><strong>divinis</strong></span> <span class='ocrx_word' id='word_1_131' title='bbox 1562 2071 1728 2127; x_wconf 90' lang='lat' dir='ltr'><strong>Libris</strong></span> <span class='ocrx_word' id='word_1_132' title='bbox 1746 2087 1934 2142; x_wconf 86' lang='lat' dir='ltr'><strong>propo-</strong></span> 
     </span>
    </p>
   </div>
   <div class='ocr_carea' id='block_1_20' title="bbox 406 2166 1939 2245">
    <p class='ocr_par' dir='ltr' id='par_1_20' title="bbox 406 2166 1939 2245">
     <span class='ocr_line' id='line_1_20' title="bbox 406 2166 1939 2245; baseline -0.006 -17"><span class='ocrx_word' id='word_1_133' title='bbox 406 2174 556 2228; x_wconf 84' lang='lat' dir='ltr'><strong>sitam</strong></span> <span class='ocrx_word' id='word_1_134' title='bbox 599 2190 630 2223; x_wconf 90' lang='lat' dir='ltr'><strong>a</strong></span> <span class='ocrx_word' id='word_1_135' title='bbox 662 2169 985 2225; x_wconf 76' lang='lat' dir='ltr'><strong>Marcellino.</strong></span> <span class='ocrx_word' id='word_1_136' title='bbox 1024 2167 1153 2222; x_wconf 89' lang='lat' dir='ltr'><strong>Tum</strong></span> <span class='ocrx_word' id='word_1_137' title='bbox 1179 2168 1398 2236; x_wconf 76' lang='lat' dir='ltr'><strong>explicat</strong></span> <span class='ocrx_word' id='word_1_138' title='bbox 1427 2166 1591 2221; x_wconf 89' lang='lat' dir='ltr'><strong>locum</strong></span> <span class='ocrx_word' id='word_1_139' title='bbox 1621 2176 1848 2245; x_wconf 63' lang='lat' dir='ltr'><strong>motum</strong></span> <span class='ocrx_word' id='word_1_140' title='bbox 1876 2181 1939 2220; x_wconf 79' lang='lat' dir='ltr'><strong>ea:</strong></span> 
     </span>
    </p>
   </div>
   <div class='ocr_carea' id='block_1_21' title="bbox 408 2258 1928 2329">
    <p class='ocr_par' dir='ltr' id='par_1_21' title="bbox 408 2258 1928 2329">
     <span class='ocr_line' id='line_1_21' title="bbox 408 2258 1928 2329; baseline -0.005 -11"><span class='ocrx_word' id='word_1_141' title='bbox 408 2260 549 2318; x_wconf 79' lang='lat' dir='ltr'><strong>libris</strong></span> <span class='ocrx_word' id='word_1_142' title='bbox 585 2264 691 2317; x_wconf 84' lang='lat' dir='ltr'><strong>suis</strong></span> <span class='ocrx_word' id='word_1_143' title='bbox 728 2262 791 2315; x_wconf 85' lang='lat' dir='ltr'><strong>de</strong></span> <span class='ocrx_word' id='word_1_144' title='bbox 827 2259 1007 2315; x_wconf 88' lang='lat' dir='ltr'><strong>Libero</strong></span> <span class='ocrx_word' id='word_1_145' title='bbox 1050 2259 1307 2324; x_wconf 82' lang='lat' dir='ltr'><strong>Arbitrio;</strong></span> <span class='ocrx_word' id='word_1_146' title='bbox 1344 2259 1608 2313; x_wconf 83' lang='lat' dir='ltr'><strong>declarans</strong></span> <span class='ocrx_word' id='word_1_147' title='bbox 1647 2260 1700 2312; x_wconf 90' lang='lat' dir='ltr'><strong>in</strong></span> <span class='ocrx_word' id='word_1_148' title='bbox 1747 2258 1928 2329; x_wconf 83' lang='lat' dir='ltr'><strong>primis</strong></span> 
     </span>
    </p>
   </div>
   <div class='ocr_carea' id='block_1_22' title="bbox 412 2352 1937 2428">
    <p class='ocr_par' dir='ltr' id='par_1_22' title="bbox 412 2352 1937 2428">
     <span class='ocr_line' id='line_1_22' title="bbox 412 2352 1937 2428; baseline -0.005 -18"><span class='ocrx_word' id='word_1_149' title='bbox 412 2367 657 2428; x_wconf 86' lang='lat' dir='ltr'><strong>quantum</strong></span> <span class='ocrx_word' id='word_1_150' title='bbox 699 2355 804 2410; x_wconf 88' lang='lat' dir='ltr'><strong>suis</strong></span> <span class='ocrx_word' id='word_1_151' title='bbox 850 2354 1051 2424; x_wconf 85' lang='lat' dir='ltr'><strong>scriptis</strong></span> <span class='ocrx_word' id='word_1_152' title='bbox 1094 2354 1244 2407; x_wconf 82' lang='lat' dir='ltr'><strong>tribui</strong></span> <span class='ocrx_word' id='word_1_153' title='bbox 1277 2353 1390 2407; x_wconf 83' lang='lat' dir='ltr'><strong>velit</strong></span> <span class='ocrx_word' id='word_1_154' title='bbox 1432 2369 1449 2407; x_wconf 91' lang='lat'><em>:</em></span> <span class='ocrx_word' id='word_1_155' title='bbox 1494 2352 1763 2423; x_wconf 89' lang='lat' dir='ltr'><strong>eademque</strong></span> <span class='ocrx_word' id='word_1_156' title='bbox 1788 2368 1937 2405; x_wconf 77' lang='lat' dir='ltr'><strong>occa-</strong></span> 
     </span>
    </p>
   </div>
   <div class='ocr_carea' id='block_1_23' title="bbox 419 2444 1937 2517">
    <p class='ocr_par' dir='ltr' id='par_1_23' title="bbox 419 2444 1937 2517">
     <span class='ocr_line' id='line_1_23' title="bbox 419 2444 1937 2517; baseline -0.006 -12"><span class='ocrx_word' id='word_1_157' title='bbox 419 2451 559 2505; x_wconf 86' lang='lat' dir='ltr'><strong>sione</strong></span> <span class='ocrx_word' id='word_1_158' title='bbox 581 2450 745 2504; x_wconf 85' lang='lat' dir='ltr'><strong>varias</strong></span> <span class='ocrx_word' id='word_1_159' title='bbox 771 2448 834 2501; x_wconf 90' lang='lat' dir='ltr'><strong>de</strong></span> <span class='ocrx_word' id='word_1_160' title='bbox 866 2448 1149 2500; x_wconf 88' lang='lat' dir='ltr'><strong>animarum</strong></span> <span class='ocrx_word' id='word_1_161' title='bbox 1169 2446 1361 2517; x_wconf 88' lang='lat' dir='ltr'><strong>origine</strong></span> <span class='ocrx_word' id='word_1_162' title='bbox 1378 2445 1674 2515; x_wconf 64' lang='lat' dir='ltr'><strong>quaestiones</strong></span> <span class='ocrx_word' id='word_1_163' title='bbox 1693 2444 1937 2512; x_wconf 50' lang='lat' dir='ltr'><strong>perstriri‘</strong></span> 
     </span>
    </p>
   </div>
   <div class='ocr_carea' id='block_1_24' title="bbox 410 2535 1939 2617">
    <p class='ocr_par' dir='ltr' id='par_1_24' title="bbox 410 2535 1939 2617">
     <span class='ocr_line' id='line_1_24' title="bbox 410 2535 1939 2617; baseline -0.006 -19"><span class='ocrx_word' id='word_1_164' title='bbox 410 2562 550 2617; x_wconf 86' lang='lat' dir='ltr'><strong>gens.</strong></span> <span class='ocrx_word' id='word_1_165' title='bbox 582 2541 846 2596; x_wconf 88' lang='lat' dir='ltr'><strong>Postremo</strong></span> <span class='ocrx_word' id='word_1_166' title='bbox 871 2540 1034 2611; x_wconf 82' lang='lat' dir='ltr'><strong>rejicit</strong></span> <span class='ocrx_word' id='word_1_167' title='bbox 1060 2539 1327 2610; x_wconf 83' lang='lat' dir='ltr'><strong>cujusdam</strong></span> <span class='ocrx_word' id='word_1_168' title='bbox 1354 2538 1499 2609; x_wconf 84' lang='lat' dir='ltr'><strong>(puta</strong></span> <span class='ocrx_word' id='word_1_169' title='bbox 1530 2535 1815 2609; x_wconf 85' lang='lat' dir='ltr'><strong>Volusiani)</strong></span> <span class='ocrx_word' id='word_1_170' title='bbox 1837 2538 1939 2589; x_wconf 88' lang='lat' dir='ltr'><strong>du-</strong></span> 
     </span>
    </p>
   </div>
   <div class='ocr_carea' id='block_1_25' title="bbox 412 2631 1943 2704">
    <p class='ocr_par' dir='ltr' id='par_1_25' title="bbox 412 2631 1943 2704">
     <span class='ocr_line' id='line_1_25' title="bbox 412 2631 1943 2704; baseline -0.006 -12"><span class='ocrx_word' id='word_1_171' title='bbox 412 2638 732 2703; x_wconf 88' lang='lat' dir='ltr'><strong>bitationem,</strong></span> <span class='ocrx_word' id='word_1_172' title='bbox 776 2637 861 2704; x_wconf 85' lang='lat' dir='ltr'><strong>qui</strong></span> <span class='ocrx_word' id='word_1_173' title='bbox 897 2635 1010 2689; x_wconf 87' lang='lat' dir='ltr'><strong>ideo</strong></span> <span class='ocrx_word' id='word_1_174' title='bbox 1048 2651 1149 2688; x_wconf 87' lang='lat' dir='ltr'><strong>non</strong></span> <span class='ocrx_word' id='word_1_175' title='bbox 1187 2632 1419 2687; x_wconf 86' lang='lat' dir='ltr'><strong>credebat</strong></span> <span class='ocrx_word' id='word_1_176' title='bbox 1457 2631 1676 2685; x_wconf 86' lang='lat' dir='ltr'><strong>Mariam</strong></span> <span class='ocrx_word' id='word_1_177' title='bbox 1702 2631 1943 2703; x_wconf 79' lang='lat' dir='ltr'><strong>virginem</strong></span> 
     </span>
    </p>
   </div>
   <div class='ocr_carea' id='block_1_26' title="bbox 414 2726 1691 2801">
    <p class='ocr_par' dir='ltr' id='par_1_26' title="bbox 414 2726 1691 2801">
     <span class='ocr_line' id='line_1_26' title="bbox 414 2726 1691 2801; baseline -0.004 -17"><span class='ocrx_word' id='word_1_178' title='bbox 414 2730 695 2801; x_wconf 73' lang='lat' dir='ltr'><strong>peperisse,</strong></span> <span class='ocrx_word' id='word_1_179' title='bbox 724 2727 859 2800; x_wconf 85' lang='lat' dir='ltr'><strong>quod</strong></span> <span class='ocrx_word' id='word_1_180' title='bbox 882 2728 937 2781; x_wconf 92' lang='lat' dir='ltr'><strong>id</strong></span> <span class='ocrx_word' id='word_1_181' title='bbox 963 2744 1219 2798; x_wconf 85' lang='lat' dir='ltr'><strong>nunquam</strong></span> <span class='ocrx_word' id='word_1_182' title='bbox 1245 2727 1371 2781; x_wconf 88' lang='lat' dir='ltr'><strong>alias</strong></span> <span class='ocrx_word' id='word_1_183' title='bbox 1393 2730 1583 2799; x_wconf 77' lang='lat' dir='ltr'><strong>factum</strong></span> <span class='ocrx_word' id='word_1_184' title='bbox 1606 2726 1691 2779; x_wconf 90' lang='lat' dir='ltr'><strong>sit.</strong></span> 
     </span>
    </p>
   </div>
   <div class='ocr_carea' id='block_1_27' title="bbox 343 2840 1943 2913">
    <p class='ocr_par' dir='ltr' id='par_1_27' title="bbox 343 2840 1943 2913">
     <span class='ocr_line' id='line_1_27' title="bbox 343 2840 1943 2913; baseline -0.004 -12"><span class='ocrx_word' id='word_1_185' title='bbox 343 2844 571 2901; x_wconf 87' lang='lat' dir='ltr'><strong>Domino</strong></span> <span class='ocrx_word' id='word_1_186' title='bbox 612 2844 842 2910; x_wconf 77' lang='lat' dir='ltr'><strong>eximio,</strong></span> <span class='ocrx_word' id='word_1_187' title='bbox 891 2854 945 2899; x_wconf 90' lang='lat' dir='ltr'><strong>et</strong></span> <span class='ocrx_word' id='word_1_188' title='bbox 986 2844 1177 2898; x_wconf 85' lang='lat' dir='ltr'><strong>merito</strong></span> <span class='ocrx_word' id='word_1_189' title='bbox 1206 2842 1428 2913; x_wconf 79' lang='lat' dir='ltr'><strong>insigni,</strong></span> <span class='ocrx_word' id='word_1_190' title='bbox 1456 2843 1785 2911; x_wconf 85' lang='lat' dir='ltr'><strong>multumque</strong></span> <span class='ocrx_word' id='word_1_191' title='bbox 1810 2840 1943 2895; x_wconf 84' lang='lat' dir='ltr'><strong>cha-</strong></span> 
     </span>
    </p>
   </div>
   <div class='ocr_carea' id='block_1_28' title="bbox 416 2935 1945 3004">
    <p class='ocr_par' dir='ltr' id='par_1_28' title="bbox 416 2935 1945 3004">
     <span class='ocr_line' id='line_1_28' title="bbox 416 2935 1945 3004; baseline -0.003 -12"><span class='ocrx_word' id='word_1_192' title='bbox 416 2938 627 2993; x_wconf 86' lang='lat' dir='ltr'><strong>rissimo</strong></span> <span class='ocrx_word' id='word_1_193' title='bbox 666 2936 775 2992; x_wconf 83' lang='lat' dir='ltr'><strong>ﬁlio</strong></span> <span class='ocrx_word' id='word_1_194' title='bbox 813 2935 1189 3003; x_wconf 74' lang='lat' dir='ltr'><strong>MARCELLINO,</strong></span> <span class='ocrx_word' id='word_1_195' title='bbox 1233 2938 1598 3004; x_wconf 81' lang='lat' dir='ltr'><strong>Aucusrnvus,</strong></span> <span class='ocrx_word' id='word_1_196' title='bbox 1638 2936 1692 2989; x_wconf 91' lang='lat' dir='ltr'><strong>in</strong></span> <span class='ocrx_word' id='word_1_197' title='bbox 1718 2935 1945 2990; x_wconf 82' lang='lat' dir='ltr'><strong>Domine</strong></span> 
     </span>
    </p>
   </div>
   <div class='ocr_carea' id='block_1_29' title="bbox 418 3029 665 3085">
    <p class='ocr_par' dir='ltr' id='par_1_29' title="bbox 418 3029 665 3085">
     <span class='ocr_line' id='line_1_29' title="bbox 418 3029 665 3085; baseline -0.004 -1"><span class='ocrx_word' id='word_1_198' title='bbox 418 3029 665 3085; x_wconf 89' lang='lat' dir='ltr'><strong>salutem.</strong></span> 
     </span>
    </p>
   </div>
   <div class='ocr_carea' id='block_1_30' title="bbox 423 3140 1949 3215">
    <p class='ocr_par' dir='ltr' id='par_1_30' title="bbox 423 3140 1949 3215">
     <span class='ocr_line' id='line_1_30' title="bbox 423 3140 1949 3215; baseline -0.004 -15"><span class='ocrx_word' id='word_1_199' title='bbox 423 3146 471 3200; x_wconf 80' lang='grc'><strong>1.</strong></span> <span class='ocrx_word' id='word_1_200' title='bbox 514 3144 814 3215; x_wconf 86' lang='lat' dir='ltr'><strong>Epistolam</strong></span> <span class='ocrx_word' id='word_1_201' title='bbox 852 3152 994 3199; x_wconf 88' lang='lat' dir='ltr'><strong>tuam</strong></span> <span class='ocrx_word' id='word_1_202' title='bbox 1018 3184 1035 3211; x_wconf 94' lang='lat'><strong>,</strong></span> <span class='ocrx_word' id='word_1_203' title='bbox 1064 3158 1220 3213; x_wconf 87' lang='lat' dir='ltr'><strong>quam</strong></span> <span class='ocrx_word' id='word_1_204' title='bbox 1251 3158 1347 3213; x_wconf 91' lang='lat' dir='ltr'><strong>per</strong></span> <span class='ocrx_word' id='word_1_205' title='bbox 1374 3150 1615 3197; x_wconf 87' lang='lat' dir='ltr'><strong>sanctum</strong></span> <span class='ocrx_word' id='word_1_206' title='bbox 1642 3140 1860 3195; x_wconf 85' lang='lat' dir='ltr'><strong>fratrem</strong></span> <span class='ocrx_word' id='word_1_207' title='bbox 1893 3148 1949 3194; x_wconf 91' lang='lat' dir='ltr'><strong>et</strong></span> 
     </span>
    </p>
   </div>
   <div class='ocr_carea' id='block_1_31' title="bbox 349 3232 1946 3310">
    <p class='ocr_par' dir='ltr' id='par_1_31' title="bbox 349 3232 1946 3310">
     <span class='ocr_line' id='line_1_31' title="bbox 349 3232 1946 3310; baseline -0.006 -15"><span class='ocrx_word' id='word_1_208' title='bbox 349 3239 725 3310; x_wconf 82' lang='lat' dir='ltr'><strong>coepiscopum</strong></span> <span class='ocrx_word' id='word_1_209' title='bbox 756 3253 932 3293; x_wconf 93' lang='lat' dir='ltr'><strong>meum</strong></span> <span class='ocrx_word' id='word_1_210' title='bbox 962 3235 1295 3291; x_wconf 88' lang='lat' dir='ltr'><strong>Bonifacium</strong></span> <span class='ocrx_word' id='word_1_211' title='bbox 1318 3235 1531 3305; x_wconf 89' lang='lat' dir='ltr'><strong>accepi,</strong></span> <span class='ocrx_word' id='word_1_212' title='bbox 1559 3232 1800 3304; x_wconf 71' lang='lat' dir='ltr'><strong>quaesivi,</strong></span> <span class='ocrx_word' id='word_1_213' title='bbox 1824 3247 1946 3287; x_wconf 82' lang='lat' dir='ltr'><strong>cum</strong></span> 
     </span>
    </p>
   </div>
   <div class='ocr_carea' id='block_1_32' title="bbox 349 3319 1949 3393">
    <p class='ocr_par' dir='ltr' id='par_1_32' title="bbox 349 3319 1949 3393">
     <span class='ocr_line' id='line_1_32' title="bbox 349 3319 1949 3393; baseline -0.005 -7"><span class='ocrx_word' id='word_1_214' title='bbox 349 3330 703 3387; x_wconf 88' lang='lat' dir='ltr'><strong>rescriberem</strong></span> <span class='ocrx_word' id='word_1_215' title='bbox 721 3370 734 3393; x_wconf 94' lang='lat'><strong>,</strong></span> <span class='ocrx_word' id='word_1_216' title='bbox 762 3344 864 3384; x_wconf 91' lang='lat' dir='ltr'><strong>nec</strong></span> <span class='ocrx_word' id='word_1_217' title='bbox 892 3319 1087 3383; x_wconf 87' lang='lat' dir='ltr'><strong>inveni.</strong></span> <span class='ocrx_word' id='word_1_218' title='bbox 1117 3326 1337 3381; x_wconf 84' lang='lat' dir='ltr'><strong>Recolui</strong></span> <span class='ocrx_word' id='word_1_219' title='bbox 1370 3335 1545 3380; x_wconf 87' lang='lat' dir='ltr'><strong>tamen</strong></span> <span class='ocrx_word' id='word_1_220' title='bbox 1568 3335 1621 3380; x_wconf 92' lang='lat' dir='ltr'><strong>te</strong></span> <span class='ocrx_word' id='word_1_221' title='bbox 1645 3326 1698 3380; x_wconf 90' lang='lat' dir='ltr'><strong>in</strong></span> <span class='ocrx_word' id='word_1_222' title='bbox 1719 3340 1780 3381; x_wconf 88' lang='lat' dir='ltr'><strong>ea</strong></span> <span class='ocrx_word' id='word_1_223' title='bbox 1804 3340 1949 3393; x_wconf 70' lang='lat' dir='ltr'><strong>qua:-</strong></span> 
     </span>
    </p>
   </div>
   <div class='ocr_carea' id='block_1_33' title="bbox 349 3420 1950 3495">
    <p class='ocr_par' dir='ltr' id='par_1_33' title="bbox 349 3420 1950 3495">
     <span class='ocr_line' id='line_1_33' title="bbox 349 3420 1950 3495; baseline -0.004 -15"><span class='ocrx_word' id='word_1_224' title='bbox 349 3425 489 3480; x_wconf 90' lang='lat' dir='ltr'><strong>sisse</strong></span> <span class='ocrx_word' id='word_1_225' title='bbox 522 3422 788 3495; x_wconf 91' lang='lat' dir='ltr'><strong>quomodo</strong></span> <span class='ocrx_word' id='word_1_226' title='bbox 824 3422 1122 3477; x_wconf 88' lang='lat' dir='ltr'><strong>invenerint</strong></span> <span class='ocrx_word' id='word_1_227' title='bbox 1156 3420 1296 3490; x_wconf 90' lang='lat' dir='ltr'><strong>magi</strong></span> <span class='ocrx_word' id='word_1_228' title='bbox 1333 3420 1659 3483; x_wconf 85' lang='lat' dir='ltr'><strong>Pharaonis,</strong></span> <span class='ocrx_word' id='word_1_229' title='bbox 1691 3434 1950 3475; x_wconf 87' lang='lat' dir='ltr'><strong>conversa</strong></span> 
     </span>
    </p>
   </div>
   <div class='ocr_carea' id='block_1_34' title="bbox 354 3510 1953 3587">
    <p class='ocr_par' dir='ltr' id='par_1_34' title="bbox 354 3510 1953 3587">
     <span class='ocr_line' id='line_1_34' title="bbox 354 3510 1953 3587; baseline -0.006 -15"><span class='ocrx_word' id='word_1_230' title='bbox 354 3518 413 3572; x_wconf 91' lang='lat' dir='ltr'><strong>in</strong></span> <span class='ocrx_word' id='word_1_231' title='bbox 443 3517 753 3587; x_wconf 88' lang='lat' dir='ltr'><strong>sanguinem</strong></span> <span class='ocrx_word' id='word_1_232' title='bbox 781 3524 887 3570; x_wconf 87' lang='lat' dir='ltr'><strong>tota</strong></span> <span class='ocrx_word' id='word_1_233' title='bbox 914 3530 1049 3585; x_wconf 90' lang='lat' dir='ltr'><strong>aqua</strong></span> <span class='ocrx_word' id='word_1_234' title='bbox 1066 3512 1301 3585; x_wconf 71' lang='lat' dir='ltr'><strong>Egypti,</strong></span> <span class='ocrx_word' id='word_1_235' title='bbox 1320 3512 1461 3568; x_wconf 89' lang='lat' dir='ltr'><strong>unde</strong></span> <span class='ocrx_word' id='word_1_236' title='bbox 1476 3512 1649 3567; x_wconf 87' lang='lat' dir='ltr'><strong>simile</strong></span> <span class='ocrx_word' id='word_1_237' title='bbox 1665 3510 1859 3582; x_wconf 91' lang='lat' dir='ltr'><strong>aliquid</strong></span> <span class='ocrx_word' id='word_1_238' title='bbox 1878 3511 1953 3564; x_wconf 89' lang='lat' dir='ltr'><strong>fa—</strong></span> 
     </span>
    </p>
   </div>
   <div class='ocr_carea' id='block_1_35' title="bbox 352 3602 1953 3676">
    <p class='ocr_par' dir='ltr' id='par_1_35' title="bbox 352 3602 1953 3676">
     <span class='ocr_line' id='line_1_35' title="bbox 352 3602 1953 3676; baseline -0.004 -13"><span class='ocrx_word' id='word_1_239' title='bbox 352 3616 561 3663; x_wconf 90' lang='lat' dir='ltr'><strong>cerent.</strong></span> <span class='ocrx_word' id='word_1_240' title='bbox 586 3607 713 3676; x_wconf 65' lang='lat' dir='ltr'><strong>Quae</strong></span> <span class='ocrx_word' id='word_1_241' title='bbox 733 3606 939 3662; x_wconf 91' lang='lat' dir='ltr'><strong>duobus</strong></span> <span class='ocrx_word' id='word_1_242' title='bbox 982 3605 1156 3661; x_wconf 91' lang='lat' dir='ltr'><strong>modis</strong></span> <span class='ocrx_word' id='word_1_243' title='bbox 1182 3605 1318 3661; x_wconf 91' lang='lat' dir='ltr'><strong>solvi</strong></span> <span class='ocrx_word' id='word_1_244' title='bbox 1345 3604 1575 3676; x_wconf 75' lang='lat' dir='ltr'><strong>quaestio</strong></span> <span class='ocrx_word' id='word_1_245' title='bbox 1613 3603 1753 3659; x_wconf 88' lang='lat' dir='ltr'><strong>solet</strong></span> <span class='ocrx_word' id='word_1_246' title='bbox 1788 3622 1801 3657; x_wconf 89' lang='lat'><strong>:</strong></span> <span class='ocrx_word' id='word_1_247' title='bbox 1840 3602 1953 3657; x_wconf 89' lang='lat' dir='ltr'><strong>sive</strong></span> 
     </span>
    </p>
   </div>
   <div class='ocr_carea' id='block_1_36' title="bbox 355 3694 1951 3770">
    <p class='ocr_par' dir='ltr' id='par_1_36' title="bbox 355 3694 1951 3770">
     <span class='ocr_line' id='line_1_36' title="bbox 355 3694 1951 3770; baseline -0.004 -16"><span class='ocrx_word' id='word_1_248' title='bbox 355 3699 497 3770; x_wconf 90' lang='lat' dir='ltr'><strong>quod</strong></span> <span class='ocrx_word' id='word_1_249' title='bbox 528 3699 733 3753; x_wconf 87' lang='lat' dir='ltr'><strong>marina</strong></span> <span class='ocrx_word' id='word_1_250' title='bbox 758 3712 895 3767; x_wconf 89' lang='lat' dir='ltr'><strong>aqua</strong></span> <span class='ocrx_word' id='word_1_251' title='bbox 920 3697 1152 3767; x_wconf 90' lang='lat' dir='ltr'><strong>potuerit</strong></span> <span class='ocrx_word' id='word_1_252' title='bbox 1172 3696 1385 3763; x_wconf 79' lang='lat' dir='ltr'><strong>offerri;</strong></span> <span class='ocrx_word' id='word_1_253' title='bbox 1418 3696 1549 3761; x_wconf 91' lang='lat' dir='ltr'><strong>sive,</strong></span> <span class='ocrx_word' id='word_1_254' title='bbox 1570 3694 1711 3765; x_wconf 84' lang='lat' dir='ltr'><strong>quod</strong></span> <span class='ocrx_word' id='word_1_255' title='bbox 1733 3702 1814 3748; x_wconf 91' lang='lat' dir='ltr'><strong>est</strong></span> <span class='ocrx_word' id='word_1_256' title='bbox 1835 3708 1951 3748; x_wconf 91' lang='lat' dir='ltr'><strong>cre-</strong></span> 
     </span>
    </p>
   </div>
   <div class='ocr_carea' id='block_1_37' title="bbox 358 3783 1951 3859">
    <p class='ocr_par' dir='ltr' id='par_1_37' title="bbox 358 3783 1951 3859">
     <span class='ocr_line' id='line_1_37' title="bbox 358 3783 1951 3859; baseline -0.006 -14"><span class='ocrx_word' id='word_1_257' title='bbox 358 3790 573 3845; x_wconf 89' lang='lat' dir='ltr'><strong>dibilius</strong></span> <span class='ocrx_word' id='word_1_258' title='bbox 594 3831 608 3853; x_wconf 92' lang='lat'><strong>,</strong></span> <span class='ocrx_word' id='word_1_259' title='bbox 639 3788 761 3859; x_wconf 90' lang='lat' dir='ltr'><strong>quia</strong></span> <span class='ocrx_word' id='word_1_260' title='bbox 789 3788 844 3843; x_wconf 89' lang='lat' dir='ltr'><strong>in</strong></span> <span class='ocrx_word' id='word_1_261' title='bbox 869 3803 931 3844; x_wconf 86' lang='lat' dir='ltr'><strong>ea</strong></span> <span class='ocrx_word' id='word_1_262' title='bbox 962 3787 1179 3857; x_wconf 82' lang='lat' dir='ltr'><strong>regione</strong></span> <span class='ocrx_word' id='word_1_263' title='bbox 1198 3829 1214 3853; x_wconf 91' lang='lat'><strong>,</strong></span> <span class='ocrx_word' id='word_1_264' title='bbox 1243 3786 1297 3841; x_wconf 87' lang='lat' dir='ltr'><strong>in</strong></span> <span class='ocrx_word' id='word_1_265' title='bbox 1328 3801 1429 3855; x_wconf 91' lang='lat' dir='ltr'><strong>qua</strong></span> <span class='ocrx_word' id='word_1_266' title='bbox 1460 3793 1612 3841; x_wconf 89' lang='lat' dir='ltr'><strong>erant</strong></span> <span class='ocrx_word' id='word_1_267' title='bbox 1636 3784 1730 3839; x_wconf 91' lang='lat' dir='ltr'><strong>filii</strong></span> <span class='ocrx_word' id='word_1_268' title='bbox 1754 3783 1915 3839; x_wconf 90' lang='lat' dir='ltr'><strong>Israel</strong></span> <span class='ocrx_word' id='word_1_269' title='bbox 1936 3824 1951 3848; x_wconf 91' lang='lat'><strong>,</strong></span> 
     </span>
    </p>
   </div>
   <div class='ocr_carea' id='block_1_38' title="bbox 359 3875 1955 3952">
    <p class='ocr_par' dir='ltr' id='par_1_38' title="bbox 359 3875 1955 3952">
     <span class='ocr_line' id='line_1_38' title="bbox 359 3875 1955 3952; baseline -0.005 -16"><span class='ocrx_word' id='word_1_270' title='bbox 359 3882 475 3937; x_wconf 67' lang='lat' dir='ltr'><strong>ista:</strong></span> <span class='ocrx_word' id='word_1_271' title='bbox 519 3882 686 3952; x_wconf 71' lang='lat' dir='ltr'><strong>plaga:</strong></span> <span class='ocrx_word' id='word_1_272' title='bbox 730 3895 835 3935; x_wconf 90' lang='lat' dir='ltr'><strong>non</strong></span> <span class='ocrx_word' id='word_1_273' title='bbox 882 3879 1099 3935; x_wconf 86' lang='lat' dir='ltr'><strong>fiebant.</strong></span> <span class='ocrx_word' id='word_1_274' title='bbox 1140 3877 1252 3933; x_wconf 82' lang='lat' dir='ltr'><strong>Hoc</strong></span> <span class='ocrx_word' id='word_1_275' title='bbox 1292 3877 1433 3932; x_wconf 90' lang='lat' dir='ltr'><strong>enim</strong></span> <span class='ocrx_word' id='word_1_276' title='bbox 1462 3876 1777 3948; x_wconf 89' lang='lat' dir='ltr'><strong>quihusdam</strong></span> <span class='ocrx_word' id='word_1_277' title='bbox 1808 3875 1955 3929; x_wconf 87' lang='lat' dir='ltr'><strong>Scri-</strong></span> 
     </span>
    </p>
   </div>
   <div class='ocr_carea' id='block_1_39' title="bbox 362 3966 1954 4042">
    <p class='ocr_par' dir='ltr' id='par_1_39' title="bbox 362 3966 1954 4042">
     <span class='ocr_line' id='line_1_39' title="bbox 362 3966 1954 4042; baseline -0.004 -16"><span class='ocrx_word' id='word_1_278' title='bbox 362 3982 532 4042; x_wconf 62' lang='lat' dir='ltr'><strong>ptura:</strong></span> <span class='ocrx_word' id='word_1_279' title='bbox 576 3971 720 4026; x_wconf 90' lang='lat' dir='ltr'><strong>illius</strong></span> <span class='ocrx_word' id='word_1_280' title='bbox 765 3970 898 4025; x_wconf 88' lang='lat' dir='ltr'><strong>locis</strong></span> <span class='ocrx_word' id='word_1_281' title='bbox 944 3969 1279 4039; x_wconf 87' lang='lat' dir='ltr'><strong>apertissime</strong></span> <span class='ocrx_word' id='word_1_282' title='bbox 1318 3982 1629 4037; x_wconf 81' lang='lat' dir='ltr'><strong>expressum</strong></span> <span class='ocrx_word' id='word_1_283' title='bbox 1673 3966 1954 4032; x_wconf 88' lang='lat' dir='ltr'><strong>admonet,</strong></span> 
     </span>
    </p>
   </div>
   <div class='ocr_carea' id='block_1_40' title="bbox 363 4059 1779 4132">
    <p class='ocr_par' dir='ltr' id='par_1_40' title="bbox 363 4059 1779 4132">
     <span class='ocr_line' id='line_1_40' title="bbox 363 4059 1779 4132; baseline -0.003 -15"><span class='ocrx_word' id='word_1_284' title='bbox 363 4064 524 4119; x_wconf 90' lang='lat' dir='ltr'><strong>etiam</strong></span> <span class='ocrx_word' id='word_1_285' title='bbox 550 4062 638 4117; x_wconf 90' lang='lat' dir='ltr'><strong>ubi</strong></span> <span class='ocrx_word' id='word_1_286' title='bbox 666 4078 771 4117; x_wconf 91' lang='lat' dir='ltr'><strong>non</strong></span> <span class='ocrx_word' id='word_1_287' title='bbox 797 4062 995 4117; x_wconf 90' lang='lat' dir='ltr'><strong>dictum</strong></span> <span class='ocrx_word' id='word_1_288' title='bbox 1022 4070 1136 4127; x_wconf 90' lang='lat' dir='ltr'><strong>est,</strong></span> <span class='ocrx_word' id='word_1_289' title='bbox 1167 4060 1292 4132; x_wconf 88' lang='lat' dir='ltr'><strong>quid</strong></span> <span class='ocrx_word' id='word_1_290' title='bbox 1322 4059 1544 4130; x_wconf 86' lang='lat' dir='ltr'><strong>intelligi</strong></span> <span class='ocrx_word' id='word_1_291' title='bbox 1569 4060 1779 4113; x_wconf 87' lang='lat' dir='ltr'><strong>debeat.</strong></span> 
     </span>
    </p>
   </div>
   <div class='ocr_carea' id='block_1_41' title="bbox 436 4150 1961 4222">
    <p class='ocr_par' dir='ltr' id='par_1_41' title="bbox 436 4150 1961 4222">
     <span class='ocr_line' id='line_1_41' title="bbox 436 4150 1961 4222; baseline -0.002 -13"><span class='ocrx_word' id='word_1_292' title='bbox 436 4155 489 4209; x_wconf 73' lang='lat'><strong>2.</strong></span> <span class='ocrx_word' id='word_1_293' title='bbox 529 4155 638 4210; x_wconf 66' lang='lat' dir='ltr'><strong>Illae</strong></span> <span class='ocrx_word' id='word_1_294' title='bbox 661 4166 839 4209; x_wconf 91' lang='lat' dir='ltr'><strong>autem</strong></span> <span class='ocrx_word' id='word_1_295' title='bbox 868 4155 1057 4209; x_wconf 64' lang='lat' dir='ltr'><strong>litterae</strong></span> <span class='ocrx_word' id='word_1_296' title='bbox 1084 4161 1187 4206; x_wconf 76' lang='lat' dir='ltr'><strong>tuze</strong></span> <span class='ocrx_word' id='word_1_297' title='bbox 1206 4192 1222 4219; x_wconf 97' lang='lat'><strong>,</strong></span> <span class='ocrx_word' id='word_1_298' title='bbox 1250 4166 1383 4222; x_wconf 93' lang='lat' dir='ltr'><strong>quas</strong></span> <span class='ocrx_word' id='word_1_299' title='bbox 1412 4151 1692 4222; x_wconf 87' lang='lat' dir='ltr'><strong>presbyter</strong></span> <span class='ocrx_word' id='word_1_300' title='bbox 1715 4150 1961 4206; x_wconf 86' lang='lat' dir='ltr'><strong>Urbanus</strong></span> 
     </span>
    </p>
   </div>
   <div class='ocr_carea' id='block_1_42' title="bbox 368 4242 1962 4315">
    <p class='ocr_par' dir='ltr' id='par_1_42' title="bbox 368 4242 1962 4315">
     <span class='ocr_line' id='line_1_42' title="bbox 368 4242 1962 4315; baseline -0.002 -15"><span class='ocrx_word' id='word_1_301' title='bbox 368 4245 579 4311; x_wconf 81' lang='lat' dir='ltr'><strong>attulit,</strong></span> <span class='ocrx_word' id='word_1_302' title='bbox 610 4244 807 4300; x_wconf 86' lang='lat' dir='ltr'><strong>habent</strong></span> <span class='ocrx_word' id='word_1_303' title='bbox 831 4245 1179 4315; x_wconf 67' lang='lat' dir='ltr'><strong>quaestionem</strong></span> <span class='ocrx_word' id='word_1_304' title='bbox 1206 4243 1336 4296; x_wconf 88' lang='lat' dir='ltr'><strong>mihi</strong></span> <span class='ocrx_word' id='word_1_305' title='bbox 1366 4242 1690 4312; x_wconf 85' lang='lat' dir='ltr'><strong>propositam</strong></span> <span class='ocrx_word' id='word_1_306' title='bbox 1716 4257 1779 4297; x_wconf 81' lang='lat' dir='ltr'><strong>ex</strong></span> <span class='ocrx_word' id='word_1_307' title='bbox 1812 4242 1962 4297; x_wconf 89' lang='lat' dir='ltr'><strong>libris</strong></span> 
     </span>
    </p>
   </div>
   <div class='ocr_carea' id='block_1_43' title="bbox 370 4332 1963 4405">
    <p class='ocr_par' dir='ltr' id='par_1_43' title="bbox 370 4332 1963 4405">
     <span class='ocr_line' id='line_1_43' title="bbox 370 4332 1963 4405; baseline -0.003 -14"><span class='ocrx_word' id='word_1_308' title='bbox 370 4352 476 4391; x_wconf 88' lang='lat' dir='ltr'><strong>non</strong></span> <span class='ocrx_word' id='word_1_309' title='bbox 523 4336 714 4391; x_wconf 84' lang='lat' dir='ltr'><strong>divinis</strong></span> <span class='ocrx_word' id='word_1_310' title='bbox 734 4378 749 4403; x_wconf 91' lang='lat'><strong>,</strong></span> <span class='ocrx_word' id='word_1_311' title='bbox 794 4335 888 4391; x_wconf 91' lang='lat' dir='ltr'><strong>sed</strong></span> <span class='ocrx_word' id='word_1_312' title='bbox 927 4335 1091 4399; x_wconf 83' lang='lat' dir='ltr'><strong>meis,</strong></span> <span class='ocrx_word' id='word_1_313' title='bbox 1128 4348 1262 4405; x_wconf 90' lang='lat' dir='ltr'><strong>quos</strong></span> <span class='ocrx_word' id='word_1_314' title='bbox 1283 4332 1472 4402; x_wconf 89' lang='lat' dir='ltr'><strong>scripsi</strong></span> <span class='ocrx_word' id='word_1_315' title='bbox 1497 4334 1561 4387; x_wconf 93' lang='lat' dir='ltr'><strong>de</strong></span> <span class='ocrx_word' id='word_1_316' title='bbox 1592 4333 1781 4388; x_wconf 87' lang='lat' dir='ltr'><strong>Libero</strong></span> <span class='ocrx_word' id='word_1_317' title='bbox 1806 4333 1963 4387; x_wconf 83' lang='lat' dir='ltr'><strong>Arbi-</strong></span> 
     </span>
    </p>
   </div>
   <div class='ocr_carea' id='block_1_44' title="bbox 374 4425 1964 4496">
    <p class='ocr_par' dir='ltr' id='par_1_44' title="bbox 374 4425 1964 4496">
     <span class='ocr_line' id='line_1_44' title="bbox 374 4425 1964 4496; baseline -0.003 -14"><span class='ocrx_word' id='word_1_318' title='bbox 374 4428 499 4482; x_wconf 88' lang='lat' dir='ltr'><strong>trio.</strong></span> <span class='ocrx_word' id='word_1_319' title='bbox 546 4426 606 4483; x_wconf 90' lang='lat' dir='ltr'><strong>In</strong></span> <span class='ocrx_word' id='word_1_320' title='bbox 642 4427 831 4482; x_wconf 88' lang='lat' dir='ltr'><strong>talibus</strong></span> <span class='ocrx_word' id='word_1_321' title='bbox 869 4434 1047 4481; x_wconf 86' lang='lat' dir='ltr'><strong>autem</strong></span> <span class='ocrx_word' id='word_1_322' title='bbox 1084 4425 1466 4496; x_wconf 66' lang='lat' dir='ltr'><strong>quaestionibus</strong></span> <span class='ocrx_word' id='word_1_323' title='bbox 1491 4440 1595 4479; x_wconf 91' lang='lat' dir='ltr'><strong>non</strong></span> <span class='ocrx_word' id='word_1_324' title='bbox 1626 4426 1851 4479; x_wconf 91' lang='lat' dir='ltr'><strong>multum</strong></span> <span class='ocrx_word' id='word_1_325' title='bbox 1884 4425 1964 4478; x_wconf 89' lang='lat' dir='ltr'><strong>la-</strong></span> 
     </span>
    </p>
   </div>
   <div class='ocr_carea' id='block_1_45' title="bbox 376 4517 1967 4589">
    <p class='ocr_par' dir='ltr' id='par_1_45' title="bbox 376 4517 1967 4589">
     <span class='ocr_line' id='line_1_45' title="bbox 376 4517 1967 4589; baseline -0.001 -15"><span class='ocrx_word' id='word_1_326' title='bbox 376 4518 509 4574; x_wconf 90' lang='lat' dir='ltr'><strong>boro</strong></span> <span class='ocrx_word' id='word_1_327' title='bbox 538 4538 550 4577; x_wconf 93' lang='lat'><strong>:</strong></span> <span class='ocrx_word' id='word_1_328' title='bbox 584 4520 704 4587; x_wconf 88' lang='lat' dir='ltr'><strong>quia</strong></span> <span class='ocrx_word' id='word_1_329' title='bbox 735 4520 833 4575; x_wconf 92' lang='lat' dir='ltr'><strong>etsi</strong></span> <span class='ocrx_word' id='word_1_330' title='bbox 865 4517 1076 4574; x_wconf 81' lang='lat' dir='ltr'><strong>defendi</strong></span> <span class='ocrx_word' id='word_1_331' title='bbox 1102 4518 1363 4573; x_wconf 91' lang='lat' dir='ltr'><strong>sententia</strong></span> <span class='ocrx_word' id='word_1_332' title='bbox 1394 4533 1511 4572; x_wconf 91' lang='lat' dir='ltr'><strong>mea</strong></span> <span class='ocrx_word' id='word_1_333' title='bbox 1539 4518 1735 4589; x_wconf 90' lang='lat' dir='ltr'><strong>liquida</strong></span> <span class='ocrx_word' id='word_1_334' title='bbox 1762 4518 1967 4573; x_wconf 88' lang='lat' dir='ltr'><strong>ratione</strong></span> 
     </span>
    </p>
   </div>
   <div class='ocr_carea' id='block_1_46' title="bbox 375 4611 1967 4682">
    <p class='ocr_par' dir='ltr' id='par_1_46' title="bbox 375 4611 1967 4682">
     <span class='ocr_line' id='line_1_46' title="bbox 375 4611 1967 4682; baseline -0.001 -14"><span class='ocrx_word' id='word_1_335' title='bbox 375 4629 482 4669; x_wconf 90' lang='lat' dir='ltr'><strong>non</strong></span> <span class='ocrx_word' id='word_1_336' title='bbox 520 4621 731 4682; x_wconf 85' lang='lat' dir='ltr'><strong>potest,</strong></span> <span class='ocrx_word' id='word_1_337' title='bbox 762 4628 879 4667; x_wconf 89' lang='lat' dir='ltr'><strong>mea</strong></span> <span class='ocrx_word' id='word_1_338' title='bbox 921 4622 1035 4677; x_wconf 90' lang='lat' dir='ltr'><strong>est;</strong></span> <span class='ocrx_word' id='word_1_339' title='bbox 1065 4626 1169 4667; x_wconf 93' lang='lat' dir='ltr'><strong>non</strong></span> <span class='ocrx_word' id='word_1_340' title='bbox 1196 4611 1312 4681; x_wconf 86' lang='lat' dir='ltr'><strong>ejus</strong></span> <span class='ocrx_word' id='word_1_341' title='bbox 1336 4612 1567 4665; x_wconf 88' lang='lat' dir='ltr'><strong>auctoris</strong></span> <span class='ocrx_word' id='word_1_342' title='bbox 1586 4611 1735 4681; x_wconf 84' lang='lat' dir='ltr'><strong>cujus</strong></span> <span class='ocrx_word' id='word_1_343' title='bbox 1754 4627 1967 4667; x_wconf 91' lang='lat' dir='ltr'><strong>sensum</strong></span> 
     </span>
    </p>
   </div>
   <div class='ocr_carea' id='block_1_47' title="bbox 378 4704 1965 4775">
    <p class='ocr_par' dir='ltr' id='par_1_47' title="bbox 378 4704 1965 4775">
     <span class='ocr_line' id='line_1_47' title="bbox 378 4704 1965 4775; baseline -0.001 -16"><span class='ocrx_word' id='word_1_344' title='bbox 378 4705 685 4775; x_wconf 85' lang='lat' dir='ltr'><strong>improbare</strong></span> <span class='ocrx_word' id='word_1_345' title='bbox 714 4704 791 4758; x_wconf 82' lang='lat' dir='ltr'><strong>fas</strong></span> <span class='ocrx_word' id='word_1_346' title='bbox 818 4714 1058 4771; x_wconf 87' lang='lat' dir='ltr'><strong>nonest,</strong></span> <span class='ocrx_word' id='word_1_347' title='bbox 1084 4706 1242 4758; x_wconf 90' lang='lat' dir='ltr'><strong>etiam</strong></span> <span class='ocrx_word' id='word_1_348' title='bbox 1270 4719 1391 4758; x_wconf 90' lang='lat' dir='ltr'><strong>cum</strong></span> <span class='ocrx_word' id='word_1_349' title='bbox 1411 4745 1425 4766; x_wconf 90' lang='lat'><strong>.</strong></span> <span class='ocrx_word' id='word_1_350' title='bbox 1453 4719 1518 4758; x_wconf 91' lang='lat' dir='ltr'><strong>eo</strong></span> <span class='ocrx_word' id='word_1_351' title='bbox 1542 4719 1647 4758; x_wconf 89' lang='lat' dir='ltr'><strong>non</strong></span> <span class='ocrx_word' id='word_1_352' title='bbox 1675 4704 1965 4772; x_wconf 89' lang='lat' dir='ltr'><strong>intellecto,</strong></span> 
     </span>
    </p>
   </div>
   <div class='ocr_carea' id='block_1_48' title="bbox 381 4794 1971 4866">
    <p class='ocr_par' dir='ltr' id='par_1_48' title="bbox 381 4794 1971 4866">
     <span class='ocr_line' id='line_1_48' title="bbox 381 4794 1971 4866; baseline 0.001 -17"><span class='ocrx_word' id='word_1_353' title='bbox 381 4796 482 4850; x_wconf 91' lang='lat' dir='ltr'><strong>hoc</strong></span> <span class='ocrx_word' id='word_1_354' title='bbox 510 4796 633 4851; x_wconf 90' lang='lat' dir='ltr'><strong>inde</strong></span> <span class='ocrx_word' id='word_1_355' title='bbox 658 4797 883 4851; x_wconf 83' lang='lat' dir='ltr'><strong>sentitur</strong></span> <span class='ocrx_word' id='word_1_356' title='bbox 904 4796 1043 4864; x_wconf 89' lang='lat' dir='ltr'><strong>quod</strong></span> <span class='ocrx_word' id='word_1_357' title='bbox 1065 4794 1467 4866; x_wconf 87' lang='lat' dir='ltr'><strong>improbandum</strong></span> <span class='ocrx_word' id='word_1_358' title='bbox 1490 4805 1593 4849; x_wconf 91' lang='lat' dir='ltr'><strong>est.</strong></span> <span class='ocrx_word' id='word_1_359' title='bbox 1617 4795 1730 4865; x_wconf 86' lang='lat' dir='ltr'><strong>Ego</strong></span> <span class='ocrx_word' id='word_1_360' title='bbox 1752 4796 1971 4861; x_wconf 85' lang='lat' dir='ltr'><strong>proinde</strong></span> 
     </span>
    </p>
   </div>
   <div class='ocr_carea' id='block_1_49' title="bbox 381 4887 1969 4956">
    <p class='ocr_par' dir='ltr' id='par_1_49' title="bbox 381 4887 1969 4956">
     <span class='ocr_line' id='line_1_49' title="bbox 381 4887 1969 4956; baseline -0.003 -13"><span class='ocrx_word' id='word_1_361' title='bbox 381 4891 549 4943; x_wconf 82' lang='lat' dir='ltr'><strong>fateor</strong></span> <span class='ocrx_word' id='word_1_362' title='bbox 590 4904 677 4943; x_wconf 93' lang='lat' dir='ltr'><strong>me</strong></span> <span class='ocrx_word' id='word_1_363' title='bbox 714 4904 775 4943; x_wconf 68' lang='lat' dir='ltr'><strong>ex</strong></span> <span class='ocrx_word' id='word_1_364' title='bbox 822 4903 1006 4944; x_wconf 90' lang='lat' dir='ltr'><strong>eorum</strong></span> <span class='ocrx_word' id='word_1_365' title='bbox 1043 4902 1265 4942; x_wconf 90' lang='lat' dir='ltr'><strong>numero</strong></span> <span class='ocrx_word' id='word_1_366' title='bbox 1306 4902 1426 4941; x_wconf 87' lang='lat' dir='ltr'><strong>esse</strong></span> <span class='ocrx_word' id='word_1_367' title='bbox 1452 4887 1668 4953; x_wconf 89' lang='lat' dir='ltr'><strong>conari,</strong></span> <span class='ocrx_word' id='word_1_368' title='bbox 1698 4888 1786 4956; x_wconf 91' lang='lat' dir='ltr'><strong>qni</strong></span> <span class='ocrx_word' id='word_1_369' title='bbox 1815 4888 1969 4956; x_wconf 87' lang='lat' dir='ltr'><strong>proti-</strong></span> 
     </span>
    </p>
   </div>
   <div class='ocr_carea' id='block_1_50' title="bbox 381 4977 1971 5047">
    <p class='ocr_par' dir='ltr' id='par_1_50' title="bbox 381 4977 1971 5047">
     <span class='ocr_line' id='line_1_50' title="bbox 381 4977 1971 5047; baseline -0.001 -13"><span class='ocrx_word' id='word_1_370' title='bbox 381 4980 572 5034; x_wconf 91' lang='lat' dir='ltr'><strong>ciendo</strong></span> <span class='ocrx_word' id='word_1_371' title='bbox 610 4980 876 5041; x_wconf 83' lang='lat' dir='ltr'><strong>scribunt,</strong></span> <span class='ocrx_word' id='word_1_372' title='bbox 910 4988 964 5033; x_wconf 92' lang='lat' dir='ltr'><strong>et</strong></span> <span class='ocrx_word' id='word_1_373' title='bbox 989 4977 1272 5033; x_wconf 86' lang='lat' dir='ltr'><strong>scribendo</strong></span> <span class='ocrx_word' id='word_1_374' title='bbox 1297 4978 1593 5047; x_wconf 80' lang='lat' dir='ltr'><strong>proficiunt.</strong></span> <span class='ocrx_word' id='word_1_375' title='bbox 1628 4977 1775 5033; x_wconf 91' lang='lat' dir='ltr'><strong>Unde</strong></span> <span class='ocrx_word' id='word_1_376' title='bbox 1800 4980 1842 5032; x_wconf 93' lang='lat' dir='ltr'><strong>si</strong></span> <span class='ocrx_word' id='word_1_377' title='bbox 1870 4979 1971 5033; x_wconf 92' lang='lat' dir='ltr'><strong>ali-</strong></span> 
     </span>
    </p>
   </div>
   <div class='ocr_carea' id='block_1_51' title="bbox 383 5069 1971 5140">
    <p class='ocr_par' dir='ltr' id='par_1_51' title="bbox 383 5069 1971 5140">
     <span class='ocr_line' id='line_1_51' title="bbox 383 5069 1971 5140; baseline 0.003 -17"><span class='ocrx_word' id='word_1_378' title='bbox 383 5070 511 5140; x_wconf 89' lang='lat' dir='ltr'><strong>quid</strong></span> <span class='ocrx_word' id='word_1_379' title='bbox 548 5070 633 5125; x_wconf 87' lang='lat' dir='ltr'><strong>vel</strong></span> <span class='ocrx_word' id='word_1_380' title='bbox 676 5069 969 5136; x_wconf 90' lang='lat' dir='ltr'><strong>incautius,</strong></span> <span class='ocrx_word' id='word_1_381' title='bbox 1013 5070 1098 5124; x_wconf 90' lang='lat' dir='ltr'><strong>vel</strong></span> <span class='ocrx_word' id='word_1_382' title='bbox 1139 5069 1450 5124; x_wconf 90' lang='lat' dir='ltr'><strong>iudoctiusa</strong></span> <span class='ocrx_word' id='word_1_383' title='bbox 1489 5086 1574 5125; x_wconf 91' lang='lat' dir='ltr'><strong>me</strong></span> <span class='ocrx_word' id='word_1_384' title='bbox 1602 5072 1827 5139; x_wconf 89' lang='lat' dir='ltr'><strong>positum</strong></span> <span class='ocrx_word' id='word_1_385' title='bbox 1856 5081 1971 5140; x_wconf 91' lang='lat' dir='ltr'><strong>est,</strong></span> 
     </span>
    </p>
   </div>
   <div class='ocr_carea' id='block_1_52' title="bbox 385 5161 1973 5232">
    <p class='ocr_par' dir='ltr' id='par_1_52' title="bbox 385 5161 1973 5232">
     <span class='ocr_line' id='line_1_52' title="bbox 385 5161 1973 5232; baseline 0.001 -16"><span class='ocrx_word' id='word_1_386' title='bbox 385 5162 526 5232; x_wconf 93' lang='lat' dir='ltr'><strong>quod</strong></span> <span class='ocrx_word' id='word_1_387' title='bbox 564 5176 669 5216; x_wconf 91' lang='lat' dir='ltr'><strong>non</strong></span> <span class='ocrx_word' id='word_1_388' title='bbox 708 5162 881 5217; x_wconf 90' lang='lat' dir='ltr'><strong>solum</strong></span> <span class='ocrx_word' id='word_1_389' title='bbox 923 5161 991 5216; x_wconf 90' lang='lat' dir='ltr'><strong>ab</strong></span> <span class='ocrx_word' id='word_1_390' title='bbox 1028 5162 1146 5215; x_wconf 89' lang='lat' dir='ltr'><strong>aliis</strong></span> <span class='ocrx_word' id='word_1_391' title='bbox 1171 5162 1258 5232; x_wconf 93' lang='lat' dir='ltr'><strong>qui</strong></span> <span class='ocrx_word' id='word_1_392' title='bbox 1290 5161 1467 5216; x_wconf 87' lang='lat' dir='ltr'><strong>videre</strong></span> <span class='ocrx_word' id='word_1_393' title='bbox 1494 5161 1546 5215; x_wconf 86' lang='lat' dir='ltr'><strong>id</strong></span> <span class='ocrx_word' id='word_1_394' title='bbox 1578 5172 1827 5231; x_wconf 88' lang='lat' dir='ltr'><strong>possunt,</strong></span> <span class='ocrx_word' id='word_1_395' title='bbox 1857 5179 1973 5219; x_wconf 87' lang='lat' dir='ltr'><strong>me-</strong></span> 
     </span>
    </p>
   </div>
   <div class='ocr_carea' id='block_1_53' title="bbox 387 5254 1979 5327">
    <p class='ocr_par' dir='ltr' id='par_1_53' title="bbox 387 5254 1979 5327">
     <span class='ocr_line' id='line_1_53' title="bbox 387 5254 1979 5327; baseline 0.001 -18"><span class='ocrx_word' id='word_1_396' title='bbox 387 5254 491 5309; x_wconf 88' lang='lat' dir='ltr'><strong>rito</strong></span> <span class='ocrx_word' id='word_1_397' title='bbox 534 5254 985 5325; x_wconf 84' lang='lat' dir='ltr'><strong>reprehendatur,</strong></span> <span class='ocrx_word' id='word_1_398' title='bbox 1024 5270 1208 5310; x_wconf 89' lang='lat' dir='ltr'><strong>verum</strong></span> <span class='ocrx_word' id='word_1_399' title='bbox 1250 5255 1407 5309; x_wconf 87' lang='lat' dir='ltr'><strong>etiam</strong></span> <span class='ocrx_word' id='word_1_400' title='bbox 1448 5270 1476 5307; x_wconf 92' lang='lat' dir='ltr'><strong>a</strong></span> <span class='ocrx_word' id='word_1_401' title='bbox 1516 5260 1751 5325; x_wconf 81' lang='lat' dir='ltr'><strong>meipso,</strong></span> <span class='ocrx_word' id='word_1_402' title='bbox 1778 5257 1898 5327; x_wconf 89' lang='lat' dir='ltr'><strong>quia</strong></span> <span class='ocrx_word' id='word_1_403' title='bbox 1924 5266 1979 5312; x_wconf 93' lang='lat' dir='ltr'><strong>et</strong></span> 
     </span>
    </p>
   </div>
   <div class='ocr_carea' id='block_1_54' title="bbox 389 5346 1977 5417">
    <p class='ocr_par' dir='ltr' id='par_1_54' title="bbox 389 5346 1977 5417">
     <span class='ocr_line' id='line_1_54' title="bbox 389 5346 1977 5417; baseline 0.001 -15"><span class='ocrx_word' id='word_1_404' title='bbox 389 5362 490 5417; x_wconf 86' lang='lat' dir='ltr'><strong>ego</strong></span> <span class='ocrx_word' id='word_1_405' title='bbox 525 5347 711 5401; x_wconf 75' lang='lat' dir='ltr'><strong>saltem</strong></span> <span class='ocrx_word' id='word_1_406' title='bbox 751 5354 934 5416; x_wconf 86' lang='lat' dir='ltr'><strong>postea</strong></span> <span class='ocrx_word' id='word_1_407' title='bbox 960 5348 1139 5401; x_wconf 87' lang='lat' dir='ltr'><strong>videre</strong></span> <span class='ocrx_word' id='word_1_408' title='bbox 1168 5346 1338 5401; x_wconf 89' lang='lat' dir='ltr'><strong>debeo</strong></span> <span class='ocrx_word' id='word_1_409' title='bbox 1356 5388 1369 5410; x_wconf 89' lang='lat'><strong>,</strong></span> <span class='ocrx_word' id='word_1_410' title='bbox 1400 5346 1444 5400; x_wconf 91' lang='lat' dir='ltr'><strong>si</strong></span> <span class='ocrx_word' id='word_1_411' title='bbox 1473 5346 1724 5416; x_wconf 86' lang='lat' dir='ltr'><strong>proficio;</strong></span> <span class='ocrx_word' id='word_1_412' title='bbox 1752 5364 1849 5404; x_wconf 86' lang='lat' dir='ltr'><strong>nec</strong></span> <span class='ocrx_word' id='word_1_413' title='bbox 1874 5349 1977 5403; x_wconf 91' lang='lat' dir='ltr'><strong>mi-</strong></span> 
     </span>
    </p>
   </div>
   <div class='ocr_carea' id='block_1_55' title="bbox 392 5438 1976 5510">
    <p class='ocr_par' dir='ltr' id='par_1_55' title="bbox 392 5438 1976 5510">
     <span class='ocr_line' id='line_1_55' title="bbox 392 5438 1976 5510; baseline 0.003 -17"><span class='ocrx_word' id='word_1_414' title='bbox 392 5438 619 5494; x_wconf 88' lang='lat' dir='ltr'><strong>randum</strong></span> <span class='ocrx_word' id='word_1_415' title='bbox 652 5448 763 5508; x_wconf 90' lang='lat' dir='ltr'><strong>est,</strong></span> <span class='ocrx_word' id='word_1_416' title='bbox 796 5454 895 5493; x_wconf 92' lang='lat' dir='ltr'><strong>nec</strong></span> <span class='ocrx_word' id='word_1_417' title='bbox 920 5438 1204 5494; x_wconf 90' lang='lat' dir='ltr'><strong>dolendum</strong></span> <span class='ocrx_word' id='word_1_418' title='bbox 1234 5456 1247 5492; x_wconf 93' lang='lat'>:</span> <span class='ocrx_word' id='word_1_419' title='bbox 1279 5438 1373 5492; x_wconf 88' lang='lat' dir='ltr'><strong>sed</strong></span> <span class='ocrx_word' id='word_1_420' title='bbox 1403 5439 1574 5508; x_wconf 88' lang='lat' dir='ltr'><strong>potius</strong></span> <span class='ocrx_word' id='word_1_421' title='bbox 1601 5439 1976 5510; x_wconf 89' lang='lat' dir='ltr'><strong>ignoscendum</strong></span> 
     </span>
    </p>
   </div>
   <div class='ocr_carea' id='block_1_56' title="bbox 458 5610 1979 5679">
    <p class='ocr_par' dir='ltr' id='par_1_56' title="bbox 458 5610 1979 5679">
     <span class='ocr_line' id='line_1_56' title="bbox 458 5610 1979 5679; baseline 0.005 -17"><span class='ocrx_word' id='word_1_422' title='bbox 458 5614 477 5631; x_wconf 88' lang='lat'><strong>&#39;</strong></span> <span class='ocrx_word' id='word_1_423' title='bbox 504 5612 768 5679; x_wconf 63' lang='lat' dir='ltr'><strong>mendam</strong></span> <span class='ocrx_word' id='word_1_424' title='bbox 789 5619 865 5679; x_wconf 74' lang='lat' dir='ltr'><strong>est</strong></span> <span class='ocrx_word' id='word_1_425' title='bbox 885 5626 984 5679; x_wconf 74' lang='lat' dir='ltr'><strong>ope</strong></span> <span class='ocrx_word' id='word_1_426' title='bbox 1002 5627 1050 5663; x_wconf 93' lang='lat' dir='ltr'><strong>a.</strong></span> <span class='ocrx_word' id='word_1_427' title='bbox 1073 5614 1159 5679; x_wconf 82' lang='lat' dir='ltr'><strong>bg.</strong></span> <span class='ocrx_word' id='word_1_428' title='bbox 1180 5610 1251 5663; x_wconf 89' lang='lat' dir='ltr'><strong>bl.</strong></span> <span class='ocrx_word' id='word_1_429' title='bbox 1274 5626 1320 5664; x_wconf 93' lang='lat' dir='ltr'><strong>c.</strong></span> <span class='ocrx_word' id='word_1_430' title='bbox 1342 5625 1415 5664; x_wconf 87' lang='lat' dir='ltr'><strong>cc.</strong></span> <span class='ocrx_word' id='word_1_431' title='bbox 1439 5611 1493 5662; x_wconf 79' lang='lat' dir='ltr'><strong>ff.</strong></span> <span class='ocrx_word' id='word_1_432' title='bbox 1512 5627 1567 5679; x_wconf 64' lang='grc' dir='ltr'><strong>Β.</strong></span> <span class='ocrx_word' id='word_1_433' title='bbox 1591 5628 1674 5679; x_wconf 88' lang='lat' dir='ltr'><strong>gv.</strong></span> <span class='ocrx_word' id='word_1_434' title='bbox 1691 5616 1732 5679; x_wconf 83' lang='lat' dir='ltr'><strong>j.</strong></span> <span class='ocrx_word' id='word_1_435' title='bbox 1754 5630 1806 5666; x_wconf 89' lang='lat' dir='ltr'><strong>n.</strong></span> <span class='ocrx_word' id='word_1_436' title='bbox 1828 5630 1924 5669; x_wconf 87' lang='lat' dir='ltr'><strong>r.s.</strong></span> <span class='ocrx_word' id='word_1_437' title='bbox 1940 5626 1979 5670; x_wconf 90' lang='lat' dir='ltr'><strong>t.</strong></span> 
     </span>
    </p>
   </div>
   <div class='ocr_carea' id='block_1_57' title="bbox 398 5673 1775 5729">
    <p class='ocr_par' dir='ltr' id='par_1_57' title="bbox 398 5673 1775 5729">
     <span class='ocr_line' id='line_1_57' title="bbox 398 5673 1775 5729; baseline 0.001 -4"><span class='ocrx_word' id='word_1_438' title='bbox 398 5673 480 5725; x_wconf 85' lang='lat' dir='ltr'><strong>vd.</strong></span> <span class='ocrx_word' id='word_1_439' title='bbox 502 5674 711 5724; x_wconf 88' lang='lat' dir='ltr'><strong>duorum</strong></span> <span class='ocrx_word' id='word_1_440' title='bbox 732 5687 778 5723; x_wconf 90' lang='lat' dir='ltr'><strong>a.</strong></span> <span class='ocrx_word' id='word_1_441' title='bbox 799 5674 832 5724; x_wconf 77' lang='lat'><strong>2</strong></span> <span class='ocrx_word' id='word_1_442' title='bbox 852 5673 934 5725; x_wconf 71' lang='lat' dir='ltr'><strong><em>an</em></strong></span> <span class='ocrx_word' id='word_1_443' title='bbox 958 5675 990 5726; x_wconf 78' lang='lat'><strong>2</strong></span> <span class='ocrx_word' id='word_1_444' title='bbox 1010 5689 1085 5727; x_wconf 90' lang='lat' dir='ltr'><strong>vc.</strong></span> <span class='ocrx_word' id='word_1_445' title='bbox 1108 5673 1142 5727; x_wconf 79' lang='lat'><strong><em>5</em></strong></span> <span class='ocrx_word' id='word_1_446' title='bbox 1162 5690 1210 5727; x_wconf 91' lang='lat' dir='ltr'><strong>v.</strong></span> <span class='ocrx_word' id='word_1_447' title='bbox 1238 5684 1289 5727; x_wconf 91' lang='lat' dir='ltr'><strong>et</strong></span> <span class='ocrx_word' id='word_1_448' title='bbox 1310 5685 1413 5726; x_wconf 77' lang='lat' dir='ltr'><strong>Am.</strong></span> <span class='ocrx_word' id='word_1_449' title='bbox 1435 5673 1543 5725; x_wconf 69' lang='lat' dir='ltr'><strong>Bad&#39;.</strong></span> <span class='ocrx_word' id='word_1_450' title='bbox 1567 5673 1642 5726; x_wconf 67' lang='lat' dir='ltr'><strong>Ei.</strong></span> <span class='ocrx_word' id='word_1_451' title='bbox 1666 5673 1775 5729; x_wconf 68' lang='grc' dir='ltr'><strong>ὠν.</strong></span> 
     </span>
    </p>
   </div>
   <div class='ocr_carea' id='block_1_58' title="bbox 393 5755 1979 5871">
    <p class='ocr_par' dir='ltr' id='par_1_58' title="bbox 393 5755 1979 5871">
     <span class='ocr_line' id='line_1_58' title="bbox 393 5755 1979 5871; baseline 0.007 -67"><span class='ocrx_word' id='word_1_452' title='bbox 393 5755 710 5871; x_wconf 47' lang='lat' dir='ltr'><strong>“(clamas</strong></span> <span class='ocrx_word' id='word_1_453' title='bbox 746 5758 939 5821; x_wconf 70' lang='lat' dir='ltr'><strong>7:quaa</strong></span> <span class='ocrx_word' id='word_1_454' title='bbox 977 5767 1141 5809; x_wconf 88' lang='lat' dir='ltr'><strong>autem</strong></span> <span class='ocrx_word' id='word_1_455' title='bbox 1178 5758 1269 5809; x_wconf 71' lang='grc'><strong>145</strong></span> <span class='ocrx_word' id='word_1_456' title='bbox 1309 5766 1431 5820; x_wconf 88' lang='lat' dir='ltr'><strong>erat,</strong></span> <span class='ocrx_word' id='word_1_457' title='bbox 1472 5772 1603 5810; x_wconf 85' lang='lat' dir='ltr'><strong>nunc</strong></span> <span class='ocrx_word' id='word_1_458' title='bbox 1637 5758 1747 5810; x_wconf 78' lang='grc'><strong>187.</strong></span> <span class='ocrx_word' id='word_1_459' title='bbox 1799 5764 1979 5826; x_wconf 85' lang='lat' dir='ltr'><strong>Scripta</strong></span> 
     </span>
    </p>
   </div>
   <div class='ocr_carea' id='block_1_59' title="bbox 645 5904 1279 5967">
    <p class='ocr_par' dir='ltr' id='par_1_59' title="bbox 645 5904 1279 5967">
     <span class='ocr_line' id='line_1_59' title="bbox 645 5904 1279 5967; baseline 0.002 -2"><span class='ocrx_word' id='word_1_460' title='bbox 645 5904 873 5966; x_wconf 60' lang='lat' dir='ltr'><strong>Sacr.</strong></span> <span class='ocrx_word' id='word_1_461' title='bbox 917 5906 1187 5967; x_wconf 73' lang='lat' dir='ltr'><strong>Auens&#39;r.</strong></span> <span class='ocrx_word' id='word_1_462' title='bbox 1223 5907 1279 5967; x_wconf 83' lang='grc' dir='ltr'><strong><em>ιι</em></strong></span> 
     </span>
    </p>
   </div>
   <div class='ocr_carea' id='block_1_60' title="bbox 1487 338 2411 404">
    <p class='ocr_par' dir='ltr' id='par_1_60' title="bbox 1487 338 2411 404">
     <span class='ocr_line' id='line_1_60' title="bbox 1487 338 2411 404; baseline -0.004 -2"><span class='ocrx_word' id='word_1_463' title='bbox 1487 340 1967 404; x_wconf 71' lang='grc' dir='ltr'><strong>ΕΡΙΒΤΟΙιΑΒῢὶΙ</strong></span> <span class='ocrx_word' id='word_1_464' title='bbox 2008 338 2283 400; x_wconf 85' lang='lat' dir='ltr'><strong>CLASSIS</strong></span> <span class='ocrx_word' id='word_1_465' title='bbox 2321 344 2411 399; x_wconf 87' lang='lat' dir='ltr'><strong>Ill.</strong></span> 
     </span>
    </p>
   </div>
   <div class='ocr_carea' id='block_1_61' title="bbox 2034 462 3625 536">
    <p class='ocr_par' dir='ltr' id='par_1_61' title="bbox 2034 462 3625 536">
     <span class='ocr_line' id='line_1_61' title="bbox 2034 462 3625 536; baseline 0.004 -19"><span class='ocrx_word' id='word_1_466' title='bbox 2034 470 2191 532; x_wconf 90' lang='lat' dir='ltr'><strong>atque</strong></span> <span class='ocrx_word' id='word_1_467' title='bbox 2224 462 2629 533; x_wconf 88' lang='lat' dir='ltr'><strong>gratulandum;</strong></span> <span class='ocrx_word' id='word_1_468' title='bbox 2668 476 2773 518; x_wconf 92' lang='lat' dir='ltr'><strong>non</strong></span> <span class='ocrx_word' id='word_1_469' title='bbox 2815 464 2938 535; x_wconf 86' lang='lat' dir='ltr'><strong>quia</strong></span> <span class='ocrx_word' id='word_1_470' title='bbox 2973 474 3207 521; x_wconf 90' lang='lat' dir='ltr'><strong>erratum</strong></span> <span class='ocrx_word' id='word_1_471' title='bbox 3235 476 3345 532; x_wconf 88' lang='lat' dir='ltr'><strong>est,</strong></span> <span class='ocrx_word' id='word_1_472' title='bbox 3379 466 3472 522; x_wconf 89' lang='lat' dir='ltr'><strong>sed</strong></span> <span class='ocrx_word' id='word_1_473' title='bbox 3502 470 3625 536; x_wconf 88' lang='lat' dir='ltr'><strong>quia</strong></span> 
     </span>
    </p>
   </div>
   <div class='ocr_carea' id='block_1_62' title="bbox 2033 554 3627 632">
    <p class='ocr_par' dir='ltr' id='par_1_62' title="bbox 2033 554 3627 632">
     <span class='ocr_line' id='line_1_62' title="bbox 2033 554 3627 632; baseline 0.005 -23"><span class='ocrx_word' id='word_1_474' title='bbox 2033 554 2408 624; x_wconf 86' lang='lat' dir='ltr'><strong>improbatum.</strong></span> <span class='ocrx_word' id='word_1_475' title='bbox 2452 556 2586 612; x_wconf 86' lang='lat' dir='ltr'><strong>Nam</strong></span> <span class='ocrx_word' id='word_1_476' title='bbox 2627 557 2786 613; x_wconf 89' lang='lat' dir='ltr'><strong>nimis</strong></span> <span class='ocrx_word' id='word_1_477' title='bbox 2824 573 3074 629; x_wconf 89' lang='lat' dir='ltr'><strong>perverse</strong></span> <span class='ocrx_word' id='word_1_478' title='bbox 3110 560 3340 630; x_wconf 87' lang='lat' dir='ltr'><strong>seipsum</strong></span> <span class='ocrx_word' id='word_1_479' title='bbox 3370 570 3513 615; x_wconf 89' lang='lat' dir='ltr'><strong>amat</strong></span> <span class='ocrx_word' id='word_1_480' title='bbox 3539 564 3627 632; x_wconf 88' lang='lat' dir='ltr'><strong>qui</strong></span> 
     </span>
    </p>
   </div>
   <div class='ocr_carea' id='block_1_63' title="bbox 2033 644 3625 720">
    <p class='ocr_par' dir='ltr' id='par_1_63' title="bbox 2033 644 3625 720">
     <span class='ocr_line' id='line_1_63' title="bbox 2033 644 3625 720; baseline 0.006 -21"><span class='ocrx_word' id='word_1_481' title='bbox 2033 653 2086 699; x_wconf 87' lang='lat' dir='ltr'><strong>et</strong></span> <span class='ocrx_word' id='word_1_482' title='bbox 2112 644 2245 700; x_wconf 88' lang='lat' dir='ltr'><strong>alios</strong></span> <span class='ocrx_word' id='word_1_483' title='bbox 2271 648 2384 702; x_wconf 89' lang='lat' dir='ltr'><strong>vult</strong></span> <span class='ocrx_word' id='word_1_484' title='bbox 2408 663 2618 717; x_wconf 90' lang='lat' dir='ltr'><strong>errare,</strong></span> <span class='ocrx_word' id='word_1_485' title='bbox 2648 657 2707 703; x_wconf 92' lang='lat' dir='ltr'><strong>ut</strong></span> <span class='ocrx_word' id='word_1_486' title='bbox 2732 664 2883 705; x_wconf 89' lang='lat' dir='ltr'><strong>error</strong></span> <span class='ocrx_word' id='word_1_487' title='bbox 2901 666 3029 705; x_wconf 91' lang='lat' dir='ltr'><strong>suus</strong></span> <span class='ocrx_word' id='word_1_488' title='bbox 3050 650 3229 706; x_wconf 88' lang='lat' dir='ltr'><strong>lateat.</strong></span> <span class='ocrx_word' id='word_1_489' title='bbox 3253 652 3462 720; x_wconf 84' lang='lat' dir='ltr'><strong>Quanto</strong></span> <span class='ocrx_word' id='word_1_490' title='bbox 3482 656 3625 708; x_wconf 91' lang='lat' dir='ltr'><strong>enim</strong></span> 
     </span>
    </p>
   </div>
   <div class='ocr_carea' id='block_1_64' title="bbox 2036 736 3625 812">
    <p class='ocr_par' dir='ltr' id='par_1_64' title="bbox 2036 736 3625 812">
     <span class='ocr_line' id='line_1_64' title="bbox 2036 736 3625 812; baseline 0.005 -22"><span class='ocrx_word' id='word_1_491' title='bbox 2036 736 2228 791; x_wconf 87' lang='lat' dir='ltr'><strong>melius</strong></span> <span class='ocrx_word' id='word_1_492' title='bbox 2254 747 2309 793; x_wconf 89' lang='lat' dir='ltr'><strong>et</strong></span> <span class='ocrx_word' id='word_1_493' title='bbox 2334 739 2516 794; x_wconf 88' lang='lat' dir='ltr'><strong>utilius</strong></span> <span class='ocrx_word' id='word_1_494' title='bbox 2535 782 2550 806; x_wconf 86' lang='lat'><strong>,</strong></span> <span class='ocrx_word' id='word_1_495' title='bbox 2579 750 2636 793; x_wconf 93' lang='lat' dir='ltr'><strong>ut</strong></span> <span class='ocrx_word' id='word_1_496' title='bbox 2660 741 2748 796; x_wconf 92' lang='lat' dir='ltr'><strong>ubi</strong></span> <span class='ocrx_word' id='word_1_497' title='bbox 2778 742 2891 812; x_wconf 89' lang='lat' dir='ltr'><strong>ipse</strong></span> <span class='ocrx_word' id='word_1_498' title='bbox 2914 743 3147 810; x_wconf 85' lang='lat' dir='ltr'><strong>erravit,</strong></span> <span class='ocrx_word' id='word_1_499' title='bbox 3175 743 3262 798; x_wconf 89' lang='lat' dir='ltr'><strong>alii</strong></span> <span class='ocrx_word' id='word_1_500' title='bbox 3286 760 3390 799; x_wconf 90' lang='lat' dir='ltr'><strong>non</strong></span> <span class='ocrx_word' id='word_1_501' title='bbox 3411 755 3625 810; x_wconf 89' lang='lat' dir='ltr'><strong>errent,</strong></span> 
     </span>
    </p>
   </div>
   <div class='ocr_carea' id='block_1_65' title="bbox 2031 828 3625 905">
    <p class='ocr_par' dir='ltr' id='par_1_65' title="bbox 2031 828 3625 905">
     <span class='ocr_line' id='line_1_65' title="bbox 2031 828 3625 905; baseline 0.006 -26"><span class='ocrx_word' id='word_1_502' title='bbox 2031 842 2257 896; x_wconf 90' lang='lat' dir='ltr'><strong>quorum</strong></span> <span class='ocrx_word' id='word_1_503' title='bbox 2303 828 2576 885; x_wconf 90' lang='lat' dir='ltr'><strong>admonitu</strong></span> <span class='ocrx_word' id='word_1_504' title='bbox 2621 847 2803 887; x_wconf 87' lang='lat' dir='ltr'><strong>errore</strong></span> <span class='ocrx_word' id='word_1_505' title='bbox 2845 836 3057 890; x_wconf 89' lang='lat' dir='ltr'><strong>careat!</strong></span> <span class='ocrx_word' id='word_1_506' title='bbox 3101 836 3241 905; x_wconf 92' lang='lat' dir='ltr'><strong>quod</strong></span> <span class='ocrx_word' id='word_1_507' title='bbox 3280 837 3325 890; x_wconf 91' lang='lat' dir='ltr'><strong>si</strong></span> <span class='ocrx_word' id='word_1_508' title='bbox 3362 837 3625 900; x_wconf 83' lang='lat' dir='ltr'><strong>noluerit,</strong></span> 
     </span>
    </p>
   </div>
   <div class='ocr_carea' id='block_1_66' title="bbox 2033 919 3629 984">
    <p class='ocr_par' dir='ltr' id='par_1_66' title="bbox 2033 919 3629 984">
     <span class='ocr_line' id='line_1_66' title="bbox 2033 919 3629 984; baseline 0.008 -13"><span class='ocrx_word' id='word_1_509' title='bbox 2033 919 2223 973; x_wconf 90' lang='lat' dir='ltr'><strong>saltem</strong></span> <span class='ocrx_word' id='word_1_510' title='bbox 2247 922 2470 975; x_wconf 91' lang='lat' dir='ltr'><strong>comites</strong></span> <span class='ocrx_word' id='word_1_511' title='bbox 2489 924 2689 977; x_wconf 91' lang='lat' dir='ltr'><strong>erroris</strong></span> <span class='ocrx_word' id='word_1_512' title='bbox 2715 940 2820 979; x_wconf 90' lang='lat' dir='ltr'><strong>non</strong></span> <span class='ocrx_word' id='word_1_513' title='bbox 2848 924 3059 981; x_wconf 87' lang='lat' dir='ltr'><strong>habeat.</strong></span> <span class='ocrx_word' id='word_1_514' title='bbox 3092 928 3147 981; x_wconf 88' lang='lat' dir='ltr'><strong>Si</strong></span> <span class='ocrx_word' id='word_1_515' title='bbox 3176 928 3316 983; x_wconf 87' lang='lat' dir='ltr'><strong>enim</strong></span> <span class='ocrx_word' id='word_1_516' title='bbox 3339 929 3466 982; x_wconf 88' lang='lat' dir='ltr'><strong>mihi</strong></span> <span class='ocrx_word' id='word_1_517' title='bbox 3491 929 3629 984; x_wconf 86' lang='lat' dir='ltr'><strong>Deus</strong></span> 
     </span>
    </p>
   </div>
   <div class='ocr_carea' id='block_1_67' title="bbox 2033 1010 3629 1082">
    <p class='ocr_par' dir='ltr' id='par_1_67' title="bbox 2033 1010 3629 1082">
     <span class='ocr_line' id='line_1_67' title="bbox 2033 1010 3629 1082; baseline 0.008 -19"><span class='ocrx_word' id='word_1_518' title='bbox 2033 1010 2175 1080; x_wconf 87' lang='lat' dir='ltr'><strong>quod</strong></span> <span class='ocrx_word' id='word_1_519' title='bbox 2218 1011 2340 1066; x_wconf 90' lang='lat' dir='ltr'><strong>volo</strong></span> <span class='ocrx_word' id='word_1_520' title='bbox 2378 1014 2712 1082; x_wconf 63' lang='lat' dir='ltr'><strong>praestiterit,</strong></span> <span class='ocrx_word' id='word_1_521' title='bbox 2748 1026 2808 1071; x_wconf 83' lang='lat' dir='ltr'><strong>tit</strong></span> <span class='ocrx_word' id='word_1_522' title='bbox 2844 1018 3080 1073; x_wconf 91' lang='lat' dir='ltr'><strong>omnium</strong></span> <span class='ocrx_word' id='word_1_523' title='bbox 3108 1019 3365 1075; x_wconf 91' lang='lat' dir='ltr'><strong>librorum</strong></span> <span class='ocrx_word' id='word_1_524' title='bbox 3389 1036 3629 1075; x_wconf 82' lang='lat' dir='ltr'><strong>meorum</strong></span> 
     </span>
    </p>
   </div>
   <div class='ocr_carea' id='block_1_68' title="bbox 2034 1106 3630 1184">
    <p class='ocr_par' dir='ltr' id='par_1_68' title="bbox 2034 1106 3630 1184">
     <span class='ocr_line' id='line_1_68' title="bbox 2034 1106 3630 1184; baseline 0.009 -28"><span class='ocrx_word' id='word_1_525' title='bbox 2034 1118 2385 1173; x_wconf 58' lang='lat' dir='ltr'><strong>quaecumque</strong></span> <span class='ocrx_word' id='word_1_526' title='bbox 2426 1106 2554 1159; x_wconf 90' lang='lat' dir='ltr'><strong>mihi</strong></span> <span class='ocrx_word' id='word_1_527' title='bbox 2591 1108 2887 1167; x_wconf 87' lang='lat' dir='ltr'><strong>rectissime</strong></span> <span class='ocrx_word' id='word_1_528' title='bbox 2922 1111 3231 1183; x_wconf 81' lang='lat' dir='ltr'><strong>diSplicent,</strong></span> <span class='ocrx_word' id='word_1_529' title='bbox 3264 1130 3427 1184; x_wconf 91' lang='lat' dir='ltr'><strong>opere</strong></span> <span class='ocrx_word' id='word_1_530' title='bbox 3456 1116 3630 1184; x_wconf 91' lang='lat' dir='ltr'><strong>aliquo</strong></span> 
     </span>
    </p>
   </div>
   <div class='ocr_carea' id='block_1_69' title="bbox 2036 1194 3628 1274">
    <p class='ocr_par' dir='ltr' id='par_1_69' title="bbox 2036 1194 3628 1274">
     <span class='ocr_line' id='line_1_69' title="bbox 2036 1194 3628 1274; baseline 0.008 -27"><span class='ocrx_word' id='word_1_531' title='bbox 2036 1194 2101 1248; x_wconf 89' lang='lat' dir='ltr'><strong>ad</strong></span> <span class='ocrx_word' id='word_1_532' title='bbox 2140 1194 2242 1251; x_wconf 92' lang='lat' dir='ltr'><strong>hoc</strong></span> <span class='ocrx_word' id='word_1_533' title='bbox 2268 1196 2439 1265; x_wconf 89' lang='lat' dir='ltr'><strong>ipsum</strong></span> <span class='ocrx_word' id='word_1_534' title='bbox 2468 1197 2741 1265; x_wconf 92' lang='lat' dir='ltr'><strong>instituto,</strong></span> <span class='ocrx_word' id='word_1_535' title='bbox 2768 1202 3012 1272; x_wconf 88' lang='lat' dir='ltr'><strong>colligam</strong></span> <span class='ocrx_word' id='word_1_536' title='bbox 3038 1212 3201 1274; x_wconf 91' lang='lat' dir='ltr'><strong>atque</strong></span> <span class='ocrx_word' id='word_1_537' title='bbox 3224 1205 3585 1261; x_wconf 86' lang='lat' dir='ltr'><strong>demonstrem</strong></span> <span class='ocrx_word' id='word_1_538' title='bbox 3612 1222 3628 1272; x_wconf 90' lang='lat'><strong>;</strong></span> 
     </span>
    </p>
   </div>
   <div class='ocr_carea' id='block_1_70' title="bbox 2039 1290 3630 1370">
    <p class='ocr_par' dir='ltr' id='par_1_70' title="bbox 2039 1290 3630 1370">
     <span class='ocr_line' id='line_1_70' title="bbox 2039 1290 3630 1370; baseline 0.009 -28"><span class='ocrx_word' id='word_1_539' title='bbox 2039 1296 2163 1343; x_wconf 89' lang='lat' dir='ltr'><strong>tunc</strong></span> <span class='ocrx_word' id='word_1_540' title='bbox 2196 1290 2451 1345; x_wconf 87' lang='lat' dir='ltr'><strong>videbunt</strong></span> <span class='ocrx_word' id='word_1_541' title='bbox 2492 1290 2737 1349; x_wconf 89' lang='lat' dir='ltr'><strong>homines</strong></span> <span class='ocrx_word' id='word_1_542' title='bbox 2768 1310 2926 1365; x_wconf 90' lang='lat' dir='ltr'><strong>quam</strong></span> <span class='ocrx_word' id='word_1_543' title='bbox 2972 1312 3076 1352; x_wconf 93' lang='lat' dir='ltr'><strong>non</strong></span> <span class='ocrx_word' id='word_1_544' title='bbox 3112 1299 3212 1352; x_wconf 91' lang='lat' dir='ltr'><strong>sim</strong></span> <span class='ocrx_word' id='word_1_545' title='bbox 3234 1308 3481 1370; x_wconf 89' lang='lat' dir='ltr'><strong>acceptor</strong></span> <span class='ocrx_word' id='word_1_546' title='bbox 3505 1316 3630 1370; x_wconf 86' lang='lat' dir='ltr'><strong>per-</strong></span> 
     </span>
    </p>
   </div>
   <div class='ocr_carea' id='block_1_71' title="bbox 2037 1396 2365 1437">
    <p class='ocr_par' dir='ltr' id='par_1_71' title="bbox 2037 1396 2365 1437">
     <span class='ocr_line' id='line_1_71' title="bbox 2037 1396 2365 1437; baseline 0 -2"><span class='ocrx_word' id='word_1_547' title='bbox 2037 1396 2183 1436; x_wconf 67' lang='lat' dir='ltr'><strong>SODZB</strong></span> <span class='ocrx_word' id='word_1_548' title='bbox 2212 1397 2365 1437; x_wconf 64' lang='lat' dir='ltr'><strong>meae.</strong></span> 
     </span>
    </p>
   </div>
   <div class='ocr_carea' id='block_1_72' title="bbox 2110 1476 3605 1553">
    <p class='ocr_par' dir='ltr' id='par_1_72' title="bbox 2110 1476 3605 1553">
     <span class='ocr_line' id='line_1_72' title="bbox 2110 1476 3605 1553; baseline 0.007 -23"><span class='ocrx_word' id='word_1_549' title='bbox 2110 1477 2162 1530; x_wconf 91' lang='grc'><strong>5.</strong></span> <span class='ocrx_word' id='word_1_550' title='bbox 2196 1476 2303 1532; x_wconf 84' lang='lat' dir='ltr'><strong>Vos</strong></span> <span class='ocrx_word' id='word_1_551' title='bbox 2329 1486 2505 1533; x_wconf 90' lang='lat' dir='ltr'><strong>autem</strong></span> <span class='ocrx_word' id='word_1_552' title='bbox 2532 1480 2620 1549; x_wconf 92' lang='lat' dir='ltr'><strong>qui</strong></span> <span class='ocrx_word' id='word_1_553' title='bbox 2651 1494 2738 1535; x_wconf 91' lang='lat' dir='ltr'><strong>me</strong></span> <span class='ocrx_word' id='word_1_554' title='bbox 2765 1481 2990 1536; x_wconf 89' lang='lat' dir='ltr'><strong>multum</strong></span> <span class='ocrx_word' id='word_1_555' title='bbox 3017 1481 3262 1553; x_wconf 89' lang='lat' dir='ltr'><strong>diligitis,</strong></span> <span class='ocrx_word' id='word_1_556' title='bbox 3291 1484 3334 1539; x_wconf 91' lang='lat' dir='ltr'><strong>si</strong></span> <span class='ocrx_word' id='word_1_557' title='bbox 3364 1485 3522 1540; x_wconf 90' lang='lat' dir='ltr'><strong>talem</strong></span> <span class='ocrx_word' id='word_1_558' title='bbox 3546 1501 3605 1540; x_wconf 91' lang='lat' dir='ltr'><strong>as</strong></span> 
     </span>
    </p>
   </div>
   <div class='ocr_carea' id='block_1_73' title="bbox 2039 1568 3628 1646">
    <p class='ocr_par' dir='ltr' id='par_1_73' title="bbox 2039 1568 3628 1646">
     <span class='ocr_line' id='line_1_73' title="bbox 2039 1568 3628 1646; baseline 0.006 -25"><span class='ocrx_word' id='word_1_559' title='bbox 2039 1568 2217 1622; x_wconf 93' lang='lat' dir='ltr'><strong>seritis</strong></span> <span class='ocrx_word' id='word_1_560' title='bbox 2259 1569 2519 1625; x_wconf 86' lang='lat' dir='ltr'><strong>adversus</strong></span> <span class='ocrx_word' id='word_1_561' title='bbox 2559 1585 2652 1625; x_wconf 89' lang='lat' dir='ltr'><strong>eos</strong></span> <span class='ocrx_word' id='word_1_562' title='bbox 2696 1586 2925 1641; x_wconf 91' lang='lat' dir='ltr'><strong>quorum</strong></span> <span class='ocrx_word' id='word_1_563' title='bbox 2960 1574 3193 1641; x_wconf 90' lang='lat' dir='ltr'><strong>malitia,</strong></span> <span class='ocrx_word' id='word_1_564' title='bbox 3227 1574 3308 1629; x_wconf 84' lang='lat' dir='ltr'><strong>vel</strong></span> <span class='ocrx_word' id='word_1_565' title='bbox 3334 1575 3628 1646; x_wconf 47' lang='lat' dir='ltr'><strong>imperitia,</strong></span> 
     </span>
    </p>
   </div>
   <div class='ocr_carea' id='block_1_74' title="bbox 2038 1660 3633 1738">
    <p class='ocr_par' dir='ltr' id='par_1_74' title="bbox 2038 1660 3633 1738">
     <span class='ocr_line' id='line_1_74' title="bbox 2038 1660 3633 1738; baseline 0.006 -24"><span class='ocrx_word' id='word_1_566' title='bbox 2038 1660 2124 1715; x_wconf 89' lang='lat' dir='ltr'><strong>vel</strong></span> <span class='ocrx_word' id='word_1_567' title='bbox 2151 1661 2494 1732; x_wconf 85' lang='lat' dir='ltr'><strong>intelligentia</strong></span> <span class='ocrx_word' id='word_1_568' title='bbox 2519 1663 2904 1733; x_wconf 89' lang='lat' dir='ltr'><strong>reprehendor,</strong></span> <span class='ocrx_word' id='word_1_569' title='bbox 2937 1674 2993 1721; x_wconf 90' lang='lat' dir='ltr'><strong>ut</strong></span> <span class='ocrx_word' id='word_1_570' title='bbox 3017 1683 3104 1721; x_wconf 90' lang='lat' dir='ltr'><strong>me</strong></span> <span class='ocrx_word' id='word_1_571' title='bbox 3130 1684 3386 1737; x_wconf 90' lang='lat' dir='ltr'><strong>nusquam</strong></span> <span class='ocrx_word' id='word_1_572' title='bbox 3405 1669 3633 1738; x_wconf 87' lang='lat' dir='ltr'><strong>scripto-</strong></span> 
     </span>
    </p>
   </div>
   <div class='ocr_carea' id='block_1_75' title="bbox 2040 1756 3635 1825">
    <p class='ocr_par' dir='ltr' id='par_1_75' title="bbox 2040 1756 3635 1825">
     <span class='ocr_line' id='line_1_75' title="bbox 2040 1756 3635 1825; baseline 0.006 -18"><span class='ocrx_word' id='word_1_573' title='bbox 2040 1768 2159 1807; x_wconf 86' lang='lat' dir='ltr'><strong>rum</strong></span> <span class='ocrx_word' id='word_1_574' title='bbox 2200 1768 2440 1808; x_wconf 92' lang='lat' dir='ltr'><strong>meorum</strong></span> <span class='ocrx_word' id='word_1_575' title='bbox 2480 1770 2687 1811; x_wconf 91' lang='lat' dir='ltr'><strong>errasse</strong></span> <span class='ocrx_word' id='word_1_576' title='bbox 2729 1756 2950 1823; x_wconf 89' lang='lat' dir='ltr'><strong>dicatis;</strong></span> <span class='ocrx_word' id='word_1_577' title='bbox 2992 1757 3187 1813; x_wconf 83' lang='lat' dir='ltr'><strong>frustra</strong></span> <span class='ocrx_word' id='word_1_578' title='bbox 3218 1759 3499 1825; x_wconf 86' lang='lat' dir='ltr'><strong>laboratis,</strong></span> <span class='ocrx_word' id='word_1_579' title='bbox 3528 1776 3635 1816; x_wconf 90' lang='lat' dir='ltr'><strong>non</strong></span> 
     </span>
    </p>
   </div>
   <div class='ocr_carea' id='block_1_76' title="bbox 2041 1845 3635 1925">
    <p class='ocr_par' dir='ltr' id='par_1_76' title="bbox 2041 1845 3635 1925">
     <span class='ocr_line' id='line_1_76' title="bbox 2041 1845 3635 1925; baseline 0.006 -25"><span class='ocrx_word' id='word_1_580' title='bbox 2041 1845 2236 1901; x_wconf 88' lang='lat' dir='ltr'><strong>bonam</strong></span> <span class='ocrx_word' id='word_1_581' title='bbox 2277 1863 2490 1903; x_wconf 71' lang='lat' dir='ltr'><strong>musam</strong></span> <span class='ocrx_word' id='word_1_582' title='bbox 2535 1850 2874 1919; x_wconf 91' lang='lat' dir='ltr'><strong>suscepistis,</strong></span> <span class='ocrx_word' id='word_1_583' title='bbox 2925 1851 3079 1908; x_wconf 82' lang='lat' dir='ltr'><strong>facile</strong></span> <span class='ocrx_word' id='word_1_584' title='bbox 3118 1852 3169 1907; x_wconf 92' lang='lat' dir='ltr'><strong>in</strong></span> <span class='ocrx_word' id='word_1_585' title='bbox 3199 1868 3262 1907; x_wconf 90' lang='lat' dir='ltr'><strong>ea</strong></span> <span class='ocrx_word' id='word_1_586' title='bbox 3294 1869 3379 1909; x_wconf 92' lang='lat' dir='ltr'><strong>me</strong></span> <span class='ocrx_word' id='word_1_587' title='bbox 3406 1854 3522 1925; x_wconf 90' lang='lat' dir='ltr'><strong>ipso</strong></span> <span class='ocrx_word' id='word_1_588' title='bbox 3546 1854 3635 1924; x_wconf 90' lang='lat' dir='ltr'><strong>ju-</strong></span> 
     </span>
    </p>
   </div>
   <div class='ocr_carea' id='block_1_77' title="bbox 2042 1936 3633 2015">
    <p class='ocr_par' dir='ltr' id='par_1_77' title="bbox 2042 1936 3633 2015">
     <span class='ocr_line' id='line_1_77' title="bbox 2042 1936 3633 2015; baseline 0.006 -23"><span class='ocrx_word' id='word_1_589' title='bbox 2042 1936 2160 1993; x_wconf 92' lang='lat' dir='ltr'><strong>dice</strong></span> <span class='ocrx_word' id='word_1_590' title='bbox 2208 1940 2554 2010; x_wconf 89' lang='lat' dir='ltr'><strong>superamini.</strong></span> <span class='ocrx_word' id='word_1_591' title='bbox 2602 1941 2863 2009; x_wconf 86' lang='lat' dir='ltr'><strong>Quoniam</strong></span> <span class='ocrx_word' id='word_1_592' title='bbox 2909 1958 3013 1999; x_wconf 91' lang='lat' dir='ltr'><strong>non</strong></span> <span class='ocrx_word' id='word_1_593' title='bbox 3079 1944 3209 2000; x_wconf 89' lang='lat' dir='ltr'><strong>mihi</strong></span> <span class='ocrx_word' id='word_1_594' title='bbox 3262 1946 3461 2015; x_wconf 87' lang='lat' dir='ltr'><strong>placet,</strong></span> <span class='ocrx_word' id='word_1_595' title='bbox 3513 1962 3633 2001; x_wconf 89' lang='lat' dir='ltr'><strong>cum</strong></span> 
     </span>
    </p>
   </div>
   <div class='ocr_carea' id='block_1_78' title="bbox 2040 2032 3638 2109">
    <p class='ocr_par' dir='ltr' id='par_1_78' title="bbox 2040 2032 3638 2109">
     <span class='ocr_line' id='line_1_78' title="bbox 2040 2032 3638 2109; baseline 0.004 -23"><span class='ocrx_word' id='word_1_596' title='bbox 2040 2046 2072 2086; x_wconf 91' lang='lat' dir='ltr'><strong>a</strong></span> <span class='ocrx_word' id='word_1_597' title='bbox 2120 2032 2450 2089; x_wconf 89' lang='lat' dir='ltr'><strong>charissimis</strong></span> <span class='ocrx_word' id='word_1_598' title='bbox 2492 2034 2625 2089; x_wconf 91' lang='lat' dir='ltr'><strong>meis</strong></span> <span class='ocrx_word' id='word_1_599' title='bbox 2670 2035 2787 2090; x_wconf 92' lang='lat' dir='ltr'><strong>talis</strong></span> <span class='ocrx_word' id='word_1_600' title='bbox 2831 2050 2951 2091; x_wconf 86' lang='lat' dir='ltr'><strong>esse</strong></span> <span class='ocrx_word' id='word_1_601' title='bbox 2991 2037 3304 2105; x_wconf 81' lang='lat' dir='ltr'><strong>existimor,</strong></span> <span class='ocrx_word' id='word_1_602' title='bbox 3331 2038 3501 2109; x_wconf 88' lang='lat' dir='ltr'><strong>qualis</strong></span> <span class='ocrx_word' id='word_1_603' title='bbox 3529 2055 3638 2093; x_wconf 88' lang='lat' dir='ltr'><strong>non</strong></span> 
     </span>
    </p>
   </div>
   <div class='ocr_carea' id='block_1_79' title="bbox 2042 2123 3639 2199">
    <p class='ocr_par' dir='ltr' id='par_1_79' title="bbox 2042 2123 3639 2199">
     <span class='ocr_line' id='line_1_79' title="bbox 2042 2123 3639 2199; baseline 0.004 -21"><span class='ocrx_word' id='word_1_604' title='bbox 2042 2138 2181 2179; x_wconf 91' lang='lat' dir='ltr'><strong>sum.</strong></span> <span class='ocrx_word' id='word_1_605' title='bbox 2229 2123 2475 2179; x_wconf 86' lang='lat' dir='ltr'><strong>Profecto</strong></span> <span class='ocrx_word' id='word_1_606' title='bbox 2519 2126 2661 2181; x_wconf 92' lang='lat' dir='ltr'><strong>enim</strong></span> <span class='ocrx_word' id='word_1_607' title='bbox 2709 2141 2815 2182; x_wconf 86' lang='lat' dir='ltr'><strong>non</strong></span> <span class='ocrx_word' id='word_1_608' title='bbox 2843 2143 2927 2183; x_wconf 92' lang='lat' dir='ltr'><strong>me</strong></span> <span class='ocrx_word' id='word_1_609' title='bbox 2951 2171 2965 2195; x_wconf 93' lang='lat'><strong>,</strong></span> <span class='ocrx_word' id='word_1_610' title='bbox 2998 2128 3091 2183; x_wconf 91' lang='lat' dir='ltr'><strong>sed</strong></span> <span class='ocrx_word' id='word_1_611' title='bbox 3121 2145 3215 2199; x_wconf 94' lang='lat' dir='ltr'><strong>pro</strong></span> <span class='ocrx_word' id='word_1_612' title='bbox 3240 2146 3325 2184; x_wconf 92' lang='lat' dir='ltr'><strong>me</strong></span> <span class='ocrx_word' id='word_1_613' title='bbox 3350 2131 3512 2185; x_wconf 92' lang='lat' dir='ltr'><strong>alium</strong></span> <span class='ocrx_word' id='word_1_614' title='bbox 3538 2131 3639 2185; x_wconf 86' lang='lat' dir='ltr'><strong>sub</strong></span> 
     </span>
    </p>
   </div>
   <div class='ocr_carea' id='block_1_80' title="bbox 2042 2217 3636 2292">
    <p class='ocr_par' dir='ltr' id='par_1_80' title="bbox 2042 2217 3636 2292">
     <span class='ocr_line' id='line_1_80' title="bbox 2042 2217 3636 2292; baseline 0.003 -22"><span class='ocrx_word' id='word_1_615' title='bbox 2042 2232 2164 2271; x_wconf 90' lang='lat' dir='ltr'><strong>meo</strong></span> <span class='ocrx_word' id='word_1_616' title='bbox 2193 2218 2407 2272; x_wconf 90' lang='lat' dir='ltr'><strong>nomine</strong></span> <span class='ocrx_word' id='word_1_617' title='bbox 2427 2217 2683 2288; x_wconf 90' lang='lat' dir='ltr'><strong>diligunt,</strong></span> <span class='ocrx_word' id='word_1_618' title='bbox 2714 2219 2760 2274; x_wconf 92' lang='lat' dir='ltr'><strong>si</strong></span> <span class='ocrx_word' id='word_1_619' title='bbox 2787 2234 2894 2274; x_wconf 90' lang='lat' dir='ltr'><strong>non</strong></span> <span class='ocrx_word' id='word_1_620' title='bbox 2919 2221 3059 2291; x_wconf 91' lang='lat' dir='ltr'><strong>quod</strong></span> <span class='ocrx_word' id='word_1_621' title='bbox 3086 2237 3224 2289; x_wconf 92' lang='lat' dir='ltr'><strong>sum,</strong></span> <span class='ocrx_word' id='word_1_622' title='bbox 3253 2222 3344 2276; x_wconf 79' lang='lat' dir='ltr'><strong>sed</strong></span> <span class='ocrx_word' id='word_1_623' title='bbox 3368 2223 3507 2292; x_wconf 90' lang='lat' dir='ltr'><strong>quod</strong></span> <span class='ocrx_word' id='word_1_624' title='bbox 3531 2237 3636 2276; x_wconf 92' lang='lat' dir='ltr'><strong>non</strong></span> 
     </span>
    </p>
   </div>
   <div class='ocr_carea' id='block_1_81' title="bbox 2046 2311 3640 2384">
    <p class='ocr_par' dir='ltr' id='par_1_81' title="bbox 2046 2311 3640 2384">
     <span class='ocr_line' id='line_1_81' title="bbox 2046 2311 3640 2384; baseline 0.004 -19"><span class='ocrx_word' id='word_1_625' title='bbox 2046 2324 2163 2365; x_wconf 88' lang='lat' dir='ltr'><strong>sum</strong></span> <span class='ocrx_word' id='word_1_626' title='bbox 2212 2311 2455 2383; x_wconf 89' lang='lat' dir='ltr'><strong>diligunt.</strong></span> <span class='ocrx_word' id='word_1_627' title='bbox 2496 2312 2627 2367; x_wconf 85' lang='lat' dir='ltr'><strong>Nam</strong></span> <span class='ocrx_word' id='word_1_628' title='bbox 2660 2314 2711 2367; x_wconf 93' lang='lat' dir='ltr'><strong>in</strong></span> <span class='ocrx_word' id='word_1_629' title='bbox 2743 2324 2995 2384; x_wconf 89' lang='lat' dir='ltr'><strong>quantum</strong></span> <span class='ocrx_word' id='word_1_630' title='bbox 3027 2332 3111 2369; x_wconf 91' lang='lat' dir='ltr'><strong>me</strong></span> <span class='ocrx_word' id='word_1_631' title='bbox 3142 2326 3433 2383; x_wconf 83' lang='lat' dir='ltr'><strong>noverunt,</strong></span> <span class='ocrx_word' id='word_1_632' title='bbox 3462 2316 3546 2369; x_wconf 90' lang='lat' dir='ltr'><strong>vel</strong></span> <span class='ocrx_word' id='word_1_633' title='bbox 3573 2316 3640 2371; x_wconf 88' lang='lat' dir='ltr'><strong>de</strong></span> 
     </span>
    </p>
   </div>
   <div class='ocr_carea' id='block_1_82' title="bbox 2047 2404 3637 2477">
    <p class='ocr_par' dir='ltr' id='par_1_82' title="bbox 2047 2404 3637 2477">
     <span class='ocr_line' id='line_1_82' title="bbox 2047 2404 3637 2477; baseline 0.003 -20"><span class='ocrx_word' id='word_1_634' title='bbox 2047 2419 2134 2457; x_wconf 89' lang='lat' dir='ltr'><strong>me</strong></span> <span class='ocrx_word' id='word_1_635' title='bbox 2181 2419 2366 2458; x_wconf 90' lang='lat' dir='ltr'><strong>verum</strong></span> <span class='ocrx_word' id='word_1_636' title='bbox 2416 2404 2668 2469; x_wconf 89' lang='lat' dir='ltr'><strong>credunt,</strong></span> <span class='ocrx_word' id='word_1_637' title='bbox 2701 2420 2801 2475; x_wconf 89' lang='lat' dir='ltr'><strong>ego</strong></span> <span class='ocrx_word' id='word_1_638' title='bbox 2836 2406 2906 2460; x_wconf 90' lang='lat' dir='ltr'><strong>ab</strong></span> <span class='ocrx_word' id='word_1_639' title='bbox 2934 2407 3013 2461; x_wconf 90' lang='lat' dir='ltr'><strong>eis</strong></span> <span class='ocrx_word' id='word_1_640' title='bbox 3040 2406 3232 2477; x_wconf 85' lang='lat' dir='ltr'><strong>diligor</strong></span> <span class='ocrx_word' id='word_1_641' title='bbox 3260 2425 3273 2459; x_wconf 88' lang='lat'><strong>:</strong></span> <span class='ocrx_word' id='word_1_642' title='bbox 3304 2408 3355 2461; x_wconf 91' lang='lat' dir='ltr'><strong>in</strong></span> <span class='ocrx_word' id='word_1_643' title='bbox 3385 2417 3637 2476; x_wconf 89' lang='lat' dir='ltr'><strong>quantum</strong></span> 
     </span>
    </p>
   </div>
   <div class='ocr_carea' id='block_1_83' title="bbox 2046 2494 3638 2567">
    <p class='ocr_par' dir='ltr' id='par_1_83' title="bbox 2046 2494 3638 2567">
     <span class='ocr_line' id='line_1_83' title="bbox 2046 2494 3638 2567; baseline 0.001 -18"><span class='ocrx_word' id='word_1_644' title='bbox 2046 2503 2223 2550; x_wconf 89' lang='lat' dir='ltr'><strong>autem</strong></span> <span class='ocrx_word' id='word_1_645' title='bbox 2245 2494 2374 2548; x_wconf 91' lang='lat' dir='ltr'><strong>mihi</strong></span> <span class='ocrx_word' id='word_1_646' title='bbox 2398 2496 2634 2550; x_wconf 91' lang='lat' dir='ltr'><strong>tribuunt</strong></span> <span class='ocrx_word' id='word_1_647' title='bbox 2650 2496 2788 2565; x_wconf 90' lang='lat' dir='ltr'><strong>quod</strong></span> <span class='ocrx_word' id='word_1_648' title='bbox 2808 2495 2861 2550; x_wconf 86' lang='lat' dir='ltr'><strong>in</strong></span> <span class='ocrx_word' id='word_1_649' title='bbox 2886 2512 2971 2552; x_wconf 93' lang='lat' dir='ltr'><strong>me</strong></span> <span class='ocrx_word' id='word_1_650' title='bbox 2990 2512 3091 2551; x_wconf 90' lang='lat' dir='ltr'><strong>non</strong></span> <span class='ocrx_word' id='word_1_651' title='bbox 3112 2508 3458 2567; x_wconf 82' lang='lat' dir='ltr'><strong>cognoscunt,</strong></span> <span class='ocrx_word' id='word_1_652' title='bbox 3477 2500 3638 2552; x_wconf 88' lang='lat' dir='ltr'><strong>alium</strong></span> 
     </span>
    </p>
   </div>
   <div class='ocr_carea' id='block_1_84' title="bbox 2049 2586 3639 2662">
    <p class='ocr_par' dir='ltr' id='par_1_84' title="bbox 2049 2586 3639 2662">
     <span class='ocr_line' id='line_1_84' title="bbox 2049 2586 3639 2662; baseline 0.004 -21"><span class='ocrx_word' id='word_1_653' title='bbox 2049 2586 2209 2641; x_wconf 88' lang='lat' dir='ltr'><strong>talem</strong></span> <span class='ocrx_word' id='word_1_654' title='bbox 2249 2590 2458 2658; x_wconf 90' lang='lat' dir='ltr'><strong>qualem</strong></span> <span class='ocrx_word' id='word_1_655' title='bbox 2501 2604 2587 2643; x_wconf 94' lang='lat' dir='ltr'><strong>me</strong></span> <span class='ocrx_word' id='word_1_656' title='bbox 2616 2598 2828 2658; x_wconf 90' lang='lat' dir='ltr'><strong>putant,</strong></span> <span class='ocrx_word' id='word_1_657' title='bbox 2860 2605 2955 2659; x_wconf 92' lang='lat' dir='ltr'><strong>pro</strong></span> <span class='ocrx_word' id='word_1_658' title='bbox 2979 2606 3063 2645; x_wconf 89' lang='lat' dir='ltr'><strong>me</strong></span> <span class='ocrx_word' id='word_1_659' title='bbox 3091 2590 3314 2662; x_wconf 86' lang='lat' dir='ltr'><strong>diligunt</strong></span> <span class='ocrx_word' id='word_1_660' title='bbox 3344 2592 3381 2644; x_wconf 72' lang='grc' dir='ltr'><strong>ί.</strong></span> <span class='ocrx_word' id='word_1_661' title='bbox 3417 2592 3639 2647; x_wconf 81' lang='lat' dir='ltr'><strong>Romani</strong></span> 
     </span>
    </p>
   </div>
   <div class='ocr_carea' id='block_1_85' title="bbox 2047 2679 3635 2751">
    <p class='ocr_par' dir='ltr' id='par_1_85' title="bbox 2047 2679 3635 2751">
     <span class='ocr_line' id='line_1_85' title="bbox 2047 2679 3635 2751; baseline 0.002 -19"><span class='ocrx_word' id='word_1_662' title='bbox 2047 2679 2312 2733; x_wconf 78' lang='lat' dir='ltr'><strong>maximus</strong></span> <span class='ocrx_word' id='word_1_663' title='bbox 2337 2689 2522 2734; x_wconf 89' lang='lat' dir='ltr'><strong>auctor</strong></span> <span class='ocrx_word' id='word_1_664' title='bbox 2551 2680 2755 2735; x_wconf 89' lang='lat' dir='ltr'><strong>Tullius</strong></span> <span class='ocrx_word' id='word_1_665' title='bbox 2784 2681 2999 2751; x_wconf 88' lang='lat' dir='ltr'><strong>eloquii,</strong></span> <span class='ocrx_word' id='word_1_666' title='bbox 3036 2680 3251 2735; x_wconf 83' lang='lat' dir='ltr'><strong>Nullum</strong></span> <span class='ocrx_word' id='word_1_667' title='bbox 3281 2700 3500 2751; x_wconf 88' lang='lat' dir='ltr'><strong>unquam</strong></span> <span class='ocrx_word' id='word_1_668' title='bbox 3528 2700 3635 2737; x_wconf 82' lang='lat' dir='ltr'><strong>ver-</strong></span> 
     </span>
    </p>
   </div>
   <div class='ocr_carea' id='block_1_86' title="bbox 2048 2769 3638 2844">
    <p class='ocr_par' dir='ltr' id='par_1_86' title="bbox 2048 2769 3638 2844">
     <span class='ocr_line' id='line_1_86' title="bbox 2048 2769 3638 2844; baseline 0.004 -20"><span class='ocrx_word' id='word_1_669' title='bbox 2048 2770 2199 2838; x_wconf 88' lang='lat' dir='ltr'><strong>bum,</strong></span> <span class='ocrx_word' id='word_1_670' title='bbox 2233 2769 2407 2843; x_wconf 86' lang='lat' dir='ltr'><strong>inquit</strong></span> <span class='ocrx_word' id='word_1_671' title='bbox 2439 2772 2507 2827; x_wconf 91' lang='lat' dir='ltr'><strong>de</strong></span> <span class='ocrx_word' id='word_1_672' title='bbox 2536 2772 2793 2843; x_wconf 92' lang='lat' dir='ltr'><strong>quodam,</strong></span> <span class='ocrx_word' id='word_1_673' title='bbox 2836 2774 2971 2844; x_wconf 84' lang='lat' dir='ltr'><strong>quod</strong></span> <span class='ocrx_word' id='word_1_674' title='bbox 2998 2792 3230 2829; x_wconf 81' lang='lat' dir='ltr'><strong>reuocare</strong></span> <span class='ocrx_word' id='word_1_675' title='bbox 3254 2776 3422 2839; x_wconf 83' lang='lat' dir='ltr'><strong>vellet,</strong></span> <span class='ocrx_word' id='word_1_676' title='bbox 3456 2777 3638 2831; x_wconf 87' lang='lat' dir='ltr'><strong>emisit.</strong></span> 
     </span>
    </p>
   </div>
   <div class='ocr_carea' id='block_1_87' title="bbox 2049 2865 3640 2937">
    <p class='ocr_par' dir='ltr' id='par_1_87' title="bbox 2049 2865 3640 2937">
     <span class='ocr_line' id='line_1_87' title="bbox 2049 2865 3640 2937; baseline 0.003 -19"><span class='ocrx_word' id='word_1_677' title='bbox 2049 2866 2179 2931; x_wconf 58' lang='lat' dir='ltr'><strong>Qum</strong></span> <span class='ocrx_word' id='word_1_678' title='bbox 2223 2865 2436 2935; x_wconf 90' lang='lat' dir='ltr'><strong>quidem</strong></span> <span class='ocrx_word' id='word_1_679' title='bbox 2482 2866 2627 2932; x_wconf 88' lang='lat' dir='ltr'><strong>laus,</strong></span> <span class='ocrx_word' id='word_1_680' title='bbox 2667 2868 2907 2937; x_wconf 79' lang='lat' dir='ltr'><strong>quamvis</strong></span> <span class='ocrx_word' id='word_1_681' title='bbox 2932 2868 3333 2937; x_wconf 75' lang='lat' dir='ltr'><strong>praeclarissima</strong></span> <span class='ocrx_word' id='word_1_682' title='bbox 3364 2870 3640 2936; x_wconf 87' lang='lat' dir='ltr'><strong>videatur,</strong></span> 
     </span>
    </p>
   </div>
   <div class='ocr_carea' id='block_1_88' title="bbox 2052 2958 3645 3031">
    <p class='ocr_par' dir='ltr' id='par_1_88' title="bbox 2052 2958 3645 3031">
     <span class='ocr_line' id='line_1_88' title="bbox 2052 2958 3645 3031; baseline 0.001 -19"><span class='ocrx_word' id='word_1_683' title='bbox 2052 2967 2228 3013; x_wconf 89' lang='lat' dir='ltr'><strong>tamen</strong></span> <span class='ocrx_word' id='word_1_684' title='bbox 2278 2958 2585 3013; x_wconf 88' lang='lat' dir='ltr'><strong>credibilior</strong></span> <span class='ocrx_word' id='word_1_685' title='bbox 2628 2969 2712 3015; x_wconf 92' lang='lat' dir='ltr'><strong>est</strong></span> <span class='ocrx_word' id='word_1_686' title='bbox 2740 2959 2806 3014; x_wconf 92' lang='lat' dir='ltr'><strong>de</strong></span> <span class='ocrx_word' id='word_1_687' title='bbox 2837 2960 3059 3015; x_wconf 86' lang='lat' dir='ltr'><strong>nimium</strong></span> <span class='ocrx_word' id='word_1_688' title='bbox 3084 2960 3228 3015; x_wconf 89' lang='lat' dir='ltr'><strong>fatuo</strong></span> <span class='ocrx_word' id='word_1_689' title='bbox 3247 3004 3263 3028; x_wconf 94' lang='lat'><strong>,</strong></span> <span class='ocrx_word' id='word_1_690' title='bbox 3295 2977 3451 3031; x_wconf 90' lang='lat' dir='ltr'><strong>quam</strong></span> <span class='ocrx_word' id='word_1_691' title='bbox 3472 2961 3538 3017; x_wconf 90' lang='lat' dir='ltr'><strong>de</strong></span> <span class='ocrx_word' id='word_1_692' title='bbox 3562 2977 3645 3016; x_wconf 65' lang='lat' dir='ltr'><strong>sao</strong></span> 
     </span>
    </p>
   </div>
   <div class='ocr_carea' id='block_1_89' title="bbox 2052 3049 3645 3123">
    <p class='ocr_par' dir='ltr' id='par_1_89' title="bbox 2052 3049 3645 3123">
     <span class='ocr_line' id='line_1_89' title="bbox 2052 3049 3645 3123; baseline 0.001 -19"><span class='ocrx_word' id='word_1_693' title='bbox 2052 3052 2231 3120; x_wconf 86' lang='lat' dir='ltr'><strong>pientc</strong></span> <span class='ocrx_word' id='word_1_694' title='bbox 2268 3049 2523 3119; x_wconf 88' lang='lat' dir='ltr'><strong>perfecto.</strong></span> <span class='ocrx_word' id='word_1_695' title='bbox 2555 3050 2687 3105; x_wconf 88' lang='lat' dir='ltr'><strong>Nam</strong></span> <span class='ocrx_word' id='word_1_696' title='bbox 2717 3060 2771 3106; x_wconf 92' lang='lat' dir='ltr'><strong>et</strong></span> <span class='ocrx_word' id='word_1_697' title='bbox 2797 3051 2872 3105; x_wconf 92' lang='lat' dir='ltr'><strong>illi</strong></span> <span class='ocrx_word' id='word_1_698' title='bbox 2899 3066 3035 3122; x_wconf 91' lang='lat' dir='ltr'><strong>quos</strong></span> <span class='ocrx_word' id='word_1_699' title='bbox 3065 3054 3222 3123; x_wconf 92' lang='lat' dir='ltr'><strong>vulgo</strong></span> <span class='ocrx_word' id='word_1_700' title='bbox 3249 3054 3517 3108; x_wconf 92' lang='lat' dir='ltr'><strong>moriones</strong></span> <span class='ocrx_word' id='word_1_701' title='bbox 3547 3069 3645 3106; x_wconf 86' lang='lat' dir='ltr'><strong>vo-</strong></span> 
     </span>
    </p>
   </div>
   <div class='ocr_carea' id='block_1_90' title="bbox 2053 3143 3647 3213">
    <p class='ocr_par' dir='ltr' id='par_1_90' title="bbox 2053 3143 3647 3213">
     <span class='ocr_line' id='line_1_90' title="bbox 2053 3143 3647 3213; baseline 0.001 -16"><span class='ocrx_word' id='word_1_702' title='bbox 2053 3152 2203 3208; x_wconf 89' lang='lat' dir='ltr'><strong>cant,</strong></span> <span class='ocrx_word' id='word_1_703' title='bbox 2238 3150 2436 3212; x_wconf 91' lang='lat' dir='ltr'><strong>quanto</strong></span> <span class='ocrx_word' id='word_1_704' title='bbox 2460 3143 2628 3213; x_wconf 90' lang='lat' dir='ltr'><strong>magis</strong></span> <span class='ocrx_word' id='word_1_705' title='bbox 2656 3158 2685 3197; x_wconf 89' lang='lat' dir='ltr'><strong>a</strong></span> <span class='ocrx_word' id='word_1_706' title='bbox 2716 3158 2874 3199; x_wconf 87' lang='lat' dir='ltr'><strong>sensu</strong></span> <span class='ocrx_word' id='word_1_707' title='bbox 2904 3145 3174 3199; x_wconf 92' lang='lat' dir='ltr'><strong>communi</strong></span> <span class='ocrx_word' id='word_1_708' title='bbox 3204 3144 3509 3209; x_wconf 88' lang='lat' dir='ltr'><strong>dissonant,</strong></span> <span class='ocrx_word' id='word_1_709' title='bbox 3535 3161 3647 3199; x_wconf 82' lang='lat' dir='ltr'><strong>ma-</strong></span> 
     </span>
    </p>
   </div>
   <div class='ocr_carea' id='block_1_91' title="bbox 2052 3235 3646 3308">
    <p class='ocr_par' dir='ltr' id='par_1_91' title="bbox 2052 3235 3646 3308">
     <span class='ocr_line' id='line_1_91' title="bbox 2052 3235 3646 3308; baseline 0.002 -20"><span class='ocrx_word' id='word_1_710' title='bbox 2052 3236 2237 3306; x_wconf 89' lang='lat' dir='ltr'><strong>gisque</strong></span> <span class='ocrx_word' id='word_1_711' title='bbox 2277 3235 2495 3291; x_wconf 92' lang='lat' dir='ltr'><strong>absurdi</strong></span> <span class='ocrx_word' id='word_1_712' title='bbox 2543 3245 2597 3291; x_wconf 89' lang='lat' dir='ltr'><strong>et</strong></span> <span class='ocrx_word' id='word_1_713' title='bbox 2641 3235 2826 3291; x_wconf 88' lang='lat' dir='ltr'><strong>insulsi</strong></span> <span class='ocrx_word' id='word_1_714' title='bbox 2864 3245 3015 3300; x_wconf 88' lang='lat' dir='ltr'><strong>sunt,</strong></span> <span class='ocrx_word' id='word_1_715' title='bbox 3056 3246 3202 3291; x_wconf 90' lang='lat' dir='ltr'><strong>tanto</strong></span> <span class='ocrx_word' id='word_1_716' title='bbox 3240 3239 3407 3308; x_wconf 82' lang='lat' dir='ltr'><strong>magis</strong></span> <span class='ocrx_word' id='word_1_717' title='bbox 3445 3238 3646 3292; x_wconf 90' lang='lat' dir='ltr'><strong>nullum</strong></span> 
     </span>
    </p>
   </div>
   <div class='ocr_carea' id='block_1_92' title="bbox 2057 3327 3648 3399">
    <p class='ocr_par' dir='ltr' id='par_1_92' title="bbox 2057 3327 3648 3399">
     <span class='ocr_line' id='line_1_92' title="bbox 2057 3327 3648 3399; baseline 0.001 -17"><span class='ocrx_word' id='word_1_718' title='bbox 2057 3328 2280 3382; x_wconf 85' lang='lat' dir='ltr'><strong>verbum</strong></span> <span class='ocrx_word' id='word_1_719' title='bbox 2326 3327 2575 3381; x_wconf 90' lang='lat' dir='ltr'><strong>emittunt</strong></span> <span class='ocrx_word' id='word_1_720' title='bbox 2625 3327 2765 3397; x_wconf 91' lang='lat' dir='ltr'><strong>quod</strong></span> <span class='ocrx_word' id='word_1_721' title='bbox 2810 3342 3060 3383; x_wconf 89' lang='lat' dir='ltr'><strong>revocare</strong></span> <span class='ocrx_word' id='word_1_722' title='bbox 3102 3329 3307 3393; x_wconf 90' lang='lat' dir='ltr'><strong>velint;</strong></span> <span class='ocrx_word' id='word_1_723' title='bbox 3352 3329 3475 3399; x_wconf 90' lang='lat' dir='ltr'><strong>quia</strong></span> <span class='ocrx_word' id='word_1_724' title='bbox 3523 3329 3648 3383; x_wconf 91' lang='lat' dir='ltr'><strong>dicti</strong></span> 
     </span>
    </p>
   </div>
   <div class='ocr_carea' id='block_1_93' title="bbox 2057 3418 3646 3490">
    <p class='ocr_par' dir='ltr' id='par_1_93' title="bbox 2057 3418 3646 3490">
     <span class='ocr_line' id='line_1_93' title="bbox 2057 3418 3646 3490; baseline 0.002 -17"><span class='ocrx_word' id='word_1_725' title='bbox 2057 3419 2228 3487; x_wconf 90' lang='lat' dir='ltr'><strong>mali,</strong></span> <span class='ocrx_word' id='word_1_726' title='bbox 2266 3419 2351 3473; x_wconf 92' lang='lat' dir='ltr'><strong>vel</strong></span> <span class='ocrx_word' id='word_1_727' title='bbox 2396 3419 2569 3486; x_wconf 91' lang='lat' dir='ltr'><strong>stulti,</strong></span> <span class='ocrx_word' id='word_1_728' title='bbox 2617 3418 2699 3473; x_wconf 93' lang='lat' dir='ltr'><strong>vel</strong></span> <span class='ocrx_word' id='word_1_729' title='bbox 2750 3419 3070 3474; x_wconf 89' lang='lat' dir='ltr'><strong>incommodi</strong></span> <span class='ocrx_word' id='word_1_730' title='bbox 3116 3420 3407 3490; x_wconf 67' lang='lat' dir='ltr'><strong>poenitere,</strong></span> <span class='ocrx_word' id='word_1_731' title='bbox 3462 3420 3646 3490; x_wconf 91' lang='lat' dir='ltr'><strong>utique</strong></span> 
     </span>
    </p>
   </div>
   <div class='ocr_carea' id='block_1_94' title="bbox 2056 3508 3648 3583">
    <p class='ocr_par' dir='ltr' id='par_1_94' title="bbox 2056 3508 3648 3583">
     <span class='ocr_line' id='line_1_94' title="bbox 2056 3508 3648 3583; baseline -0.001 -17"><span class='ocrx_word' id='word_1_732' title='bbox 2056 3509 2393 3566; x_wconf 90' lang='lat' dir='ltr'><strong>cordatorum</strong></span> <span class='ocrx_word' id='word_1_733' title='bbox 2438 3517 2538 3565; x_wconf 88' lang='lat' dir='ltr'><strong>est.</strong></span> <span class='ocrx_word' id='word_1_734' title='bbox 2582 3508 2690 3565; x_wconf 89' lang='lat' dir='ltr'><strong>Sed</strong></span> <span class='ocrx_word' id='word_1_735' title='bbox 2719 3511 2764 3565; x_wconf 89' lang='lat' dir='ltr'><strong>si</strong></span> <span class='ocrx_word' id='word_1_736' title='bbox 2793 3511 2843 3564; x_wconf 92' lang='lat' dir='ltr'><strong>in</strong></span> <span class='ocrx_word' id='word_1_737' title='bbox 2870 3510 3063 3565; x_wconf 91' lang='lat' dir='ltr'><strong>bonam</strong></span> <span class='ocrx_word' id='word_1_738' title='bbox 3095 3521 3298 3580; x_wconf 90' lang='lat' dir='ltr'><strong>partem</strong></span> <span class='ocrx_word' id='word_1_739' title='bbox 3327 3511 3615 3583; x_wconf 85' lang='lat' dir='ltr'><strong>accipiatur</strong></span> <span class='ocrx_word' id='word_1_740' title='bbox 3633 3554 3648 3578; x_wconf 91' lang='lat'><strong>,</strong></span> 
     </span>
    </p>
   </div>
   <div class='ocr_carea' id='block_1_95' title="bbox 2059 3601 3651 3673">
    <p class='ocr_par' dir='ltr' id='par_1_95' title="bbox 2059 3601 3651 3673">
     <span class='ocr_line' id='line_1_95' title="bbox 2059 3601 3651 3673; baseline 0.002 -17"><span class='ocrx_word' id='word_1_741' title='bbox 2059 3610 2119 3656; x_wconf 92' lang='lat' dir='ltr'><strong>ut</strong></span> <span class='ocrx_word' id='word_1_742' title='bbox 2160 3603 2461 3673; x_wconf 87' lang='lat' dir='ltr'><strong>quempiam</strong></span> <span class='ocrx_word' id='word_1_743' title='bbox 2507 3602 2664 3657; x_wconf 90' lang='lat' dir='ltr'><strong>talem</strong></span> <span class='ocrx_word' id='word_1_744' title='bbox 2706 3601 2873 3658; x_wconf 89' lang='lat' dir='ltr'><strong>fuisse</strong></span> <span class='ocrx_word' id='word_1_745' title='bbox 2915 3602 3233 3671; x_wconf 88' lang='lat' dir='ltr'><strong>credamus,</strong></span> <span class='ocrx_word' id='word_1_746' title='bbox 3281 3604 3370 3673; x_wconf 89' lang='lat' dir='ltr'><strong>qui</strong></span> <span class='ocrx_word' id='word_1_747' title='bbox 3414 3620 3536 3659; x_wconf 91' lang='lat' dir='ltr'><strong>cum</strong></span> <span class='ocrx_word' id='word_1_748' title='bbox 3563 3620 3651 3659; x_wconf 91' lang='lat' dir='ltr'><strong>sa-</strong></span> 
     </span>
    </p>
   </div>
   <div class='ocr_carea' id='block_1_96' title="bbox 2062 3692 3653 3763">
    <p class='ocr_par' dir='ltr' id='par_1_96' title="bbox 2062 3692 3653 3763">
     <span class='ocr_line' id='line_1_96' title="bbox 2062 3692 3653 3763; baseline 0.001 -17"><span class='ocrx_word' id='word_1_749' title='bbox 2062 3692 2267 3762; x_wconf 90' lang='lat' dir='ltr'><strong>pienter</strong></span> <span class='ocrx_word' id='word_1_750' title='bbox 2317 3693 2493 3747; x_wconf 91' lang='lat' dir='ltr'><strong>omnia</strong></span> <span class='ocrx_word' id='word_1_751' title='bbox 2543 3692 2885 3761; x_wconf 86' lang='lat' dir='ltr'><strong>loqueretur,</strong></span> <span class='ocrx_word' id='word_1_752' title='bbox 2931 3693 3133 3747; x_wconf 91' lang='lat' dir='ltr'><strong>nullum</strong></span> <span class='ocrx_word' id='word_1_753' title='bbox 3172 3709 3405 3763; x_wconf 89' lang='lat' dir='ltr'><strong>unquam</strong></span> <span class='ocrx_word' id='word_1_754' title='bbox 3434 3694 3653 3749; x_wconf 88' lang='lat' dir='ltr'><strong>verbum</strong></span> 
     </span>
    </p>
   </div>
   <div class='ocr_carea' id='block_1_97' title="bbox 2061 3783 3655 3855">
    <p class='ocr_par' dir='ltr' id='par_1_97' title="bbox 2061 3783 3655 3855">
     <span class='ocr_line' id='line_1_97' title="bbox 2061 3783 3655 3855; baseline 0.003 -18"><span class='ocrx_word' id='word_1_755' title='bbox 2061 3783 2201 3853; x_wconf 89' lang='lat' dir='ltr'><strong>quod</strong></span> <span class='ocrx_word' id='word_1_756' title='bbox 2246 3798 2496 3839; x_wconf 89' lang='lat' dir='ltr'><strong>revocare</strong></span> <span class='ocrx_word' id='word_1_757' title='bbox 2542 3784 2733 3853; x_wconf 88' lang='lat' dir='ltr'><strong>vellet,</strong></span> <span class='ocrx_word' id='word_1_758' title='bbox 2760 3785 2972 3851; x_wconf 90' lang='lat' dir='ltr'><strong>emisit;</strong></span> <span class='ocrx_word' id='word_1_759' title='bbox 3002 3785 3105 3841; x_wconf 91' lang='lat' dir='ltr'><strong>hoc</strong></span> <span class='ocrx_word' id='word_1_760' title='bbox 3131 3787 3304 3855; x_wconf 91' lang='lat' dir='ltr'><strong>potius</strong></span> <span class='ocrx_word' id='word_1_761' title='bbox 3331 3786 3397 3841; x_wconf 86' lang='lat' dir='ltr'><strong>de</strong></span> <span class='ocrx_word' id='word_1_762' title='bbox 3424 3788 3655 3842; x_wconf 87' lang='lat' dir='ltr'><strong>homini-</strong></span> 
     </span>
    </p>
   </div>
   <div class='ocr_carea' id='block_1_98' title="bbox 2061 3878 3655 3953">
    <p class='ocr_par' dir='ltr' id='par_1_98' title="bbox 2061 3878 3655 3953">
     <span class='ocr_line' id='line_1_98' title="bbox 2061 3878 3655 3953; baseline 0.004 -21"><span class='ocrx_word' id='word_1_763' title='bbox 2061 3878 2162 3933; x_wconf 89' lang='lat' dir='ltr'><strong>bus</strong></span> <span class='ocrx_word' id='word_1_764' title='bbox 2192 3878 2318 3945; x_wconf 90' lang='lat' dir='ltr'><strong>Dei,</strong></span> <span class='ocrx_word' id='word_1_765' title='bbox 2344 3879 2433 3949; x_wconf 90' lang='lat' dir='ltr'><strong>qui</strong></span> <span class='ocrx_word' id='word_1_766' title='bbox 2458 3878 2655 3948; x_wconf 90' lang='lat' dir='ltr'><strong>Spiritu</strong></span> <span class='ocrx_word' id='word_1_767' title='bbox 2685 3888 2870 3934; x_wconf 88' lang='lat' dir='ltr'><strong>sancto</strong></span> <span class='ocrx_word' id='word_1_768' title='bbox 2896 3879 3003 3934; x_wconf 86' lang='lat' dir='ltr'><strong>acti</strong></span> <span class='ocrx_word' id='word_1_769' title='bbox 3029 3880 3187 3934; x_wconf 88' lang='lat' dir='ltr'><strong>locuti</strong></span> <span class='ocrx_word' id='word_1_770' title='bbox 3213 3891 3371 3946; x_wconf 90' lang='lat' dir='ltr'><strong>sunt,</strong></span> <span class='ocrx_word' id='word_1_771' title='bbox 3400 3898 3557 3953; x_wconf 92' lang='lat' dir='ltr'><strong>quam</strong></span> <span class='ocrx_word' id='word_1_772' title='bbox 3586 3882 3655 3939; x_wconf 87' lang='lat' dir='ltr'><strong>de</strong></span> 
     </span>
    </p>
   </div>
   <div class='ocr_carea' id='block_1_99' title="bbox 2064 3969 3656 4042">
    <p class='ocr_par' dir='ltr' id='par_1_99' title="bbox 2064 3969 3656 4042">
     <span class='ocr_line' id='line_1_99' title="bbox 2064 3969 3656 4042; baseline 0.005 -20"><span class='ocrx_word' id='word_1_773' title='bbox 2064 3969 2158 4023; x_wconf 91' lang='lat' dir='ltr'><strong>illo</strong></span> <span class='ocrx_word' id='word_1_774' title='bbox 2190 3985 2345 4039; x_wconf 92' lang='lat' dir='ltr'><strong>quem</strong></span> <span class='ocrx_word' id='word_1_775' title='bbox 2372 3970 2449 4024; x_wconf 91' lang='lat' dir='ltr'><strong>sic</strong></span> <span class='ocrx_word' id='word_1_776' title='bbox 2478 3969 2665 4025; x_wconf 88' lang='lat' dir='ltr'><strong>Cicero</strong></span> <span class='ocrx_word' id='word_1_777' title='bbox 2694 3970 2905 4037; x_wconf 89' lang='lat' dir='ltr'><strong>laudat,</strong></span> <span class='ocrx_word' id='word_1_778' title='bbox 2934 3971 3283 4027; x_wconf 88' lang='lat' dir='ltr'><strong>saluberrima</strong></span> <span class='ocrx_word' id='word_1_779' title='bbox 3313 3974 3507 4042; x_wconf 80' lang='lat' dir='ltr'><strong>pietate</strong></span> <span class='ocrx_word' id='word_1_780' title='bbox 3535 3990 3656 4030; x_wconf 85' lang='lat' dir='ltr'><strong>cre-</strong></span> 
     </span>
    </p>
   </div>
   <div class='ocr_carea' id='block_1_100' title="bbox 2066 4060 3651 4135">
    <p class='ocr_par' dir='ltr' id='par_1_100' title="bbox 2066 4060 3651 4135">
     <span class='ocr_line' id='line_1_100' title="bbox 2066 4060 3651 4135; baseline 0.004 -22"><span class='ocrx_word' id='word_1_781' title='bbox 2066 4060 2297 4115; x_wconf 89' lang='lat' dir='ltr'><strong>dendum</strong></span> <span class='ocrx_word' id='word_1_782' title='bbox 2329 4068 2431 4115; x_wconf 90' lang='lat' dir='ltr'><strong>est.</strong></span> <span class='ocrx_word' id='word_1_783' title='bbox 2460 4061 2543 4115; x_wconf 84' lang='lat' dir='ltr'><strong>Ab</strong></span> <span class='ocrx_word' id='word_1_784' title='bbox 2564 4060 2661 4115; x_wconf 86' lang='lat' dir='ltr'><strong>hac</strong></span> <span class='ocrx_word' id='word_1_785' title='bbox 2682 4077 2780 4132; x_wconf 88' lang='lat' dir='ltr'><strong>ego</strong></span> <span class='ocrx_word' id='word_1_786' title='bbox 2807 4062 3120 4117; x_wconf 80' lang='lat' dir='ltr'><strong>excellentia</strong></span> <span class='ocrx_word' id='word_1_787' title='bbox 3146 4074 3248 4116; x_wconf 82' lang='lat' dir='ltr'><strong>tam</strong></span> <span class='ocrx_word' id='word_1_788' title='bbox 3274 4064 3426 4135; x_wconf 79' lang='lat' dir='ltr'><strong>longe</strong></span> <span class='ocrx_word' id='word_1_789' title='bbox 3444 4065 3651 4133; x_wconf 88' lang='lat' dir='ltr'><strong>absum,</strong></span> 
     </span>
    </p>
   </div>
   <div class='ocr_carea' id='block_1_101' title="bbox 2068 4152 3655 4224">
    <p class='ocr_par' dir='ltr' id='par_1_101' title="bbox 2068 4152 3655 4224">
     <span class='ocr_line' id='line_1_101' title="bbox 2068 4152 3655 4224; baseline 0.001 -17"><span class='ocrx_word' id='word_1_790' title='bbox 2068 4161 2124 4207; x_wconf 92' lang='lat' dir='ltr'><strong>ut</strong></span> <span class='ocrx_word' id='word_1_791' title='bbox 2147 4154 2191 4207; x_wconf 89' lang='lat' dir='ltr'><strong>si</strong></span> <span class='ocrx_word' id='word_1_792' title='bbox 2218 4152 2415 4207; x_wconf 92' lang='lat' dir='ltr'><strong>nullum</strong></span> <span class='ocrx_word' id='word_1_793' title='bbox 2443 4153 2663 4207; x_wconf 88' lang='lat' dir='ltr'><strong>verbum</strong></span> <span class='ocrx_word' id='word_1_794' title='bbox 2691 4154 2833 4222; x_wconf 91' lang='lat' dir='ltr'><strong>quod</strong></span> <span class='ocrx_word' id='word_1_795' title='bbox 2860 4169 3111 4208; x_wconf 86' lang='lat' dir='ltr'><strong>revocare</strong></span> <span class='ocrx_word' id='word_1_796' title='bbox 3137 4154 3326 4208; x_wconf 89' lang='lat' dir='ltr'><strong>vellem</strong></span> <span class='ocrx_word' id='word_1_797' title='bbox 3347 4157 3620 4224; x_wconf 78' lang='lat' dir='ltr'><strong>protulero</strong></span> <span class='ocrx_word' id='word_1_798' title='bbox 3639 4198 3655 4223; x_wconf 90' lang='lat'><strong>,</strong></span> 
     </span>
    </p>
   </div>
   <div class='ocr_carea' id='block_1_102' title="bbox 2072 4247 3658 4319">
    <p class='ocr_par' dir='ltr' id='par_1_102' title="bbox 2072 4247 3658 4319">
     <span class='ocr_line' id='line_1_102' title="bbox 2072 4247 3658 4319; baseline 0.001 -17"><span class='ocrx_word' id='word_1_799' title='bbox 2072 4248 2217 4303; x_wconf 89' lang='lat' dir='ltr'><strong>fatuo</strong></span> <span class='ocrx_word' id='word_1_800' title='bbox 2247 4248 2347 4302; x_wconf 91' lang='lat' dir='ltr'><strong>sim</strong></span> <span class='ocrx_word' id='word_1_801' title='bbox 2375 4262 2531 4316; x_wconf 92' lang='lat' dir='ltr'><strong>quam</strong></span> <span class='ocrx_word' id='word_1_802' title='bbox 2560 4247 2783 4315; x_wconf 86' lang='lat' dir='ltr'><strong>sapienti</strong></span> <span class='ocrx_word' id='word_1_803' title='bbox 2815 4247 3057 4301; x_wconf 89' lang='lat' dir='ltr'><strong>similior.</strong></span> <span class='ocrx_word' id='word_1_804' title='bbox 3089 4247 3234 4301; x_wconf 87' lang='lat' dir='ltr'><strong>Illius</strong></span> <span class='ocrx_word' id='word_1_805' title='bbox 3248 4249 3448 4319; x_wconf 84' lang='lat' dir='ltr'><strong>quippe</strong></span> <span class='ocrx_word' id='word_1_806' title='bbox 3463 4250 3658 4319; x_wconf 88' lang='lat' dir='ltr'><strong>scripta</strong></span> 
     </span>
    </p>
   </div>
   <div class='ocr_carea' id='block_1_103' title="bbox 2072 4341 3661 4411">
    <p class='ocr_par' dir='ltr' id='par_1_103' title="bbox 2072 4341 3661 4411">
     <span class='ocr_line' id='line_1_103' title="bbox 2072 4341 3661 4411; baseline 0 -14"><span class='ocrx_word' id='word_1_807' title='bbox 2072 4357 2282 4397; x_wconf 89' lang='lat' dir='ltr'><strong>summa</strong></span> <span class='ocrx_word' id='word_1_808' title='bbox 2326 4351 2449 4395; x_wconf 89' lang='lat' dir='ltr'><strong>sunt</strong></span> <span class='ocrx_word' id='word_1_809' title='bbox 2486 4341 2797 4395; x_wconf 86' lang='lat' dir='ltr'><strong>auctoritate</strong></span> <span class='ocrx_word' id='word_1_810' title='bbox 2840 4341 3168 4411; x_wconf 82' lang='lat' dir='ltr'><strong>dignissima,</strong></span> <span class='ocrx_word' id='word_1_811' title='bbox 3194 4343 3282 4410; x_wconf 85' lang='lat' dir='ltr'><strong>qui</strong></span> <span class='ocrx_word' id='word_1_812' title='bbox 3315 4342 3515 4397; x_wconf 90' lang='lat' dir='ltr'><strong>nullum</strong></span> <span class='ocrx_word' id='word_1_813' title='bbox 3543 4359 3661 4397; x_wconf 84' lang='lat' dir='ltr'><strong>ver-</strong></span> 
     </span>
    </p>
   </div>
   <div class='ocr_carea' id='block_1_104' title="bbox 2074 4433 3662 4506">
    <p class='ocr_par' dir='ltr' id='par_1_104' title="bbox 2074 4433 3662 4506">
     <span class='ocr_line' id='line_1_104' title="bbox 2074 4433 3662 4506; baseline 0.001 -16"><span class='ocrx_word' id='word_1_814' title='bbox 2074 4436 2231 4502; x_wconf 92' lang='lat' dir='ltr'><strong>bum,</strong></span> <span class='ocrx_word' id='word_1_815' title='bbox 2275 4450 2383 4489; x_wconf 90' lang='lat' dir='ltr'><strong>non</strong></span> <span class='ocrx_word' id='word_1_816' title='bbox 2427 4434 2566 4505; x_wconf 90' lang='lat' dir='ltr'><strong>quod</strong></span> <span class='ocrx_word' id='word_1_817' title='bbox 2605 4449 2857 4488; x_wconf 85' lang='lat' dir='ltr'><strong>revocare</strong></span> <span class='ocrx_word' id='word_1_818' title='bbox 2892 4434 3085 4501; x_wconf 87' lang='lat' dir='ltr'><strong>vellet,</strong></span> <span class='ocrx_word' id='word_1_819' title='bbox 3115 4433 3215 4489; x_wconf 87' lang='lat' dir='ltr'><strong>sed</strong></span> <span class='ocrx_word' id='word_1_820' title='bbox 3242 4435 3380 4506; x_wconf 91' lang='lat' dir='ltr'><strong>quod</strong></span> <span class='ocrx_word' id='word_1_821' title='bbox 3412 4451 3662 4492; x_wconf 85' lang='lat' dir='ltr'><strong>revocare</strong></span> 
     </span>
    </p>
   </div>
   <div class='ocr_carea' id='block_1_105' title="bbox 2073 4526 3659 4597">
    <p class='ocr_par' dir='ltr' id='par_1_105' title="bbox 2073 4526 3659 4597">
     <span class='ocr_line' id='line_1_105' title="bbox 2073 4526 3659 4597; baseline 0.001 -16"><span class='ocrx_word' id='word_1_822' title='bbox 2073 4528 2328 4595; x_wconf 84' lang='lat' dir='ltr'><strong>deberet,</strong></span> <span class='ocrx_word' id='word_1_823' title='bbox 2363 4527 2562 4581; x_wconf 90' lang='lat' dir='ltr'><strong>emisit.</strong></span> <span class='ocrx_word' id='word_1_824' title='bbox 2594 4526 2706 4582; x_wconf 86' lang='lat' dir='ltr'><strong>Hoc</strong></span> <span class='ocrx_word' id='word_1_825' title='bbox 2728 4526 2967 4597; x_wconf 87' lang='lat' dir='ltr'><strong>quisquis</strong></span> <span class='ocrx_word' id='word_1_826' title='bbox 2996 4527 3229 4580; x_wconf 88' lang='lat' dir='ltr'><strong>nondum</strong></span> <span class='ocrx_word' id='word_1_827' title='bbox 3260 4540 3339 4581; x_wconf 88' lang='lat' dir='ltr'><strong>est</strong></span> <span class='ocrx_word' id='word_1_828' title='bbox 3364 4539 3659 4596; x_wconf 83' lang='lat' dir='ltr'><strong>assecutus,</strong></span> 
     </span>
    </p>
   </div>
   <div class='ocr_carea' id='block_1_106' title="bbox 2075 4620 3662 4692">
    <p class='ocr_par' dir='ltr' id='par_1_106' title="bbox 2075 4620 3662 4692">
     <span class='ocr_line' id='line_1_106' title="bbox 2075 4620 3662 4692; baseline 0.001 -17"><span class='ocrx_word' id='word_1_829' title='bbox 2075 4620 2335 4677; x_wconf 86' lang='lat' dir='ltr'><strong>secundas</strong></span> <span class='ocrx_word' id='word_1_830' title='bbox 2379 4620 2571 4675; x_wconf 87' lang='lat' dir='ltr'><strong>habeat</strong></span> <span class='ocrx_word' id='word_1_831' title='bbox 2619 4630 2796 4690; x_wconf 88' lang='lat' dir='ltr'><strong>partes</strong></span> <span class='ocrx_word' id='word_1_832' title='bbox 2833 4620 3141 4685; x_wconf 68' lang='lat' dir='ltr'><strong>modestiae,</strong></span> <span class='ocrx_word' id='word_1_833' title='bbox 3182 4622 3303 4692; x_wconf 86' lang='lat' dir='ltr'><strong>quia</strong></span> <span class='ocrx_word' id='word_1_834' title='bbox 3335 4624 3531 4692; x_wconf 88' lang='lat' dir='ltr'><strong>primas</strong></span> <span class='ocrx_word' id='word_1_835' title='bbox 3558 4638 3662 4677; x_wconf 91' lang='lat' dir='ltr'><strong>non</strong></span> 
     </span>
    </p>
   </div>
   <div class='ocr_carea' id='block_1_107' title="bbox 2077 4711 3664 4783">
    <p class='ocr_par' dir='ltr' id='par_1_107' title="bbox 2077 4711 3664 4783">
     <span class='ocr_line' id='line_1_107' title="bbox 2077 4711 3664 4783; baseline 0.001 -16"><span class='ocrx_word' id='word_1_836' title='bbox 2077 4714 2247 4783; x_wconf 90' lang='lat' dir='ltr'><strong>potuit</strong></span> <span class='ocrx_word' id='word_1_837' title='bbox 2292 4711 2487 4767; x_wconf 89' lang='lat' dir='ltr'><strong>habere</strong></span> <span class='ocrx_word' id='word_1_838' title='bbox 2530 4712 2804 4781; x_wconf 66' lang='lat' dir='ltr'><strong>sapientia:</strong></span> <span class='ocrx_word' id='word_1_839' title='bbox 2832 4731 2846 4763; x_wconf 88' lang='lat'><strong><em>:</em></strong></span> <span class='ocrx_word' id='word_1_840' title='bbox 2877 4712 2997 4781; x_wconf 88' lang='lat' dir='ltr'><strong>quia</strong></span> <span class='ocrx_word' id='word_1_841' title='bbox 3025 4728 3129 4766; x_wconf 91' lang='lat' dir='ltr'><strong>non</strong></span> <span class='ocrx_word' id='word_1_842' title='bbox 3165 4714 3325 4767; x_wconf 87' lang='lat' dir='ltr'><strong>valuit</strong></span> <span class='ocrx_word' id='word_1_843' title='bbox 3350 4716 3525 4767; x_wconf 90' lang='lat' dir='ltr'><strong>omnia</strong></span> <span class='ocrx_word' id='word_1_844' title='bbox 3557 4728 3664 4768; x_wconf 88' lang='lat' dir='ltr'><strong>non</strong></span> 
     </span>
    </p>
   </div>
   <div class='ocr_carea' id='block_1_108' title="bbox 2079 4803 3664 4876">
    <p class='ocr_par' dir='ltr' id='par_1_108' title="bbox 2079 4803 3664 4876">
     <span class='ocr_line' id='line_1_108' title="bbox 2079 4803 3664 4876; baseline 0.001 -15"><span class='ocrx_word' id='word_1_845' title='bbox 2079 4804 2381 4875; x_wconf 61' lang='lat' dir='ltr'><strong>paenitenda</strong></span> <span class='ocrx_word' id='word_1_846' title='bbox 2408 4803 2691 4873; x_wconf 83' lang='lat' dir='ltr'><strong>diligenter</strong></span> <span class='ocrx_word' id='word_1_847' title='bbox 2720 4803 2937 4868; x_wconf 81' lang='lat' dir='ltr'><strong>dixisse,</strong></span> <span class='ocrx_word' id='word_1_848' title='bbox 2958 4804 3342 4875; x_wconf 66' lang='lat' dir='ltr'><strong>poeniteatqua:</strong></span> <span class='ocrx_word' id='word_1_849' title='bbox 3358 4808 3664 4876; x_wconf 86' lang='lat' dir='ltr'><strong>cognoverit</strong></span> 
     </span>
    </p>
   </div>
   <div class='ocr_carea' id='block_1_109' title="bbox 2077 4893 2637 4951">
    <p class='ocr_par' dir='ltr' id='par_1_109' title="bbox 2077 4893 2637 4951">
     <span class='ocr_line' id='line_1_109' title="bbox 2077 4893 2637 4951; baseline -0.007 -1"><span class='ocrx_word' id='word_1_850' title='bbox 2077 4895 2299 4951; x_wconf 87' lang='lat' dir='ltr'><strong>dicenda</strong></span> <span class='ocrx_word' id='word_1_851' title='bbox 2326 4910 2429 4948; x_wconf 90' lang='lat' dir='ltr'><strong>non</strong></span> <span class='ocrx_word' id='word_1_852' title='bbox 2454 4893 2637 4949; x_wconf 90' lang='lat' dir='ltr'><strong>fuisse.</strong></span> 
     </span>
    </p>
   </div>
   <div class='ocr_carea' id='block_1_110' title="bbox 2149 4988 3665 5061">
    <p class='ocr_par' dir='ltr' id='par_1_110' title="bbox 2149 4988 3665 5061">
     <span class='ocr_line' id='line_1_110' title="bbox 2149 4988 3665 5061; baseline 0.003 -19"><span class='ocrx_word' id='word_1_853' title='bbox 2149 4989 2202 5044; x_wconf 72' lang='grc'><strong>4.</strong></span> <span class='ocrx_word' id='word_1_854' title='bbox 2234 4988 2367 5043; x_wconf 89' lang='lat' dir='ltr'><strong>Cum</strong></span> <span class='ocrx_word' id='word_1_855' title='bbox 2398 5002 2545 5056; x_wconf 88' lang='lat' dir='ltr'><strong>ergo,</strong></span> <span class='ocrx_word' id='word_1_856' title='bbox 2576 5003 2678 5040; x_wconf 88' lang='lat' dir='ltr'><strong>non</strong></span> <span class='ocrx_word' id='word_1_857' title='bbox 2706 4988 2839 5041; x_wconf 90' lang='lat' dir='ltr'><strong>sicut</strong></span> <span class='ocrx_word' id='word_1_858' title='bbox 2868 4988 3079 5056; x_wconf 91' lang='lat' dir='ltr'><strong>quidam</strong></span> <span class='ocrx_word' id='word_1_859' title='bbox 3111 4989 3405 5044; x_wconf 80' lang='lat' dir='ltr'><strong>chariSsimi</strong></span> <span class='ocrx_word' id='word_1_860' title='bbox 3432 4992 3535 5045; x_wconf 92' lang='lat' dir='ltr'><strong>mei</strong></span> <span class='ocrx_word' id='word_1_861' title='bbox 3566 5008 3665 5061; x_wconf 89' lang='lat' dir='ltr'><strong>pu-</strong></span> 
     </span>
    </p>
   </div>
   <div class='ocr_carea' id='block_1_111' title="bbox 2082 5079 3665 5153">
    <p class='ocr_par' dir='ltr' id='par_1_111' title="bbox 2082 5079 3665 5153">
     <span class='ocr_line' id='line_1_111' title="bbox 2082 5079 3665 5153; baseline 0.004 -20"><span class='ocrx_word' id='word_1_862' title='bbox 2082 5090 2226 5144; x_wconf 90' lang='lat' dir='ltr'><strong>tant,</strong></span> <span class='ocrx_word' id='word_1_863' title='bbox 2256 5080 2396 5133; x_wconf 90' lang='lat' dir='ltr'><strong>nulla</strong></span> <span class='ocrx_word' id='word_1_864' title='bbox 2425 5080 2503 5134; x_wconf 88' lang='lat' dir='ltr'><strong>vel</strong></span> <span class='ocrx_word' id='word_1_865' title='bbox 2537 5093 2732 5149; x_wconf 88' lang='lat' dir='ltr'><strong>pauca,</strong></span> <span class='ocrx_word' id='word_1_866' title='bbox 2762 5079 2852 5132; x_wconf 90' lang='lat' dir='ltr'><strong>sed</strong></span> <span class='ocrx_word' id='word_1_867' title='bbox 2883 5082 3053 5149; x_wconf 82' lang='lat' dir='ltr'><strong>potius</strong></span> <span class='ocrx_word' id='word_1_868' title='bbox 3075 5081 3228 5150; x_wconf 90' lang='lat' dir='ltr'><strong>plura</strong></span> <span class='ocrx_word' id='word_1_869' title='bbox 3256 5082 3479 5138; x_wconf 73' lang='lat' dir='ltr'><strong>fortasse</strong></span> <span class='ocrx_word' id='word_1_870' title='bbox 3506 5099 3665 5153; x_wconf 88' lang='lat' dir='ltr'><strong>quam</strong></span> 
     </span>
    </p>
   </div>
   <div class='ocr_carea' id='block_1_112' title="bbox 2084 5170 3665 5244">
    <p class='ocr_par' dir='ltr' id='par_1_112' title="bbox 2084 5170 3665 5244">
     <span class='ocr_line' id='line_1_112' title="bbox 2084 5170 3665 5244; baseline 0.003 -17"><span class='ocrx_word' id='word_1_871' title='bbox 2084 5172 2243 5227; x_wconf 87' lang='lat' dir='ltr'><strong>etiam</strong></span> <span class='ocrx_word' id='word_1_872' title='bbox 2270 5170 2513 5225; x_wconf 88' lang='lat' dir='ltr'><strong>maledici</strong></span> <span class='ocrx_word' id='word_1_873' title='bbox 2544 5172 2827 5241; x_wconf 85' lang='lat' dir='ltr'><strong>opinantur</strong></span> <span class='ocrx_word' id='word_1_874' title='bbox 2852 5172 3011 5227; x_wconf 88' lang='lat' dir='ltr'><strong>verba</strong></span> <span class='ocrx_word' id='word_1_875' title='bbox 3031 5172 3255 5227; x_wconf 88' lang='lat' dir='ltr'><strong>dixerim</strong></span> <span class='ocrx_word' id='word_1_876' title='bbox 3272 5216 3287 5239; x_wconf 95' lang='lat'><strong>,</strong></span> <span class='ocrx_word' id='word_1_877' title='bbox 3311 5192 3428 5244; x_wconf 70' lang='lat' dir='ltr'><strong>quae</strong></span> <span class='ocrx_word' id='word_1_878' title='bbox 3454 5177 3665 5233; x_wconf 86' lang='lat' dir='ltr'><strong>mallem</strong></span> 
     </span>
    </p>
   </div>
   <div class='ocr_carea' id='block_1_113' title="bbox 2083 5262 3670 5334">
    <p class='ocr_par' dir='ltr' id='par_1_113' title="bbox 2083 5262 3670 5334">
     <span class='ocr_line' id='line_1_113' title="bbox 2083 5262 3670 5334; baseline 0.004 -15"><span class='ocrx_word' id='word_1_879' title='bbox 2083 5278 2333 5319; x_wconf 83' lang='lat' dir='ltr'><strong>revocare</strong></span> <span class='ocrx_word' id='word_1_880' title='bbox 2352 5305 2367 5330; x_wconf 93' lang='lat'><strong>,</strong></span> <span class='ocrx_word' id='word_1_881' title='bbox 2396 5262 2442 5318; x_wconf 89' lang='lat' dir='ltr'><strong>si</strong></span> <span class='ocrx_word' id='word_1_882' title='bbox 2474 5278 2682 5334; x_wconf 82' lang='lat' dir='ltr'><strong>possem</strong></span> <span class='ocrx_word' id='word_1_883' title='bbox 2706 5281 2719 5329; x_wconf 93' lang='lat'><strong>;</strong></span> <span class='ocrx_word' id='word_1_884' title='bbox 2754 5280 2855 5317; x_wconf 90' lang='lat' dir='ltr'><strong>non</strong></span> <span class='ocrx_word' id='word_1_885' title='bbox 2884 5264 3013 5318; x_wconf 88' lang='lat' dir='ltr'><strong>mihi</strong></span> <span class='ocrx_word' id='word_1_886' title='bbox 3038 5264 3275 5320; x_wconf 82' lang='lat' dir='ltr'><strong>Tulliana</strong></span> <span class='ocrx_word' id='word_1_887' title='bbox 3303 5269 3383 5321; x_wconf 88' lang='lat' dir='ltr'><strong>illa</strong></span> <span class='ocrx_word' id='word_1_888' title='bbox 3403 5268 3670 5325; x_wconf 89' lang='lat' dir='ltr'><strong>blanditur</strong></span> 
     </span>
    </p>
   </div>
   <div class='ocr_carea' id='block_1_114' title="bbox 2085 5357 3669 5431">
    <p class='ocr_par' dir='ltr' id='par_1_114' title="bbox 2085 5357 3669 5431">
     <span class='ocr_line' id='line_1_114' title="bbox 2085 5357 3669 5431; baseline 0.003 -19"><span class='ocrx_word' id='word_1_889' title='bbox 2085 5357 2385 5425; x_wconf 88' lang='lat' dir='ltr'><strong>sententia,</strong></span> <span class='ocrx_word' id='word_1_890' title='bbox 2428 5372 2528 5427; x_wconf 90' lang='lat' dir='ltr'><strong>qua</strong></span> <span class='ocrx_word' id='word_1_891' title='bbox 2573 5358 2770 5411; x_wconf 91' lang='lat' dir='ltr'><strong>dictum</strong></span> <span class='ocrx_word' id='word_1_892' title='bbox 2815 5366 2926 5425; x_wconf 88' lang='lat' dir='ltr'><strong>est,</strong></span> <span class='ocrx_word' id='word_1_893' title='bbox 2973 5357 3188 5412; x_wconf 78' lang='lat' dir='ltr'><strong>Nullum</strong></span> <span class='ocrx_word' id='word_1_894' title='bbox 3215 5378 3434 5431; x_wconf 83' lang='lat' dir='ltr'><strong>unquam</strong></span> <span class='ocrx_word' id='word_1_895' title='bbox 3468 5366 3669 5418; x_wconf 80' lang='lat' dir='ltr'><strong>verbum</strong></span> 
     </span>
    </p>
   </div>
   <div class='ocr_carea' id='block_1_115' title="bbox 2084 5448 3670 5521">
    <p class='ocr_par' dir='ltr' id='par_1_115' title="bbox 2084 5448 3670 5521">
     <span class='ocr_line' id='line_1_115' title="bbox 2084 5448 3670 5521; baseline 0.005 -20"><span class='ocrx_word' id='word_1_896' title='bbox 2084 5450 2220 5519; x_wconf 90' lang='lat' dir='ltr'><strong>quod</strong></span> <span class='ocrx_word' id='word_1_897' title='bbox 2245 5464 2477 5502; x_wconf 87' lang='lat' dir='ltr'><strong>revocare</strong></span> <span class='ocrx_word' id='word_1_898' title='bbox 2505 5448 2675 5513; x_wconf 88' lang='lat' dir='ltr'><strong>vellet,</strong></span> <span class='ocrx_word' id='word_1_899' title='bbox 2700 5449 2860 5501; x_wconf 84' lang='lat' dir='ltr'><strong>emisit</strong></span> <span class='ocrx_word' id='word_1_900' title='bbox 2888 5465 2907 5502; x_wconf 91' lang='lat'><strong><em>:</em></strong></span> <span class='ocrx_word' id='word_1_901' title='bbox 2932 5451 3024 5503; x_wconf 90' lang='lat' dir='ltr'><strong>sed</strong></span> <span class='ocrx_word' id='word_1_902' title='bbox 3051 5450 3195 5520; x_wconf 90' lang='lat' dir='ltr'><strong>angit</strong></span> <span class='ocrx_word' id='word_1_903' title='bbox 3220 5468 3305 5505; x_wconf 89' lang='lat' dir='ltr'><strong>me</strong></span> <span class='ocrx_word' id='word_1_904' title='bbox 3332 5454 3484 5521; x_wconf 88' lang='lat' dir='ltr'><strong>plane</strong></span> <span class='ocrx_word' id='word_1_905' title='bbox 3507 5455 3670 5510; x_wconf 82' lang='lat' dir='ltr'><strong>liora-</strong></span> 
     </span>
    </p>
   </div>
   <div class='ocr_carea' id='block_1_116' title="bbox 2090 5540 3668 5608">
    <p class='ocr_par' dir='ltr' id='par_1_116' title="bbox 2090 5540 3668 5608">
     <span class='ocr_line' id='line_1_116' title="bbox 2090 5540 3668 5608; baseline 0.007 -13"><span class='ocrx_word' id='word_1_906' title='bbox 2090 5541 2230 5595; x_wconf 88' lang='lat' dir='ltr'><strong>tiana</strong></span> <span class='ocrx_word' id='word_1_907' title='bbox 2279 5542 2573 5608; x_wconf 88' lang='lat' dir='ltr'><strong>sententia,</strong></span> <span class='ocrx_word' id='word_1_908' title='bbox 2620 5540 2793 5596; x_wconf 79' lang='lat' dir='ltr'><strong>Nescit</strong></span> <span class='ocrx_word' id='word_1_909' title='bbox 2840 5558 2937 5597; x_wconf 73' lang='lat' dir='ltr'><strong>uox</strong></span> <span class='ocrx_word' id='word_1_910' title='bbox 2982 5544 3133 5599; x_wconf 87' lang='lat' dir='ltr'><strong>missa</strong></span> <span class='ocrx_word' id='word_1_911' title='bbox 3174 5548 3370 5601; x_wconf 83' lang='lat' dir='ltr'><strong>reverti.</strong></span> <span class='ocrx_word' id='word_1_912' title='bbox 3422 5549 3552 5604; x_wconf 86' lang='lat' dir='ltr'><strong>llinc</strong></span> <span class='ocrx_word' id='word_1_913' title='bbox 3587 5559 3668 5607; x_wconf 89' lang='lat' dir='ltr'><strong>est</strong></span> 
     </span>
    </p>
   </div>
   <div class='ocr_carea' id='block_1_117' title="bbox 2088 5631 3671 5708">
    <p class='ocr_par' dir='ltr' id='par_1_117' title="bbox 2088 5631 3671 5708">
     <span class='ocr_line' id='line_1_117' title="bbox 2088 5631 3671 5708; baseline 0.008 -22"><span class='ocrx_word' id='word_1_914' title='bbox 2088 5631 2231 5703; x_wconf 92' lang='lat' dir='ltr'><strong>quod</strong></span> <span class='ocrx_word' id='word_1_915' title='bbox 2276 5633 2839 5703; x_wconf 88' lang='lat' dir='ltr'><strong>periculosissimarum</strong></span> <span class='ocrx_word' id='word_1_916' title='bbox 2874 5636 3223 5705; x_wconf 62' lang='lat' dir='ltr'><strong>quastionum</strong></span> <span class='ocrx_word' id='word_1_917' title='bbox 3256 5637 3450 5708; x_wconf 89' lang='lat' dir='ltr'><strong>libros,</strong></span> <span class='ocrx_word' id='word_1_918' title='bbox 3481 5641 3547 5697; x_wconf 90' lang='lat' dir='ltr'><strong>de</strong></span> <span class='ocrx_word' id='word_1_919' title='bbox 3570 5642 3671 5697; x_wconf 86' lang='lat' dir='ltr'><strong>Ge-</strong></span> 
     </span>
    </p>
   </div>
   <div class='ocr_carea' id='block_1_118' title="bbox 2090 5766 3671 5896">
    <p class='ocr_par' dir='ltr' id='par_1_118' title="bbox 2090 5766 3671 5896">
     <span class='ocr_line' id='line_1_118' title="bbox 2090 5766 3671 5896; baseline 0.006 -79"><span class='ocrx_word' id='word_1_920' title='bbox 2327 5766 2742 5833; x_wconf 64' lang='lat' dir='ltr'><strong>pleriquezouod</strong></span> <span class='ocrx_word' id='word_1_921' title='bbox 2772 5768 3671 5836; x_wconf 71' lang='lat' dir='ltr'><strong>inmenoncognoscimt,memiuimc</strong></span> 
     </span>
    </p>
   </div>
   <div class='ocr_carea' id='block_1_119' title="bbox 3013 5918 3439 6000">
    <p class='ocr_par' dir='ltr' id='par_1_119' title="bbox 3013 5918 3439 6000">
     <span class='ocr_line' id='line_1_119' title="bbox 3013 5918 3439 6000; baseline 0.002 -22"><span class='ocrx_word' id='word_1_922' title='bbox 3013 5918 3439 6000; x_wconf 68' lang='lat' dir='ltr'><strong>(nix—mf.)</strong></span> 
     </span>
    </p>
   </div>
  </div>
