4014 6338
407 498 546 568 7‘nesi
575 502 815 568 scilicet,
842 503 898 552 et
915 493 986 550 de
1011 485 1269 546 Triuitate
1285 515 1301 547 ,
1323 477 1524 534 diutius
1723 461 2018 568 quam-vul-

610 556 819 657 vfertis';
861 596 921 644 ut
961 585 1008 640 si
1045 596 1151 637 non
1178 571 1447 648 potuerint
1469 567 1571 624 nisi
1597 563 1800 619 habere
1843 556 2023 625 aliqua

435 741 858 854 ἓξ.εέ
901 772 947 826 si
995 761 1251 839 praecipiti
1297 753 1633 813 festinatione
1682 741 2032 802 inconsultius

778 833 887 924 vos
912 833 1054 920 enim
1071 895 1086 926 ,
1113 833 1172 911 ut
1199 862 1392 909 vestra:
1421 845 1659 902 indicant
1679 839 1867 895 littera:
1886 833 2033 906 (nam

586 964 717 1022 mihi
760 959 920 1016 etiam
963 959 1180 1007 sanctus
1224 945 1389 999 frater
1421 948 1477 994 et
1505 934 1854 1006 coepiscopus
1881 936 2034 980 meus

441 1022 657 1132 scripsit
701 1042 1056 1114 Florentius),
1104 1041 1226 1095 ideo
1279 1043 1339 1090 ut
1383 1031 1610 1087 edantur
1645 1022 1879 1132 urgetis,
1927 1027 2035 1084 quo

694 1161 728 1201 ι
760 1157 846 1199 me
865 1181 880 1208 ,
912 1111 1040 1194 dum
1069 1134 1122 1188 in
1151 1131 1252 1184 hac
1275 1122 1615 1186 carne~vivo,
1642 1111 1889 1229 defendi,
1915 1119 2041 1161 cum

445 1201 878 1302 :eluabviuimicis
905 1222 1313 1285 mordentibus,
1343 1215 1428 1272 vel
1451 1214 1613 1269 etiam
1642 1208 1710 1262 ab
1735 1201 1920 1259 amicis
1946 1211 2043 1269 pa-

447 1293 1052 1400 niin—intelligentibus,
1097 1318 1326 1373 fortasse
1350 1311 1405 1366 in
1436 1304 1759 1400 quibusdam
1781 1293 2048 1368 coeperint

449 1393 710 1487 accusari.
739 1393 892 1490 Quod
921 1416 1102 1484 utique
1129 1416 1412 1479 propterea
1433 1398 1608 1456 dicitis
1628 1437 1642 1462 ,
1667 1393 1791 1464 quia
1816 1403 1923 1445 non
1951 1400 2050 1456 pu-

750 1479 813 1568 in
839 1511 919 1566 eis
945 1479 1164 1574 aliquid,
1189 1496 1332 1569 quod
1359 1509 1483 1549 vera
1511 1487 1680 1562 possit
1702 1484 1911 1540 ratione
1933 1479 2046 1534 cul-

613 1631 627 1667 :
670 1607 907 1678 alioquin
939 1573 1049 1658 non
1089 1613 1176 1653 me
1203 1595 1269 1649 ad
1299 1605 1484 1649 eorum
1513 1587 1833 1647 editionem,
1864 1575 1957 1632 sed
1983 1573 2051 1628 ad

455 1669 843 1778 diligentiorem
883 1692 1308 1752 emendationem
1345 1684 1521 1755 potius
1547 1672 1910 1733 hortarcmini.
1940 1669 2052 1738 Ego

456 1763 635 1857 autem
674 1794 880 1867 judiee's
923 1802 1104 1849 veros,
1138 1792 1194 1838 et
1245 1778 1466 1834 veritate
1497 1785 1710 1828 severos
1760 1765 1927 1835 magis
1973 1763 2056 1815 in-

460 1901 633 1956 tueor,
654 1853 795 1943 inter
805 1896 941 1955 quos
959 1889 1014 1934 et
1031 1877 1291 1946 meipsum
1309 1868 1554 1940 primitus
1571 1861 1896 1918 constituere
1910 1853 2050 1917 volo;

459 1999 520 2042 ut
548 1952 764 2038 ad'illos
787 1952 849 2032 ea
879 1983 1083 2028 tantum
1107 1959 1543 2037 reprehendenda
1569 1952 1914 2027 perveniant,
1937 1958 2057 2015 qua:

459 2093 493 2134 ι
529 2090 616 2131 me
638 2115 655 2142 ,
699 2067 942 2143 quamvis
981 2061 1171 2120 sedulo
1215 2061 1611 2130 perscrutante,
1640 2045 1861 2102 minime
1887 2038 2057 2094 videri

460 2173 765 2242 potuerunt.

532 2221 749 2325 ISTOua:
769 2269 890 2310 cum
912 2252 983 2305 ita
1011 2248 1151 2309 sint,
1183 2243 1284 2297 hoc
1305 2248 1483 2294 tamen
1510 2230 1651 2304 quod
1671 2230 1725 2284 in
1749 2227 1905 2282 tertio
1921 2221 2059 2276 libro

464 2356 535 2414 de
575 2317 770 2408 Libero
805 2343 1036 2401 Arbitrio
1055 2379 1071 2407 ,
1102 2351 1222 2393 cum
1250 2334 1316 2388 de
1343 2323 1638 2385 substantia
1664 2317 1908 2376 rationali
1932 2327 2059 2381 age-

466 2462 580 2505 rem
597 2487 612 2512 ,
653 2444 731 2498 sic
758 2456 788 2493 a
814 2452 900 2492 me
927 2433 1157 2504 positum
1185 2436 1266 2482 est
1285 2434 1342 2478 ut
1369 2423 1605 2476 dicerem
1627 2457 1641 2482 ,
1677 2412 1704 2466 Ι
1711 2431 1742 2466 η
1764 2407 2061 2479 corporibus

468 2548 634 2594 autem
677 2527 999 2605 inferioribus
1037 2523 1206 2576 anima
1246 2525 1355 2588 post
1393 2520 1651 2585 peccatum
1680 2503 1912 2559 ordinata
1937 2497 2064 2568 regit

471 2646 655 2698 corpus
673 2639 851 2689 suum,
881 2637 981 2675 non
1003 2616 1139 2671 omni
1165 2611 1316 2667 modo
1337 2623 1428 2680 pro
1453 2602 1661 2658 arbitrio
1681 2641 1694 2666 ,
1725 2596 1812 2652 sed
1837 2595 1963 2648 sicut
1993 2590 2064 2644 ιε.

470 2689 916 2795 ςείυηὶυετεὶιαιὶε
941 2712 1109 2764 sinunt
1133 2721 1150 2760 :
1169 2704 1450 2772 diligenter
1471 2695 1748 2750 advertant
1768 2691 1854 2758 qui
1877 2689 2068 2757 putant

471 2773 560 2870 z’me
600 2808 800 2881 aliquid
847 2807 914 2860 de
955 2803 1131 2858 anima
1159 2799 1390 2850 humana
1415 2789 1559 2843 velut
1584 2792 1789 2840 certum
1819 2773 2068 2833 statuiSse

473 2916 632 2970 atque
656 2868 834 2955 ﬁxisse
854 2938 867 2962 ,
898 2893 1039 2965 quod
1069 2890 1150 2945 vel
1177 2903 1242 2942 ex
1269 2881 1580 2955 parentibus
1609 2890 1701 2945 per
1727 2868 2069 2941 propaginem

473 2996 652 3052 veniat
668 3033 682 3059 ,
729 2991 814 3047 vel
861 2957 934 3043 in-
960 2983 1166 3038 actibus
1192 2980 1314 3033 vitae
1342 2969 1632 3043 superioris
1654 2974 1814 3034 atque
1837 2957 2071 3015 caelestis

477 3085 798 3159 peccaverit,
823 3089 880 3135 ut
907 3072 1240 3146 corruptibili
1266 3081 1431 3124 carne
1479 3067 1774 3119 mereretur
1833 3050 2068 3114 includi;

477 3148 532 3235 et
566 3177 780 3232 videant
804 3173 884 3227 sic
912 3187 940 3225 a
966 3184 1055 3224 me
1079 3164 1240 3220 verba
1271 3160 1435 3215 fuisse
1459 3163 1752 3225 perpensa,
1780 3153 1839 3199 ut
1866 3148 2074 3198 retento

477 3231 545 3328 eo
571 3266 713 3340 quod
738 3272 946 3321 certum
976 3259 1178 3318 habeo,
1205 3259 1327 3323 post
1351 3252 1625 3319 peccatum
1657 3239 1813 3312 primi
1844 3231 2076 3290 hominis

478 3334 634 3419 natos
662 3373 782 3415 esse
809 3363 970 3425 atque
996 3349 1143 3406 nasci
1171 3353 1396 3400 caeteros
1423 3336 1668 3393 homines
1691 3334 1745 3386 in
1771 3343 1931 3384 carne
1953 3339 2078 3396 pec-

478 3454 583 3509 cati
606 3493 620 3518 ,
663 3449 749 3506 cui
794 3416 1046 3500 san-attda:
1084 3437 1226 3494 venit
1257 3433 1308 3490 in
1334 3430 1562 3487 Domino
1589 3421 1878 3480 similitudo
1903 3416 2079 3472 carnis

485 3512 719 3617 peccati,
767 3542 838 3594 ita
883 3535 1063 3592 omnia
1107 3534 1391 3590 sonarent,
1437 3531 1492 3577 ut
1517 3520 1644 3576 nulli
1673 3512 2082 3586 pra-iudicarent

486 3634 726 3708 opinioni
773 3639 1000 3701 quatuor
1042 3625 1283 3685 illarum,
1328 3631 1461 3688 quas
1491 3624 1672 3683 postea
1700 3605 1894 3676 digessi
1920 3612 2081 3671 atque

484 3691 733 3790 distinxi,
782 3691 891 3776 non
930 3715 1254 3771 conﬁrmans
1279 3709 1505 3777 aliquam
1530 3745 1544 3767 ,
1575 3701 1671 3757 sed
1701 3698 1911 3753 interim
1939 3691 2080 3764 quod

485 3818 707 3890 agebam
738 3817 1072 3882 sequestrata
1096 3805 1305 3860 illarum
1333 3797 1664 3854 discussione
1694 3790 2079 3853 determinans,

488 3880 548 3967 ui
588 3880 935 3980 quaecumque
979 3900 1186 3956 illarum
1229 3909 1352 3950 vera
1401 3897 1572 3956 esset,
1612 3887 1755 3941 Deus
1783 3883 1901 3938 sine
1922 3880 2085 3936 dubio

487 4002 810 4060 laudaretur.

517 4164 529 4175 ε
558 4097 614 4153 6.
652 4094 777 4151 Sive
813 4091 958 4147 enim
993 4101 1060 4142 ex
1105 4083 1192 4139 illa
1217 4095 1320 4135 una
1345 4088 1536 4134 omnes
1560 4069 1753 4127 animae
1781 4077 2083 4137 propagen-

491 4164 596 4256 tur,
623 4187 737 4242 sive
762 4179 1070 4254 singillatim
1097 4176 1155 4231 in
1181 4171 1402 4242 singulis
1427 4169 1576 4231 ﬁant,
1607 4164 1723 4220 sive
1750 4168 1900 4216 extra
1929 4172 2082 4213 erea-

494 4293 560 4336 tae
616 4279 914 4340 mittantur,
969 4272 1081 4327 sive
1129 4268 1182 4321 in
1221 4277 1448 4333 corpora
1491 4264 1682 4328 sponte
1735 4259 2081 4322 mergantur;

492 4373 680 4446 procul
708 4369 869 4426 dubio
908 4373 1152 4422 creatura
1181 4360 1278 4413 ista
1308 4352 1604 4415 rationalis,
1643 4349 1806 4423 id’est
1838 4345 2086 4398 humanae

494 4466 690 4520 anima:
734 4470 943 4521 natura,
986 4455 1040 4510 in
1085 4447 1398 4520 corporibus
1446 4440 1808 4503 inferioribus,
1853 4437 1954 4490 hoc
2004 4442 2089 4488 est

498 4552 753 4616 terrenis,
784 4558 904 4621 post
932 4551 1206 4617 peccatum
1237 4537 1476 4592 ordinata
1508 4532 1644 4603 regit
1671 4543 1866 4599 corpus
1895 4540 2047 4580 suum
2068 4565 2084 4589 ,

497 4663 606 4703 non
636 4620 792 4700 omni
821 4639 982 4697 modo
1023 4650 1121 4707 pro
1166 4628 1407 4691 arbitrio,
1437 4625 1646 4680 interim
1698 4620 1841 4691 quod
1877 4625 2090 4674 constat

502 4744 781 4811 peccatum
811 4729 964 4802 primi
987 4723 1216 4781 hominis
1246 4722 1282 4769 ι.
1314 4718 1428 4773 Νοη
1451 4717 1595 4771 enim
1615 4714 1811 4768 dictum
1835 4719 1936 4774 est,
1961 4709 2089 4763 Post

499 4801 782 4902 peceatum
812 4801 989 4887 suum,
1026 4826 1150 4880 aut,
1183 4814 1534 4880 Posteaquam
1567 4805 1836 4878 peccavit;
1880 4801 1975 4857 sed
2008 4801 2090 4855 di-

504 4894 650 4979 ctum
673 4928 758 4974 est
775 4956 792 4982 ,
820 4911 946 4967 Post
973 4917 1228 4981 peccatum
1254 4919 1272 4959 :
1301 4912 1357 4957 ut
1377 4899 1647 4974 quodlibet
1672 4905 1876 4968 postea,
1901 4895 1946 4949 si
1973 4894 2088 4949 ﬁeri

504 5019 706 5085 posset,
737 5005 976 5062 discussa
1003 5000 1138 5056 ratio
1157 4995 1477 5060 declararet,
1500 4992 1613 5047 sive
1635 4998 1908 5062 peccatum
1935 4987 2052 5057 ejus
2068 5026 2084 5053 ,

501 5105 614 5170 sive
661 5106 935 5172 peccatum
965 5091 1198 5165 parentis
1221 5087 1399 5143 carnis
1431 5085 1573 5156 ejus,
1598 5093 1743 5138 recte
1771 5082 1967 5137 dictum
2006 5080 2088 5133 in-

506 5198 835 5268 telligeretur
859 5188 996 5260 quod
1019 5186 1218 5242 dictum
1240 5192 1342 5245 est,
1374 5179 1501 5234 Post
1525 5187 1781 5250 peccatum
1809 5176 1862 5228 in
1881 5173 2092 5243 inferio-

506 5264 645 5345 ribus
675 5281 966 5357 corporibus
993 5279 1226 5334 ordinata
1253 5274 1380 5345 regit
1404 5277 1587 5344 corpus
1615 5285 1763 5324 suum
1786 5310 1800 5333 ,
1825 5283 1926 5320 non
1953 5264 2092 5318 omni

506 5380 658 5439 modo
686 5393 778 5452 pro
810 5373 1037 5437 arbitrio,
1068 5370 1189 5440 quia
1229 5374 1284 5422 et
1313 5379 1440 5420 caro
1473 5361 1800 5430 concupiscit
1837 5357 2093 5412 adversus

507 5447 752 5545 spiritum
794 5465 1066 5540 (δαίδων,
1117 5460 1230 5531 l7),
1274 5467 1329 5513 et
1367 5455 1758 5526 ingemiscimus
1777 5449 1977 5520 gravati
2028 5447 2093 5518 (ll

570 5609 591 5642 ί
617 5616 723 5657 MSS.
746 5600 908 5654 Gallic.
932 5601 1138 5665 quatuor
1163 5609 1176 5646 :
1207 5605 1299 5665 ιζτό
1322 5589 1539 5665 arbitrio,
1557 5585 1750 5665 oderim
1771 5582 1898 5658 qitod
1917 5591 2097 5665 constat

507 5649 1056 5785 Εᾷἶέεέἇεῶᾱῗὲωζ
1083 5663 1158 5734 sic
1178 5657 1325 5728 etiam
1348 5661 1552 5726 quawor
1576 5655 1743 5708 't’atic.,
1766 5649 1856 5698 nisi
1879 5650 2008 5712 quod
2032 5661 2097 5699 ex

639 5743 702 5780 uo
739 5736 908 5778 carent
951 5737 1089 5784 voce,
1104 5727 1320 5785 gutturem.
1347 5715 1540 5785 Quidam
1579 5711 1933 5785 Cddababeut,
1971 5712 2097 5775 quod

607 5711 932 5780 uJJ'éaEéEi’
951 5711 1089 5784 voce,
1112 5711 1320 5775 interim.
1347 5711 1540 5784 Quidam
1579 5711 1933 5784 Cddababeut’,
1971 5712 2097 5775 quod

945 5776 1152 5856 etgnlii
1182 5795 1336 5856 vero,
1361 5778 1556 5856 caeteris
1577 5776 1743 5856 verbis
1763 5776 1955 5856 omissis
1971 5809 1984 5834 ,
2009 5787 2098 5823 mm

510 5837 1156 5914 ἧῗῗκὸἆῖἆὸάτῡᾱτήο.
1175 5854 1273 5894 non
1293 5837 1421 5893 cium
1443 5837 1623 5890 dictum
1645 5843 1734 5899 est,
1752 5844 1848 5886 etc.

1685 348 1744 412 S.
1788 339 2148 412 AUGUSTI”
2189 332 2488 398 EPISCGH

2131 458 2248 512 Cor.
2269 471 2324 520 v,
2344 455 2423 526 ι),
2450 461 2508 508 et
2533 457 2728 522 corpus
2756 445 2895 519 quod
2925 441 3299 512 corrumpitur,
3321 445 3572 510 aggravet
3596 436 3712 489 ani-

2133 565 2274 606 mam
2329 548 2485 619 (ευρ.
2517 560 2607 614 rx,-
2636 541 2726 616 l5)
2751 560 2765 596 :
2795 549 2848 596 et
2875 539 2994 609 quis
3019 536 3197 592 omnia
3236 541 3448 588 enarret
3491 529 3719 586 carnalis

2137 641 2460 698 inﬁrmitatis
2486 633 2864 694 incommoda?
2892 645 3012 703 qua
3038 629 3220 699 utique
3247 639 3354 681 non
3385 633 3567 692 erunt,
3597 633 3717 677 cum

2139 733 2494 805 corruptibile
2516 731 2618 786 hoc
2646 727 2880 784 induerit
2902 723 3354 792 incorruptionem
3397 715 3576 789 (lCor;
3629 729 3720 776 xv,

2141 830 2255 899 53),
2279 835 2337 882 ut
2355 826 2706 882 absorbeatur
2725 820 2950 876 mortale
2977 831 3008 872 a
3031 816 3160 871 vita.
3180 814 3332 869 Tunc
3353 813 3535 881 itaque
3563 808 3725 879 spiri-

2145 919 2286 976 tuale
2307 933 2502 988 corpus
2525 923 2676 987 reget
2694 909 2839 969 omni
2874 909 3034 966 modo
3061 921 3158 978 pro
3183 906 3433 970 arbitrio;
3456 911 3602 957 nunc
3635 913 3730 956 ve-

2145 1027 2208 1069 ro
2253 1027 2357 1068 non
2405 1010 2552 1064 omni
2607 1006 2803 1072 modo,
2845 1003 2939 1060 sed
2981 1002 3120 1058 sicut
3175 999 3320 1070 leges
3372 994 3732 1052 universitatis

2147 1109 2347 1173 sinunt,
2371 1119 2468 1176 per
2492 1117 2626 1174 quas
2653 1097 2999 1158 constitutum
3017 1104 3102 1152 est
3124 1101 3182 1149 ut
3202 1105 3426 1164 corpora
3439 1099 3556 1145 orta
3586 1087 3734 1151 occi-

2149 1201 2294 1265 dant,
2327 1207 2382 1253 et
2425 1203 2576 1251 aucta
2617 1199 2919 1248 senescant.
2965 1187 3099 1243 Nam
3134 1186 3276 1240 illius
3303 1183 3458 1255 primi
3501 1180 3740 1237 hominis

2150 1295 2349 1359 anima,
2373 1299 2498 1345 ante
2527 1297 2797 1359 peccatum
2827 1282 3033 1340 etiamsi
3053 1279 3288 1335 nondum
3316 1275 3593 1347 spirituale
3619 1287 3741 1328 cor-

2152 1399 2274 1456 pus,
2305 1383 2399 1438 sed
2427 1380 2674 1446 animale;
2707 1387 2881 1432 tamen
2923 1387 3020 1444 pro
3063 1371 3284 1426 arbitrio
3322 1365 3560 1438 regebat.
3615 1365 3746 1419 Post

2157 1455 2430 1550 peccatum
2459 1481 2636 1530 autem
2659 1513 2674 1537 ,
2702 1470 2756 1526 id
2781 1472 2866 1524 est
2893 1471 3237 1538 posteaquam
3272 1467 3544 1531 peccatum
3571 1457 3627 1512 in
3653 1455 3744 1510 illa

2155 1585 2317 1628 carne
2339 1569 2684 1626 commissum
2712 1573 2894 1628 esset,
2923 1575 2991 1615 ex
3018 1574 3118 1630 qua
3146 1555 3398 1625 deinceps
3424 1561 3749 1623 propagare-

2158 1675 2243 1720 tur
2267 1678 2392 1718 caro
2417 1660 2638 1732 peccati;
2669 1660 2846 1713 anima
2876 1652 3150 1711 rationalis
3175 1651 3254 1705 sic
3278 1658 3359 1703 eSt
3396 1649 3446 1701 in
3473 1642 3748 1700 inferiori-

2159 1758 2258 1812 bus
2282 1754 2595 1825 corporibus
2621 1751 2883 1815 ordinata,
2908 1755 3099 1801 utnon
3120 1741 3263 1797 omni
3295 1738 3454 1794 modo
3475 1751 3573 1808 pro
3600 1735 3751 1790 arbi-

2160 1850 2263 1903 trio
2287 1856 2438 1917 regat
2467 1857 2662 1913 corpus
2687 1855 2865 1895 suum.
2893 1835 3045 1905 Quod
3077 1836 3119 1888 si
3142 1831 3375 1888 nondum
3405 1828 3756 1899 acquiescant

2161 1940 2212 1993 in
2243 1936 2493 2008 parvulis,
2525 1934 2614 2004 qui
2639 1932 2784 1988 nulla
2813 1929 2990 1984 adhuc
3027 1932 3244 1998 peccata
3284 1921 3498 1995 propria
3523 1918 3758 1974 commi—

2163 2037 2347 2085 serunt
2369 2070 2385 2096 ,
2407 2027 2518 2097 jam
2548 2033 2724 2080 tamen
2753 2036 2873 2077 esse
2900 2033 3116 2074 carnem
3145 2014 3380 2087 peccati,
3406 2011 3530 2083 quia
3551 2019 3607 2064 et
3632 2009 3759 2064 huic

2164 2117 2412 2176 sanandae
2433 2160 2445 2182 ,
2470 2132 2590 2171 cum
2625 2113 2980 2186 baptizantur,
3011 2106 3313 2164 necessaria
3339 2112 3422 2159 est
3463 2099 3758 2165 medicina,

2165 2207 2455 2266 similitudo
2483 2208 2569 2263 illa
2598 2205 2774 2262 carnis
2801 2202 3041 2274 peccati;
3075 2214 3174 2254 nec
3204 2195 3281 2251 sic
3308 2195 3422 2249 istis
3452 2193 3630 2248 verbis
3656 2206 3762 2244 no-

2165 2303 2288 2358 stris
2317 2301 2512 2355 habent
2550 2297 2692 2369 quod
2736 2299 3106 2350 succenseant.
3152 2291 3373 2343 Constat
3400 2285 3619 2356 quippe,
3653 2281 3766 2337 nisi

2166 2396 2346 2462 fallor,
2369 2392 2611 2449 eamdem
2642 2403 2880 2454 carnem,
2903 2384 3111 2440 etiamsi
3138 2397 3247 2436 non
3273 2380 3422 2446 vitio,
3448 2378 3540 2433 sed
3568 2384 3766 2430 natura

2168 2473 2374 2543 inﬁrma
2394 2493 2498 2553 est,
2527 2495 2702 2538 tamen
2721 2488 2841 2552 post
2865 2487 3138 2556 peccatum
3166 2472 3396 2544 coepisse
3423 2469 3567 2525 nasci
3596 2483 3611 2522 :
3638 2467 3770 2537 quia

2169 2595 2342 2651 neque
2383 2578 2454 2631 ita
2483 2583 2698 2632 creatus
2731 2579 2815 2629 est
2850 2570 3044 2634 Adam,
3094 2581 3266 2636 neque
3310 2564 3539 2634 aliquem
3578 2559 3773 2629 genuit

2172 2665 2294 2726 ante
2319 2677 2618 2740 peccatum.

2245 2765 2296 2818 7.
2338 2763 2596 2830 Quaerant
2628 2773 2760 2829 ergo
2781 2755 2884 2810 alia
2909 2770 3026 2825 quae
3051 2761 3196 2808 recte
3223 2746 3634 2818 reprehendant,
3663 2758 3776 2797 non

2175 2857 2350 2914 Solum
2377 2856 2430 2909 in
2461 2855 2578 2909 aliis
2602 2850 2938 2907 festinantius
2970 2847 3125 2902 editis
3145 2886 3160 2911 ,
3196 2858 3379 2898 verum
3412 2841 3572 2896 etiam
3603 2839 3655 2892 in
3689 2837 3776 2890 his

2176 2951 2304 3022 ipsis
2334 2947 2485 3004 libris
2512 2948 2646 3001 meis
2685 2945 2750 2999 de
2783 2943 2976 2998 Libero
3014 2937 3268 2995 Arbitrio.
3299 2935 3480 3004 Neque
3506 2933 3649 2987 enim
3678 2945 3779 2986 eos

2178 3047 2494 3101 inventuros
2545 3055 2680 3109 nego
2728 3037 2867 3091 unde
2910 3033 3040 3088 mibi
3092 3029 3409 3087 beneﬁcium
3453 3024 3777 3088 conferant;

2178 3136 2428 3207 quoniam
2456 3133 2503 3189 si
2531 3131 2603 3186 illi
2626 3173 2640 3194 ,
2671 3128 2811 3200 quod
2851 3127 2960 3196 jam
3005 3127 3058 3180 in
3095 3124 3381 3178 multorum
3409 3131 3598 3173 manus
3627 3115 3782 3172 exie-

2181 3239 2331 3294 runt,
2375 3225 2566 3295 corrigi
2599 3238 2703 3278 non
2750 3226 2992 3291 possunt,
3031 3229 3131 3288 ego
3172 3224 3316 3270 certe
3357 3212 3606 3283 quoniam
3651 3209 3783 3264 vivo

2181 3323 2375 3388 adhuc,
2428 3331 2666 3390 possum.
2723 3315 2848 3369 Hzec
2898 3321 3074 3366 autem
3113 3308 3270 3364 verba
3306 3314 3412 3360 tam
3444 3311 3600 3358 caute
3627 3315 3659 3355 a
3693 3316 3785 3356 me

2184 3415 2377 3486 posita,
2409 3423 2467 3466 ut
2488 3410 2619 3465 nulli
2644 3407 2713 3463 de
2743 3405 2936 3461 animm
2961 3411 3149 3458 exortu
3178 3407 3402 3470 quatuor
3422 3397 3632 3451 illarum
3663 3393 3785 3464 opi-

2185 3507 2332 3563 nioni
2373 3502 2633 3561 rationivc
2672 3498 3095 3570 pnescriberem,
3141 3493 3194 3546 hi
3235 3498 3437 3546 tantum
3479 3485 3786 3555 reprelien-

2185 3601 2314 3656 dant
2333 3641 2346 3665 ,
2373 3597 2461 3668 qui
2503 3587 2996 3664 reprehendendam
3035 3591 3221 3654 putant
3245 3579 3484 3635 eamdem
3516 3578 3688 3645 ipsam
3719 3575 3787 3629 de

2187 3712 2246 3751 rc
2273 3703 2382 3749 tam
2408 3691 2631 3746 obscura
2659 3684 3049 3743 cunctationem
3078 3693 3251 3733 meam
3277 3694 3292 3728 :
3316 3683 3498 3729 contra
3529 3683 3670 3740 quos
3701 3684 3789 3722 me

2191 3802 2294 3841 non
2326 3782 2576 3848 defendo,
2619 3778 2759 3850 quod
2812 3785 2960 3830 recte
3005 3772 3192 3827 faciam
3241 3769 3293 3822 in
3346 3766 3444 3821 hac
3486 3761 3791 3832 quaestione

2189 3877 2449 3940 cunctari,
2489 3889 2609 3929 cum
2637 3871 2856 3926 omnino
2894 3874 2999 3921 non
3047 3864 3283 3919 dubitem
3333 3869 3386 3915 et
3426 3855 3790 3912 immortalem

2191 3985 2313 4026 esse
2356 3969 2610 4040 animam,
2643 3977 2748 4018 non
2785 3963 2858 4016 ita
2888 3969 2946 4014 ut
2976 3959 3134 4023 Deus,
3165 3955 3253 4025 qui
3301 3953 3447 4008 solus
3481 3950 3646 4005 habet
3686 3948 3804 4004 inte

2192 4038 2566 4118 mortalitatem
2597 4051 2816 4126 (iTim'.
2843 4067 2936 4120 vt,
2965 4051 3092 4123 l6),
3123 4048 3218 4104 sed
3251 4047 3408 4102 modo
3436 4043 3673 4114 quodam
3705 4038 3792 4096 sui

2189 4155 2436 4226 generis;
2477 4161 2534 4209 et
2574 4167 2693 4208 eam
2742 4159 2861 4206 eSSe
2896 4155 3231 4210 creaturam,
3272 4156 3379 4196 non
3430 4136 3792 4193 substantiam

2193 4249 2480 4314 Creatoris,
2510 4257 2564 4302 et
2593 4249 2637 4301 si
2661 4243 2785 4314 quid
2809 4241 2950 4296 aliud
2972 4240 3038 4295 de
3067 4246 3256 4293 natura
3287 4234 3399 4304 ejus
3425 4230 3793 4287 certissimum

2194 4352 2368 4398 teneo.
2416 4338 2521 4396 Sed
2559 4338 2678 4408 quia
2712 4333 2813 4390 hoc
2840 4341 2927 4388 me
2965 4330 3141 4386 facere
3176 4325 3444 4395 compellit
3480 4321 3549 4377 de
3595 4320 3795 4374 anima:

2192 4443 2379 4491 exortu
2406 4429 2857 4500 caliginosissimce
2883 4423 3191 4496 quaeSti‘onis
3215 4417 3530 4481 obscuritas,
3565 4423 3793 4468 manum

2196 4527 2374 4598 potius
2399 4524 2673 4594 porrigant
2697 4515 2990 4583 conﬁtenti,
3013 4523 3067 4569 et
3090 4509 3344 4584 quidquid
3365 4503 3494 4562 illud
3515 4515 3600 4562 est
3627 4517 3797 4560 nosse

2193 4616 2461 4690 cupienti;
2487 4625 2543 4670 et
2567 4615 2813 4678 doceant,
2837 4611 2880 4664 si
2903 4614 3143 4679 possunt,
3165 4604 3249 4659 vel
3268 4599 3573 4661 ostendant,
3599 4598 3644 4651 si
3663 4593 3796 4668 quid

2194 4713 2261 4768 de
2288 4711 2388 4766 hac
2411 4725 2472 4766 re
2498 4706 2582 4764 vei
2611 4713 2754 4762 certa
2777 4703 2978 4758 ratione
3005 4697 3319 4762 didicerunt,
3344 4695 3424 4749 vel
3447 4690 3798 4763 apertissimo

2195 4803 2377 4860 divino
2405 4802 2618 4871 eloquio
2647 4796 3006 4852 crediderunt.
3041 4791 3096 4848 Si
3123 4789 3264 4846 enim
3289 4787 3424 4842 ratio
3449 4793 3638 4839 contra
3667 4780 3799 4836 divi-

2195 4913 2383 4954 narum
2409 4895 2806 4965 Scripturar‘um
2826 4885 3190 4943 auctoritatem
3215 4879 3472 4940 redditur,
3500 4875 3798 4946 quamlibet

2195 4999 2348 5045 acuta
2370 4989 2476 5055 sit,
2510 4985 2645 5040 fallit
2671 4980 2783 5039 veri
2814 4975 3198 5039 similitudine;
3229 4983 3352 5027 nam
3378 4983 3501 5024 vera
3527 4980 3652 5022 esse
3687 4979 3796 5020 non

2196 5090 2389 5153 potest.
2410 5080 2612 5133 Rursus
2627 5077 2674 5130 si
2703 5069 3149 5129 manifestissimae
3173 5074 3436 5133 certatque
3457 5058 3653 5114 rationi
3685 5057 3799 5111 vel—

2198 5183 2253 5230 ut
2304 5172 2697 5241 Scripturarum
2731 5176 3032 5222 sanctarum
3061 5157 3304 5230 objicitur
3329 5154 3659 5216 auctoritas;
3688 5165 3798 5204 non

2197 5237 2444 5335 intelligit
2469 5262 2560 5333 qui
2603 5261 2704 5314 hoc
2733 5257 2875 5320 facit,
2907 5265 2961 5310 et
2998 5268 3105 5307 non
3150 5249 3544 5317 Scripturarum
3578 5237 3798 5298 illarum

2200 5334 2436 5424 sensum,
2476 5355 2541 5410 ad
2587 5367 2745 5424 quem
2791 5356 3070 5420 penetrare
3110 5357 3214 5398 non
3255 5340 3452 5410 potuit,
3497 5334 3594 5390 sed
3638 5346 3799 5388 suum

2202 5451 2376 5522 potius
2405 5448 2586 5517 objicit
2613 5443 2854 5506 veritati,
2889 5455 2986 5494 nec
3023 5435 3164 5508 quod
3193 5435 3247 5488 in
3275 5433 3352 5487 eis
3372 5473 3386 5494 ,
3433 5425 3526 5485 sed
3565 5425 3717 5499 quod
3743 5425 3801 5482 in

2202 5544 2381 5612 seipse
2408 5539 2554 5594 velut
2579 5552 2675 5608 pro
2695 5536 2774 5590 eis
2804 5531 3022 5596 invenit,
3053 5526 3291 5600 opponit.

2275 5607 2328 5693 ὲ.
2371 5607 2619 5702 Exernpii
2644 5629 2812 5700 gratia
2844 5644 2856 5681 :
2880 5623 3166 5694 diligenter
3190 5607 3407 5675 attende
3429 5612 3568 5684 quod
3592 5611 3796 5667 dicam.

2204 5730 2474 5798 Scriptum
2510 5731 2593 5779 est
2623 5735 2789 5792 prepe
2818 5718 2976 5773 ﬁnem
3008 5714 3128 5770 libri
3153 5713 3241 5783 qui
3271 5717 3491 5765 vocatur
3530 5703 3800 5760 Ecclesia-

2205 5830 2338 5887 stes,
2367 5832 2488 5872 cum
2529 5814 2597 5871 de
2633 5809 2899 5868 solutione
2923 5804 3175 5873 hominis,
3209 5818 3328 5871 quae
3354 5799 3413 5854 ﬁt
3436 5812 3536 5870 per
3564 5801 3798 5851 mortem
