  <div class='ocr_page' id='page_1' title='image "/cluster/home/n/w/nwhite01/storage/ocr_20150623/33/hvd.32044015471451/300.png"; bbox 0 0 4154 6354; ppageno 0'>
   <div class='ocr_carea' id='block_1_1' title="bbox 459 585 2050 674">
    <p class='ocr_par' dir='ltr' id='par_1_1' title="bbox 459 585 2050 674">
     <span class='ocr_line' id='line_1_1' title="bbox 459 585 2050 674; baseline 0.013 -34"><span class='ocrx_word' id='word_1_1' title='bbox 459 597 717 655; x_wconf 77' lang='lat' dir='ltr'><strong>queretur</strong></span> <span class='ocrx_word' id='word_1_2' title='bbox 746 604 760 641; x_wconf 85' lang='lat'><strong><em>:</em></strong></span> <span class='ocrx_word' id='word_1_3' title='bbox 790 585 859 641; x_wconf 84' lang='lat' dir='ltr'><strong>Et</strong></span> <span class='ocrx_word' id='word_1_4' title='bbox 880 600 1195 646; x_wconf 75' lang='lat' dir='ltr'><strong>convertatur</strong></span> <span class='ocrx_word' id='word_1_5' title='bbox 1225 594 1389 663; x_wconf 81' lang='lat' dir='ltr'><strong>pulvis</strong></span> <span class='ocrx_word' id='word_1_6' title='bbox 1414 595 1468 649; x_wconf 85' lang='lat' dir='ltr'><strong>in</strong></span> <span class='ocrx_word' id='word_1_7' title='bbox 1498 606 1682 653; x_wconf 83' lang='lat' dir='ltr'><strong>terram</strong></span> <span class='ocrx_word' id='word_1_8' title='bbox 1707 638 1721 665; x_wconf 91' lang='lat'><strong>,</strong></span> <span class='ocrx_word' id='word_1_9' title='bbox 1751 604 1881 657; x_wconf 81' lang='lat' dir='ltr'><strong>sicut</strong></span> <span class='ocrx_word' id='word_1_10' title='bbox 1914 606 2009 674; x_wconf 70' lang='lat' dir='ltr'><strong>fuit</strong></span> <span class='ocrx_word' id='word_1_11' title='bbox 2032 627 2050 673; x_wconf 88' lang='lat'><strong><em>;</em></strong></span> 
     </span>
    </p>
   </div>
   <div class='ocr_carea' id='block_1_2' title="bbox 456 680 2045 768">
    <p class='ocr_par' dir='ltr' id='par_1_2' title="bbox 456 680 2045 768">
     <span class='ocr_line' id='line_1_2' title="bbox 456 680 2045 768; baseline 0.014 -36"><span class='ocrx_word' id='word_1_12' title='bbox 456 688 502 732; x_wconf 87' lang='lat' dir='ltr'><strong>et</strong></span> <span class='ocrx_word' id='word_1_13' title='bbox 526 680 737 747; x_wconf 78' lang='lat' dir='ltr'><strong>spiritus</strong></span> <span class='ocrx_word' id='word_1_14' title='bbox 768 691 1041 736; x_wconf 78' lang='lat' dir='ltr'><strong>revertatur</strong></span> <span class='ocrx_word' id='word_1_15' title='bbox 1074 684 1141 737; x_wconf 87' lang='lat' dir='ltr'><strong>ad</strong></span> <span class='ocrx_word' id='word_1_16' title='bbox 1182 685 1347 741; x_wconf 84' lang='lat' dir='ltr'><strong>Deum</strong></span> <span class='ocrx_word' id='word_1_17' title='bbox 1387 690 1473 761; x_wconf 82' lang='lat' dir='ltr'><strong>qui</strong></span> <span class='ocrx_word' id='word_1_18' title='bbox 1506 690 1645 744; x_wconf 86' lang='lat' dir='ltr'><strong>dedit</strong></span> <span class='ocrx_word' id='word_1_19' title='bbox 1681 710 1794 747; x_wconf 77' lang='lat' dir='ltr'><strong>eum</strong></span> <span class='ocrx_word' id='word_1_20' title='bbox 1849 695 2045 768; x_wconf 73' lang='lat' dir='ltr'><strong>(Eccle.</strong></span> 
     </span>
    </p>
   </div>
   <div class='ocr_carea' id='block_1_3' title="bbox 457 771 2045 852">
    <p class='ocr_par' dir='ltr' id='par_1_3' title="bbox 457 771 2045 852">
     <span class='ocr_line' id='line_1_3' title="bbox 457 771 2045 852; baseline 0.015 -30"><span class='ocrx_word' id='word_1_21' title='bbox 457 783 554 834; x_wconf 79' lang='lat' dir='ltr'><strong>xu,</strong></span> <span class='ocrx_word' id='word_1_22' title='bbox 582 771 654 839; x_wconf 82' lang='lat'><strong>7).</strong></span> <span class='ocrx_word' id='word_1_23' title='bbox 685 772 951 827; x_wconf 74' lang='lat' dir='ltr'><strong>Sententia</strong></span> <span class='ocrx_word' id='word_1_24' title='bbox 994 773 1150 844; x_wconf 74' lang='lat' dir='ltr'><strong>hujus</strong></span> <span class='ocrx_word' id='word_1_25' title='bbox 1185 780 1514 834; x_wconf 73' lang='lat' dir='ltr'><strong>auctoritatis</strong></span> <span class='ocrx_word' id='word_1_26' title='bbox 1542 786 1723 852; x_wconf 84' lang='lat' dir='ltr'><strong>procul</strong></span> <span class='ocrx_word' id='word_1_27' title='bbox 1744 785 1908 843; x_wconf 88' lang='lat' dir='ltr'><strong>dubio</strong></span> <span class='ocrx_word' id='word_1_28' title='bbox 1932 805 2045 845; x_wconf 85' lang='lat' dir='ltr'><strong>cer-</strong></span> 
     </span>
    </p>
   </div>
   <div class='ocr_carea' id='block_1_4' title="bbox 454 868 2043 953">
    <p class='ocr_par' dir='ltr' id='par_1_4' title="bbox 454 868 2043 953">
     <span class='ocr_line' id='line_1_4' title="bbox 454 868 2043 953; baseline 0.016 -40"><span class='ocrx_word' id='word_1_29' title='bbox 454 869 504 913; x_wconf 91' lang='lat' dir='ltr'><strong>ta</strong></span> <span class='ocrx_word' id='word_1_30' title='bbox 537 870 649 926; x_wconf 87' lang='lat' dir='ltr'><strong>est,</strong></span> <span class='ocrx_word' id='word_1_31' title='bbox 683 878 781 917; x_wconf 90' lang='lat' dir='ltr'><strong>nec</strong></span> <span class='ocrx_word' id='word_1_32' title='bbox 810 880 1130 936; x_wconf 88' lang='lat' dir='ltr'><strong>quemquam</strong></span> <span class='ocrx_word' id='word_1_33' title='bbox 1160 868 1357 941; x_wconf 80' lang='lat' dir='ltr'><strong>decipit</strong></span> <span class='ocrx_word' id='word_1_34' title='bbox 1390 872 1658 930; x_wconf 77' lang='lat' dir='ltr'><strong>falsitate:</strong></span> <span class='ocrx_word' id='word_1_35' title='bbox 1694 879 1786 933; x_wconf 86' lang='lat' dir='ltr'><strong>sed</strong></span> <span class='ocrx_word' id='word_1_36' title='bbox 1817 881 1860 935; x_wconf 88' lang='lat' dir='ltr'><strong>si</strong></span> <span class='ocrx_word' id='word_1_37' title='bbox 1896 883 2043 953; x_wconf 52' lang='lat' dir='ltr'><strong>quisu</strong></span> 
     </span>
    </p>
   </div>
   <div class='ocr_carea' id='block_1_5' title="bbox 450 952 2040 1033">
    <p class='ocr_par' dir='ltr' id='par_1_5' title="bbox 450 952 2040 1033">
     <span class='ocr_line' id='line_1_5' title="bbox 450 952 2040 1033; baseline 0.017 -29"><span class='ocrx_word' id='word_1_38' title='bbox 450 952 594 1022; x_wconf 90' lang='lat' dir='ltr'><strong>piam</strong></span> <span class='ocrx_word' id='word_1_39' title='bbox 630 955 853 1010; x_wconf 85' lang='lat' dir='ltr'><strong>voluerit</strong></span> <span class='ocrx_word' id='word_1_40' title='bbox 872 972 990 1012; x_wconf 85' lang='lat' dir='ltr'><strong>eam</strong></span> <span class='ocrx_word' id='word_1_41' title='bbox 1018 959 1095 1014; x_wconf 84' lang='lat' dir='ltr'><strong>sic</strong></span> <span class='ocrx_word' id='word_1_42' title='bbox 1122 960 1481 1033; x_wconf 88' lang='lat' dir='ltr'><strong>interpretari,</strong></span> <span class='ocrx_word' id='word_1_43' title='bbox 1508 977 1565 1022; x_wconf 89' lang='lat' dir='ltr'><strong>ut</strong></span> <span class='ocrx_word' id='word_1_44' title='bbox 1594 968 1715 1027; x_wconf 88' lang='lat' dir='ltr'><strong>inde</strong></span> <span class='ocrx_word' id='word_1_45' title='bbox 1745 973 2040 1030; x_wconf 88' lang='lat' dir='ltr'><strong>animarum</strong></span> 
     </span>
    </p>
   </div>
   <div class='ocr_carea' id='block_1_6' title="bbox 448 1046 2039 1132">
    <p class='ocr_par' dir='ltr' id='par_1_6' title="bbox 448 1046 2039 1132">
     <span class='ocr_line' id='line_1_6' title="bbox 448 1046 2039 1132; baseline 0.017 -36"><span class='ocrx_word' id='word_1_46' title='bbox 448 1046 821 1115; x_wconf 76' lang='lat' dir='ltr'><strong>propaginem,</strong></span> <span class='ocrx_word' id='word_1_47' title='bbox 853 1048 994 1118; x_wconf 86' lang='lat' dir='ltr'><strong>quod</strong></span> <span class='ocrx_word' id='word_1_48' title='bbox 1019 1065 1084 1106; x_wconf 85' lang='lat' dir='ltr'><strong>ex</strong></span> <span class='ocrx_word' id='word_1_49' title='bbox 1128 1052 1216 1106; x_wconf 89' lang='lat' dir='ltr'><strong>illa</strong></span> <span class='ocrx_word' id='word_1_50' title='bbox 1260 1070 1361 1109; x_wconf 90' lang='lat' dir='ltr'><strong>una</strong></span> <span class='ocrx_word' id='word_1_51' title='bbox 1388 1074 1544 1127; x_wconf 91' lang='lat' dir='ltr'><strong>quam</strong></span> <span class='ocrx_word' id='word_1_52' title='bbox 1574 1060 1713 1117; x_wconf 88' lang='lat' dir='ltr'><strong>Deus</strong></span> <span class='ocrx_word' id='word_1_53' title='bbox 1741 1065 1912 1132; x_wconf 86' lang='lat' dir='ltr'><strong>primo</strong></span> <span class='ocrx_word' id='word_1_54' title='bbox 1938 1066 2039 1123; x_wconf 83' lang='lat' dir='ltr'><strong>ho-</strong></span> 
     </span>
    </p>
   </div>
   <div class='ocr_carea' id='block_1_7' title="bbox 445 1135 2033 1225">
    <p class='ocr_par' dir='ltr' id='par_1_7' title="bbox 445 1135 2033 1225">
     <span class='ocr_line' id='line_1_7' title="bbox 445 1135 2033 1225; baseline 0.018 -38"><span class='ocrx_word' id='word_1_55' title='bbox 445 1135 576 1189; x_wconf 88' lang='lat' dir='ltr'><strong>mini</strong></span> <span class='ocrx_word' id='word_1_56' title='bbox 602 1137 764 1204; x_wconf 84' lang='lat' dir='ltr'><strong>dedit,</strong></span> <span class='ocrx_word' id='word_1_57' title='bbox 794 1154 980 1195; x_wconf 84' lang='lat' dir='ltr'><strong>omnes</strong></span> <span class='ocrx_word' id='word_1_58' title='bbox 995 1151 1203 1198; x_wconf 66' lang='lat' dir='ltr'><strong>creterac</strong></span> <span class='ocrx_word' id='word_1_59' title='bbox 1221 1148 1454 1214; x_wconf 87' lang='lat' dir='ltr'><strong>veniant,</strong></span> <span class='ocrx_word' id='word_1_60' title='bbox 1482 1162 1704 1208; x_wconf 86' lang='lat' dir='ltr'><strong>conetur</strong></span> <span class='ocrx_word' id='word_1_61' title='bbox 1724 1156 2000 1215; x_wconf 85' lang='lat' dir='ltr'><strong>adstruere</strong></span> <span class='ocrx_word' id='word_1_62' title='bbox 2020 1178 2033 1225; x_wconf 89' lang='lat'><strong>;</strong></span> 
     </span>
    </p>
   </div>
   <div class='ocr_carea' id='block_1_8' title="bbox 445 1227 2038 1308">
    <p class='ocr_par' dir='ltr' id='par_1_8' title="bbox 445 1227 2038 1308">
     <span class='ocr_line' id='line_1_8' title="bbox 445 1227 2038 1308; baseline 0.018 -28"><span class='ocrx_word' id='word_1_63' title='bbox 445 1227 655 1284; x_wconf 85' lang='lat' dir='ltr'><strong>videtur</strong></span> <span class='ocrx_word' id='word_1_64' title='bbox 689 1230 766 1285; x_wconf 85' lang='lat' dir='ltr'><strong>illi</strong></span> <span class='ocrx_word' id='word_1_65' title='bbox 800 1232 1078 1305; x_wconf 79' lang='lat' dir='ltr'><strong>suifragari</strong></span> <span class='ocrx_word' id='word_1_66' title='bbox 1108 1238 1248 1304; x_wconf 86' lang='lat' dir='ltr'><strong>quod</strong></span> <span class='ocrx_word' id='word_1_67' title='bbox 1282 1238 1353 1294; x_wconf 86' lang='lat' dir='ltr'><strong>ibi</strong></span> <span class='ocrx_word' id='word_1_68' title='bbox 1391 1241 1457 1296; x_wconf 89' lang='lat' dir='ltr'><strong>de</strong></span> <span class='ocrx_word' id='word_1_69' title='bbox 1505 1259 1665 1301; x_wconf 89' lang='lat' dir='ltr'><strong>carne</strong></span> <span class='ocrx_word' id='word_1_70' title='bbox 1714 1249 1912 1305; x_wconf 88' lang='lat' dir='ltr'><strong>dictum</strong></span> <span class='ocrx_word' id='word_1_71' title='bbox 1952 1263 2038 1308; x_wconf 87' lang='lat' dir='ltr'><strong>est</strong></span> 
     </span>
    </p>
   </div>
   <div class='ocr_carea' id='block_1_9' title="bbox 445 1321 2033 1410">
    <p class='ocr_par' dir='ltr' id='par_1_9' title="bbox 445 1321 2033 1410">
     <span class='ocr_line' id='line_1_9' title="bbox 445 1321 2033 1410; baseline 0.016 -35"><span class='ocrx_word' id='word_1_72' title='bbox 445 1321 681 1391; x_wconf 84' lang='lat' dir='ltr'><strong>pulveris</strong></span> <span class='ocrx_word' id='word_1_73' title='bbox 723 1326 941 1383; x_wconf 81' lang='lat' dir='ltr'><strong>nomine</strong></span> <span class='ocrx_word' id='word_1_74' title='bbox 985 1328 1131 1397; x_wconf 87' lang='lat' dir='ltr'><strong>(nam</strong></span> <span class='ocrx_word' id='word_1_75' title='bbox 1163 1333 1343 1401; x_wconf 91' lang='lat' dir='ltr'><strong>utique</strong></span> <span class='ocrx_word' id='word_1_76' title='bbox 1374 1338 1549 1404; x_wconf 85' lang='lat' dir='ltr'><strong>pulvis</strong></span> <span class='ocrx_word' id='word_1_77' title='bbox 1578 1349 1632 1393; x_wconf 88' lang='lat' dir='ltr'><strong>et</strong></span> <span class='ocrx_word' id='word_1_78' title='bbox 1656 1344 1871 1410; x_wconf 80' lang='lat' dir='ltr'><strong>spiritus</strong></span> <span class='ocrx_word' id='word_1_79' title='bbox 1902 1346 2033 1401; x_wconf 82' lang='lat' dir='ltr'><strong>nihil</strong></span> 
     </span>
    </p>
   </div>
   <div class='ocr_carea' id='block_1_10' title="bbox 440 1415 2031 1507">
    <p class='ocr_par' dir='ltr' id='par_1_10' title="bbox 440 1415 2031 1507">
     <span class='ocr_line' id='line_1_10' title="bbox 440 1415 2031 1507; baseline 0.017 -39"><span class='ocrx_word' id='word_1_80' title='bbox 440 1415 583 1471; x_wconf 88' lang='lat' dir='ltr'><strong>aliud</strong></span> <span class='ocrx_word' id='word_1_81' title='bbox 616 1417 721 1472; x_wconf 89' lang='lat' dir='ltr'><strong>hoc</strong></span> <span class='ocrx_word' id='word_1_82' title='bbox 743 1418 862 1473; x_wconf 92' lang='lat' dir='ltr'><strong>loco</strong></span> <span class='ocrx_word' id='word_1_83' title='bbox 887 1437 1045 1491; x_wconf 84' lang='lat' dir='ltr'><strong>quam</strong></span> <span class='ocrx_word' id='word_1_84' title='bbox 1073 1424 1249 1480; x_wconf 88' lang='lat' dir='ltr'><strong>anima</strong></span> <span class='ocrx_word' id='word_1_85' title='bbox 1278 1437 1330 1481; x_wconf 90' lang='lat' dir='ltr'><strong>et</strong></span> <span class='ocrx_word' id='word_1_86' title='bbox 1350 1445 1475 1483; x_wconf 89' lang='lat' dir='ltr'><strong>caro</strong></span> <span class='ocrx_word' id='word_1_87' title='bbox 1506 1432 1858 1507; x_wconf 77' lang='lat' dir='ltr'><strong>intelligitur),</strong></span> <span class='ocrx_word' id='word_1_88' title='bbox 1888 1449 1943 1493; x_wconf 82' lang='lat' dir='ltr'><strong>ut</strong></span> <span class='ocrx_word' id='word_1_89' title='bbox 1963 1455 2031 1495; x_wconf 86' lang='lat' dir='ltr'><strong>eo</strong></span> 
     </span>
    </p>
   </div>
   <div class='ocr_carea' id='block_1_11' title="bbox 436 1510 2027 1597">
    <p class='ocr_par' dir='ltr' id='par_1_11' title="bbox 436 1510 2027 1597">
     <span class='ocr_line' id='line_1_11' title="bbox 436 1510 2027 1597; baseline 0.018 -36"><span class='ocrx_word' id='word_1_90' title='bbox 436 1510 598 1564; x_wconf 89' lang='lat' dir='ltr'><strong>modo</strong></span> <span class='ocrx_word' id='word_1_91' title='bbox 628 1510 857 1567; x_wconf 81' lang='lat' dir='ltr'><strong>affirmet</strong></span> <span class='ocrx_word' id='word_1_92' title='bbox 883 1515 1113 1570; x_wconf 86' lang='lat' dir='ltr'><strong>animam</strong></span> <span class='ocrx_word' id='word_1_93' title='bbox 1142 1520 1336 1574; x_wconf 82' lang='lat' dir='ltr'><strong>reverti</strong></span> <span class='ocrx_word' id='word_1_94' title='bbox 1369 1522 1433 1575; x_wconf 88' lang='lat' dir='ltr'><strong>ad</strong></span> <span class='ocrx_word' id='word_1_95' title='bbox 1466 1524 1629 1578; x_wconf 86' lang='lat' dir='ltr'><strong>Deum</strong></span> <span class='ocrx_word' id='word_1_96' title='bbox 1648 1568 1660 1592; x_wconf 91' lang='lat'><strong>,</strong></span> <span class='ocrx_word' id='word_1_97' title='bbox 1693 1529 1835 1597; x_wconf 91' lang='lat' dir='ltr'><strong>quod</strong></span> <span class='ocrx_word' id='word_1_98' title='bbox 1864 1532 1932 1585; x_wconf 89' lang='lat' dir='ltr'><strong>sit</strong></span> <span class='ocrx_word' id='word_1_99' title='bbox 1959 1532 2027 1589; x_wconf 89' lang='lat' dir='ltr'><strong>de</strong></span> 
     </span>
    </p>
   </div>
   <div class='ocr_carea' id='block_1_12' title="bbox 436 1601 2021 1691">
    <p class='ocr_par' dir='ltr' id='par_1_12' title="bbox 436 1601 2021 1691">
     <span class='ocr_line' id='line_1_12' title="bbox 436 1601 2021 1691; baseline 0.015 -35"><span class='ocrx_word' id='word_1_100' title='bbox 436 1601 652 1657; x_wconf 83' lang='lat' dir='ltr'><strong>traduce</strong></span> <span class='ocrx_word' id='word_1_101' title='bbox 683 1603 823 1659; x_wconf 89' lang='lat' dir='ltr'><strong>illius</strong></span> <span class='ocrx_word' id='word_1_102' title='bbox 852 1607 1046 1661; x_wconf 73' lang='lat' dir='ltr'><strong>animat</strong></span> <span class='ocrx_word' id='word_1_103' title='bbox 1073 1624 1231 1679; x_wconf 88' lang='lat' dir='ltr'><strong>quam</strong></span> <span class='ocrx_word' id='word_1_104' title='bbox 1264 1613 1436 1681; x_wconf 90' lang='lat' dir='ltr'><strong>primo</strong></span> <span class='ocrx_word' id='word_1_105' title='bbox 1458 1615 1660 1672; x_wconf 87' lang='lat' dir='ltr'><strong>homini</strong></span> <span class='ocrx_word' id='word_1_106' title='bbox 1689 1619 1838 1675; x_wconf 89' lang='lat' dir='ltr'><strong>dedit</strong></span> <span class='ocrx_word' id='word_1_107' title='bbox 1866 1624 2021 1691; x_wconf 84' lang='lat' dir='ltr'><strong>Deus,</strong></span> 
     </span>
    </p>
   </div>
   <div class='ocr_carea' id='block_1_13' title="bbox 433 1695 2027 1780">
    <p class='ocr_par' dir='ltr' id='par_1_13' title="bbox 433 1695 2027 1780">
     <span class='ocr_line' id='line_1_13' title="bbox 433 1695 2027 1780; baseline 0.016 -34"><span class='ocrx_word' id='word_1_108' title='bbox 433 1695 879 1763; x_wconf 84' lang='lat' dir='ltr'><strong>quemadmodum</strong></span> <span class='ocrx_word' id='word_1_109' title='bbox 909 1701 1235 1757; x_wconf 77' lang='lat' dir='ltr'><strong>convertitur</strong></span> <span class='ocrx_word' id='word_1_110' title='bbox 1262 1720 1388 1760; x_wconf 88' lang='lat' dir='ltr'><strong>caro</strong></span> <span class='ocrx_word' id='word_1_111' title='bbox 1438 1708 1486 1760; x_wconf 90' lang='lat' dir='ltr'><strong>in</strong></span> <span class='ocrx_word' id='word_1_112' title='bbox 1531 1719 1723 1765; x_wconf 80' lang='lat' dir='ltr'><strong>terram</strong></span> <span class='ocrx_word' id='word_1_113' title='bbox 1747 1755 1763 1780; x_wconf 96' lang='lat'><strong>,</strong></span> <span class='ocrx_word' id='word_1_114' title='bbox 1795 1729 1914 1770; x_wconf 90' lang='lat' dir='ltr'><strong>cum</strong></span> <span class='ocrx_word' id='word_1_115' title='bbox 1958 1720 2027 1772; x_wconf 89' lang='lat' dir='ltr'><strong>sit</strong></span> 
     </span>
    </p>
   </div>
   <div class='ocr_carea' id='block_1_14' title="bbox 434 1772 2023 1874">
    <p class='ocr_par' dir='ltr' id='par_1_14' title="bbox 434 1772 2023 1874">
     <span class='ocr_line' id='line_1_14' title="bbox 434 1772 2023 1874; baseline 0.015 -33"><span class='ocrx_word' id='word_1_116' title='bbox 434 1786 599 1843; x_wconf 85' lang='lat' dir='ltr'><strong>etiam</strong></span> <span class='ocrx_word' id='word_1_117' title='bbox 629 1790 739 1858; x_wconf 82' lang='lat' dir='ltr'><strong>ipsa</strong></span> <span class='ocrx_word' id='word_1_118' title='bbox 770 1772 836 1845; x_wconf 88' lang='lat' dir='ltr'><strong>de</strong></span> <span class='ocrx_word' id='word_1_119' title='bbox 868 1794 1086 1850; x_wconf 86' lang='lat' dir='ltr'><strong>traduce</strong></span> <span class='ocrx_word' id='word_1_120' title='bbox 1114 1796 1250 1852; x_wconf 91' lang='lat' dir='ltr'><strong>illius</strong></span> <span class='ocrx_word' id='word_1_121' title='bbox 1278 1802 1455 1854; x_wconf 88' lang='lat' dir='ltr'><strong>carnis</strong></span> <span class='ocrx_word' id='word_1_122' title='bbox 1479 1819 1597 1872; x_wconf 68' lang='lat' dir='ltr'><strong>quae</strong></span> <span class='ocrx_word' id='word_1_123' title='bbox 1624 1805 1675 1858; x_wconf 89' lang='lat' dir='ltr'><strong>in</strong></span> <span class='ocrx_word' id='word_1_124' title='bbox 1710 1807 1878 1874; x_wconf 87' lang='lat' dir='ltr'><strong>primo</strong></span> <span class='ocrx_word' id='word_1_125' title='bbox 1904 1809 1974 1865; x_wconf 90' lang='lat' dir='ltr'><strong>ho</strong></span> <span class='ocrx_word' id='word_1_126' title='bbox 1996 1841 2023 1853; x_wconf 83' lang='lat'><strong>-</strong></span> 
     </span>
    </p>
   </div>
   <div class='ocr_carea' id='block_1_15' title="bbox 432 1882 2021 1971">
    <p class='ocr_par' dir='ltr' id='par_1_15' title="bbox 432 1882 2021 1971">
     <span class='ocr_line' id='line_1_15' title="bbox 432 1882 2021 1971; baseline 0.014 -37"><span class='ocrx_word' id='word_1_127' title='bbox 432 1882 578 1935; x_wconf 87' lang='lat' dir='ltr'><strong>mine</strong></span> <span class='ocrx_word' id='word_1_128' title='bbox 605 1882 672 1936; x_wconf 90' lang='lat' dir='ltr'><strong>de</strong></span> <span class='ocrx_word' id='word_1_129' title='bbox 700 1892 842 1939; x_wconf 84' lang='lat' dir='ltr'><strong>terra</strong></span> <span class='ocrx_word' id='word_1_130' title='bbox 872 1885 1008 1941; x_wconf 66' lang='lat' dir='ltr'><strong>facta</strong></span> <span class='ocrx_word' id='word_1_131' title='bbox 1037 1896 1119 1943; x_wconf 89' lang='lat' dir='ltr'><strong>est</strong></span> <span class='ocrx_word' id='word_1_132' title='bbox 1142 1907 1154 1944; x_wconf 92' lang='lat'><strong>:</strong></span> <span class='ocrx_word' id='word_1_133' title='bbox 1182 1906 1245 1943; x_wconf 87' lang='lat' dir='ltr'><strong>ac</strong></span> <span class='ocrx_word' id='word_1_134' title='bbox 1272 1892 1349 1946; x_wconf 84' lang='lat' dir='ltr'><strong>sic</strong></span> <span class='ocrx_word' id='word_1_135' title='bbox 1366 1896 1652 1950; x_wconf 85' lang='lat' dir='ltr'><strong>contendat</strong></span> <span class='ocrx_word' id='word_1_136' title='bbox 1678 1914 1740 1952; x_wconf 82' lang='lat' dir='ltr'><strong>ex</strong></span> <span class='ocrx_word' id='word_1_137' title='bbox 1768 1898 1866 1954; x_wconf 88' lang='lat' dir='ltr'><strong>hoc</strong></span> <span class='ocrx_word' id='word_1_138' title='bbox 1882 1904 2021 1971; x_wconf 88' lang='lat' dir='ltr'><strong>quod</strong></span> 
     </span>
    </p>
   </div>
   <div class='ocr_carea' id='block_1_16' title="bbox 428 1972 2019 2052">
    <p class='ocr_par' dir='ltr' id='par_1_16' title="bbox 428 1972 2019 2052">
     <span class='ocr_line' id='line_1_16' title="bbox 428 1972 2019 2052; baseline 0.015 -25"><span class='ocrx_word' id='word_1_139' title='bbox 428 1972 495 2029; x_wconf 89' lang='lat' dir='ltr'><strong>de</strong></span> <span class='ocrx_word' id='word_1_140' title='bbox 523 1990 685 2031; x_wconf 89' lang='lat' dir='ltr'><strong>carne</strong></span> <span class='ocrx_word' id='word_1_141' title='bbox 730 1980 1067 2035; x_wconf 85' lang='lat' dir='ltr'><strong>notissimum</strong></span> <span class='ocrx_word' id='word_1_142' title='bbox 1108 1991 1210 2046; x_wconf 86' lang='lat' dir='ltr'><strong>est,</strong></span> <span class='ocrx_word' id='word_1_143' title='bbox 1233 1984 1429 2042; x_wconf 89' lang='lat' dir='ltr'><strong>debere</strong></span> <span class='ocrx_word' id='word_1_144' title='bbox 1480 2004 1576 2043; x_wconf 90' lang='lat' dir='ltr'><strong>nos</strong></span> <span class='ocrx_word' id='word_1_145' title='bbox 1618 1992 1839 2048; x_wconf 82' lang='lat' dir='ltr'><strong>credere</strong></span> <span class='ocrx_word' id='word_1_146' title='bbox 1891 1997 2019 2052; x_wconf 90' lang='lat' dir='ltr'><strong>illud</strong></span> 
     </span>
    </p>
   </div>
   <div class='ocr_carea' id='block_1_17' title="bbox 424 2069 2018 2159">
    <p class='ocr_par' dir='ltr' id='par_1_17' title="bbox 424 2069 2018 2159">
     <span class='ocr_line' id='line_1_17' title="bbox 424 2069 2018 2159; baseline 0.016 -37"><span class='ocrx_word' id='word_1_147' title='bbox 424 2069 567 2137; x_wconf 86' lang='lat' dir='ltr'><strong>quod</strong></span> <span class='ocrx_word' id='word_1_148' title='bbox 598 2070 665 2126; x_wconf 86' lang='lat' dir='ltr'><strong>de</strong></span> <span class='ocrx_word' id='word_1_149' title='bbox 693 2072 866 2127; x_wconf 90' lang='lat' dir='ltr'><strong>anima</strong></span> <span class='ocrx_word' id='word_1_150' title='bbox 900 2076 1166 2131; x_wconf 91' lang='lat' dir='ltr'><strong>occultum</strong></span> <span class='ocrx_word' id='word_1_151' title='bbox 1194 2088 1296 2134; x_wconf 84' lang='lat' dir='ltr'><strong>est.</strong></span> <span class='ocrx_word' id='word_1_152' title='bbox 1332 2082 1405 2137; x_wconf 87' lang='lat' dir='ltr'><strong>De</strong></span> <span class='ocrx_word' id='word_1_153' title='bbox 1436 2085 1651 2140; x_wconf 77' lang='lat' dir='ltr'><strong>traduce</strong></span> <span class='ocrx_word' id='word_1_154' title='bbox 1682 2089 1874 2159; x_wconf 87' lang='lat' dir='ltr'><strong>quippe</strong></span> <span class='ocrx_word' id='word_1_155' title='bbox 1901 2109 2018 2147; x_wconf 85' lang='lat' dir='ltr'><strong>car-</strong></span> 
     </span>
    </p>
   </div>
   <div class='ocr_carea' id='block_1_18' title="bbox 428 2158 2018 2247">
    <p class='ocr_par' dir='ltr' id='par_1_18' title="bbox 428 2158 2018 2247">
     <span class='ocr_line' id='line_1_18' title="bbox 428 2158 2018 2247; baseline 0.017 -35"><span class='ocrx_word' id='word_1_156' title='bbox 428 2158 512 2213; x_wconf 93' lang='lat' dir='ltr'><strong>nis</strong></span> <span class='ocrx_word' id='word_1_157' title='bbox 538 2176 646 2215; x_wconf 88' lang='lat' dir='ltr'><strong>non</strong></span> <span class='ocrx_word' id='word_1_158' title='bbox 672 2163 959 2234; x_wconf 77' lang='lat' dir='ltr'><strong>ambigitur</strong></span> <span class='ocrx_word' id='word_1_159' title='bbox 984 2206 998 2231; x_wconf 94' lang='lat'><strong>,</strong></span> <span class='ocrx_word' id='word_1_160' title='bbox 1028 2168 1123 2222; x_wconf 86' lang='lat' dir='ltr'><strong>sed</strong></span> <span class='ocrx_word' id='word_1_161' title='bbox 1150 2169 1220 2225; x_wconf 88' lang='lat' dir='ltr'><strong>de</strong></span> <span class='ocrx_word' id='word_1_162' title='bbox 1246 2173 1442 2228; x_wconf 63' lang='lat' dir='ltr'><strong>animae</strong></span> <span class='ocrx_word' id='word_1_163' title='bbox 1472 2177 1772 2247; x_wconf 81' lang='lat' dir='ltr'><strong>ambigitur.</strong></span> <span class='ocrx_word' id='word_1_164' title='bbox 1807 2181 2018 2238; x_wconf 85' lang='lat' dir='ltr'><strong>Utrum-</strong></span> 
     </span>
    </p>
   </div>
   <div class='ocr_carea' id='block_1_19' title="bbox 423 2256 2017 2337">
    <p class='ocr_par' dir='ltr' id='par_1_19' title="bbox 423 2256 2017 2337">
     <span class='ocr_line' id='line_1_19' title="bbox 423 2256 2017 2337; baseline 0.016 -33"><span class='ocrx_word' id='word_1_165' title='bbox 423 2266 526 2321; x_wconf 83' lang='lat' dir='ltr'><strong>que</strong></span> <span class='ocrx_word' id='word_1_166' title='bbox 557 2263 735 2309; x_wconf 83' lang='lat' dir='ltr'><strong>autem</strong></span> <span class='ocrx_word' id='word_1_167' title='bbox 773 2256 842 2309; x_wconf 83' lang='lat' dir='ltr'><strong>ita</strong></span> <span class='ocrx_word' id='word_1_168' title='bbox 888 2259 1119 2327; x_wconf 89' lang='lat' dir='ltr'><strong>positum</strong></span> <span class='ocrx_word' id='word_1_169' title='bbox 1163 2270 1245 2316; x_wconf 92' lang='grc' dir='ltr'><strong>εει</strong></span> <span class='ocrx_word' id='word_1_170' title='bbox 1288 2264 1337 2316; x_wconf 90' lang='lat' dir='ltr'><strong>in</strong></span> <span class='ocrx_word' id='word_1_171' title='bbox 1382 2264 1485 2320; x_wconf 92' lang='lat' dir='ltr'><strong>hoc</strong></span> <span class='ocrx_word' id='word_1_172' title='bbox 1529 2270 1846 2337; x_wconf 63' lang='lat' dir='ltr'><strong>testimonio,</strong></span> <span class='ocrx_word' id='word_1_173' title='bbox 1874 2277 2017 2331; x_wconf 87' lang='lat' dir='ltr'><strong>velut</strong></span> 
     </span>
    </p>
   </div>
   <div class='ocr_carea' id='block_1_20' title="bbox 422 2346 2013 2423">
    <p class='ocr_par' dir='ltr' id='par_1_20' title="bbox 422 2346 2013 2423">
     <span class='ocr_line' id='line_1_20' title="bbox 422 2346 2013 2423; baseline 0.014 -23"><span class='ocrx_word' id='word_1_174' title='bbox 422 2346 625 2417; x_wconf 83' lang='lat' dir='ltr'><strong>singula</strong></span> <span class='ocrx_word' id='word_1_175' title='bbox 650 2350 870 2419; x_wconf 82' lang='lat' dir='ltr'><strong>singulis</strong></span> <span class='ocrx_word' id='word_1_176' title='bbox 899 2353 1050 2420; x_wconf 88' lang='lat' dir='ltr'><strong>parili</strong></span> <span class='ocrx_word' id='word_1_177' title='bbox 1084 2356 1290 2410; x_wconf 85' lang='lat' dir='ltr'><strong>ratione</strong></span> <span class='ocrx_word' id='word_1_178' title='bbox 1312 2358 1637 2414; x_wconf 85' lang='lat' dir='ltr'><strong>reddantur:</strong></span> <span class='ocrx_word' id='word_1_179' title='bbox 1662 2377 1789 2417; x_wconf 90' lang='lat' dir='ltr'><strong>caro</strong></span> <span class='ocrx_word' id='word_1_180' title='bbox 1813 2367 2013 2423; x_wconf 87' lang='lat' dir='ltr'><strong>scilicet</strong></span> 
     </span>
    </p>
   </div>
   <div class='ocr_carea' id='block_1_21' title="bbox 421 2443 2008 2528">
    <p class='ocr_par' dir='ltr' id='par_1_21' title="bbox 421 2443 2008 2528">
     <span class='ocr_line' id='line_1_21' title="bbox 421 2443 2008 2528; baseline 0.012 -34"><span class='ocrx_word' id='word_1_181' title='bbox 421 2450 761 2496; x_wconf 83' lang='lat' dir='ltr'><strong>convertatur</strong></span> <span class='ocrx_word' id='word_1_182' title='bbox 791 2443 842 2497; x_wconf 90' lang='lat' dir='ltr'><strong>in</strong></span> <span class='ocrx_word' id='word_1_183' title='bbox 874 2456 1104 2515; x_wconf 87' lang='lat' dir='ltr'><strong>terram,</strong></span> <span class='ocrx_word' id='word_1_184' title='bbox 1138 2448 1273 2503; x_wconf 90' lang='lat' dir='ltr'><strong>sicut</strong></span> <span class='ocrx_word' id='word_1_185' title='bbox 1302 2450 1436 2515; x_wconf 88' lang='lat' dir='ltr'><strong>fuit;</strong></span> <span class='ocrx_word' id='word_1_186' title='bbox 1466 2452 1589 2506; x_wconf 82' lang='lat' dir='ltr'><strong>inde</strong></span> <span class='ocrx_word' id='word_1_187' title='bbox 1630 2456 1771 2509; x_wconf 89' lang='lat' dir='ltr'><strong>enim</strong></span> <span class='ocrx_word' id='word_1_188' title='bbox 1800 2469 2008 2528; x_wconf 85' lang='lat' dir='ltr'><strong>sumpta</strong></span> 
     </span>
    </p>
   </div>
   <div class='ocr_carea' id='block_1_22' title="bbox 418 2534 2009 2614">
    <p class='ocr_par' dir='ltr' id='par_1_22' title="bbox 418 2534 2009 2614">
     <span class='ocr_line' id='line_1_22' title="bbox 418 2534 2009 2614; baseline 0.013 -30"><span class='ocrx_word' id='word_1_189' title='bbox 418 2540 519 2597; x_wconf 83' lang='lat' dir='ltr'><strong>est,</strong></span> <span class='ocrx_word' id='word_1_190' title='bbox 544 2534 757 2601; x_wconf 83' lang='lat' dir='ltr'><strong>quando</strong></span> <span class='ocrx_word' id='word_1_191' title='bbox 784 2534 952 2592; x_wconf 79' lang='lat' dir='ltr'><strong>factus</strong></span> <span class='ocrx_word' id='word_1_192' title='bbox 984 2548 1065 2592; x_wconf 87' lang='lat' dir='ltr'><strong>est</strong></span> <span class='ocrx_word' id='word_1_193' title='bbox 1093 2541 1292 2608; x_wconf 89' lang='lat' dir='ltr'><strong>primus</strong></span> <span class='ocrx_word' id='word_1_194' title='bbox 1332 2541 1492 2597; x_wconf 89' lang='lat' dir='ltr'><strong>homo</strong></span> <span class='ocrx_word' id='word_1_195' title='bbox 1524 2560 1539 2597; x_wconf 90' lang='lat'><strong>:</strong></span> <span class='ocrx_word' id='word_1_196' title='bbox 1576 2556 1627 2599; x_wconf 88' lang='lat' dir='ltr'><strong>et</strong></span> <span class='ocrx_word' id='word_1_197' title='bbox 1667 2547 1884 2614; x_wconf 81' lang='lat' dir='ltr'><strong>spiritus</strong></span> <span class='ocrx_word' id='word_1_198' title='bbox 1922 2567 2009 2605; x_wconf 90' lang='lat' dir='ltr'><strong>re-</strong></span> 
     </span>
    </p>
   </div>
   <div class='ocr_carea' id='block_1_23' title="bbox 418 2626 2010 2705">
    <p class='ocr_par' dir='ltr' id='par_1_23' title="bbox 418 2626 2010 2705">
     <span class='ocr_line' id='line_1_23' title="bbox 418 2626 2010 2705; baseline 0.016 -32"><span class='ocrx_word' id='word_1_199' title='bbox 418 2631 652 2679; x_wconf 80' lang='lat' dir='ltr'><strong>vertatur</strong></span> <span class='ocrx_word' id='word_1_200' title='bbox 678 2626 741 2679; x_wconf 88' lang='lat' dir='ltr'><strong>ad</strong></span> <span class='ocrx_word' id='word_1_201' title='bbox 789 2628 953 2683; x_wconf 87' lang='lat' dir='ltr'><strong>Deum</strong></span> <span class='ocrx_word' id='word_1_202' title='bbox 982 2669 996 2694; x_wconf 90' lang='lat'><strong>,</strong></span> <span class='ocrx_word' id='word_1_203' title='bbox 1023 2632 1111 2700; x_wconf 89' lang='lat' dir='ltr'><strong>qui</strong></span> <span class='ocrx_word' id='word_1_204' title='bbox 1141 2632 1285 2688; x_wconf 90' lang='lat' dir='ltr'><strong>dedit</strong></span> <span class='ocrx_word' id='word_1_205' title='bbox 1310 2649 1434 2690; x_wconf 89' lang='lat' dir='ltr'><strong>eum</strong></span> <span class='ocrx_word' id='word_1_206' title='bbox 1463 2639 1673 2705; x_wconf 89' lang='lat' dir='ltr'><strong>quando</strong></span> <span class='ocrx_word' id='word_1_207' title='bbox 1692 2642 2010 2699; x_wconf 76' lang='lat' dir='ltr'><strong>.insut&#39;tlavit</strong></span> 
     </span>
    </p>
   </div>
   <div class='ocr_carea' id='block_1_24' title="bbox 417 2713 2006 2799">
    <p class='ocr_par' dir='ltr' id='par_1_24' title="bbox 417 2713 2006 2799">
     <span class='ocr_line' id='line_1_24' title="bbox 417 2713 2006 2799; baseline 0.014 -29"><span class='ocrx_word' id='word_1_208' title='bbox 417 2713 470 2770; x_wconf 86' lang='lat' dir='ltr'><strong>in</strong></span> <span class='ocrx_word' id='word_1_209' title='bbox 496 2714 685 2771; x_wconf 84' lang='lat' dir='ltr'><strong>facient</strong></span> <span class='ocrx_word' id='word_1_210' title='bbox 719 2718 948 2776; x_wconf 85' lang='lat' dir='ltr'><strong>hominis</strong></span> <span class='ocrx_word' id='word_1_211' title='bbox 997 2739 1156 2792; x_wconf 89' lang='lat' dir='ltr'><strong>quem</strong></span> <span class='ocrx_word' id='word_1_212' title='bbox 1190 2727 1431 2794; x_wconf 79' lang='lat' dir='ltr'><strong>tinxerat,</strong></span> <span class='ocrx_word' id='word_1_213' title='bbox 1464 2728 1644 2783; x_wconf 76' lang='lat' dir='ltr'><strong>flatum</strong></span> <span class='ocrx_word' id='word_1_214' title='bbox 1679 2734 1819 2799; x_wconf 70' lang='lat' dir='ltr'><strong>vitas,</strong></span> <span class='ocrx_word' id='word_1_215' title='bbox 1852 2746 1904 2790; x_wconf 75' lang='lat' dir='ltr'><strong>tt</strong></span> <span class='ocrx_word' id='word_1_216' title='bbox 1934 2738 2006 2792; x_wconf 84' lang='lat' dir='ltr'><strong>fa-</strong></span> 
     </span>
    </p>
   </div>
   <div class='ocr_carea' id='block_1_25' title="bbox 414 2810 2005 2894">
    <p class='ocr_par' dir='ltr' id='par_1_25' title="bbox 414 2810 2005 2894">
     <span class='ocr_line' id='line_1_25' title="bbox 414 2810 2005 2894; baseline 0.014 -34"><span class='ocrx_word' id='word_1_217' title='bbox 414 2816 529 2861; x_wconf 88' lang='lat' dir='ltr'><strong>ctus</strong></span> <span class='ocrx_word' id='word_1_218' title='bbox 555 2818 636 2863; x_wconf 88' lang='lat' dir='ltr'><strong>est</strong></span> <span class='ocrx_word' id='word_1_219' title='bbox 662 2810 823 2865; x_wconf 88' lang='lat' dir='ltr'><strong>homo</strong></span> <span class='ocrx_word' id='word_1_220' title='bbox 850 2814 906 2866; x_wconf 88' lang='lat' dir='ltr'><strong>in</strong></span> <span class='ocrx_word' id='word_1_221' title='bbox 927 2815 1155 2870; x_wconf 85' lang='lat' dir='ltr'><strong>animam</strong></span> <span class='ocrx_word' id='word_1_222' title='bbox 1190 2818 1361 2872; x_wconf 87' lang='lat' dir='ltr'><strong>vivam</strong></span> <span class='ocrx_word' id='word_1_223' title='bbox 1403 2818 1555 2889; x_wconf 78' lang='lat' dir='ltr'><strong>(Gen.</strong></span> <span class='ocrx_word' id='word_1_224' title='bbox 1599 2839 1655 2889; x_wconf 86' lang='lat' dir='ltr'><strong>tt,</strong></span> <span class='ocrx_word' id='word_1_225' title='bbox 1684 2824 1757 2894; x_wconf 75' lang='grc'><strong>7),</strong></span> <span class='ocrx_word' id='word_1_226' title='bbox 1779 2838 1835 2880; x_wconf 93' lang='lat' dir='ltr'><strong>ut</strong></span> <span class='ocrx_word' id='word_1_227' title='bbox 1857 2828 2005 2883; x_wconf 85' lang='lat' dir='ltr'><strong>dein—</strong></span> 
     </span>
    </p>
   </div>
   <div class='ocr_carea' id='block_1_26' title="bbox 411 2911 2000 2987">
    <p class='ocr_par' dir='ltr' id='par_1_26' title="bbox 411 2911 2000 2987">
     <span class='ocr_line' id='line_1_26' title="bbox 411 2911 2000 2987; baseline 0.016 -32"><span class='ocrx_word' id='word_1_228' title='bbox 411 2917 539 2971; x_wconf 79' lang='lat' dir='ltr'><strong>ceps</strong></span> <span class='ocrx_word' id='word_1_229' title='bbox 565 2919 630 2958; x_wconf 78' lang='lat' dir='ltr'><strong>ex</strong></span> <span class='ocrx_word' id='word_1_230' title='bbox 658 2914 881 2977; x_wconf 85' lang='lat' dir='ltr'><strong>utraque</strong></span> <span class='ocrx_word' id='word_1_231' title='bbox 916 2925 974 2964; x_wconf 88' lang='lat' dir='ltr'><strong>re</strong></span> <span class='ocrx_word' id='word_1_232' title='bbox 1001 2911 1271 2982; x_wconf 85' lang='lat' dir='ltr'><strong>utriusque</strong></span> <span class='ocrx_word' id='word_1_233' title='bbox 1298 2915 1371 2968; x_wconf 90' lang='lat' dir='ltr'><strong>rei</strong></span> <span class='ocrx_word' id='word_1_234' title='bbox 1403 2932 1636 2987; x_wconf 85' lang='lat' dir='ltr'><strong>propago</strong></span> <span class='ocrx_word' id='word_1_235' title='bbox 1672 2921 2000 2979; x_wconf 81' lang='lat' dir='ltr'><strong>decurreret.</strong></span> 
     </span>
    </p>
   </div>
   <div class='ocr_carea' id='block_1_27' title="bbox 481 2994 2003 3081">
    <p class='ocr_par' dir='ltr' id='par_1_27' title="bbox 481 2994 2003 3081">
     <span class='ocr_line' id='line_1_27' title="bbox 481 2994 2003 3081; baseline 0.015 -32"><span class='ocrx_word' id='word_1_236' title='bbox 481 2994 533 3049; x_wconf 89' lang='lat'><strong>9.</strong></span> <span class='ocrx_word' id='word_1_237' title='bbox 581 2996 953 3055; x_wconf 78' lang='lat' dir='ltr'><strong>Verumtamen</strong></span> <span class='ocrx_word' id='word_1_238' title='bbox 1005 3004 1047 3056; x_wconf 92' lang='lat' dir='ltr'><strong>si</strong></span> <span class='ocrx_word' id='word_1_239' title='bbox 1091 3004 1218 3058; x_wconf 89' lang='lat' dir='ltr'><strong>illud</strong></span> <span class='ocrx_word' id='word_1_240' title='bbox 1258 3016 1340 3060; x_wconf 88' lang='lat' dir='ltr'><strong>est</strong></span> <span class='ocrx_word' id='word_1_241' title='bbox 1371 3024 1577 3075; x_wconf 81' lang='lat' dir='ltr'><strong>verum,</strong></span> <span class='ocrx_word' id='word_1_242' title='bbox 1610 3014 1752 3081; x_wconf 89' lang='lat' dir='ltr'><strong>quod</strong></span> <span class='ocrx_word' id='word_1_243' title='bbox 1798 3017 2003 3072; x_wconf 86' lang='lat' dir='ltr'><strong>animas</strong></span> 
     </span>
    </p>
   </div>
   <div class='ocr_carea' id='block_1_28' title="bbox 409 3087 2001 3178">
    <p class='ocr_par' dir='ltr' id='par_1_28' title="bbox 409 3087 2001 3178">
     <span class='ocr_line' id='line_1_28' title="bbox 409 3087 2001 3178; baseline 0.019 -41"><span class='ocrx_word' id='word_1_244' title='bbox 409 3098 515 3138; x_wconf 88' lang='lat' dir='ltr'><strong>non</strong></span> <span class='ocrx_word' id='word_1_245' title='bbox 540 3101 608 3141; x_wconf 77' lang='lat' dir='ltr'><strong>ex</strong></span> <span class='ocrx_word' id='word_1_246' title='bbox 637 3087 723 3142; x_wconf 85' lang='lat' dir='ltr'><strong>illa</strong></span> <span class='ocrx_word' id='word_1_247' title='bbox 753 3106 855 3145; x_wconf 88' lang='lat' dir='ltr'><strong>una</strong></span> <span class='ocrx_word' id='word_1_248' title='bbox 886 3104 1200 3164; x_wconf 83' lang='lat' dir='ltr'><strong>propagatas</strong></span> <span class='ocrx_word' id='word_1_249' title='bbox 1227 3136 1240 3160; x_wconf 91' lang='lat'><strong>,</strong></span> <span class='ocrx_word' id='word_1_250' title='bbox 1275 3100 1368 3153; x_wconf 85' lang='lat' dir='ltr'><strong>sed</strong></span> <span class='ocrx_word' id='word_1_251' title='bbox 1396 3101 1521 3155; x_wconf 88' lang='lat' dir='ltr'><strong>alibi</strong></span> <span class='ocrx_word' id='word_1_252' title='bbox 1550 3113 1757 3160; x_wconf 85' lang='lat' dir='ltr'><strong>creatas</strong></span> <span class='ocrx_word' id='word_1_253' title='bbox 1781 3107 2001 3178; x_wconf 80' lang='lat' dir='ltr'><strong>singulis</strong></span> 
     </span>
    </p>
   </div>
   <div class='ocr_carea' id='block_1_29' title="bbox 410 3176 1998 3269">
    <p class='ocr_par' dir='ltr' id='par_1_29' title="bbox 410 3176 1998 3269">
     <span class='ocr_line' id='line_1_29' title="bbox 410 3176 1998 3269; baseline 0.017 -41"><span class='ocrx_word' id='word_1_254' title='bbox 410 3176 645 3245; x_wconf 80' lang='lat' dir='ltr'><strong>singulas</strong></span> <span class='ocrx_word' id='word_1_255' title='bbox 674 3180 810 3235; x_wconf 83' lang='lat' dir='ltr'><strong>Deus</strong></span> <span class='ocrx_word' id='word_1_256' title='bbox 832 3182 941 3249; x_wconf 86' lang='lat' dir='ltr'><strong>dat,</strong></span> <span class='ocrx_word' id='word_1_257' title='bbox 965 3186 1123 3239; x_wconf 90' lang='lat' dir='ltr'><strong>etiam</strong></span> <span class='ocrx_word' id='word_1_258' title='bbox 1152 3187 1272 3243; x_wconf 89' lang='lat' dir='ltr'><strong>huic</strong></span> <span class='ocrx_word' id='word_1_259' title='bbox 1293 3194 1569 3246; x_wconf 76' lang='lat' dir='ltr'><strong>sententiae</strong></span> <span class='ocrx_word' id='word_1_260' title='bbox 1592 3200 1837 3266; x_wconf 85' lang='lat' dir='ltr'><strong>congruit</strong></span> <span class='ocrx_word' id='word_1_261' title='bbox 1858 3176 1998 3269; x_wconf 78' lang='lat' dir='ltr'><strong>quod</strong></span> 
     </span>
    </p>
   </div>
   <div class='ocr_carea' id='block_1_30' title="bbox 407 3265 1994 3355">
    <p class='ocr_par' dir='ltr' id='par_1_30' title="bbox 407 3265 1994 3355">
     <span class='ocr_line' id='line_1_30' title="bbox 407 3265 1994 3355; baseline 0.014 -33"><span class='ocrx_word' id='word_1_262' title='bbox 407 3265 609 3323; x_wconf 85' lang='lat' dir='ltr'><strong>dictum</strong></span> <span class='ocrx_word' id='word_1_263' title='bbox 630 3280 733 3334; x_wconf 80' lang='grc' dir='ltr'>εει,</span> <span class='ocrx_word' id='word_1_264' title='bbox 765 3272 991 3343; x_wconf 81' lang='lat' dir='ltr'><strong>Spiritus</strong></span> <span class='ocrx_word' id='word_1_265' title='bbox 1017 3288 1289 3332; x_wconf 78' lang='lat' dir='ltr'><strong>revertatur</strong></span> <span class='ocrx_word' id='word_1_266' title='bbox 1313 3282 1380 3333; x_wconf 89' lang='lat' dir='ltr'><strong>ad</strong></span> <span class='ocrx_word' id='word_1_267' title='bbox 1406 3282 1569 3337; x_wconf 83' lang='lat' dir='ltr'><strong>Deum</strong></span> <span class='ocrx_word' id='word_1_268' title='bbox 1591 3289 1678 3355; x_wconf 85' lang='lat' dir='ltr'><strong>qui</strong></span> <span class='ocrx_word' id='word_1_269' title='bbox 1705 3289 1839 3344; x_wconf 82' lang='lat' dir='ltr'><strong>dedit</strong></span> <span class='ocrx_word' id='word_1_270' title='bbox 1860 3309 1994 3345; x_wconf 88' lang='lat' dir='ltr'><strong>eum.</strong></span> 
     </span>
    </p>
   </div>
   <div class='ocr_carea' id='block_1_31' title="bbox 407 3357 1990 3451">
    <p class='ocr_par' dir='ltr' id='par_1_31' title="bbox 407 3357 1990 3451">
     <span class='ocr_line' id='line_1_31' title="bbox 407 3357 1990 3451; baseline 0.017 -38"><span class='ocrx_word' id='word_1_271' title='bbox 407 3357 551 3414; x_wconf 72' lang='lat' dir='ltr'><strong>Sola:</strong></span> <span class='ocrx_word' id='word_1_272' title='bbox 598 3379 726 3433; x_wconf 88' lang='lat' dir='ltr'><strong>ergo</strong></span> <span class='ocrx_word' id='word_1_273' title='bbox 766 3368 984 3437; x_wconf 67' lang='lat' dir='ltr'><strong>reliqua:</strong></span> <span class='ocrx_word' id='word_1_274' title='bbox 1016 3369 1134 3424; x_wconf 62' lang='lat' dir='ltr'><strong>duae</strong></span> <span class='ocrx_word' id='word_1_275' title='bbox 1171 3376 1445 3441; x_wconf 85' lang='lat' dir='ltr'><strong>opiniones</strong></span> <span class='ocrx_word' id='word_1_276' title='bbox 1474 3377 1718 3434; x_wconf 88' lang='lat' dir='ltr'><strong>videntur</strong></span> <span class='ocrx_word' id='word_1_277' title='bbox 1744 3384 1950 3439; x_wconf 77' lang='lat' dir='ltr'><strong>excludi</strong></span> <span class='ocrx_word' id='word_1_278' title='bbox 1977 3404 1990 3451; x_wconf 91' lang='lat'><strong>;</strong></span> 
     </span>
    </p>
   </div>
   <div class='ocr_carea' id='block_1_32' title="bbox 408 3455 1989 3549">
    <p class='ocr_par' dir='ltr' id='par_1_32' title="bbox 408 3455 1989 3549">
     <span class='ocr_line' id='line_1_32' title="bbox 408 3455 1989 3549; baseline 0.019 -43"><span class='ocrx_word' id='word_1_279' title='bbox 408 3455 536 3523; x_wconf 88' lang='lat' dir='ltr'><strong>quia</strong></span> <span class='ocrx_word' id='word_1_280' title='bbox 570 3458 611 3510; x_wconf 88' lang='lat' dir='ltr'><strong>si</strong></span> <span class='ocrx_word' id='word_1_281' title='bbox 645 3458 827 3514; x_wconf 82' lang='lat' dir='ltr'><strong>fierent</strong></span> <span class='ocrx_word' id='word_1_282' title='bbox 856 3462 908 3515; x_wconf 89' lang='lat' dir='ltr'><strong>in</strong></span> <span class='ocrx_word' id='word_1_283' title='bbox 939 3465 1159 3533; x_wconf 88' lang='lat' dir='ltr'><strong>singulis</strong></span> <span class='ocrx_word' id='word_1_284' title='bbox 1188 3466 1491 3545; x_wconf 89' lang='lat' dir='ltr'><strong>hominibus</strong></span> <span class='ocrx_word' id='word_1_285' title='bbox 1518 3475 1708 3529; x_wconf 62' lang='lat' dir='ltr'><strong>animm</strong></span> <span class='ocrx_word' id='word_1_286' title='bbox 1740 3482 1989 3549; x_wconf 68' lang='lat' dir='ltr'><strong>prepriae,</strong></span> 
     </span>
    </p>
   </div>
   <div class='ocr_carea' id='block_1_33' title="bbox 401 3560 1993 3645">
    <p class='ocr_par' dir='ltr' id='par_1_33' title="bbox 401 3560 1993 3645">
     <span class='ocr_line' id='line_1_33' title="bbox 401 3560 1993 3645; baseline 0.016 -45"><span class='ocrx_word' id='word_1_287' title='bbox 401 3560 529 3600; x_wconf 86' lang='lat' dir='ltr'><strong>cum</strong></span> <span class='ocrx_word' id='word_1_288' title='bbox 561 3560 827 3619; x_wconf 86' lang='lat' dir='ltr'><strong>creantur,</strong></span> <span class='ocrx_word' id='word_1_289' title='bbox 855 3571 957 3607; x_wconf 91' lang='lat' dir='ltr'><strong>non</strong></span> <span class='ocrx_word' id='word_1_290' title='bbox 987 3566 1204 3626; x_wconf 83' lang='lat' dir='ltr'><strong>putatur</strong></span> <span class='ocrx_word' id='word_1_291' title='bbox 1229 3560 1333 3614; x_wconf 87' lang='lat' dir='ltr'><strong>dici</strong></span> <span class='ocrx_word' id='word_1_292' title='bbox 1358 3562 1627 3645; x_wconf 81' lang='lat' dir='ltr'><strong>debuisse,</strong></span> <span class='ocrx_word' id='word_1_293' title='bbox 1664 3567 1890 3638; x_wconf 83' lang='lat' dir='ltr'><strong>Spiritus</strong></span> <span class='ocrx_word' id='word_1_294' title='bbox 1916 3591 1993 3626; x_wconf 87' lang='lat' dir='ltr'><strong>re-</strong></span> 
     </span>
    </p>
   </div>
   <div class='ocr_carea' id='block_1_34' title="bbox 401 3626 1989 3737">
    <p class='ocr_par' dir='ltr' id='par_1_34' title="bbox 401 3626 1989 3737">
     <span class='ocr_line' id='line_1_34' title="bbox 401 3626 1989 3737; baseline 0.02 -45"><span class='ocrx_word' id='word_1_295' title='bbox 401 3638 627 3695; x_wconf 70' lang='lat' dir='ltr'><strong>vertatur</strong></span> <span class='ocrx_word' id='word_1_296' title='bbox 646 3644 714 3697; x_wconf 93' lang='lat' dir='ltr'><strong>ad</strong></span> <span class='ocrx_word' id='word_1_297' title='bbox 740 3626 902 3700; x_wconf 81' lang='lat' dir='ltr'><strong>Deum</strong></span> <span class='ocrx_word' id='word_1_298' title='bbox 931 3632 1017 3718; x_wconf 84' lang='lat' dir='ltr'><strong>qui</strong></span> <span class='ocrx_word' id='word_1_299' title='bbox 1045 3651 1181 3705; x_wconf 83' lang='lat' dir='ltr'><strong>dedit</strong></span> <span class='ocrx_word' id='word_1_300' title='bbox 1216 3670 1348 3721; x_wconf 88' lang='lat' dir='ltr'><strong>eunt,</strong></span> <span class='ocrx_word' id='word_1_301' title='bbox 1379 3657 1471 3710; x_wconf 88' lang='lat' dir='ltr'><strong>sed</strong></span> <span class='ocrx_word' id='word_1_302' title='bbox 1498 3660 1563 3713; x_wconf 87' lang='lat' dir='ltr'><strong>ad</strong></span> <span class='ocrx_word' id='word_1_303' title='bbox 1595 3642 1763 3737; x_wconf 79' lang='lat' dir='ltr'><strong>Deum</strong></span> <span class='ocrx_word' id='word_1_304' title='bbox 1790 3666 1880 3732; x_wconf 85' lang='lat' dir='ltr'><strong>qui</strong></span> <span class='ocrx_word' id='word_1_305' title='bbox 1909 3669 1989 3722; x_wconf 82' lang='lat' dir='ltr'><strong>fe-</strong></span> 
     </span>
    </p>
   </div>
   <div class='ocr_carea' id='block_1_35' title="bbox 400 3735 1989 3835">
    <p class='ocr_par' dir='ltr' id='par_1_35' title="bbox 400 3735 1989 3835">
     <span class='ocr_line' id='line_1_35' title="bbox 400 3735 1989 3835; baseline 0.021 -49"><span class='ocrx_word' id='word_1_306' title='bbox 400 3735 472 3788; x_wconf 92' lang='lat' dir='ltr'><strong>cit</strong></span> <span class='ocrx_word' id='word_1_307' title='bbox 502 3751 622 3790; x_wconf 90' lang='lat' dir='ltr'><strong>eum</strong></span> <span class='ocrx_word' id='word_1_308' title='bbox 656 3756 667 3790; x_wconf 93' lang='lat'><strong>:</strong></span> <span class='ocrx_word' id='word_1_309' title='bbox 718 3737 872 3794; x_wconf 81' lang='lat' dir='ltr'><strong>Dedit</strong></span> <span class='ocrx_word' id='word_1_310' title='bbox 895 3744 1034 3796; x_wconf 87' lang='lat' dir='ltr'><strong>enim</strong></span> <span class='ocrx_word' id='word_1_311' title='bbox 1064 3747 1225 3800; x_wconf 88' lang='lat' dir='ltr'><strong>veluti</strong></span> <span class='ocrx_word' id='word_1_312' title='bbox 1250 3750 1325 3801; x_wconf 91' lang='lat' dir='ltr'><strong>sic</strong></span> <span class='ocrx_word' id='word_1_313' title='bbox 1347 3764 1519 3818; x_wconf 88' lang='lat' dir='ltr'><strong>sonat,</strong></span> <span class='ocrx_word' id='word_1_314' title='bbox 1544 3758 1691 3823; x_wconf 89' lang='lat' dir='ltr'><strong>quasi</strong></span> <span class='ocrx_word' id='word_1_315' title='bbox 1712 3758 1820 3835; x_wconf 76' lang='lat' dir='ltr'><strong>jam</strong></span> <span class='ocrx_word' id='word_1_316' title='bbox 1840 3772 1989 3818; x_wconf 84' lang='lat' dir='ltr'><strong>extra</strong></span> 
     </span>
    </p>
   </div>
   <div class='ocr_carea' id='block_1_36' title="bbox 398 3818 1988 3917">
    <p class='ocr_par' dir='ltr' id='par_1_36' title="bbox 398 3818 1988 3917">
     <span class='ocr_line' id='line_1_36' title="bbox 398 3818 1988 3917; baseline 0.02 -38"><span class='ocrx_word' id='word_1_317' title='bbox 398 3818 557 3881; x_wconf 80' lang='lat' dir='ltr'><strong>fuerit</strong></span> <span class='ocrx_word' id='word_1_318' title='bbox 586 3822 726 3898; x_wconf 77' lang='lat' dir='ltr'><strong>quod</strong></span> <span class='ocrx_word' id='word_1_319' title='bbox 758 3826 869 3886; x_wconf 84' lang='lat' dir='ltr'><strong>dari</strong></span> <span class='ocrx_word' id='word_1_320' title='bbox 897 3832 1098 3904; x_wconf 84' lang='lat' dir='ltr'><strong>posset.</strong></span> <span class='ocrx_word' id='word_1_321' title='bbox 1139 3830 1339 3895; x_wconf 83' lang='lat' dir='ltr'><strong>Deinde</strong></span> <span class='ocrx_word' id='word_1_322' title='bbox 1373 3846 1511 3915; x_wconf 75' lang='lat' dir='ltr'><strong>quad</strong></span> <span class='ocrx_word' id='word_1_323' title='bbox 1538 3818 1734 3904; x_wconf 75' lang='lat' dir='ltr'><strong>dictum</strong></span> <span class='ocrx_word' id='word_1_324' title='bbox 1762 3864 1873 3917; x_wconf 90' lang='lat' dir='ltr'><strong>est,</strong></span> <span class='ocrx_word' id='word_1_325' title='bbox 1904 3874 1988 3909; x_wconf 88' lang='lat' dir='ltr'><strong>re-</strong></span> 
     </span>
    </p>
   </div>
   <div class='ocr_carea' id='block_1_37' title="bbox 400 3922 1981 4009">
    <p class='ocr_par' dir='ltr' id='par_1_37' title="bbox 400 3922 1981 4009">
     <span class='ocr_line' id='line_1_37' title="bbox 400 3922 1981 4009; baseline 0.022 -39"><span class='ocrx_word' id='word_1_326' title='bbox 400 3930 622 3975; x_wconf 80' lang='lat' dir='ltr'><strong>vertatur</strong></span> <span class='ocrx_word' id='word_1_327' title='bbox 642 3924 709 3976; x_wconf 91' lang='lat' dir='ltr'><strong>ad</strong></span> <span class='ocrx_word' id='word_1_328' title='bbox 728 3922 909 3993; x_wconf 82' lang='lat' dir='ltr'><strong>Deum,</strong></span> <span class='ocrx_word' id='word_1_329' title='bbox 944 3941 1131 4000; x_wconf 88' lang='lat' dir='ltr'><strong>urgent</strong></span> <span class='ocrx_word' id='word_1_330' title='bbox 1157 3935 1317 3988; x_wconf 89' lang='lat' dir='ltr'><strong>verbo</strong></span> <span class='ocrx_word' id='word_1_331' title='bbox 1334 3946 1387 3991; x_wconf 89' lang='lat' dir='ltr'><strong>et</strong></span> <span class='ocrx_word' id='word_1_332' title='bbox 1407 3936 1672 4009; x_wconf 82' lang='lat' dir='ltr'><strong>premunt,</strong></span> <span class='ocrx_word' id='word_1_333' title='bbox 1699 3946 1937 4004; x_wconf 82' lang='lat' dir='ltr'><strong>dicentes</strong></span> <span class='ocrx_word' id='word_1_334' title='bbox 1969 3970 1981 4004; x_wconf 88' lang='lat'><strong>:</strong></span> 
     </span>
    </p>
   </div>
   <div class='ocr_carea' id='block_1_38' title="bbox 400 4003 1983 4097">
    <p class='ocr_par' dir='ltr' id='par_1_38' title="bbox 400 4003 1983 4097">
     <span class='ocr_line' id='line_1_38' title="bbox 400 4003 1983 4097; baseline 0.022 -36"><span class='ocrx_word' id='word_1_335' title='bbox 400 4003 677 4076; x_wconf 78' lang='lat' dir='ltr'><strong>Quomodo</strong></span> <span class='ocrx_word' id='word_1_336' title='bbox 709 4016 1035 4085; x_wconf 87' lang='lat' dir='ltr'><strong>revertetur,</strong></span> <span class='ocrx_word' id='word_1_337' title='bbox 1069 4024 1156 4077; x_wconf 91' lang='lat' dir='ltr'><strong>ubi</strong></span> <span class='ocrx_word' id='word_1_338' title='bbox 1187 4042 1454 4097; x_wconf 88' lang='lat' dir='ltr'><strong>nunquam</strong></span> <span class='ocrx_word' id='word_1_339' title='bbox 1483 4044 1636 4087; x_wconf 74' lang='lat' dir='ltr'><strong>antea</strong></span> <span class='ocrx_word' id='word_1_340' title='bbox 1660 4032 1849 4093; x_wconf 82' lang='lat' dir='ltr'><strong>fuerit?</strong></span> <span class='ocrx_word' id='word_1_341' title='bbox 1882 4042 1983 4097; x_wconf 82' lang='lat' dir='ltr'><strong>Po-</strong></span> 
     </span>
    </p>
   </div>
   <div class='ocr_carea' id='block_1_39' title="bbox 399 4094 1981 4195">
    <p class='ocr_par' dir='ltr' id='par_1_39' title="bbox 399 4094 1981 4195">
     <span class='ocr_line' id='line_1_39' title="bbox 399 4094 1981 4195; baseline 0.023 -42"><span class='ocrx_word' id='word_1_342' title='bbox 399 4094 503 4155; x_wconf 83' lang='lat' dir='ltr'><strong>tius</strong></span> <span class='ocrx_word' id='word_1_343' title='bbox 528 4105 670 4158; x_wconf 84' lang='lat' dir='ltr'><strong>enim</strong></span> <span class='ocrx_word' id='word_1_344' title='bbox 698 4104 800 4161; x_wconf 90' lang='lat' dir='ltr'><strong>dici</strong></span> <span class='ocrx_word' id='word_1_345' title='bbox 832 4109 1080 4167; x_wconf 66' lang='lat' dir='ltr'><strong>debuisse</strong></span> <span class='ocrx_word' id='word_1_346' title='bbox 1107 4130 1385 4184; x_wconf 88' lang='lat' dir='ltr'><strong>asserunt,</strong></span> <span class='ocrx_word' id='word_1_347' title='bbox 1416 4121 1481 4175; x_wconf 84' lang='lat' dir='ltr'><strong>Et</strong></span> <span class='ocrx_word' id='word_1_348' title='bbox 1513 4123 1593 4195; x_wconf 83' lang='lat' dir='ltr'><strong>(a)</strong></span> <span class='ocrx_word' id='word_1_349' title='bbox 1620 4128 1683 4180; x_wconf 87' lang='lat' dir='ltr'><strong>ad</strong></span> <span class='ocrx_word' id='word_1_350' title='bbox 1710 4128 1871 4185; x_wconf 81' lang='lat' dir='ltr'><strong>Deum</strong></span> <span class='ocrx_word' id='word_1_351' title='bbox 1904 4137 1981 4190; x_wconf 92' lang='lat' dir='ltr'><strong>vel</strong></span> 
     </span>
    </p>
   </div>
   <div class='ocr_carea' id='block_1_40' title="bbox 398 4184 1979 4280">
    <p class='ocr_par' dir='ltr' id='par_1_40' title="bbox 398 4184 1979 4280">
     <span class='ocr_line' id='line_1_40' title="bbox 398 4184 1979 4280; baseline 0.023 -36"><span class='ocrx_word' id='word_1_352' title='bbox 398 4184 610 4280; x_wconf 57' lang='lat' dir='ltr'><strong>pergat,</strong></span> <span class='ocrx_word' id='word_1_353' title='bbox 659 4197 737 4251; x_wconf 90' lang='lat' dir='ltr'><strong>vel</strong></span> <span class='ocrx_word' id='word_1_354' title='bbox 785 4200 941 4255; x_wconf 82' lang='lat' dir='ltr'><strong>vadat</strong></span> <span class='ocrx_word' id='word_1_355' title='bbox 980 4204 1043 4257; x_wconf 90' lang='lat' dir='ltr'><strong>ad</strong></span> <span class='ocrx_word' id='word_1_356' title='bbox 1093 4204 1295 4274; x_wconf 88' lang='lat' dir='ltr'><strong>Deum,</strong></span> <span class='ocrx_word' id='word_1_357' title='bbox 1329 4226 1483 4279; x_wconf 86' lang='lat' dir='ltr'><strong>quam</strong></span> <span class='ocrx_word' id='word_1_358' title='bbox 1566 4184 1877 4276; x_wconf 44' lang='lat' dir='ltr'><strong>illc-vertatur</strong></span> <span class='ocrx_word' id='word_1_359' title='bbox 1914 4226 1979 4280; x_wconf 90' lang='lat' dir='ltr'><strong>ad</strong></span> 
     </span>
    </p>
   </div>
   <div class='ocr_carea' id='block_1_41' title="bbox 393 4206 1977 4370">
    <p class='ocr_par' dir='ltr' id='par_1_41' title="bbox 393 4206 1977 4370">
     <span class='ocr_line' id='line_1_41' title="bbox 464 4206 1977 4280; baseline 0.023 -35"><span class='ocrx_word' id='word_1_360' title='bbox 464 4206 610 4263; x_wconf 83' lang='lat' dir='ltr'><strong>rgat,</strong></span> <span class='ocrx_word' id='word_1_361' title='bbox 659 4206 737 4251; x_wconf 90' lang='lat' dir='ltr'><strong>vel</strong></span> <span class='ocrx_word' id='word_1_362' title='bbox 785 4206 941 4255; x_wconf 85' lang='lat' dir='ltr'><strong>vadat</strong></span> <span class='ocrx_word' id='word_1_363' title='bbox 980 4206 1043 4257; x_wconf 90' lang='lat' dir='ltr'><strong>ad</strong></span> <span class='ocrx_word' id='word_1_364' title='bbox 1093 4206 1295 4274; x_wconf 88' lang='lat' dir='ltr'><strong>Deum,</strong></span> <span class='ocrx_word' id='word_1_365' title='bbox 1329 4226 1483 4279; x_wconf 86' lang='lat' dir='ltr'><strong>quam</strong></span> <span class='ocrx_word' id='word_1_366' title='bbox 1515 4256 1527 4276; x_wconf 88' lang='lat'><strong>,</strong></span> <span class='ocrx_word' id='word_1_367' title='bbox 1566 4216 1877 4276; x_wconf 72' lang='lat' dir='ltr'><strong>lic-vertatur</strong></span> <span class='ocrx_word' id='word_1_368' title='bbox 1914 4226 1977 4280; x_wconf 91' lang='lat' dir='ltr'><strong>ad</strong></span> 
     </span>
     <span class='ocr_line' id='line_1_42' title="bbox 393 4206 1977 4370; baseline 0.021 -34"><span class='ocrx_word' id='word_1_369' title='bbox 393 4206 585 4370; x_wconf 51' lang='lat' dir='ltr'><strong>Scitum,</strong></span> <span class='ocrx_word' id='word_1_370' title='bbox 614 4285 660 4341; x_wconf 68' lang='lat' dir='ltr'><strong>&#39;si</strong></span> <span class='ocrx_word' id='word_1_371' title='bbox 688 4290 954 4360; x_wconf 82' lang='lat' dir='ltr'><strong>nunquam</strong></span> <span class='ocrx_word' id='word_1_372' title='bbox 983 4294 1089 4349; x_wconf 88' lang='lat' dir='ltr'><strong>illic</strong></span> <span class='ocrx_word' id='word_1_373' title='bbox 1119 4298 1271 4353; x_wconf 86' lang='lat' dir='ltr'><strong>antea</strong></span> <span class='ocrx_word' id='word_1_374' title='bbox 1295 4302 1509 4369; x_wconf 83' lang='lat' dir='ltr'><strong>Spiritus</strong></span> <span class='ocrx_word' id='word_1_375' title='bbox 1534 4304 1630 4361; x_wconf 89' lang='lat' dir='ltr'><strong>iste</strong></span> <span class='ocrx_word' id='word_1_376' title='bbox 1662 4308 1823 4365; x_wconf 84' lang='lat' dir='ltr'><strong>fuisse</strong></span> <span class='ocrx_word' id='word_1_377' title='bbox 1859 4331 1977 4370; x_wconf 90' lang='lat' dir='ltr'><strong>cre-</strong></span> 
     </span>
    </p>
   </div>
   <div class='ocr_carea' id='block_1_42' title="bbox 391 4354 1972 4467">
    <p class='ocr_par' dir='ltr' id='par_1_42' title="bbox 391 4354 1972 4467">
     <span class='ocr_line' id='line_1_43' title="bbox 391 4354 1972 4467; baseline 0.023 -38"><span class='ocrx_word' id='word_1_378' title='bbox 391 4354 596 4432; x_wconf 57' lang='lat' dir='ltr'><strong>d‘éiidus</strong></span> <span class='ocrx_word' id='word_1_379' title='bbox 626 4384 727 4436; x_wconf 73' lang='lat' dir='ltr'><strong>est.</strong></span> <span class='ocrx_word' id='word_1_380' title='bbox 758 4379 888 4439; x_wconf 83' lang='lat' dir='ltr'><strong>item</strong></span> <span class='ocrx_word' id='word_1_381' title='bbox 920 4390 1184 4457; x_wconf 88' lang='lat' dir='ltr'><strong>quomodo</strong></span> <span class='ocrx_word' id='word_1_382' title='bbox 1213 4395 1403 4450; x_wconf 72' lang='lat' dir='ltr'><strong>animae</strong></span> <span class='ocrx_word' id='word_1_383' title='bbox 1430 4412 1617 4467; x_wconf 85' lang='lat' dir='ltr'><strong>sponte</strong></span> <span class='ocrx_word' id='word_1_384' title='bbox 1647 4400 1890 4463; x_wconf 84' lang='lat' dir='ltr'><strong>labantur</strong></span> <span class='ocrx_word' id='word_1_385' title='bbox 1922 4410 1972 4465; x_wconf 86' lang='lat' dir='ltr'><strong>in</strong></span> 
     </span>
    </p>
   </div>
   <div class='ocr_carea' id='block_1_43' title="bbox 390 4468 1973 4558">
    <p class='ocr_par' dir='ltr' id='par_1_43' title="bbox 390 4468 1973 4558">
     <span class='ocr_line' id='line_1_44' title="bbox 390 4468 1973 4558; baseline 0.024 -38"><span class='ocrx_word' id='word_1_386' title='bbox 390 4468 601 4540; x_wconf 78' lang='lat' dir='ltr'><strong>corpus,</strong></span> <span class='ocrx_word' id='word_1_387' title='bbox 639 4490 757 4527; x_wconf 90' lang='lat' dir='ltr'><strong>cum</strong></span> <span class='ocrx_word' id='word_1_388' title='bbox 805 4479 1056 4547; x_wconf 88' lang='lat' dir='ltr'><strong>scriptum</strong></span> <span class='ocrx_word' id='word_1_389' title='bbox 1094 4483 1182 4549; x_wconf 89' lang='lat' dir='ltr'><strong>sit,</strong></span> <span class='ocrx_word' id='word_1_390' title='bbox 1236 4486 1369 4539; x_wconf 81' lang='lat' dir='ltr'><strong>dedit</strong></span> <span class='ocrx_word' id='word_1_391' title='bbox 1420 4507 1552 4558; x_wconf 88' lang='lat' dir='ltr'><strong>eum,</strong></span> <span class='ocrx_word' id='word_1_392' title='bbox 1603 4511 1708 4549; x_wconf 90' lang='lat' dir='ltr'><strong>non</strong></span> <span class='ocrx_word' id='word_1_393' title='bbox 1762 4506 1865 4553; x_wconf 86' lang='lat' dir='ltr'><strong>tam</strong></span> <span class='ocrx_word' id='word_1_394' title='bbox 1922 4503 1973 4558; x_wconf 89' lang='lat' dir='ltr'><strong>in</strong></span> 
     </span>
    </p>
   </div>
   <div class='ocr_carea' id='block_1_44' title="bbox 388 4562 1973 4651">
    <p class='ocr_par' dir='ltr' id='par_1_44' title="bbox 388 4562 1973 4651">
     <span class='ocr_line' id='line_1_45' title="bbox 388 4562 1973 4651; baseline 0.024 -39"><span class='ocrx_word' id='word_1_395' title='bbox 388 4562 635 4631; x_wconf 84' lang='lat' dir='ltr'><strong>promptu</strong></span> <span class='ocrx_word' id='word_1_396' title='bbox 664 4566 743 4619; x_wconf 86' lang='lat' dir='ltr'><strong>cst</strong></span> <span class='ocrx_word' id='word_1_397' title='bbox 770 4564 1051 4637; x_wconf 61' lang='lat' dir='ltr'><strong>espIiCare.</strong></span> <span class='ocrx_word' id='word_1_398' title='bbox 1084 4574 1159 4629; x_wconf 83' lang='lat' dir='ltr'><strong>Ac</strong></span> <span class='ocrx_word' id='word_1_399' title='bbox 1186 4578 1279 4644; x_wconf 87' lang='lat' dir='ltr'><strong>per</strong></span> <span class='ocrx_word' id='word_1_400' title='bbox 1306 4579 1426 4647; x_wconf 56' lang='lat' dir='ltr'><strong>ch,</strong></span> <span class='ocrx_word' id='word_1_401' title='bbox 1462 4586 1517 4636; x_wconf 87' lang='lat' dir='ltr'><strong>ut</strong></span> <span class='ocrx_word' id='word_1_402' title='bbox 1544 4585 1682 4651; x_wconf 78' lang='lat' dir='ltr'><strong>dixi,</strong></span> <span class='ocrx_word' id='word_1_403' title='bbox 1716 4588 1834 4646; x_wconf 78' lang='lat' dir='ltr'><strong>duae</strong></span> <span class='ocrx_word' id='word_1_404' title='bbox 1861 4592 1973 4651; x_wconf 62' lang='lat' dir='ltr'><strong>istic</strong></span> 
     </span>
    </p>
   </div>
   <div class='ocr_carea' id='block_1_45' title="bbox 392 4648 1969 4756">
    <p class='ocr_par' dir='ltr' id='par_1_45' title="bbox 392 4648 1969 4756">
     <span class='ocr_line' id='line_1_46' title="bbox 392 4648 1969 4756; baseline 0.023 -53"><span class='ocrx_word' id='word_1_405' title='bbox 392 4648 670 4722; x_wconf 86' lang='lat' dir='ltr'><strong>opiniones</strong></span> <span class='ocrx_word' id='word_1_406' title='bbox 697 4653 796 4711; x_wconf 74' lang='lat' dir='ltr'><strong>sub</strong></span> <span class='ocrx_word' id='word_1_407' title='bbox 828 4660 1002 4715; x_wconf 86' lang='lat' dir='ltr'><strong>verbis</strong></span> <span class='ocrx_word' id='word_1_408' title='bbox 1030 4660 1184 4733; x_wconf 88' lang='lat' dir='ltr'><strong>hujus</strong></span> <span class='ocrx_word' id='word_1_409' title='bbox 1216 4670 1497 4725; x_wconf 88' lang='lat' dir='ltr'><strong>testimonii</strong></span> <span class='ocrx_word' id='word_1_410' title='bbox 1530 4672 1772 4735; x_wconf 86' lang='lat' dir='ltr'><strong>laborant</strong></span> <span class='ocrx_word' id='word_1_411' title='bbox 1802 4700 1814 4735; x_wconf 89' lang='lat'><strong>:</strong></span> <span class='ocrx_word' id='word_1_412' title='bbox 1847 4702 1969 4756; x_wconf 81' lang='lat' dir='ltr'><strong>Una,</strong></span> 
     </span>
    </p>
   </div>
   <div class='ocr_carea' id='block_1_46' title="bbox 386 4740 1967 4839">
    <p class='ocr_par' dir='ltr' id='par_1_46' title="bbox 386 4740 1967 4839">
     <span class='ocr_line' id='line_1_47' title="bbox 386 4740 1967 4839; baseline 0.023 -44"><span class='ocrx_word' id='word_1_413' title='bbox 386 4740 488 4812; x_wconf 77' lang='lat' dir='ltr'><strong>qua</strong></span> <span class='ocrx_word' id='word_1_414' title='bbox 520 4742 771 4815; x_wconf 80' lang='lat' dir='ltr'><strong>ptitantiir</strong></span> <span class='ocrx_word' id='word_1_415' title='bbox 796 4749 1014 4821; x_wconf 59' lang='lat' dir='ltr'><strong>singulae</strong></span> <span class='ocrx_word' id='word_1_416' title='bbox 1045 4769 1265 4827; x_wconf 65' lang='lat' dir='ltr'><strong>qumque</strong></span> <span class='ocrx_word' id='word_1_417' title='bbox 1292 4762 1481 4817; x_wconf 74' lang='lat' dir='ltr'><strong>anima:</strong></span> <span class='ocrx_word' id='word_1_418' title='bbox 1520 4764 1570 4819; x_wconf 93' lang='lat' dir='ltr'><strong>in</strong></span> <span class='ocrx_word' id='word_1_419' title='bbox 1612 4770 1832 4839; x_wconf 75' lang='lat' dir='ltr'><strong>Singulis</strong></span> <span class='ocrx_word' id='word_1_420' title='bbox 1860 4778 1967 4832; x_wconf 86' lang='lat' dir='ltr'><strong>suis</strong></span> 
     </span>
    </p>
   </div>
   <div class='ocr_carea' id='block_1_47' title="bbox 384 4836 1965 4935">
    <p class='ocr_par' dir='ltr' id='par_1_47' title="bbox 384 4836 1965 4935">
     <span class='ocr_line' id='line_1_48' title="bbox 384 4836 1965 4935; baseline 0.022 -48"><span class='ocrx_word' id='word_1_421' title='bbox 384 4836 697 4906; x_wconf 83' lang='lat' dir='ltr'><strong>corporibus</strong></span> <span class='ocrx_word' id='word_1_422' title='bbox 725 4840 837 4896; x_wconf 82' lang='lat' dir='ltr'><strong>fieri</strong></span> <span class='ocrx_word' id='word_1_423' title='bbox 863 4860 877 4909; x_wconf 91' lang='lat'><strong>;</strong></span> <span class='ocrx_word' id='word_1_424' title='bbox 906 4843 1028 4911; x_wconf 88' lang='lat' dir='ltr'><strong>alia,</strong></span> <span class='ocrx_word' id='word_1_425' title='bbox 1054 4863 1154 4916; x_wconf 85' lang='lat' dir='ltr'><strong>qua</strong></span> <span class='ocrx_word' id='word_1_426' title='bbox 1185 4856 1431 4918; x_wconf 86' lang='lat' dir='ltr'><strong>putantur</strong></span> <span class='ocrx_word' id='word_1_427' title='bbox 1458 4857 1509 4910; x_wconf 90' lang='lat' dir='ltr'><strong>in</strong></span> <span class='ocrx_word' id='word_1_428' title='bbox 1534 4836 1755 4930; x_wconf 74' lang='lat' dir='ltr'><strong>corpora</strong></span> <span class='ocrx_word' id='word_1_429' title='bbox 1778 4868 1965 4935; x_wconf 83' lang='lat' dir='ltr'><strong>sponte</strong></span> 
     </span>
    </p>
   </div>
   <div class='ocr_carea' id='block_1_48' title="bbox 385 4923 1966 5012">
    <p class='ocr_par' dir='ltr' id='par_1_48' title="bbox 385 4923 1966 5012">
     <span class='ocr_line' id='line_1_49' title="bbox 385 4923 1966 5012; baseline 0.022 -34"><span class='ocrx_word' id='word_1_430' title='bbox 385 4923 642 4999; x_wconf 81' lang='lat' dir='ltr'><strong>demergl.</strong></span> <span class='ocrx_word' id='word_1_431' title='bbox 678 4930 889 4987; x_wconf 84' lang='lat' dir='ltr'><strong>Duabus</strong></span> <span class='ocrx_word' id='word_1_432' title='bbox 910 4932 1085 4989; x_wconf 83' lang='lat' dir='ltr'><strong>autem</strong></span> <span class='ocrx_word' id='word_1_433' title='bbox 1116 4937 1244 5007; x_wconf 84' lang='lat' dir='ltr'><strong>illis,</strong></span> <span class='ocrx_word' id='word_1_434' title='bbox 1294 4943 1406 4998; x_wconf 88' lang='lat' dir='ltr'><strong>sive</strong></span> <span class='ocrx_word' id='word_1_435' title='bbox 1452 4944 1517 5001; x_wconf 87' lang='lat' dir='ltr'><strong>de</strong></span> <span class='ocrx_word' id='word_1_436' title='bbox 1568 4923 1781 5008; x_wconf 74' lang='lat' dir='ltr'><strong>traduce</strong></span> <span class='ocrx_word' id='word_1_437' title='bbox 1807 4923 1966 5012; x_wconf 45' lang='lat' dir='ltr'><strong>.illius</strong></span> 
     </span>
    </p>
   </div>
   <div class='ocr_carea' id='block_1_49' title="bbox 385 5016 1961 5112">
    <p class='ocr_par' dir='ltr' id='par_1_49' title="bbox 385 5016 1961 5112">
     <span class='ocr_line' id='line_1_50' title="bbox 385 5016 1961 5112; baseline 0.02 -39"><span class='ocrx_word' id='word_1_438' title='bbox 385 5016 542 5075; x_wconf 72' lang='lat' dir='ltr'><strong>unius</strong></span> <span class='ocrx_word' id='word_1_439' title='bbox 566 5016 800 5091; x_wconf 63' lang='lat' dir='ltr'><strong>vetitam,</strong></span> <span class='ocrx_word' id='word_1_440' title='bbox 830 5027 941 5081; x_wconf 87' lang='lat' dir='ltr'><strong>sive</strong></span> <span class='ocrx_word' id='word_1_441' title='bbox 966 5038 1119 5083; x_wconf 84' lang='lat' dir='ltr'><strong>antea</strong></span> <span class='ocrx_word' id='word_1_442' title='bbox 1146 5030 1256 5101; x_wconf 83' lang='lat' dir='ltr'><strong>jam</strong></span> <span class='ocrx_word' id='word_1_443' title='bbox 1287 5047 1478 5092; x_wconf 70' lang='lat' dir='ltr'><strong>creata:</strong></span> <span class='ocrx_word' id='word_1_444' title='bbox 1522 5050 1576 5094; x_wconf 89' lang='lat' dir='ltr'><strong>et</strong></span> <span class='ocrx_word' id='word_1_445' title='bbox 1615 5045 1751 5112; x_wconf 81' lang='lat' dir='ltr'><strong>apud</strong></span> <span class='ocrx_word' id='word_1_446' title='bbox 1799 5046 1961 5104; x_wconf 79' lang='lat' dir='ltr'><strong>Donni</strong></span> 
     </span>
    </p>
   </div>
   <div class='ocr_carea' id='block_1_50' title="bbox 383 5102 1963 5200">
    <p class='ocr_par' dir='ltr' id='par_1_50' title="bbox 383 5102 1963 5200">
     <span class='ocr_line' id='line_1_51' title="bbox 383 5102 1963 5200; baseline 0.022 -37"><span class='ocrx_word' id='word_1_447' title='bbox 383 5102 685 5168; x_wconf 68' lang='lat' dir='ltr'><strong>cbhstiluta:</strong></span> <span class='ocrx_word' id='word_1_448' title='bbox 709 5156 722 5179; x_wconf 95' lang='lat'><strong>,</strong></span> <span class='ocrx_word' id='word_1_449' title='bbox 768 5114 987 5188; x_wconf 76' lang='lat' dir='ltr'><strong>singulis</strong></span> <span class='ocrx_word' id='word_1_450' title='bbox 1023 5122 1339 5192; x_wconf 81' lang='lat' dir='ltr'><strong>corporibus</strong></span> <span class='ocrx_word' id='word_1_451' title='bbox 1376 5129 1599 5200; x_wconf 90' lang='lat' dir='ltr'><strong>dentur,</strong></span> <span class='ocrx_word' id='word_1_452' title='bbox 1636 5102 1749 5192; x_wconf 79' lang='lat' dir='ltr'><strong>sine</strong></span> <span class='ocrx_word' id='word_1_453' title='bbox 1782 5137 1963 5197; x_wconf 85' lang='lat' dir='ltr'><strong>labore</strong></span> 
     </span>
    </p>
   </div>
   <div class='ocr_carea' id='block_1_51' title="bbox 380 5198 1027 5278">
    <p class='ocr_par' dir='ltr' id='par_1_51' title="bbox 380 5198 1027 5278">
     <span class='ocr_line' id='line_1_52' title="bbox 380 5198 1027 5278; baseline 0.017 -21"><span class='ocrx_word' id='word_1_454' title='bbox 380 5198 543 5259; x_wconf 78' lang='lat' dir='ltr'><strong>verba</strong></span> <span class='ocrx_word' id='word_1_455' title='bbox 568 5202 669 5260; x_wconf 83' lang='lat' dir='ltr'><strong>ista</strong></span> <span class='ocrx_word' id='word_1_456' title='bbox 696 5220 1027 5278; x_wconf 87' lang='lat' dir='ltr'><strong>coaptantur.</strong></span> 
     </span>
    </p>
   </div>
   <div class='ocr_carea' id='block_1_52' title="bbox 450 5288 1959 5395">
    <p class='ocr_par' dir='ltr' id='par_1_52' title="bbox 450 5288 1959 5395">
     <span class='ocr_line' id='line_1_53' title="bbox 450 5288 1959 5395; baseline 0.02 -46"><span class='ocrx_word' id='word_1_457' title='bbox 450 5288 538 5351; x_wconf 78' lang='lat' dir='ltr'><strong>ii).</strong></span> <span class='ocrx_word' id='word_1_458' title='bbox 584 5298 649 5353; x_wconf 81' lang='lat' dir='ltr'><strong>Et</strong></span> <span class='ocrx_word' id='word_1_459' title='bbox 699 5308 875 5357; x_wconf 88' lang='lat' dir='ltr'><strong>tamen</strong></span> <span class='ocrx_word' id='word_1_460' title='bbox 929 5305 974 5359; x_wconf 91' lang='lat' dir='ltr'><strong>si</strong></span> <span class='ocrx_word' id='word_1_461' title='bbox 1022 5314 1316 5366; x_wconf 78' lang='lat' dir='ltr'><strong>aSSertorcs</strong></span> <span class='ocrx_word' id='word_1_462' title='bbox 1366 5311 1481 5383; x_wconf 84' lang='lat' dir='ltr'><strong>ejus</strong></span> <span class='ocrx_word' id='word_1_463' title='bbox 1530 5322 1804 5376; x_wconf 75' lang='lat' dir='ltr'><strong>Sententiae</strong></span> <span class='ocrx_word' id='word_1_464' title='bbox 1858 5328 1959 5395; x_wconf 80' lang='lat' dir='ltr'><strong>qua</strong></span> 
     </span>
    </p>
   </div>
   <div class='ocr_carea' id='block_1_53' title="bbox 376 5387 1955 5485">
    <p class='ocr_par' dir='ltr' id='par_1_53' title="bbox 376 5387 1955 5485">
     <span class='ocr_line' id='line_1_54' title="bbox 376 5387 1955 5485; baseline 0.02 -45"><span class='ocrx_word' id='word_1_465' title='bbox 376 5387 666 5451; x_wconf 84' lang='lat' dir='ltr'><strong>creduntur</strong></span> <span class='ocrx_word' id='word_1_466' title='bbox 711 5394 901 5449; x_wconf 62' lang='lat' dir='ltr'><strong>animae</strong></span> <span class='ocrx_word' id='word_1_467' title='bbox 953 5397 1003 5451; x_wconf 90' lang='lat' dir='ltr'><strong>in</strong></span> <span class='ocrx_word' id='word_1_468' title='bbox 1056 5400 1164 5454; x_wconf 87' lang='lat' dir='ltr'><strong>suis</strong></span> <span class='ocrx_word' id='word_1_469' title='bbox 1210 5400 1431 5471; x_wconf 85' lang='lat' dir='ltr'><strong>singulis</strong></span> <span class='ocrx_word' id='word_1_470' title='bbox 1474 5411 1784 5477; x_wconf 80' lang='lat' dir='ltr'><strong>corporibus</strong></span> <span class='ocrx_word' id='word_1_471' title='bbox 1822 5413 1955 5485; x_wconf 82' lang='lat' dir='ltr'><strong>ﬁeri,</strong></span> 
     </span>
    </p>
   </div>
   <div class='ocr_carea' id='block_1_54' title="bbox 375 5478 1956 5572">
    <p class='ocr_par' dir='ltr' id='par_1_54' title="bbox 375 5478 1956 5572">
     <span class='ocr_line' id='line_1_55' title="bbox 375 5478 1956 5572; baseline 0.018 -39"><span class='ocrx_word' id='word_1_472' title='bbox 375 5478 647 5539; x_wconf 68' lang='lat' dir='ltr'><strong>aliirmént</strong></span> <span class='ocrx_word' id='word_1_473' title='bbox 692 5486 762 5541; x_wconf 82' lang='lat' dir='ltr'><strong>ita</strong></span> <span class='ocrx_word' id='word_1_474' title='bbox 793 5500 915 5544; x_wconf 76' lang='lat' dir='ltr'><strong>esse</strong></span> <span class='ocrx_word' id='word_1_475' title='bbox 958 5490 1157 5546; x_wconf 89' lang='lat' dir='ltr'><strong>dictum</strong></span> <span class='ocrx_word' id='word_1_476' title='bbox 1188 5494 1254 5548; x_wconf 89' lang='lat' dir='ltr'><strong>de</strong></span> <span class='ocrx_word' id='word_1_477' title='bbox 1282 5498 1465 5565; x_wconf 88' lang='lat' dir='ltr'><strong>spiritu</strong></span> <span class='ocrx_word' id='word_1_478' title='bbox 1493 5541 1505 5559; x_wconf 80' lang='lat'><em>.</em></span> <span class='ocrx_word' id='word_1_479' title='bbox 1535 5503 1622 5569; x_wconf 88' lang='lat' dir='ltr'><strong>qui</strong></span> <span class='ocrx_word' id='word_1_480' title='bbox 1659 5519 1754 5572; x_wconf 89' lang='lat' dir='ltr'><strong>pro</strong></span> <span class='ocrx_word' id='word_1_481' title='bbox 1782 5478 1956 5563; x_wconf 80' lang='lat' dir='ltr'><strong>anima</strong></span> 
     </span>
    </p>
   </div>
   <div class='ocr_carea' id='block_1_55' title="bbox 374 5562 1959 5655">
    <p class='ocr_par' dir='ltr' id='par_1_55' title="bbox 374 5562 1959 5655">
     <span class='ocr_line' id='line_1_56' title="bbox 374 5562 1959 5655; baseline 0.028 -45"><span class='ocrx_word' id='word_1_482' title='bbox 374 5562 580 5643; x_wconf 63' lang='grc' dir='ltr'><strong>ῥδέῑὶαε</strong></span> <span class='ocrx_word' id='word_1_483' title='bbox 607 5578 710 5641; x_wconf 78' lang='lat' dir='ltr'><strong>est,</strong></span> <span class='ocrx_word' id='word_1_484' title='bbox 748 5570 882 5634; x_wconf 62' lang='lat' dir='ltr'><strong>Deut</strong></span> <span class='ocrx_word' id='word_1_485' title='bbox 909 5576 1045 5635; x_wconf 77' lang='lat' dir='ltr'><strong>dedit</strong></span> <span class='ocrx_word' id='word_1_486' title='bbox 1067 5586 1200 5651; x_wconf 81' lang='lat' dir='ltr'><strong>eum,</strong></span> <span class='ocrx_word' id='word_1_487' title='bbox 1228 5562 1672 5655; x_wconf 76' lang='lat' dir='ltr'><strong>quemadmodum</strong></span> <span class='ocrx_word' id='word_1_488' title='bbox 1710 5604 1852 5650; x_wconf 90' lang='lat' dir='ltr'><strong>recte</strong></span> <span class='ocrx_word' id='word_1_489' title='bbox 1880 5599 1959 5653; x_wconf 62' lang='lat' dir='ltr'><strong>dio</strong></span> 
     </span>
    </p>
   </div>
   <div class='ocr_carea' id='block_1_56' title="bbox 374 5667 1953 5753">
    <p class='ocr_par' dir='ltr' id='par_1_56' title="bbox 374 5667 1953 5753">
     <span class='ocr_line' id='line_1_57' title="bbox 374 5667 1953 5753; baseline 0.014 -31"><span class='ocrx_word' id='word_1_490' title='bbox 374 5667 511 5722; x_wconf 75' lang='lat' dir='ltr'><strong>titur</strong></span> <span class='ocrx_word' id='word_1_491' title='bbox 530 5667 743 5725; x_wconf 85' lang='lat' dir='ltr'><strong>dedisse</strong></span> <span class='ocrx_word' id='word_1_492' title='bbox 774 5672 928 5728; x_wconf 87' lang='lat' dir='ltr'><strong>nobis</strong></span> <span class='ocrx_word' id='word_1_493' title='bbox 955 5677 1137 5731; x_wconf 89' lang='lat' dir='ltr'><strong>oculos</strong></span> <span class='ocrx_word' id='word_1_494' title='bbox 1156 5718 1169 5741; x_wconf 93' lang='lat'><strong>,</strong></span> <span class='ocrx_word' id='word_1_495' title='bbox 1205 5679 1283 5732; x_wconf 89' lang='lat' dir='ltr'><strong>vel</strong></span> <span class='ocrx_word' id='word_1_496' title='bbox 1313 5694 1488 5747; x_wconf 84' lang='lat' dir='ltr'><strong>aures,</strong></span> <span class='ocrx_word' id='word_1_497' title='bbox 1520 5683 1603 5737; x_wconf 85' lang='lat' dir='ltr'><strong>vel</strong></span> <span class='ocrx_word' id='word_1_498' title='bbox 1632 5700 1838 5753; x_wconf 89' lang='lat' dir='ltr'><strong>manus,</strong></span> <span class='ocrx_word' id='word_1_499' title='bbox 1874 5693 1953 5744; x_wconf 91' lang='lat' dir='ltr'><strong>vel</strong></span> 
     </span>
    </p>
   </div>
   <div class='ocr_carea' id='block_1_57' title="bbox 375 5758 1953 5850">
    <p class='ocr_par' dir='ltr' id='par_1_57' title="bbox 375 5758 1953 5850">
     <span class='ocr_line' id='line_1_58' title="bbox 375 5758 1953 5850; baseline 0.016 -39"><span class='ocrx_word' id='word_1_500' title='bbox 375 5758 649 5829; x_wconf 83' lang='lat' dir='ltr'><strong>quodlibet</strong></span> <span class='ocrx_word' id='word_1_501' title='bbox 689 5762 861 5831; x_wconf 82' lang='lat' dir='ltr'><strong>aliud;</strong></span> <span class='ocrx_word' id='word_1_502' title='bbox 899 5784 1014 5837; x_wconf 69' lang='lat' dir='ltr'><strong>qtae</strong></span> <span class='ocrx_word' id='word_1_503' title='bbox 1056 5770 1293 5826; x_wconf 87' lang='lat' dir='ltr'><strong>membra</strong></span> <span class='ocrx_word' id='word_1_504' title='bbox 1336 5775 1514 5844; x_wconf 87' lang='lat' dir='ltr'><strong>utique</strong></span> <span class='ocrx_word' id='word_1_505' title='bbox 1540 5791 1645 5831; x_wconf 89' lang='lat' dir='ltr'><strong>non</strong></span> <span class='ocrx_word' id='word_1_506' title='bbox 1672 5787 1820 5833; x_wconf 84' lang='lat' dir='ltr'><strong>extra</strong></span> <span class='ocrx_word' id='word_1_507' title='bbox 1844 5779 1953 5850; x_wconf 81' lang='lat' dir='ltr'><strong>ja‘m</strong></span> 
     </span>
    </p>
   </div>
   <div class='ocr_carea' id='block_1_58' title="bbox 434 5898 947 5961">
    <p class='ocr_par' dir='ltr' id='par_1_58' title="bbox 434 5898 947 5961">
     <span class='ocr_line' id='line_1_59' title="bbox 434 5898 947 5961; baseline 0.023 -22"><span class='ocrx_word' id='word_1_508' title='bbox 434 5898 505 5957; x_wconf 75' lang='lat' dir='ltr'><strong>fit)</strong></span> <span class='ocrx_word' id='word_1_509' title='bbox 526 5902 663 5948; x_wconf 73' lang='lat' dir='ltr'><strong>Forte</strong></span> <span class='ocrx_word' id='word_1_510' title='bbox 689 5898 789 5961; x_wconf 82' lang='lat' dir='ltr'><strong>leg.</strong></span> <span class='ocrx_word' id='word_1_511' title='bbox 806 5933 821 5954; x_wconf 82' lang='lat'><strong>.</strong></span> <span class='ocrx_word' id='word_1_512' title='bbox 854 5908 947 5951; x_wconf 81' lang='lat' dir='ltr'><strong>eat.</strong></span> 
     </span>
    </p>
   </div>
   <div class='ocr_carea' id='block_1_59' title="bbox 1665 394 2573 473">
    <p class='ocr_par' dir='ltr' id='par_1_59' title="bbox 1665 394 2573 473">
     <span class='ocr_line' id='line_1_60' title="bbox 1665 394 2573 473; baseline 0.022 -22"><span class='ocrx_word' id='word_1_513' title='bbox 1665 394 2147 461; x_wconf 69' lang='lat' dir='ltr'><strong>EPISTOLARUM</strong></span> <span class='ocrx_word' id='word_1_514' title='bbox 2181 406 2455 469; x_wconf 79' lang='lat' dir='ltr'><strong>CLASSIS</strong></span> <span class='ocrx_word' id='word_1_515' title='bbox 2491 412 2573 473; x_wconf 86' lang='lat' dir='ltr'><strong>Ill.</strong></span> 
     </span>
    </p>
   </div>
   <div class='ocr_carea' id='block_1_60' title="bbox 461 492 2054 576">
    <p class='ocr_par' dir='ltr' id='par_1_60' title="bbox 461 492 2054 576">
     <span class='ocr_line' id='line_1_61' title="bbox 461 492 2054 576; baseline 0.014 -31"><span class='ocrx_word' id='word_1_516' title='bbox 461 492 617 546; x_wconf 87' lang='lat' dir='ltr'><strong>istam</strong></span> <span class='ocrx_word' id='word_1_517' title='bbox 657 507 761 563; x_wconf 90' lang='lat' dir='ltr'><strong>qua</strong></span> <span class='ocrx_word' id='word_1_518' title='bbox 790 493 1058 550; x_wconf 88' lang='lat' dir='ltr'><strong>dirimitur</strong></span> <span class='ocrx_word' id='word_1_519' title='bbox 1080 497 1262 553; x_wconf 78' lang='lat' dir='ltr'><strong>anima</strong></span> <span class='ocrx_word' id='word_1_520' title='bbox 1291 514 1321 552; x_wconf 88' lang='lat' dir='ltr'><strong>a</strong></span> <span class='ocrx_word' id='word_1_521' title='bbox 1356 515 1602 572; x_wconf 86' lang='lat' dir='ltr'><strong>corpore,</strong></span> <span class='ocrx_word' id='word_1_522' title='bbox 1655 505 1929 576; x_wconf 85' lang='lat' dir='ltr'><strong>Scriptura</strong></span> <span class='ocrx_word' id='word_1_523' title='bbox 1975 512 2054 566; x_wconf 91' lang='lat' dir='ltr'><strong>lo-</strong></span> 
     </span>
    </p>
   </div>
   <div class='ocr_carea' id='block_1_61' title="bbox 3647 446 3754 505">
    <p class='ocr_par' dir='ltr' id='par_1_61' title="bbox 3647 446 3754 505">
     <span class='ocr_line' id='line_1_62' title="bbox 3647 446 3754 505; baseline 0.019 -1"><span class='ocrx_word' id='word_1_524' title='bbox 3647 446 3754 505; x_wconf 73' lang='lat'><strong>590</strong></span> 
     </span>
    </p>
   </div>
   <div class='ocr_carea' id='block_1_62' title="bbox 2157 518 3748 629">
    <p class='ocr_par' dir='ltr' id='par_1_62' title="bbox 2157 518 3748 629">
     <span class='ocr_line' id='line_1_63' title="bbox 2157 518 3748 629; baseline 0.027 -57"><span class='ocrx_word' id='word_1_525' title='bbox 2157 518 2375 586; x_wconf 77' lang='lat' dir='ltr'><strong>iecerat,</strong></span> <span class='ocrx_word' id='word_1_526' title='bbox 2406 533 2464 580; x_wconf 89' lang='lat' dir='ltr'><strong>et</strong></span> <span class='ocrx_word' id='word_1_527' title='bbox 2484 527 2679 585; x_wconf 82' lang='lat' dir='ltr'><strong>alicubi</strong></span> <span class='ocrx_word' id='word_1_528' title='bbox 2723 534 2953 604; x_wconf 88' lang='lat' dir='ltr'><strong>reposita</strong></span> <span class='ocrx_word' id='word_1_529' title='bbox 2991 537 3241 613; x_wconf 78' lang='lat' dir='ltr'><strong>habebat,</strong></span> <span class='ocrx_word' id='word_1_530' title='bbox 3288 562 3410 618; x_wconf 65' lang='lat' dir='ltr'><strong>quas</strong></span> <span class='ocrx_word' id='word_1_531' title='bbox 3442 567 3565 609; x_wconf 85' lang='lat' dir='ltr'><strong>cum</strong></span> <span class='ocrx_word' id='word_1_532' title='bbox 3614 574 3748 629; x_wconf 81' lang='lat' dir='ltr'><strong>opus</strong></span> 
     </span>
    </p>
   </div>
   <div class='ocr_carea' id='block_1_63' title="bbox 2156 617 3745 713">
    <p class='ocr_par' dir='ltr' id='par_1_63' title="bbox 2156 617 3745 713">
     <span class='ocr_line' id='line_1_64' title="bbox 2156 617 3745 713; baseline 0.028 -48"><span class='ocrx_word' id='word_1_533' title='bbox 2156 624 2317 678; x_wconf 82' lang='lat' dir='ltr'><strong>esset,</strong></span> <span class='ocrx_word' id='word_1_534' title='bbox 2347 617 2520 686; x_wconf 85' lang='lat' dir='ltr'><strong>daret,</strong></span> <span class='ocrx_word' id='word_1_535' title='bbox 2550 621 2653 679; x_wconf 85' lang='lat' dir='ltr'><strong>hoc</strong></span> <span class='ocrx_word' id='word_1_536' title='bbox 2677 635 2785 694; x_wconf 83' lang='lat' dir='ltr'><strong>est,</strong></span> <span class='ocrx_word' id='word_1_537' title='bbox 2809 629 3030 687; x_wconf 83' lang='lat' dir='ltr'><strong>adderet</strong></span> <span class='ocrx_word' id='word_1_538' title='bbox 3052 646 3105 689; x_wconf 90' lang='lat' dir='ltr'><strong>et</strong></span> <span class='ocrx_word' id='word_1_539' title='bbox 3141 638 3487 713; x_wconf 69' lang='lat' dir='ltr'><strong>adiungeret;</strong></span> <span class='ocrx_word' id='word_1_540' title='bbox 3513 650 3607 705; x_wconf 79' lang='lat' dir='ltr'><strong>Sed</strong></span> <span class='ocrx_word' id='word_1_541' title='bbox 3638 617 3745 709; x_wconf 67' lang='lat' dir='ltr'><strong>ilhc</strong></span> 
     </span>
    </p>
   </div>
   <div class='ocr_carea' id='block_1_64' title="bbox 2154 705 3741 809">
    <p class='ocr_par' dir='ltr' id='par_1_64' title="bbox 2154 705 3741 809">
     <span class='ocr_line' id='line_1_65' title="bbox 2154 705 3741 809; baseline 0.025 -52"><span class='ocrx_word' id='word_1_542' title='bbox 2154 719 2216 759; x_wconf 85' lang='lat' dir='ltr'><strong>ea</strong></span> <span class='ocrx_word' id='word_1_543' title='bbox 2258 705 2379 763; x_wconf 88' lang='lat' dir='ltr'><strong>fecit</strong></span> <span class='ocrx_word' id='word_1_544' title='bbox 2421 712 2472 765; x_wconf 88' lang='lat' dir='ltr'><strong>in</strong></span> <span class='ocrx_word' id='word_1_545' title='bbox 2510 726 2755 785; x_wconf 79' lang='lat' dir='ltr'><strong>corpore,</strong></span> <span class='ocrx_word' id='word_1_546' title='bbox 2799 722 2884 776; x_wconf 86' lang='lat' dir='ltr'><strong>eui</strong></span> <span class='ocrx_word' id='word_1_547' title='bbox 2910 723 3124 783; x_wconf 77' lang='lat' dir='ltr'><strong>dedisse</strong></span> <span class='ocrx_word' id='word_1_548' title='bbox 3160 705 3245 785; x_wconf 78' lang='lat' dir='ltr'><strong>tua</strong></span> <span class='ocrx_word' id='word_1_549' title='bbox 3273 705 3509 793; x_wconf 61' lang='lat' dir='ltr'><strong>dicitur:</strong></span> <span class='ocrx_word' id='word_1_550' title='bbox 3536 742 3661 809; x_wconf 83' lang='lat' dir='ltr'><strong>quid</strong></span> <span class='ocrx_word' id='word_1_551' title='bbox 3689 744 3741 800; x_wconf 85' lang='lat' dir='ltr'><strong>ei</strong></span> 
     </span>
    </p>
   </div>
   <div class='ocr_carea' id='block_1_65' title="bbox 2153 800 3764 891">
    <p class='ocr_par' dir='ltr' id='par_1_65' title="bbox 2153 800 3764 891">
     <span class='ocr_line' id='line_1_66' title="bbox 2153 800 3764 891; baseline 0.027 -42"><span class='ocrx_word' id='word_1_552' title='bbox 2153 800 2539 866; x_wconf 82' lang='lat' dir='ltr'><strong>respondeatur</strong></span> <span class='ocrx_word' id='word_1_553' title='bbox 2562 825 2665 863; x_wconf 89' lang='lat' dir='ltr'><strong>non</strong></span> <span class='ocrx_word' id='word_1_554' title='bbox 2700 812 2886 878; x_wconf 81' lang='lat' dir='ltr'><strong>video;</strong></span> <span class='ocrx_word' id='word_1_555' title='bbox 2913 817 3012 871; x_wconf 88' lang='lat' dir='ltr'><strong>nisi</strong></span> <span class='ocrx_word' id='word_1_556' title='bbox 3037 819 3173 877; x_wconf 84' lang='lat' dir='ltr'><strong>forte</strong></span> <span class='ocrx_word' id='word_1_557' title='bbox 3199 823 3300 878; x_wconf 82' lang='lat' dir='ltr'><strong>alia</strong></span> <span class='ocrx_word' id='word_1_558' title='bbox 3327 828 3411 882; x_wconf 90' lang='lat' dir='ltr'><strong>vel</strong></span> <span class='ocrx_word' id='word_1_559' title='bbox 3439 800 3764 891; x_wconf 80' lang='lat' dir='ltr'><strong>testimonia-</strong></span> 
     </span>
    </p>
   </div>
   <div class='ocr_carea' id='block_1_66' title="bbox 2152 892 3736 989">
    <p class='ocr_par' dir='ltr' id='par_1_66' title="bbox 2152 892 3736 989">
     <span class='ocr_line' id='line_1_67' title="bbox 2152 892 3736 989; baseline 0.026 -46"><span class='ocrx_word' id='word_1_560' title='bbox 2152 892 2510 961; x_wconf 82' lang='lat' dir='ltr'><strong>proferantur,</strong></span> <span class='ocrx_word' id='word_1_561' title='bbox 2544 902 2623 956; x_wconf 91' lang='lat' dir='ltr'><strong>vel</strong></span> <span class='ocrx_word' id='word_1_562' title='bbox 2652 915 2794 959; x_wconf 86' lang='lat' dir='ltr'><strong>certa</strong></span> <span class='ocrx_word' id='word_1_563' title='bbox 2815 910 2949 965; x_wconf 89' lang='lat' dir='ltr'><strong>ratio</strong></span> <span class='ocrx_word' id='word_1_564' title='bbox 2970 912 3110 969; x_wconf 89' lang='lat' dir='ltr'><strong>unde</strong></span> <span class='ocrx_word' id='word_1_565' title='bbox 3131 916 3229 971; x_wconf 85' lang='lat' dir='ltr'><strong>ista</strong></span> <span class='ocrx_word' id='word_1_566' title='bbox 3245 920 3426 989; x_wconf 85' lang='lat' dir='ltr'><strong>opinio</strong></span> <span class='ocrx_word' id='word_1_567' title='bbox 3447 924 3736 983; x_wconf 82' lang='lat' dir='ltr'><strong>refellatur.</strong></span> 
     </span>
    </p>
   </div>
   <div class='ocr_carea' id='block_1_67' title="bbox 2149 977 3736 1083">
    <p class='ocr_par' dir='ltr' id='par_1_67' title="bbox 2149 977 3736 1083">
     <span class='ocr_line' id='line_1_68' title="bbox 2149 977 3736 1083; baseline 0.026 -50"><span class='ocrx_word' id='word_1_568' title='bbox 2149 977 2386 1054; x_wconf 88' lang='lat' dir='ltr'><strong>Itemque</strong></span> <span class='ocrx_word' id='word_1_569' title='bbox 2414 989 2485 1042; x_wconf 89' lang='lat' dir='ltr'><strong>illi</strong></span> <span class='ocrx_word' id='word_1_570' title='bbox 2520 994 2608 1061; x_wconf 88' lang='lat' dir='ltr'><strong>qui</strong></span> <span class='ocrx_word' id='word_1_571' title='bbox 2638 1005 2827 1062; x_wconf 87' lang='lat' dir='ltr'><strong>putant</strong></span> <span class='ocrx_word' id='word_1_572' title='bbox 2853 1001 3059 1059; x_wconf 82' lang='lat' dir='ltr'><strong>animus</strong></span> <span class='ocrx_word' id='word_1_573' title='bbox 3089 1006 3141 1061; x_wconf 92' lang='lat' dir='ltr'><strong>in</strong></span> <span class='ocrx_word' id='word_1_574' title='bbox 3168 977 3396 1079; x_wconf 76' lang='lat' dir='ltr'><strong>corpora</strong></span> <span class='ocrx_word' id='word_1_575' title='bbox 3425 1026 3615 1083; x_wconf 86' lang='lat' dir='ltr'><strong>sponte</strong></span> <span class='ocrx_word' id='word_1_576' title='bbox 3638 1018 3736 1073; x_wconf 91' lang='lat' dir='ltr'><strong>de-</strong></span> 
     </span>
    </p>
   </div>
   <div class='ocr_carea' id='block_1_68' title="bbox 2146 1071 3736 1177">
    <p class='ocr_par' dir='ltr' id='par_1_68' title="bbox 2146 1071 3736 1177">
     <span class='ocr_line' id='line_1_69' title="bbox 2146 1071 3736 1177; baseline 0.027 -52"><span class='ocrx_word' id='word_1_577' title='bbox 2146 1071 2332 1141; x_wconf 86' lang='lat' dir='ltr'><strong>ﬂuere,</strong></span> <span class='ocrx_word' id='word_1_578' title='bbox 2366 1080 2440 1133; x_wconf 89' lang='lat' dir='ltr'><strong>sic</strong></span> <span class='ocrx_word' id='word_1_579' title='bbox 2465 1085 2732 1152; x_wconf 86' lang='lat' dir='ltr'><strong>accipiunt</strong></span> <span class='ocrx_word' id='word_1_580' title='bbox 2752 1089 2973 1155; x_wconf 74' lang='lat' dir='ltr'><strong>dictum.</strong></span> <span class='ocrx_word' id='word_1_581' title='bbox 2999 1096 3137 1154; x_wconf 79' lang='lat' dir='ltr'><strong>Deus</strong></span> <span class='ocrx_word' id='word_1_582' title='bbox 3156 1102 3293 1157; x_wconf 74' lang='lat' dir='ltr'><strong>dedit</strong></span> <span class='ocrx_word' id='word_1_583' title='bbox 3313 1122 3445 1174; x_wconf 84' lang='lat' dir='ltr'><strong>eum,</strong></span> <span class='ocrx_word' id='word_1_584' title='bbox 3470 1113 3736 1177; x_wconf 88' lang='lat' dir='ltr'><strong>quomodo</strong></span> 
     </span>
    </p>
   </div>
   <div class='ocr_carea' id='block_1_69' title="bbox 2144 1165 3732 1270">
    <p class='ocr_par' dir='ltr' id='par_1_69' title="bbox 2144 1165 3732 1270">
     <span class='ocr_line' id='line_1_70' title="bbox 2144 1165 3732 1270; baseline 0.029 -51"><span class='ocrx_word' id='word_1_585' title='bbox 2144 1165 2341 1223; x_wconf 85' lang='lat' dir='ltr'><strong>dictum</strong></span> <span class='ocrx_word' id='word_1_586' title='bbox 2368 1183 2467 1237; x_wconf 91' lang='lat' dir='ltr'><strong>est,</strong></span> <span class='ocrx_word' id='word_1_587' title='bbox 2500 1174 2731 1234; x_wconf 77' lang='lat' dir='ltr'><strong>Tradidit</strong></span> <span class='ocrx_word' id='word_1_588' title='bbox 2758 1184 2875 1239; x_wconf 84' lang='lat' dir='ltr'><strong>illos</strong></span> <span class='ocrx_word' id='word_1_589' title='bbox 2905 1188 3040 1245; x_wconf 79' lang='lat' dir='ltr'><strong>Deus</strong></span> <span class='ocrx_word' id='word_1_590' title='bbox 3063 1194 3115 1247; x_wconf 73' lang='lat' dir='ltr'><strong>in</strong></span> <span class='ocrx_word' id='word_1_591' title='bbox 3140 1165 3593 1270; x_wconf 68' lang='lat' dir='ltr'><strong>concupiscentiam</strong></span> <span class='ocrx_word' id='word_1_592' title='bbox 3612 1222 3732 1263; x_wconf 73' lang='grc' dir='ltr'><strong>σω·-</strong></span> 
     </span>
    </p>
   </div>
   <div class='ocr_carea' id='block_1_70' title="bbox 2142 1258 3727 1354">
    <p class='ocr_par' dir='ltr' id='par_1_70' title="bbox 2142 1258 3727 1354">
     <span class='ocr_line' id='line_1_71' title="bbox 2142 1258 3727 1354; baseline 0.029 -44"><span class='ocrx_word' id='word_1_593' title='bbox 2142 1258 2222 1313; x_wconf 80' lang='lat' dir='ltr'><strong>dis</strong></span> <span class='ocrx_word' id='word_1_594' title='bbox 2244 1278 2417 1317; x_wconf 75' lang='lat' dir='ltr'><strong>eorum</strong></span> <span class='ocrx_word' id='word_1_595' title='bbox 2461 1265 2651 1338; x_wconf 83' lang='lat' dir='ltr'><strong>(Rom.</strong></span> <span class='ocrx_word' id='word_1_596' title='bbox 2706 1290 2741 1335; x_wconf 84' lang='grc' dir='ltr'><strong>ι,</strong></span> <span class='ocrx_word' id='word_1_597' title='bbox 2773 1276 2842 1330; x_wconf 73' lang='grc'><strong>24</strong></span> <span class='ocrx_word' id='word_1_598' title='bbox 2858 1278 2896 1348; x_wconf 84' lang='grc'><strong>).</strong></span> <span class='ocrx_word' id='word_1_599' title='bbox 2942 1280 3172 1341; x_wconf 88' lang='lat' dir='ltr'><strong>Proinde</strong></span> <span class='ocrx_word' id='word_1_600' title='bbox 3198 1258 3361 1345; x_wconf 68' lang='lat' dir='ltr'><strong>untim</strong></span> <span class='ocrx_word' id='word_1_601' title='bbox 3396 1258 3727 1354; x_wconf 38' lang='lat' dir='ltr'><strong>verbum&#39;re-</strong></span> 
     </span>
    </p>
   </div>
   <div class='ocr_carea' id='block_1_71' title="bbox 2140 1348 3730 1458">
    <p class='ocr_par' dir='ltr' id='par_1_71' title="bbox 2140 1348 3730 1458">
     <span class='ocr_line' id='line_1_72' title="bbox 2140 1348 3730 1458; baseline 0.031 -58"><span class='ocrx_word' id='word_1_602' title='bbox 2140 1348 2429 1420; x_wconf 85' lang='lat' dir='ltr'><strong>linquitur,</strong></span> <span class='ocrx_word' id='word_1_603' title='bbox 2460 1361 2599 1426; x_wconf 88' lang='lat' dir='ltr'><strong>quod</strong></span> <span class='ocrx_word' id='word_1_604' title='bbox 2628 1363 2827 1419; x_wconf 86' lang='lat' dir='ltr'><strong>dictum</strong></span> <span class='ocrx_word' id='word_1_605' title='bbox 2852 1381 2935 1423; x_wconf 85' lang='lat' dir='ltr'><strong>est</strong></span> <span class='ocrx_word' id='word_1_606' title='bbox 2954 1413 2965 1433; x_wconf 95' lang='lat'><strong>,</strong></span> <span class='ocrx_word' id='word_1_607' title='bbox 2995 1389 3271 1433; x_wconf 85' lang='lat' dir='ltr'><strong>revertatur</strong></span> <span class='ocrx_word' id='word_1_608' title='bbox 3307 1385 3375 1437; x_wconf 79' lang='lat' dir='ltr'><strong>ad</strong></span> <span class='ocrx_word' id='word_1_609' title='bbox 3407 1385 3592 1455; x_wconf 73' lang='lat' dir='ltr'><strong>Deum,</strong></span> <span class='ocrx_word' id='word_1_610' title='bbox 3623 1408 3730 1458; x_wconf 88' lang='lat' dir='ltr'><strong>quo</strong></span> 
     </span>
    </p>
   </div>
   <div class='ocr_carea' id='block_1_72' title="bbox 2136 1449 3727 1541">
    <p class='ocr_par' dir='ltr' id='par_1_72' title="bbox 2136 1449 3727 1541">
     <span class='ocr_line' id='line_1_73' title="bbox 2136 1449 3727 1541; baseline 0.03 -48"><span class='ocrx_word' id='word_1_611' title='bbox 2136 1452 2293 1509; x_wconf 86' lang='lat' dir='ltr'><strong>pacto</strong></span> <span class='ocrx_word' id='word_1_612' title='bbox 2321 1449 2488 1518; x_wconf 86' lang='lat' dir='ltr'><strong>accipi</strong></span> <span class='ocrx_word' id='word_1_613' title='bbox 2515 1456 2681 1520; x_wconf 84' lang='lat' dir='ltr'><strong>possit</strong></span> <span class='ocrx_word' id='word_1_614' title='bbox 2707 1463 2922 1527; x_wconf 85' lang='lat' dir='ltr'><strong>reverti,</strong></span> <span class='ocrx_word' id='word_1_615' title='bbox 2944 1465 3029 1517; x_wconf 91' lang='lat' dir='ltr'><strong>ubi</strong></span> <span class='ocrx_word' id='word_1_616' title='bbox 3052 1480 3174 1524; x_wconf 84' lang='lat' dir='ltr'><strong>ante</strong></span> <span class='ocrx_word' id='word_1_617' title='bbox 3195 1488 3302 1527; x_wconf 86' lang='lat' dir='ltr'><strong>non</strong></span> <span class='ocrx_word' id='word_1_618' title='bbox 3327 1475 3440 1541; x_wconf 89' lang='lat' dir='ltr'><strong>fuit,</strong></span> <span class='ocrx_word' id='word_1_619' title='bbox 3472 1482 3514 1535; x_wconf 86' lang='lat' dir='ltr'><strong>si</strong></span> <span class='ocrx_word' id='word_1_620' title='bbox 3531 1449 3727 1539; x_wconf 59' lang='lat' dir='ltr'><strong>animae</strong></span> 
     </span>
    </p>
   </div>
   <div class='ocr_carea' id='block_1_73' title="bbox 2136 1531 3723 1630">
    <p class='ocr_par' dir='ltr' id='par_1_73' title="bbox 2136 1531 3723 1630">
     <span class='ocr_line' id='line_1_74' title="bbox 2136 1531 3723 1630; baseline 0.03 -46"><span class='ocrx_word' id='word_1_621' title='bbox 2136 1531 2193 1586; x_wconf 79' lang='lat' dir='ltr'><strong>in</strong></span> <span class='ocrx_word' id='word_1_622' title='bbox 2230 1536 2341 1591; x_wconf 86' lang='lat' dir='ltr'><strong>suis</strong></span> <span class='ocrx_word' id='word_1_623' title='bbox 2376 1556 2602 1613; x_wconf 76' lang='lat' dir='ltr'><strong>quaeque</strong></span> <span class='ocrx_word' id='word_1_624' title='bbox 2636 1551 2951 1616; x_wconf 88' lang='lat' dir='ltr'><strong>corporibus</strong></span> <span class='ocrx_word' id='word_1_625' title='bbox 2974 1556 3136 1622; x_wconf 82' lang='lat' dir='ltr'><strong>ﬁunt;</strong></span> <span class='ocrx_word' id='word_1_626' title='bbox 3169 1578 3274 1630; x_wconf 88' lang='lat' dir='ltr'><strong>quo</strong></span> <span class='ocrx_word' id='word_1_627' title='bbox 3294 1568 3407 1621; x_wconf 80' lang='lat' dir='ltr'><strong>solo</strong></span> <span class='ocrx_word' id='word_1_628' title='bbox 3431 1571 3592 1626; x_wconf 84' lang='lat' dir='ltr'><strong>verbo</strong></span> <span class='ocrx_word' id='word_1_629' title='bbox 3622 1592 3723 1630; x_wconf 80' lang='lat' dir='ltr'><strong>una</strong></span> 
     </span>
    </p>
   </div>
   <div class='ocr_carea' id='block_1_74' title="bbox 2130 1624 3725 1735">
    <p class='ocr_par' dir='ltr' id='par_1_74' title="bbox 2130 1624 3725 1735">
     <span class='ocr_line' id='line_1_75' title="bbox 2130 1624 3725 1735; baseline 0.026 -57"><span class='ocrx_word' id='word_1_630' title='bbox 2130 1624 2344 1681; x_wconf 83' lang='lat' dir='ltr'><strong>illarum</strong></span> <span class='ocrx_word' id='word_1_631' title='bbox 2374 1644 2602 1701; x_wconf 88' lang='lat' dir='ltr'><strong>quatuor</strong></span> <span class='ocrx_word' id='word_1_632' title='bbox 2622 1652 2935 1711; x_wconf 85' lang='lat' dir='ltr'><strong>angustatur</strong></span> <span class='ocrx_word' id='word_1_633' title='bbox 2950 1650 3151 1717; x_wconf 82' lang='lat' dir='ltr'><strong>Opinio.</strong></span> <span class='ocrx_word' id='word_1_634' title='bbox 3178 1654 3281 1709; x_wconf 90' lang='lat' dir='ltr'><strong>Sed</strong></span> <span class='ocrx_word' id='word_1_635' title='bbox 3313 1675 3484 1729; x_wconf 84' lang='lat' dir='ltr'><strong>neque</strong></span> <span class='ocrx_word' id='word_1_636' title='bbox 3510 1677 3725 1735; x_wconf 79' lang='lat' dir='ltr'><strong>propter</strong></span> 
     </span>
    </p>
   </div>
   <div class='ocr_carea' id='block_1_75' title="bbox 2132 1716 3720 1815">
    <p class='ocr_par' dir='ltr' id='par_1_75' title="bbox 2132 1716 3720 1815">
     <span class='ocr_line' id='line_1_76' title="bbox 2132 1716 3720 1815; baseline 0.029 -45"><span class='ocrx_word' id='word_1_637' title='bbox 2132 1716 2237 1775; x_wconf 88' lang='lat' dir='ltr'><strong>hoc</strong></span> <span class='ocrx_word' id='word_1_638' title='bbox 2267 1738 2427 1778; x_wconf 89' lang='lat' dir='ltr'><strong>unum</strong></span> <span class='ocrx_word' id='word_1_639' title='bbox 2460 1730 2681 1786; x_wconf 87' lang='lat' dir='ltr'><strong>verbum</strong></span> <span class='ocrx_word' id='word_1_640' title='bbox 2715 1745 2914 1795; x_wconf 88' lang='lat' dir='ltr'><strong>temere</strong></span> <span class='ocrx_word' id='word_1_641' title='bbox 2955 1744 3202 1801; x_wconf 78' lang='lat' dir='ltr'><strong>existimo</strong></span> <span class='ocrx_word' id='word_1_642' title='bbox 3233 1750 3373 1805; x_wconf 85' lang='lat' dir='ltr'><strong>illam</strong></span> <span class='ocrx_word' id='word_1_643' title='bbox 3404 1761 3720 1815; x_wconf 86' lang='lat' dir='ltr'><strong>sententiam</strong></span> 
     </span>
    </p>
   </div>
   <div class='ocr_carea' id='block_1_76' title="bbox 2129 1814 3721 1917">
    <p class='ocr_par' dir='ltr' id='par_1_76' title="bbox 2129 1814 3721 1917">
     <span class='ocr_line' id='line_1_77' title="bbox 2129 1814 3721 1917; baseline 0.029 -55"><span class='ocrx_word' id='word_1_644' title='bbox 2129 1824 2251 1865; x_wconf 85' lang='lat' dir='ltr'><strong>esse</strong></span> <span class='ocrx_word' id='word_1_645' title='bbox 2278 1814 2632 1889; x_wconf 84' lang='lat' dir='ltr'><strong>refutandam,</strong></span> <span class='ocrx_word' id='word_1_646' title='bbox 2658 1840 2726 1879; x_wconf 84' lang='lat' dir='ltr'><strong>ne</strong></span> <span class='ocrx_word' id='word_1_647' title='bbox 2753 1826 2888 1885; x_wconf 87' lang='lat' dir='ltr'><strong>forte</strong></span> <span class='ocrx_word' id='word_1_648' title='bbox 2910 1834 3075 1899; x_wconf 82' lang='lat' dir='ltr'><strong>possit</strong></span> <span class='ocrx_word' id='word_1_649' title='bbox 3092 1840 3299 1894; x_wconf 81' lang='lat' dir='ltr'><strong>ostendi</strong></span> <span class='ocrx_word' id='word_1_650' title='bbox 3323 1844 3499 1913; x_wconf 86' lang='lat' dir='ltr'><strong>aliquo</strong></span> <span class='ocrx_word' id='word_1_651' title='bbox 3525 1864 3721 1917; x_wconf 58' lang='lat' dir='ltr'><strong>genae</strong></span> 
     </span>
    </p>
   </div>
   <div class='ocr_carea' id='block_1_77' title="bbox 2126 1898 3717 2011">
    <p class='ocr_par' dir='ltr' id='par_1_77' title="bbox 2126 1898 3717 2011">
     <span class='ocr_line' id='line_1_78' title="bbox 2126 1898 3717 2011; baseline 0.03 -61"><span class='ocrx_word' id='word_1_652' title='bbox 2126 1898 2427 1971; x_wconf 81' lang='lat' dir='ltr'><strong>locutionis,</strong></span> <span class='ocrx_word' id='word_1_653' title='bbox 2458 1926 2562 1977; x_wconf 90' lang='lat' dir='ltr'><strong>quo</strong></span> <span class='ocrx_word' id='word_1_654' title='bbox 2589 1926 2772 1971; x_wconf 84' lang='lat' dir='ltr'><strong>sancta</strong></span> <span class='ocrx_word' id='word_1_655' title='bbox 2798 1898 3066 1991; x_wconf 83' lang='lat' dir='ltr'><strong>Scriptura</strong></span> <span class='ocrx_word' id='word_1_656' title='bbox 3097 1930 3169 1981; x_wconf 92' lang='lat' dir='ltr'><strong>uti</strong></span> <span class='ocrx_word' id='word_1_657' title='bbox 3196 1932 3355 1996; x_wconf 72' lang='lat' dir='ltr'><strong>Solet,</strong></span> <span class='ocrx_word' id='word_1_658' title='bbox 3386 1934 3485 1991; x_wconf 88' lang='lat' dir='ltr'><strong>hoc</strong></span> <span class='ocrx_word' id='word_1_659' title='bbox 3512 1898 3717 2011; x_wconf 50' lang='lat' dir='ltr'><strong>iitroque</strong></span> 
     </span>
    </p>
   </div>
   <div class='ocr_carea' id='block_1_78' title="bbox 2126 1999 3715 2095">
    <p class='ocr_par' dir='ltr' id='par_1_78' title="bbox 2126 1999 3715 2095">
     <span class='ocr_line' id='line_1_79' title="bbox 2126 1999 3715 2095; baseline 0.029 -50"><span class='ocrx_word' id='word_1_660' title='bbox 2126 2004 2271 2051; x_wconf 84' lang='lat' dir='ltr'><strong>recte</strong></span> <span class='ocrx_word' id='word_1_661' title='bbox 2298 1999 2400 2053; x_wconf 88' lang='lat' dir='ltr'><strong>dici</strong></span> <span class='ocrx_word' id='word_1_662' title='bbox 2427 2007 2684 2074; x_wconf 85' lang='lat' dir='ltr'><strong>potuisse,</strong></span> <span class='ocrx_word' id='word_1_663' title='bbox 2732 2021 2788 2066; x_wconf 87' lang='lat' dir='ltr'><strong>ut</strong></span> <span class='ocrx_word' id='word_1_664' title='bbox 2827 2019 3020 2072; x_wconf 87' lang='lat' dir='ltr'><strong>reverti</strong></span> <span class='ocrx_word' id='word_1_665' title='bbox 3072 2021 3396 2095; x_wconf 83' lang='lat' dir='ltr'><strong>intelligatur</strong></span> <span class='ocrx_word' id='word_1_666' title='bbox 3435 2032 3500 2084; x_wconf 81' lang='lat' dir='ltr'><strong>ad</strong></span> <span class='ocrx_word' id='word_1_667' title='bbox 3528 1999 3715 2091; x_wconf 46' lang='lat' dir='ltr'><strong>.Deum</strong></span> 
     </span>
    </p>
   </div>
   <div class='ocr_carea' id='block_1_79' title="bbox 2123 2087 3714 2191">
    <p class='ocr_par' dir='ltr' id='par_1_79' title="bbox 2123 2087 3714 2191">
     <span class='ocr_line' id='line_1_80' title="bbox 2123 2087 3714 2191; baseline 0.029 -55"><span class='ocrx_word' id='word_1_668' title='bbox 2123 2087 2343 2152; x_wconf 80' lang='lat' dir='ltr'><strong>spiritus</strong></span> <span class='ocrx_word' id='word_1_669' title='bbox 2366 2104 2577 2151; x_wconf 86' lang='lat' dir='ltr'><strong>creatus</strong></span> <span class='ocrx_word' id='word_1_670' title='bbox 2602 2141 2617 2165; x_wconf 93' lang='lat'><strong>,</strong></span> <span class='ocrx_word' id='word_1_671' title='bbox 2666 2109 2917 2174; x_wconf 89' lang='lat' dir='ltr'><strong>tanquam</strong></span> <span class='ocrx_word' id='word_1_672' title='bbox 2958 2110 3025 2164; x_wconf 83' lang='lat' dir='ltr'><strong>ad</strong></span> <span class='ocrx_word' id='word_1_673' title='bbox 3060 2125 3329 2172; x_wconf 87' lang='lat' dir='ltr'><strong>auctorem</strong></span> <span class='ocrx_word' id='word_1_674' title='bbox 3360 2136 3389 2173; x_wconf 88' lang='lat' dir='ltr'><strong>a</strong></span> <span class='ocrx_word' id='word_1_675' title='bbox 3418 2138 3525 2191; x_wconf 89' lang='lat' dir='ltr'><strong>quo</strong></span> <span class='ocrx_word' id='word_1_676' title='bbox 3563 2140 3714 2181; x_wconf 84' lang='lat' dir='ltr'><strong>crea-</strong></span> 
     </span>
    </p>
   </div>
   <div class='ocr_carea' id='block_1_80' title="bbox 2128 2185 3711 2279">
    <p class='ocr_par' dir='ltr' id='par_1_80' title="bbox 2128 2185 3711 2279">
     <span class='ocr_line' id='line_1_81' title="bbox 2128 2185 3711 2279; baseline 0.028 -52"><span class='ocrx_word' id='word_1_677' title='bbox 2128 2185 2209 2230; x_wconf 91' lang='lat' dir='ltr'><strong>tus</strong></span> <span class='ocrx_word' id='word_1_678' title='bbox 2229 2189 2329 2247; x_wconf 86' lang='lat' dir='ltr'><strong>est,</strong></span> <span class='ocrx_word' id='word_1_679' title='bbox 2356 2200 2458 2239; x_wconf 90' lang='lat' dir='ltr'><strong>non</strong></span> <span class='ocrx_word' id='word_1_680' title='bbox 2481 2196 2725 2259; x_wconf 81' lang='lat' dir='ltr'><strong>tanquam</strong></span> <span class='ocrx_word' id='word_1_681' title='bbox 2752 2196 2818 2249; x_wconf 90' lang='lat' dir='ltr'><strong>ad</strong></span> <span class='ocrx_word' id='word_1_682' title='bbox 2842 2214 2964 2254; x_wconf 90' lang='lat' dir='ltr'><strong>eum</strong></span> <span class='ocrx_word' id='word_1_683' title='bbox 2983 2203 3123 2270; x_wconf 88' lang='lat' dir='ltr'><strong>apud</strong></span> <span class='ocrx_word' id='word_1_684' title='bbox 3148 2219 3305 2276; x_wconf 87' lang='lat' dir='ltr'><strong>quem</strong></span> <span class='ocrx_word' id='word_1_685' title='bbox 3331 2213 3575 2279; x_wconf 90' lang='lat' dir='ltr'><strong>primitus</strong></span> <span class='ocrx_word' id='word_1_686' title='bbox 3592 2216 3711 2272; x_wconf 86' lang='lat' dir='ltr'><strong>fuit.</strong></span> 
     </span>
    </p>
   </div>
   <div class='ocr_carea' id='block_1_81' title="bbox 2195 2272 3715 2376">
    <p class='ocr_par' dir='ltr' id='par_1_81' title="bbox 2195 2272 3715 2376">
     <span class='ocr_line' id='line_1_82' title="bbox 2195 2272 3715 2376; baseline 0.027 -52"><span class='ocrx_word' id='word_1_687' title='bbox 2195 2272 2278 2325; x_wconf 85' lang='grc'><strong>11.</strong></span> <span class='ocrx_word' id='word_1_688' title='bbox 2321 2275 2445 2332; x_wconf 67' lang='lat' dir='ltr'><strong>Haec</strong></span> <span class='ocrx_word' id='word_1_689' title='bbox 2476 2280 2594 2334; x_wconf 86' lang='lat' dir='ltr'><strong>ideo</strong></span> <span class='ocrx_word' id='word_1_690' title='bbox 2619 2287 2812 2356; x_wconf 88' lang='lat' dir='ltr'><strong>scripsi</strong></span> <span class='ocrx_word' id='word_1_691' title='bbox 2842 2332 2854 2355; x_wconf 95' lang='lat'><strong>,</strong></span> <span class='ocrx_word' id='word_1_692' title='bbox 2886 2304 2944 2346; x_wconf 91' lang='lat' dir='ltr'><strong>ut</strong></span> <span class='ocrx_word' id='word_1_693' title='bbox 2970 2272 3211 2367; x_wconf 80' lang='lat' dir='ltr'><strong>quisquis</strong></span> <span class='ocrx_word' id='word_1_694' title='bbox 3239 2272 3445 2356; x_wconf 75' lang='lat' dir='ltr'><strong>illarum</strong></span> <span class='ocrx_word' id='word_1_695' title='bbox 3487 2319 3715 2376; x_wconf 85' lang='lat' dir='ltr'><strong>quatuor</strong></span> 
     </span>
    </p>
   </div>
   <div class='ocr_carea' id='block_1_82' title="bbox 2119 2360 3713 2456">
    <p class='ocr_par' dir='ltr' id='par_1_82' title="bbox 2119 2360 3713 2456">
     <span class='ocr_line' id='line_1_83' title="bbox 2119 2360 3713 2456; baseline 0.028 -44"><span class='ocrx_word' id='word_1_696' title='bbox 2119 2360 2187 2414; x_wconf 90' lang='lat' dir='ltr'><strong>de</strong></span> <span class='ocrx_word' id='word_1_697' title='bbox 2230 2367 2403 2421; x_wconf 88' lang='lat' dir='ltr'><strong>anima</strong></span> <span class='ocrx_word' id='word_1_698' title='bbox 2453 2378 2839 2433; x_wconf 89' lang='lat' dir='ltr'><strong>sententiarum</strong></span> <span class='ocrx_word' id='word_1_699' title='bbox 2891 2383 3121 2454; x_wconf 87' lang='lat' dir='ltr'><strong>aliquam</strong></span> <span class='ocrx_word' id='word_1_700' title='bbox 3176 2393 3399 2448; x_wconf 89' lang='lat' dir='ltr'><strong>voluerit</strong></span> <span class='ocrx_word' id='word_1_701' title='bbox 3438 2397 3713 2456; x_wconf 86' lang='lat' dir='ltr'><strong>adstruere</strong></span> 
     </span>
    </p>
   </div>
   <div class='ocr_carea' id='block_1_83' title="bbox 2118 2458 3711 2555">
    <p class='ocr_par' dir='ltr' id='par_1_83' title="bbox 2118 2458 3711 2555">
     <span class='ocr_line' id='line_1_84' title="bbox 2118 2458 3711 2555; baseline 0.026 -51"><span class='ocrx_word' id='word_1_702' title='bbox 2118 2462 2275 2523; x_wconf 87' lang='lat' dir='ltr'><strong>atque</strong></span> <span class='ocrx_word' id='word_1_703' title='bbox 2314 2458 2621 2532; x_wconf 84' lang='lat' dir='ltr'><strong>defendere,</strong></span> <span class='ocrx_word' id='word_1_704' title='bbox 2652 2470 2772 2523; x_wconf 87' lang='lat' dir='ltr'><strong>talia</strong></span> <span class='ocrx_word' id='word_1_705' title='bbox 2814 2476 3064 2544; x_wconf 78' lang='lat' dir='ltr'><strong>proferat,</strong></span> <span class='ocrx_word' id='word_1_706' title='bbox 3114 2482 3195 2534; x_wconf 90' lang='lat' dir='ltr'><strong>vel</strong></span> <span class='ocrx_word' id='word_1_707' title='bbox 3229 2484 3297 2538; x_wconf 90' lang='lat' dir='ltr'><strong>de</strong></span> <span class='ocrx_word' id='word_1_708' title='bbox 3339 2483 3627 2555; x_wconf 79' lang='lat' dir='ltr'><strong>Scriptnris</strong></span> <span class='ocrx_word' id='word_1_709' title='bbox 3657 2492 3711 2546; x_wconf 91' lang='lat' dir='ltr'><strong>in</strong></span> 
     </span>
    </p>
   </div>
   <div class='ocr_carea' id='block_1_84' title="bbox 2117 2552 3710 2651">
    <p class='ocr_par' dir='ltr' id='par_1_84' title="bbox 2117 2552 3710 2651">
     <span class='ocr_line' id='line_1_85' title="bbox 2117 2552 3710 2651; baseline 0.026 -53"><span class='ocrx_word' id='word_1_710' title='bbox 2117 2552 2489 2609; x_wconf 87' lang='lat' dir='ltr'><strong>auctoritatem</strong></span> <span class='ocrx_word' id='word_1_711' title='bbox 2514 2562 2935 2621; x_wconf 83' lang='lat' dir='ltr'><strong>ecclesiasticam</strong></span> <span class='ocrx_word' id='word_1_712' title='bbox 2958 2574 3203 2640; x_wconf 86' lang='lat' dir='ltr'><strong>receptis,</strong></span> <span class='ocrx_word' id='word_1_713' title='bbox 3232 2594 3352 2644; x_wconf 66' lang='lat' dir='ltr'><strong>qua:</strong></span> <span class='ocrx_word' id='word_1_714' title='bbox 3374 2596 3477 2634; x_wconf 89' lang='lat' dir='ltr'><strong>non</strong></span> <span class='ocrx_word' id='word_1_715' title='bbox 3506 2585 3710 2651; x_wconf 87' lang='lat' dir='ltr'><strong>possint</strong></span> 
     </span>
    </p>
   </div>
   <div class='ocr_carea' id='block_1_85' title="bbox 2115 2639 3702 2729">
    <p class='ocr_par' dir='ltr' id='par_1_85' title="bbox 2115 2639 3702 2729">
     <span class='ocr_line' id='line_1_86' title="bbox 2115 2639 3702 2729; baseline 0.025 -39"><span class='ocrx_word' id='word_1_716' title='bbox 2115 2639 2272 2695; x_wconf 86' lang='lat' dir='ltr'><strong>aliter</strong></span> <span class='ocrx_word' id='word_1_717' title='bbox 2296 2646 2503 2715; x_wconf 88' lang='lat' dir='ltr'><strong>accipi;</strong></span> <span class='ocrx_word' id='word_1_718' title='bbox 2530 2651 2683 2705; x_wconf 88' lang='lat' dir='ltr'><strong>sicuti</strong></span> <span class='ocrx_word' id='word_1_719' title='bbox 2713 2665 2797 2709; x_wconf 90' lang='lat' dir='ltr'><strong>est</strong></span> <span class='ocrx_word' id='word_1_720' title='bbox 2822 2696 2834 2719; x_wconf 92' lang='lat'><strong>,</strong></span> <span class='ocrx_word' id='word_1_721' title='bbox 2864 2661 3009 2727; x_wconf 89' lang='lat' dir='ltr'><strong>quod</strong></span> <span class='ocrx_word' id='word_1_722' title='bbox 3044 2662 3179 2719; x_wconf 87' lang='lat' dir='ltr'><strong>Deus</strong></span> <span class='ocrx_word' id='word_1_723' title='bbox 3220 2666 3489 2725; x_wconf 88' lang='lat' dir='ltr'><strong>hominem</strong></span> <span class='ocrx_word' id='word_1_724' title='bbox 3535 2675 3657 2729; x_wconf 87' lang='lat' dir='ltr'><strong>fecit</strong></span> <span class='ocrx_word' id='word_1_725' title='bbox 3689 2694 3702 2729; x_wconf 90' lang='lat'>:</span> 
     </span>
    </p>
   </div>
   <div class='ocr_carea' id='block_1_86' title="bbox 2115 2732 3703 2822">
    <p class='ocr_par' dir='ltr' id='par_1_86' title="bbox 2115 2732 3703 2822">
     <span class='ocr_line' id='line_1_87' title="bbox 2115 2732 3703 2822; baseline 0.025 -39"><span class='ocrx_word' id='word_1_726' title='bbox 2115 2732 2199 2786; x_wconf 79' lang='lat' dir='ltr'><strong>vel</strong></span> <span class='ocrx_word' id='word_1_727' title='bbox 2230 2738 2493 2794; x_wconf 78' lang='lat' dir='ltr'><strong>rationem</strong></span> <span class='ocrx_word' id='word_1_728' title='bbox 2537 2751 2642 2797; x_wconf 85' lang='lat' dir='ltr'><strong>tam</strong></span> <span class='ocrx_word' id='word_1_729' title='bbox 2682 2758 2923 2817; x_wconf 87' lang='lat' dir='ltr'><strong>certam,</strong></span> <span class='ocrx_word' id='word_1_730' title='bbox 2960 2763 3015 2807; x_wconf 91' lang='lat' dir='ltr'><strong>ut</strong></span> <span class='ocrx_word' id='word_1_731' title='bbox 3050 2760 3398 2814; x_wconf 86' lang='lat' dir='ltr'><strong>contradictio</strong></span> <span class='ocrx_word' id='word_1_732' title='bbox 3432 2775 3523 2817; x_wconf 89' lang='lat' dir='ltr'><strong>aut</strong></span> <span class='ocrx_word' id='word_1_733' title='bbox 3560 2768 3703 2822; x_wconf 90' lang='lat' dir='ltr'><strong>nulla</strong></span> 
     </span>
    </p>
   </div>
   <div class='ocr_carea' id='block_1_87' title="bbox 2111 2825 3699 2917">
    <p class='ocr_par' dir='ltr' id='par_1_87' title="bbox 2111 2825 3699 2917">
     <span class='ocr_line' id='line_1_88' title="bbox 2111 2825 3699 2917; baseline 0.025 -43"><span class='ocrx_word' id='word_1_734' title='bbox 2111 2825 2325 2893; x_wconf 68' lang='lat' dir='ltr'><strong>existat,</strong></span> <span class='ocrx_word' id='word_1_735' title='bbox 2356 2839 2446 2885; x_wconf 87' lang='lat' dir='ltr'><strong>aut</strong></span> <span class='ocrx_word' id='word_1_736' title='bbox 2487 2832 2705 2890; x_wconf 66' lang='lat' dir='ltr'><strong>inSaniat</strong></span> <span class='ocrx_word' id='word_1_737' title='bbox 2732 2840 2921 2896; x_wconf 88' lang='lat' dir='ltr'><strong>similis</strong></span> <span class='ocrx_word' id='word_1_738' title='bbox 2946 2846 3455 2917; x_wconf 86' lang='lat' dir='ltr'><strong>meritojudicelur;</strong></span> <span class='ocrx_word' id='word_1_739' title='bbox 3488 2858 3629 2911; x_wconf 87' lang='lat' dir='ltr'><strong>velut</strong></span> <span class='ocrx_word' id='word_1_740' title='bbox 3654 2861 3699 2913; x_wconf 87' lang='lat' dir='ltr'><strong>si</strong></span> 
     </span>
    </p>
   </div>
   <div class='ocr_carea' id='block_1_88' title="bbox 2111 2917 3700 3011">
    <p class='ocr_par' dir='ltr' id='par_1_88' title="bbox 2111 2917 3700 3011">
     <span class='ocr_line' id='line_1_89' title="bbox 2111 2917 3700 3011; baseline 0.024 -45"><span class='ocrx_word' id='word_1_741' title='bbox 2111 2917 2387 2986; x_wconf 87' lang='lat' dir='ltr'><strong>quisquam</strong></span> <span class='ocrx_word' id='word_1_742' title='bbox 2424 2922 2584 2993; x_wconf 86' lang='lat' dir='ltr'><strong>dicat,</strong></span> <span class='ocrx_word' id='word_1_743' title='bbox 2618 2943 2716 2983; x_wconf 88' lang='lat' dir='ltr'><strong>nec</strong></span> <span class='ocrx_word' id='word_1_744' title='bbox 2746 2933 3020 2988; x_wconf 87' lang='lat' dir='ltr'><strong>veritatem</strong></span> <span class='ocrx_word' id='word_1_745' title='bbox 3057 2954 3412 3011; x_wconf 61' lang='lat' dir='ltr'><strong>cegnoscere,</strong></span> <span class='ocrx_word' id='word_1_746' title='bbox 3457 2963 3554 3001; x_wconf 85' lang='lat' dir='ltr'><strong>nec</strong></span> <span class='ocrx_word' id='word_1_747' title='bbox 3592 2948 3700 3004; x_wconf 86' lang='lat' dir='ltr'><strong>falli</strong></span> 
     </span>
    </p>
   </div>
   <div class='ocr_carea' id='block_1_89' title="bbox 2110 3022 3702 3101">
    <p class='ocr_par' dir='ltr' id='par_1_89' title="bbox 2110 3022 3702 3101">
     <span class='ocr_line' id='line_1_90' title="bbox 2110 3022 3702 3101; baseline 0.026 -44"><span class='ocrx_word' id='word_1_748' title='bbox 2110 3022 2430 3078; x_wconf 87' lang='lat' dir='ltr'><strong>quemquam</strong></span> <span class='ocrx_word' id='word_1_749' title='bbox 2464 3032 2618 3084; x_wconf 85' lang='lat' dir='ltr'><strong>posse</strong></span> <span class='ocrx_word' id='word_1_750' title='bbox 2644 3023 2744 3075; x_wconf 88' lang='lat' dir='ltr'><strong>nisi</strong></span> <span class='ocrx_word' id='word_1_751' title='bbox 2768 3025 3049 3082; x_wconf 82' lang='lat' dir='ltr'><strong>viventem.</strong></span> <span class='ocrx_word' id='word_1_752' title='bbox 3078 3030 3259 3101; x_wconf 63' lang='lat' dir='ltr'><strong>Neque</strong></span> <span class='ocrx_word' id='word_1_753' title='bbox 3280 3038 3422 3090; x_wconf 88' lang='lat' dir='ltr'><strong>enim</strong></span> <span class='ocrx_word' id='word_1_754' title='bbox 3445 3049 3499 3092; x_wconf 89' lang='lat' dir='ltr'><strong>ut</strong></span> <span class='ocrx_word' id='word_1_755' title='bbox 3523 3042 3702 3097; x_wconf 87' lang='lat' dir='ltr'><strong>videa-</strong></span> 
     </span>
    </p>
   </div>
   <div class='ocr_carea' id='block_1_90' title="bbox 2108 3106 3699 3190">
    <p class='ocr_par' dir='ltr' id='par_1_90' title="bbox 2108 3106 3699 3190">
     <span class='ocr_line' id='line_1_91' title="bbox 2108 3106 3699 3190; baseline 0.025 -41"><span class='ocrx_word' id='word_1_756' title='bbox 2108 3112 2227 3153; x_wconf 90' lang='lat' dir='ltr'><strong>mus</strong></span> <span class='ocrx_word' id='word_1_757' title='bbox 2260 3118 2419 3170; x_wconf 87' lang='lat' dir='ltr'><strong>quam</strong></span> <span class='ocrx_word' id='word_1_758' title='bbox 2462 3106 2564 3162; x_wconf 90' lang='lat' dir='ltr'><strong>hoc</strong></span> <span class='ocrx_word' id='word_1_759' title='bbox 2613 3111 2680 3164; x_wconf 87' lang='lat' dir='ltr'><strong>sit</strong></span> <span class='ocrx_word' id='word_1_760' title='bbox 2714 3130 2918 3182; x_wconf 91' lang='lat' dir='ltr'><strong>verum,</strong></span> <span class='ocrx_word' id='word_1_761' title='bbox 2965 3119 3357 3190; x_wconf 87' lang='lat' dir='ltr'><strong>Scripturarum</strong></span> <span class='ocrx_word' id='word_1_762' title='bbox 3412 3134 3699 3189; x_wconf 79' lang='lat' dir='ltr'><strong>auctoritas</strong></span> 
     </span>
    </p>
   </div>
   <div class='ocr_carea' id='block_1_91' title="bbox 2106 3197 3696 3283">
    <p class='ocr_par' dir='ltr' id='par_1_91' title="bbox 2106 3197 3696 3283">
     <span class='ocr_line' id='line_1_92' title="bbox 2106 3197 3696 3283; baseline 0.025 -41"><span class='ocrx_word' id='word_1_763' title='bbox 2106 3197 2407 3250; x_wconf 83' lang='lat' dir='ltr'><strong>necessaria</strong></span> <span class='ocrx_word' id='word_1_764' title='bbox 2444 3210 2543 3265; x_wconf 85' lang='lat' dir='ltr'><strong>est,</strong></span> <span class='ocrx_word' id='word_1_765' title='bbox 2579 3220 2641 3257; x_wconf 81' lang='lat' dir='ltr'><strong>ac</strong></span> <span class='ocrx_word' id='word_1_766' title='bbox 2670 3221 2777 3260; x_wconf 88' lang='lat' dir='ltr'><strong>non</strong></span> <span class='ocrx_word' id='word_1_767' title='bbox 2803 3226 2992 3264; x_wconf 88' lang='lat' dir='ltr'><strong>sensus</strong></span> <span class='ocrx_word' id='word_1_768' title='bbox 3021 3215 3132 3283; x_wconf 84' lang='lat' dir='ltr'><strong>ipse</strong></span> <span class='ocrx_word' id='word_1_769' title='bbox 3158 3224 3458 3277; x_wconf 85' lang='lat' dir='ltr'><strong>communis</strong></span> <span class='ocrx_word' id='word_1_770' title='bbox 3492 3226 3562 3278; x_wconf 87' lang='lat' dir='ltr'><strong>ita</strong></span> <span class='ocrx_word' id='word_1_771' title='bbox 3603 3243 3696 3280; x_wconf 88' lang='lat' dir='ltr'><strong>vc-</strong></span> 
     </span>
    </p>
   </div>
   <div class='ocr_carea' id='block_1_92' title="bbox 2104 3298 3695 3389">
    <p class='ocr_par' dir='ltr' id='par_1_92' title="bbox 2104 3298 3695 3389">
     <span class='ocr_line' id='line_1_93' title="bbox 2104 3298 3695 3389; baseline 0.026 -53"><span class='ocrx_word' id='word_1_772' title='bbox 2104 3298 2221 3339; x_wconf 84' lang='lat' dir='ltr'><strong>rum</strong></span> <span class='ocrx_word' id='word_1_773' title='bbox 2275 3304 2397 3345; x_wconf 84' lang='lat' dir='ltr'><strong>esse</strong></span> <span class='ocrx_word' id='word_1_774' title='bbox 2443 3298 2724 3365; x_wconf 79' lang='lat' dir='ltr'><strong>perspicua</strong></span> <span class='ocrx_word' id='word_1_775' title='bbox 2763 3304 2965 3359; x_wconf 83' lang='lat' dir='ltr'><strong>ratione</strong></span> <span class='ocrx_word' id='word_1_776' title='bbox 2996 3311 3325 3379; x_wconf 73' lang='lat' dir='ltr'><strong>proclamat,</strong></span> <span class='ocrx_word' id='word_1_777' title='bbox 3360 3326 3415 3369; x_wconf 91' lang='lat' dir='ltr'><strong>ut</strong></span> <span class='ocrx_word' id='word_1_778' title='bbox 3457 3320 3695 3389; x_wconf 86' lang='lat' dir='ltr'><strong>quisquis</strong></span> 
     </span>
    </p>
   </div>
   <div class='ocr_carea' id='block_1_93' title="bbox 2104 3381 3690 3467">
    <p class='ocr_par' dir='ltr' id='par_1_93' title="bbox 2104 3381 3690 3467">
     <span class='ocr_line' id='line_1_94' title="bbox 2104 3381 3690 3467; baseline 0.025 -38"><span class='ocrx_word' id='word_1_779' title='bbox 2104 3381 2502 3451; x_wconf 82' lang='lat' dir='ltr'><strong>contradixerit,</strong></span> <span class='ocrx_word' id='word_1_780' title='bbox 2535 3390 2969 3452; x_wconf 73' lang='lat' dir='ltr'><strong>dementissimus</strong></span> <span class='ocrx_word' id='word_1_781' title='bbox 2989 3399 3265 3457; x_wconf 85' lang='lat' dir='ltr'><strong>habeatur.</strong></span> <span class='ocrx_word' id='word_1_782' title='bbox 3302 3407 3413 3461; x_wconf 91' lang='lat' dir='ltr'><strong>lloc</strong></span> <span class='ocrx_word' id='word_1_783' title='bbox 3440 3410 3483 3463; x_wconf 86' lang='lat' dir='ltr'><strong>si</strong></span> <span class='ocrx_word' id='word_1_784' title='bbox 3513 3412 3566 3465; x_wconf 92' lang='lat' dir='ltr'><strong>in</strong></span> <span class='ocrx_word' id='word_1_785' title='bbox 3591 3414 3690 3467; x_wconf 85' lang='lat' dir='ltr'><strong>ista</strong></span> 
     </span>
    </p>
   </div>
   <div class='ocr_carea' id='block_1_94' title="bbox 2101 3470 3691 3571">
    <p class='ocr_par' dir='ltr' id='par_1_94' title="bbox 2101 3470 3691 3571">
     <span class='ocr_line' id='line_1_95' title="bbox 2101 3470 3691 3571; baseline 0.025 -49"><span class='ocrx_word' id='word_1_786' title='bbox 2101 3470 2474 3531; x_wconf 80' lang='lat' dir='ltr'><strong>obscurissima</strong></span> <span class='ocrx_word' id='word_1_787' title='bbox 2514 3486 2809 3549; x_wconf 63' lang='lat' dir='ltr'><strong>(piarstione</strong></span> <span class='ocrx_word' id='word_1_788' title='bbox 2847 3506 2966 3558; x_wconf 80' lang='lat' dir='ltr'><strong>quae</strong></span> <span class='ocrx_word' id='word_1_789' title='bbox 2994 3493 3061 3547; x_wconf 87' lang='lat' dir='ltr'><strong>de</strong></span> <span class='ocrx_word' id='word_1_790' title='bbox 3094 3498 3266 3550; x_wconf 89' lang='lat' dir='ltr'><strong>anima</strong></span> <span class='ocrx_word' id='word_1_791' title='bbox 3294 3510 3404 3567; x_wconf 88' lang='lat' dir='ltr'><strong>est,</strong></span> <span class='ocrx_word' id='word_1_792' title='bbox 3438 3514 3691 3571; x_wconf 70' lang='lat' dir='ltr'><strong>przestare</strong></span> 
     </span>
    </p>
   </div>
   <div class='ocr_carea' id='block_1_95' title="bbox 2099 3561 3688 3665">
    <p class='ocr_par' dir='ltr' id='par_1_95' title="bbox 2099 3561 3688 3665">
     <span class='ocr_line' id='line_1_96' title="bbox 2099 3561 3688 3665; baseline 0.026 -53"><span class='ocrx_word' id='word_1_793' title='bbox 2099 3561 2289 3632; x_wconf 88' lang='lat' dir='ltr'><strong>aliquis</strong></span> <span class='ocrx_word' id='word_1_794' title='bbox 2342 3579 2537 3638; x_wconf 86' lang='lat' dir='ltr'><strong>potest,</strong></span> <span class='ocrx_word' id='word_1_795' title='bbox 2583 3576 2797 3644; x_wconf 84' lang='lat' dir='ltr'><strong>adjuvet</strong></span> <span class='ocrx_word' id='word_1_796' title='bbox 2845 3581 3161 3651; x_wconf 80' lang='lat' dir='ltr'><strong>imperitiam</strong></span> <span class='ocrx_word' id='word_1_797' title='bbox 3212 3607 3382 3645; x_wconf 89' lang='lat' dir='ltr'><strong>meam</strong></span> <span class='ocrx_word' id='word_1_798' title='bbox 3414 3561 3597 3665; x_wconf 40' lang='lat' dir='ltr'><strong>:Iquod</strong></span> <span class='ocrx_word' id='word_1_799' title='bbox 3646 3602 3688 3654; x_wconf 87' lang='lat' dir='ltr'><strong>si</strong></span> 
     </span>
    </p>
   </div>
   <div class='ocr_carea' id='block_1_96' title="bbox 2101 3668 3415 3738">
    <p class='ocr_par' dir='ltr' id='par_1_96' title="bbox 2101 3668 3415 3738">
     <span class='ocr_line' id='line_1_97' title="bbox 2101 3668 3415 3738; baseline 0.024 -31"><span class='ocrx_word' id='word_1_800' title='bbox 2101 3668 2206 3709; x_wconf 86' lang='lat' dir='ltr'><strong>non</strong></span> <span class='ocrx_word' id='word_1_801' title='bbox 2237 3668 2430 3724; x_wconf 85' lang='lat' dir='ltr'><strong>potest,</strong></span> <span class='ocrx_word' id='word_1_802' title='bbox 2463 3679 2567 3718; x_wconf 90' lang='lat' dir='ltr'><strong>non</strong></span> <span class='ocrx_word' id='word_1_803' title='bbox 2601 3668 2779 3737; x_wconf 89' lang='lat' dir='ltr'><strong>culpet</strong></span> <span class='ocrx_word' id='word_1_804' title='bbox 2803 3677 3195 3732; x_wconf 88' lang='lat' dir='ltr'><strong>cunctationem</strong></span> <span class='ocrx_word' id='word_1_805' title='bbox 3224 3698 3415 3738; x_wconf 85' lang='lat' dir='ltr'><strong>meam.</strong></span> 
     </span>
    </p>
   </div>
   <div class='ocr_carea' id='block_1_97' title="bbox 2169 3746 3672 3851">
    <p class='ocr_par' dir='ltr' id='par_1_97' title="bbox 2169 3746 3672 3851">
     <span class='ocr_line' id='line_1_98' title="bbox 2169 3746 3672 3851; baseline 0.027 -55"><span class='ocrx_word' id='word_1_806' title='bbox 2169 3746 2253 3798; x_wconf 71' lang='lat'><strong>£2.</strong></span> <span class='ocrx_word' id='word_1_807' title='bbox 2280 3748 2353 3801; x_wconf 89' lang='lat' dir='ltr'><strong>De</strong></span> <span class='ocrx_word' id='word_1_808' title='bbox 2373 3751 2674 3822; x_wconf 80' lang='lat' dir='ltr'><strong>virginitate</strong></span> <span class='ocrx_word' id='word_1_809' title='bbox 2691 3771 2866 3816; x_wconf 88' lang='lat' dir='ltr'><strong>autem</strong></span> <span class='ocrx_word' id='word_1_810' title='bbox 2890 3777 3085 3822; x_wconf 66' lang='lat' dir='ltr'><strong>sauctw</strong></span> <span class='ocrx_word' id='word_1_811' title='bbox 3115 3770 3374 3837; x_wconf 72' lang='lat' dir='ltr'><strong>Maria:,si</strong></span> <span class='ocrx_word' id='word_1_812' title='bbox 3407 3776 3507 3833; x_wconf 89' lang='lat' dir='ltr'><strong>hoc</strong></span> <span class='ocrx_word' id='word_1_813' title='bbox 3533 3784 3672 3851; x_wconf 80' lang='lat' dir='ltr'><strong>quod</strong></span> 
     </span>
    </p>
   </div>
   <div class='ocr_carea' id='block_1_98' title="bbox 2093 3838 3684 3936">
    <p class='ocr_par' dir='ltr' id='par_1_98' title="bbox 2093 3838 3684 3936">
     <span class='ocr_line' id='line_1_99' title="bbox 2093 3838 3684 3936; baseline 0.026 -48"><span class='ocrx_word' id='word_1_814' title='bbox 2093 3838 2280 3917; x_wconf 86' lang='lat' dir='ltr'><strong>scripsi</strong></span> <span class='ocrx_word' id='word_1_815' title='bbox 2324 3857 2429 3896; x_wconf 91' lang='lat' dir='ltr'><strong>non</strong></span> <span class='ocrx_word' id='word_1_816' title='bbox 2482 3851 2766 3914; x_wconf 87' lang='lat' dir='ltr'><strong>persuadet</strong></span> <span class='ocrx_word' id='word_1_817' title='bbox 2814 3855 2923 3908; x_wconf 80' lang='lat' dir='ltr'><strong>fieri</strong></span> <span class='ocrx_word' id='word_1_818' title='bbox 2973 3861 3228 3927; x_wconf 86' lang='lat' dir='ltr'><strong>potuisse,</strong></span> <span class='ocrx_word' id='word_1_819' title='bbox 3281 3871 3521 3936; x_wconf 84' lang='lat' dir='ltr'><strong>neganda</strong></span> <span class='ocrx_word' id='word_1_820' title='bbox 3561 3887 3684 3929; x_wconf 90' lang='lat' dir='ltr'><strong>sunt</strong></span> 
     </span>
    </p>
   </div>
   <div class='ocr_carea' id='block_1_99' title="bbox 2092 3932 3676 4032">
    <p class='ocr_par' dir='ltr' id='par_1_99' title="bbox 2092 3932 3676 4032">
     <span class='ocr_line' id='line_1_100' title="bbox 2092 3932 3676 4032; baseline 0.025 -50"><span class='ocrx_word' id='word_1_821' title='bbox 2092 3932 2267 3985; x_wconf 86' lang='lat' dir='ltr'><strong>omnia</strong></span> <span class='ocrx_word' id='word_1_822' title='bbox 2292 3951 2410 4003; x_wconf 73' lang='lat' dir='ltr'><strong>qua:</strong></span> <span class='ocrx_word' id='word_1_823' title='bbox 2436 3940 2747 3998; x_wconf 85' lang='lat' dir='ltr'><strong>mirabiliter</strong></span> <span class='ocrx_word' id='word_1_824' title='bbox 2765 3946 2817 3999; x_wconf 91' lang='lat' dir='ltr'><strong>in</strong></span> <span class='ocrx_word' id='word_1_825' title='bbox 2839 3954 3155 4018; x_wconf 88' lang='lat' dir='ltr'><strong>corporibus</strong></span> <span class='ocrx_word' id='word_1_826' title='bbox 3171 3960 3502 4016; x_wconf 88' lang='lat' dir='ltr'><strong>acciderunt.</strong></span> <span class='ocrx_word' id='word_1_827' title='bbox 3528 3965 3676 4032; x_wconf 86' lang='lat' dir='ltr'><strong>Quod</strong></span> 
     </span>
    </p>
   </div>
   <div class='ocr_carea' id='block_1_100' title="bbox 2090 4022 3676 4124">
    <p class='ocr_par' dir='ltr' id='par_1_100' title="bbox 2090 4022 3676 4124">
     <span class='ocr_line' id='line_1_101' title="bbox 2090 4022 3676 4124; baseline 0.024 -50"><span class='ocrx_word' id='word_1_828' title='bbox 2090 4022 2133 4074; x_wconf 88' lang='lat' dir='ltr'><strong>si</strong></span> <span class='ocrx_word' id='word_1_829' title='bbox 2164 4035 2441 4093; x_wconf 86' lang='lat' dir='ltr'><strong>propterea</strong></span> <span class='ocrx_word' id='word_1_830' title='bbox 2469 4046 2574 4086; x_wconf 89' lang='lat' dir='ltr'><strong>non</strong></span> <span class='ocrx_word' id='word_1_831' title='bbox 2622 4037 2877 4103; x_wconf 90' lang='lat' dir='ltr'><strong>creditur,</strong></span> <span class='ocrx_word' id='word_1_832' title='bbox 2925 4044 3045 4110; x_wconf 87' lang='lat' dir='ltr'><strong>quia</strong></span> <span class='ocrx_word' id='word_1_833' title='bbox 3102 4049 3268 4101; x_wconf 86' lang='lat' dir='ltr'><strong>semel</strong></span> <span class='ocrx_word' id='word_1_834' title='bbox 3327 4051 3518 4106; x_wconf 83' lang='lat' dir='ltr'><strong>factum</strong></span> <span class='ocrx_word' id='word_1_835' title='bbox 3575 4070 3676 4124; x_wconf 90' lang='grc' dir='ltr'>εει,</span> 
     </span>
    </p>
   </div>
   <div class='ocr_carea' id='block_1_101' title="bbox 2087 4118 3677 4205">
    <p class='ocr_par' dir='ltr' id='par_1_101' title="bbox 2087 4118 3677 4205">
     <span class='ocr_line' id='line_1_102' title="bbox 2087 4118 3677 4205; baseline 0.025 -43"><span class='ocrx_word' id='word_1_836' title='bbox 2087 4127 2266 4181; x_wconf 72' lang='lat' dir='ltr'><strong>quaere</strong></span> <span class='ocrx_word' id='word_1_837' title='bbox 2293 4118 2361 4171; x_wconf 86' lang='lat' dir='ltr'><strong>ab</strong></span> <span class='ocrx_word' id='word_1_838' title='bbox 2390 4125 2561 4175; x_wconf 87' lang='lat' dir='ltr'><strong>amico</strong></span> <span class='ocrx_word' id='word_1_839' title='bbox 2588 4142 2743 4193; x_wconf 73' lang='lat' dir='ltr'><strong>quem</strong></span> <span class='ocrx_word' id='word_1_840' title='bbox 2768 4129 2867 4182; x_wconf 88' lang='lat' dir='ltr'><strong>hoc</strong></span> <span class='ocrx_word' id='word_1_841' title='bbox 2904 4132 3076 4187; x_wconf 88' lang='lat' dir='ltr'><strong>adhuc</strong></span> <span class='ocrx_word' id='word_1_842' title='bbox 3106 4149 3319 4205; x_wconf 83' lang='lat' dir='ltr'><strong>movet,</strong></span> <span class='ocrx_word' id='word_1_843' title='bbox 3349 4151 3521 4196; x_wconf 87' lang='lat' dir='ltr'><strong>utrum</strong></span> <span class='ocrx_word' id='word_1_844' title='bbox 3546 4148 3677 4202; x_wconf 90' lang='lat' dir='ltr'><strong>nihil</strong></span> 
     </span>
    </p>
   </div>
   <div class='ocr_carea' id='block_1_102' title="bbox 2086 4203 3672 4295">
    <p class='ocr_par' dir='ltr' id='par_1_102' title="bbox 2086 4203 3672 4295">
     <span class='ocr_line' id='line_1_103' title="bbox 2086 4203 3672 4295; baseline 0.024 -39"><span class='ocrx_word' id='word_1_845' title='bbox 2086 4203 2383 4262; x_wconf 87' lang='lat' dir='ltr'><strong>inveniatur</strong></span> <span class='ocrx_word' id='word_1_846' title='bbox 2415 4218 2463 4265; x_wconf 91' lang='lat' dir='ltr'><strong>in</strong></span> <span class='ocrx_word' id='word_1_847' title='bbox 2492 4214 2681 4270; x_wconf 89' lang='lat' dir='ltr'><strong>litteris</strong></span> <span class='ocrx_word' id='word_1_848' title='bbox 2710 4222 3051 4278; x_wconf 61' lang='lat' dir='ltr'><strong>SiﬂCUlitl‘ibtlS</strong></span> <span class='ocrx_word' id='word_1_849' title='bbox 3092 4230 3229 4295; x_wconf 85' lang='lat' dir='ltr'><strong>quod</strong></span> <span class='ocrx_word' id='word_1_850' title='bbox 3278 4242 3331 4283; x_wconf 89' lang='lat' dir='ltr'><strong>et</strong></span> <span class='ocrx_word' id='word_1_851' title='bbox 3377 4238 3540 4289; x_wconf 86' lang='lat' dir='ltr'><strong>semel</strong></span> <span class='ocrx_word' id='word_1_852' title='bbox 3592 4237 3672 4293; x_wconf 81' lang='lat' dir='ltr'><strong>fa-</strong></span> 
     </span>
    </p>
   </div>
   <div class='ocr_carea' id='block_1_103' title="bbox 2084 4300 3668 4396">
    <p class='ocr_par' dir='ltr' id='par_1_103' title="bbox 2084 4300 3668 4396">
     <span class='ocr_line' id='line_1_104' title="bbox 2084 4300 3668 4396; baseline 0.022 -46"><span class='ocrx_word' id='word_1_853' title='bbox 2084 4303 2226 4350; x_wconf 89' lang='lat' dir='ltr'><strong>ctum</strong></span> <span class='ocrx_word' id='word_1_854' title='bbox 2257 4300 2357 4363; x_wconf 89' lang='lat' dir='ltr'><strong>sit,</strong></span> <span class='ocrx_word' id='word_1_855' title='bbox 2391 4313 2445 4355; x_wconf 91' lang='lat' dir='ltr'><strong>et</strong></span> <span class='ocrx_word' id='word_1_856' title='bbox 2476 4312 2648 4359; x_wconf 65' lang='lat' dir='ltr'><strong>tanien</strong></span> <span class='ocrx_word' id='word_1_857' title='bbox 2689 4311 2945 4366; x_wconf 83' lang='lat' dir='ltr'><strong>creditum</strong></span> <span class='ocrx_word' id='word_1_858' title='bbox 2993 4331 3096 4370; x_wconf 91' lang='lat' dir='ltr'><strong>non</strong></span> <span class='ocrx_word' id='word_1_859' title='bbox 3144 4320 3377 4376; x_wconf 86' lang='lat' dir='ltr'><strong>fabulosa</strong></span> <span class='ocrx_word' id='word_1_860' title='bbox 3421 4328 3668 4396; x_wconf 85' lang='lat' dir='ltr'><strong>vanitate,</strong></span> 
     </span>
    </p>
   </div>
   <div class='ocr_carea' id='block_1_104' title="bbox 2084 4389 3670 4483">
    <p class='ocr_par' dir='ltr' id='par_1_104' title="bbox 2084 4389 3670 4483">
     <span class='ocr_line' id='line_1_105' title="bbox 2084 4389 3670 4483; baseline 0.025 -43"><span class='ocrx_word' id='word_1_861' title='bbox 2084 4389 2195 4455; x_wconf 86' lang='lat' dir='ltr'><strong>sed,</strong></span> <span class='ocrx_word' id='word_1_862' title='bbox 2226 4392 2359 4446; x_wconf 89' lang='lat' dir='ltr'><strong>sicut</strong></span> <span class='ocrx_word' id='word_1_863' title='bbox 2390 4396 2711 4465; x_wconf 83' lang='lat' dir='ltr'><strong>existimant,</strong></span> <span class='ocrx_word' id='word_1_864' title='bbox 2753 4403 3002 4462; x_wconf 82' lang='lat' dir='ltr'><strong>historica</strong></span> <span class='ocrx_word' id='word_1_865' title='bbox 3032 4411 3161 4475; x_wconf 80' lang='lat' dir='ltr'><strong>fide;</strong></span> <span class='ocrx_word' id='word_1_866' title='bbox 3196 4431 3375 4483; x_wconf 74' lang='lat' dir='ltr'><strong>quazre</strong></span> <span class='ocrx_word' id='word_1_867' title='bbox 3398 4462 3411 4483; x_wconf 91' lang='lat'><strong>,</strong></span> <span class='ocrx_word' id='word_1_868' title='bbox 3446 4421 3670 4479; x_wconf 87' lang='lat' dir='ltr'><strong>obsecro</strong></span> 
     </span>
    </p>
   </div>
   <div class='ocr_carea' id='block_1_105' title="bbox 2082 4483 3664 4584">
    <p class='ocr_par' dir='ltr' id='par_1_105' title="bbox 2082 4483 3664 4584">
     <span class='ocr_line' id='line_1_106' title="bbox 2082 4483 3664 4584; baseline 0.022 -49"><span class='ocrx_word' id='word_1_869' title='bbox 2082 4490 2153 4536; x_wconf 90' lang='lat' dir='ltr'><strong>te.</strong></span> <span class='ocrx_word' id='word_1_870' title='bbox 2186 4483 2238 4538; x_wconf 91' lang='lat' dir='ltr'><strong>Si</strong></span> <span class='ocrx_word' id='word_1_871' title='bbox 2265 4487 2403 4540; x_wconf 89' lang='lat' dir='ltr'><strong>enim</strong></span> <span class='ocrx_word' id='word_1_872' title='bbox 2431 4489 2533 4545; x_wconf 89' lang='lat' dir='ltr'><strong>tale</strong></span> <span class='ocrx_word' id='word_1_873' title='bbox 2570 4494 2769 4564; x_wconf 87' lang='lat' dir='ltr'><strong>aliquid</strong></span> <span class='ocrx_word' id='word_1_874' title='bbox 2801 4498 2852 4550; x_wconf 89' lang='lat' dir='ltr'><strong>in</strong></span> <span class='ocrx_word' id='word_1_875' title='bbox 2884 4498 2989 4555; x_wconf 88' lang='lat' dir='ltr'><strong>illis</strong></span> <span class='ocrx_word' id='word_1_876' title='bbox 3019 4504 3204 4560; x_wconf 88' lang='lat' dir='ltr'><strong>litteris</strong></span> <span class='ocrx_word' id='word_1_877' title='bbox 3249 4509 3469 4565; x_wconf 87' lang='lat' dir='ltr'><strong>inveniri</strong></span> <span class='ocrx_word' id='word_1_878' title='bbox 3502 4530 3664 4584; x_wconf 84' lang='lat' dir='ltr'><strong>nega-</strong></span> 
     </span>
    </p>
   </div>
   <div class='ocr_carea' id='block_1_106' title="bbox 2083 4576 3663 4671">
    <p class='ocr_par' dir='ltr' id='par_1_106' title="bbox 2083 4576 3663 4671">
     <span class='ocr_line' id='line_1_107' title="bbox 2083 4576 3663 4671; baseline 0.023 -45"><span class='ocrx_word' id='word_1_879' title='bbox 2083 4576 2237 4640; x_wconf 83' lang='lat' dir='ltr'><strong>verit,</strong></span> <span class='ocrx_word' id='word_1_880' title='bbox 2267 4578 2633 4639; x_wconf 79' lang='lat' dir='ltr'><strong>adutonendus</strong></span> <span class='ocrx_word' id='word_1_881' title='bbox 2660 4599 2771 4653; x_wconf 83' lang='lat' dir='ltr'><strong>est;</strong></span> <span class='ocrx_word' id='word_1_882' title='bbox 2797 4591 2839 4643; x_wconf 89' lang='lat' dir='ltr'><strong>si</strong></span> <span class='ocrx_word' id='word_1_883' title='bbox 2871 4603 3045 4646; x_wconf 87' lang='lat' dir='ltr'><strong>autem</strong></span> <span class='ocrx_word' id='word_1_884' title='bbox 3077 4596 3246 4651; x_wconf 83' lang='lat' dir='ltr'><strong>fassus</strong></span> <span class='ocrx_word' id='word_1_885' title='bbox 3274 4600 3459 4671; x_wconf 86' lang='lat' dir='ltr'><strong>fuerit,</strong></span> <span class='ocrx_word' id='word_1_886' title='bbox 3492 4607 3663 4661; x_wconf 84' lang='lat' dir='ltr'><strong>soluta</strong></span> 
     </span>
    </p>
   </div>
   <div class='ocr_carea' id='block_1_107' title="bbox 2079 4668 2431 4734">
    <p class='ocr_par' dir='ltr' id='par_1_107' title="bbox 2079 4668 2431 4734">
     <span class='ocr_line' id='line_1_108' title="bbox 2079 4668 2431 4734; baseline 0.02 -17"><span class='ocrx_word' id='word_1_887' title='bbox 2079 4668 2303 4734; x_wconf 66' lang='lat' dir='ltr'><strong>qumstio</strong></span> <span class='ocrx_word' id='word_1_888' title='bbox 2331 4680 2431 4724; x_wconf 89' lang='lat' dir='ltr'><strong>est.</strong></span> 
     </span>
    </p>
   </div>
   <div class='ocr_carea' id='block_1_108' title="bbox 2502 4745 3237 4829">
    <p class='ocr_par' dir='ltr' id='par_1_108' title="bbox 2502 4745 3237 4829">
     <span class='ocr_line' id='line_1_109' title="bbox 2502 4745 3237 4829; baseline 0.022 -32"><span class='ocrx_word' id='word_1_889' title='bbox 2502 4745 2826 4804; x_wconf 72' lang='lat' dir='ltr'><strong>liPlSTOLA</strong></span> <span class='ocrx_word' id='word_1_890' title='bbox 2868 4751 3070 4809; x_wconf 84' lang='lat' dir='ltr'><strong>CXLIV</strong></span> <span class='ocrx_word' id='word_1_891' title='bbox 3093 4760 3112 4781; x_wconf 71' lang='grc' dir='ltr'><strong>ο</strong></span> <span class='ocrx_word' id='word_1_892' title='bbox 3142 4746 3237 4829; x_wconf 82' lang='grc' dir='ltr'><strong>(α).</strong></span> 
     </span>
    </p>
   </div>
   <div class='ocr_carea' id='block_1_109' title="bbox 2074 4830 3661 4931">
    <p class='ocr_par' dir='ltr' id='par_1_109' title="bbox 2074 4830 3661 4931">
     <span class='ocr_line' id='line_1_110' title="bbox 2074 4830 3661 4931; baseline 0.024 -52"><span class='ocrx_word' id='word_1_893' title='bbox 2074 4830 2381 4901; x_wconf 81' lang='lat' dir='ltr'><strong>Augustinus</strong></span> <span class='ocrx_word' id='word_1_894' title='bbox 2404 4834 2711 4895; x_wconf 81' lang='lat' dir='ltr'><strong>Cirtensibus</strong></span> <span class='ocrx_word' id='word_1_895' title='bbox 2750 4860 2780 4895; x_wconf 90' lang='lat' dir='ltr'><strong>a</strong></span> <span class='ocrx_word' id='word_1_896' title='bbox 2808 4845 3023 4911; x_wconf 76' lang='lat' dir='ltr'><strong>factione</strong></span> <span class='ocrx_word' id='word_1_897' title='bbox 3054 4848 3431 4911; x_wconf 86' lang='lat' dir='ltr'><strong>Donatistarum</strong></span> <span class='ocrx_word' id='word_1_898' title='bbox 3456 4875 3661 4931; x_wconf 79' lang='lat' dir='ltr'><strong>conver-</strong></span> 
     </span>
    </p>
   </div>
   <div class='ocr_carea' id='block_1_110' title="bbox 2142 4922 3655 5017">
    <p class='ocr_par' dir='ltr' id='par_1_110' title="bbox 2142 4922 3655 5017">
     <span class='ocr_line' id='line_1_111' title="bbox 2142 4922 3655 5017; baseline 0.023 -44"><span class='ocrx_word' id='word_1_899' title='bbox 2142 4922 2212 4974; x_wconf 86' lang='lat' dir='ltr'><strong>sis</strong></span> <span class='ocrx_word' id='word_1_900' title='bbox 2242 4924 2310 4975; x_wconf 87' lang='lat' dir='ltr'><strong>ad</strong></span> <span class='ocrx_word' id='word_1_901' title='bbox 2338 4925 2579 4982; x_wconf 68' lang='lat' dir='ltr'><strong>Ecclesiae</strong></span> <span class='ocrx_word' id='word_1_902' title='bbox 2618 4933 2878 4988; x_wconf 69' lang='lat' dir='ltr'><strong>cat/taliae</strong></span> <span class='ocrx_word' id='word_1_903' title='bbox 2904 4940 3188 4995; x_wconf 70' lang='lat' dir='ltr'><strong>societatem</strong></span> <span class='ocrx_word' id='word_1_904' title='bbox 3214 4948 3528 5017; x_wconf 83' lang='lat' dir='ltr'><strong>gratulatur;</strong></span> <span class='ocrx_word' id='word_1_905' title='bbox 3556 4954 3655 5008; x_wconf 87' lang='lat' dir='ltr'><strong>ad-</strong></span> 
     </span>
    </p>
   </div>
   <div class='ocr_carea' id='block_1_111' title="bbox 2144 5019 3223 5089">
    <p class='ocr_par' dir='ltr' id='par_1_111' title="bbox 2144 5019 3223 5089">
     <span class='ocr_line' id='line_1_112' title="bbox 2144 5019 3223 5089; baseline 0.02 -24"><span class='ocrx_word' id='word_1_906' title='bbox 2144 5031 2348 5069; x_wconf 85' lang='lat' dir='ltr'><strong>monens</strong></span> <span class='ocrx_word' id='word_1_907' title='bbox 2375 5028 2427 5069; x_wconf 86' lang='lat' dir='ltr'><strong>ut</strong></span> <span class='ocrx_word' id='word_1_908' title='bbox 2450 5019 2541 5072; x_wconf 81' lang='lat' dir='ltr'><strong>hoc</strong></span> <span class='ocrx_word' id='word_1_909' title='bbox 2567 5020 2734 5075; x_wconf 78' lang='lat' dir='ltr'><strong>divino</strong></span> <span class='ocrx_word' id='word_1_910' title='bbox 2765 5026 2981 5081; x_wconf 82' lang='lat' dir='ltr'><strong>tribuant</strong></span> <span class='ocrx_word' id='word_1_911' title='bbox 3012 5036 3223 5089; x_wconf 82' lang='lat' dir='ltr'><strong>muneri.</strong></span> 
     </span>
    </p>
   </div>
   <div class='ocr_carea' id='block_1_112' title="bbox 2069 5124 3657 5215">
    <p class='ocr_par' dir='ltr' id='par_1_112' title="bbox 2069 5124 3657 5215">
     <span class='ocr_line' id='line_1_113' title="bbox 2069 5124 3657 5215; baseline 0.021 -39"><span class='ocrx_word' id='word_1_912' title='bbox 2069 5124 2308 5179; x_wconf 86' lang='lat' dir='ltr'><strong>Dominis</strong></span> <span class='ocrx_word' id='word_1_913' title='bbox 2339 5129 2733 5186; x_wconf 81' lang='lat' dir='ltr'><strong>honorabilibus</strong></span> <span class='ocrx_word' id='word_1_914' title='bbox 2764 5146 2815 5190; x_wconf 90' lang='lat' dir='ltr'><strong>et</strong></span> <span class='ocrx_word' id='word_1_915' title='bbox 2847 5140 3033 5193; x_wconf 86' lang='lat' dir='ltr'><strong>merito</strong></span> <span class='ocrx_word' id='word_1_916' title='bbox 3059 5145 3426 5215; x_wconf 83' lang='lat' dir='ltr'><strong>suscipiendis,</strong></span> <span class='ocrx_word' id='word_1_917' title='bbox 3452 5150 3657 5209; x_wconf 85' lang='lat' dir='ltr'><strong>charis-</strong></span> 
     </span>
    </p>
   </div>
   <div class='ocr_carea' id='block_1_113' title="bbox 2138 5220 3647 5303">
    <p class='ocr_par' dir='ltr' id='par_1_113' title="bbox 2138 5220 3647 5303">
     <span class='ocr_line' id='line_1_114' title="bbox 2138 5220 3647 5303; baseline 0.02 -29"><span class='ocrx_word' id='word_1_918' title='bbox 2138 5220 2287 5274; x_wconf 87' lang='lat' dir='ltr'><strong>simis</strong></span> <span class='ocrx_word' id='word_1_919' title='bbox 2325 5236 2388 5275; x_wconf 88' lang='lat' dir='ltr'><strong>ac</strong></span> <span class='ocrx_word' id='word_1_920' title='bbox 2416 5222 2882 5283; x_wconf 84' lang='lat' dir='ltr'><strong>desideratissimis</strong></span> <span class='ocrx_word' id='word_1_921' title='bbox 2925 5232 3173 5288; x_wconf 68' lang='lat' dir='ltr'><strong>fratribus</strong></span> <span class='ocrx_word' id='word_1_922' title='bbox 3216 5239 3265 5293; x_wconf 91' lang='lat' dir='ltr'><strong>in</strong></span> <span class='ocrx_word' id='word_1_923' title='bbox 3302 5244 3445 5297; x_wconf 91' lang='lat' dir='ltr'><strong>omni</strong></span> <span class='ocrx_word' id='word_1_924' title='bbox 3487 5245 3647 5303; x_wconf 84' lang='lat' dir='ltr'><strong>hono-</strong></span> 
     </span>
    </p>
   </div>
   <div class='ocr_carea' id='block_1_114' title="bbox 2136 5316 3575 5407">
    <p class='ocr_par' dir='ltr' id='par_1_114' title="bbox 2136 5316 3575 5407">
     <span class='ocr_line' id='line_1_115' title="bbox 2136 5316 3575 5407; baseline 0.019 -40"><span class='ocrx_word' id='word_1_925' title='bbox 2136 5328 2251 5367; x_wconf 91' lang='lat' dir='ltr'><strong>rum</strong></span> <span class='ocrx_word' id='word_1_926' title='bbox 2278 5316 2466 5383; x_wconf 88' lang='lat' dir='ltr'><strong>gradu,</strong></span> <span class='ocrx_word' id='word_1_927' title='bbox 2494 5317 2838 5377; x_wconf 75' lang='lat' dir='ltr'><strong>CIRTENSIBUS</strong></span> <span class='ocrx_word' id='word_1_928' title='bbox 2862 5325 2899 5389; x_wconf 86' lang='grc'>¹,</span> <span class='ocrx_word' id='word_1_929' title='bbox 2929 5328 3253 5387; x_wconf 72' lang='lat' dir='ltr'><strong>AUGUSTINUS</strong></span> <span class='ocrx_word' id='word_1_930' title='bbox 3277 5336 3575 5407; x_wconf 85' lang='lat' dir='ltr'><strong>episcopus.</strong></span> 
     </span>
    </p>
   </div>
   <div class='ocr_carea' id='block_1_115' title="bbox 2137 5426 3650 5513">
    <p class='ocr_par' dir='ltr' id='par_1_115' title="bbox 2137 5426 3650 5513">
     <span class='ocr_line' id='line_1_116' title="bbox 2137 5426 3650 5513; baseline 0.017 -33"><span class='ocrx_word' id='word_1_931' title='bbox 2137 5427 2187 5480; x_wconf 79' lang='lat' dir='ltr'><strong>i.</strong></span> <span class='ocrx_word' id='word_1_932' title='bbox 2236 5426 2292 5482; x_wconf 91' lang='lat' dir='ltr'><strong>Si</strong></span> <span class='ocrx_word' id='word_1_933' title='bbox 2337 5428 2387 5481; x_wconf 92' lang='lat' dir='ltr'><strong>id</strong></span> <span class='ocrx_word' id='word_1_934' title='bbox 2415 5429 2555 5498; x_wconf 88' lang='lat' dir='ltr'><strong>quod</strong></span> <span class='ocrx_word' id='word_1_935' title='bbox 2589 5432 2638 5484; x_wconf 87' lang='lat' dir='ltr'><strong>in</strong></span> <span class='ocrx_word' id='word_1_936' title='bbox 2670 5443 2846 5488; x_wconf 87' lang='lat' dir='ltr'><strong>vestra</strong></span> <span class='ocrx_word' id='word_1_937' title='bbox 2890 5438 3100 5493; x_wconf 85' lang='lat' dir='ltr'><strong>civitate</strong></span> <span class='ocrx_word' id='word_1_938' title='bbox 3132 5458 3227 5498; x_wconf 81' lang='lat' dir='ltr'><strong>nos</strong></span> <span class='ocrx_word' id='word_1_939' title='bbox 3266 5448 3496 5513; x_wconf 77' lang='lat' dir='ltr'><strong>graviter</strong></span> <span class='ocrx_word' id='word_1_940' title='bbox 3522 5465 3650 5506; x_wconf 87' lang='lat' dir='ltr'><strong>con-</strong></span> 
     </span>
    </p>
   </div>
   <div class='ocr_carea' id='block_1_116' title="bbox 2065 5520 3641 5611">
    <p class='ocr_par' dir='ltr' id='par_1_116' title="bbox 2065 5520 3641 5611">
     <span class='ocr_line' id='line_1_117' title="bbox 2065 5520 3641 5611; baseline 0.017 -39"><span class='ocrx_word' id='word_1_941' title='bbox 2065 5520 2337 5584; x_wconf 87' lang='lat' dir='ltr'><strong>tristabat,</strong></span> <span class='ocrx_word' id='word_1_942' title='bbox 2382 5523 2717 5593; x_wconf 88' lang='lat' dir='ltr'><strong>absumptum</strong></span> <span class='ocrx_word' id='word_1_943' title='bbox 2748 5538 2854 5592; x_wconf 83' lang='lat' dir='ltr'><strong>est,</strong></span> <span class='ocrx_word' id='word_1_944' title='bbox 2902 5532 2943 5584; x_wconf 90' lang='lat' dir='ltr'><strong>si</strong></span> <span class='ocrx_word' id='word_1_945' title='bbox 2974 5532 3163 5588; x_wconf 89' lang='lat' dir='ltr'><strong>duritia</strong></span> <span class='ocrx_word' id='word_1_946' title='bbox 3191 5538 3368 5593; x_wconf 86' lang='lat' dir='ltr'><strong>cordis</strong></span> <span class='ocrx_word' id='word_1_947' title='bbox 3393 5540 3641 5611; x_wconf 85' lang='lat' dir='ltr'><strong>humani,</strong></span> 
     </span>
    </p>
   </div>
   <div class='ocr_carea' id='block_1_117' title="bbox 2123 5630 2935 5695">
    <p class='ocr_par' dir='ltr' id='par_1_117' title="bbox 2123 5630 2935 5695">
     <span class='ocr_line' id='line_1_118' title="bbox 2123 5630 2935 5695; baseline 0.017 -18"><span class='ocrx_word' id='word_1_948' title='bbox 2123 5630 2140 5662; x_wconf 85' lang='grc'>¹</span> <span class='ocrx_word' id='word_1_949' title='bbox 2169 5638 2267 5679; x_wconf 82' lang='lat' dir='ltr'><strong>Am.</strong></span> <span class='ocrx_word' id='word_1_950' title='bbox 2291 5633 2400 5681; x_wconf 85' lang='lat' dir='ltr'><strong>Bad.</strong></span> <span class='ocrx_word' id='word_1_951' title='bbox 2427 5641 2479 5683; x_wconf 89' lang='lat' dir='ltr'><strong>et</strong></span> <span class='ocrx_word' id='word_1_952' title='bbox 2502 5642 2597 5695; x_wconf 82' lang='lat' dir='ltr'><strong>Er.,</strong></span> <span class='ocrx_word' id='word_1_953' title='bbox 2622 5637 2935 5692; x_wconf 57' lang='lat' dir='ltr'><strong>circensibus.</strong></span> 
     </span>
    </p>
   </div>
   <div class='ocr_carea' id='block_1_118' title="bbox 2122 5713 3635 5796">
    <p class='ocr_par' dir='ltr' id='par_1_118' title="bbox 2122 5713 3635 5796">
     <span class='ocr_line' id='line_1_119' title="bbox 2122 5713 3635 5796; baseline 0.02 -35"><span class='ocrx_word' id='word_1_954' title='bbox 2122 5713 2140 5730; x_wconf 88' lang='lat'>&quot;</span> <span class='ocrx_word' id='word_1_955' title='bbox 2174 5715 2409 5796; x_wconf 53' lang='lat' dir='ltr'><strong>fastigata</strong></span> <span class='ocrx_word' id='word_1_956' title='bbox 2430 5719 2489 5767; x_wconf 88' lang='lat' dir='ltr'><strong>ad</strong></span> <span class='ocrx_word' id='word_1_957' title='bbox 2505 5732 2559 5796; x_wconf 70' lang='grc' dir='ltr'><strong>Δα.</strong></span> <span class='ocrx_word' id='word_1_958' title='bbox 2586 5722 2668 5783; x_wconf 86' lang='lat' dir='ltr'><strong>bg.</strong></span> <span class='ocrx_word' id='word_1_959' title='bbox 2695 5721 2762 5796; x_wconf 83' lang='lat' dir='ltr'><strong>bl.</strong></span> <span class='ocrx_word' id='word_1_960' title='bbox 2788 5725 2938 5796; x_wconf 58' lang='lat' dir='ltr'><strong>hinc.</strong></span> <span class='ocrx_word' id='word_1_961' title='bbox 2963 5738 3035 5776; x_wconf 79' lang='lat' dir='ltr'><strong>cc.</strong></span> <span class='ocrx_word' id='word_1_962' title='bbox 3062 5726 3111 5796; x_wconf 72' lang='lat' dir='ltr'><strong>ff.</strong></span> <span class='ocrx_word' id='word_1_963' title='bbox 3139 5744 3188 5789; x_wconf 82' lang='lat' dir='ltr'><strong>g.</strong></span> <span class='ocrx_word' id='word_1_964' title='bbox 3225 5740 3306 5793; x_wconf 77' lang='lat' dir='ltr'><strong>gv.</strong></span> <span class='ocrx_word' id='word_1_965' title='bbox 3326 5734 3363 5796; x_wconf 85' lang='lat' dir='ltr'><strong>j.</strong></span> <span class='ocrx_word' id='word_1_966' title='bbox 3390 5744 3439 5784; x_wconf 89' lang='lat' dir='ltr'><strong>n.</strong></span> <span class='ocrx_word' id='word_1_967' title='bbox 3464 5746 3505 5787; x_wconf 85' lang='lat' dir='ltr'><strong>r.</strong></span> <span class='ocrx_word' id='word_1_968' title='bbox 3529 5748 3574 5789; x_wconf 72' lang='grc' dir='ltr'><strong>ι.</strong></span> <span class='ocrx_word' id='word_1_969' title='bbox 3594 5738 3635 5791; x_wconf 69' lang='grc' dir='ltr'><strong>τ.</strong></span> 
     </span>
    </p>
   </div>
   <div class='ocr_carea' id='block_1_119' title="bbox 2060 5775 3335 5846">
    <p class='ocr_par' dir='ltr' id='par_1_119' title="bbox 2060 5775 3335 5846">
     <span class='ocr_line' id='line_1_120' title="bbox 2060 5775 3335 5846; baseline 0.016 -24"><span class='ocrx_word' id='word_1_970' title='bbox 2060 5788 2130 5824; x_wconf 90' lang='lat' dir='ltr'><strong>vc.</strong></span> <span class='ocrx_word' id='word_1_971' title='bbox 2156 5775 2279 5825; x_wconf 89' lang='lat' dir='ltr'><strong>duos</strong></span> <span class='ocrx_word' id='word_1_972' title='bbox 2306 5779 2380 5826; x_wconf 87' lang='lat' dir='ltr'><strong>sb.</strong></span> <span class='ocrx_word' id='word_1_973' title='bbox 2406 5775 2681 5843; x_wconf 53' lang='lat' dir='ltr'><strong>quatuorvv.</strong></span> <span class='ocrx_word' id='word_1_974' title='bbox 2709 5793 2759 5833; x_wconf 91' lang='lat' dir='ltr'><strong>ct</strong></span> <span class='ocrx_word' id='word_1_975' title='bbox 2780 5786 2837 5835; x_wconf 88' lang='lat' dir='ltr'><strong>ad</strong></span> <span class='ocrx_word' id='word_1_976' title='bbox 2862 5794 2961 5837; x_wconf 78' lang='lat' dir='ltr'><strong>Am.</strong></span> <span class='ocrx_word' id='word_1_977' title='bbox 3224 5775 3335 5846; x_wconf 56' lang='lat' dir='ltr'><strong>ibi:</strong></span> 
     </span>
    </p>
   </div>
   <div class='ocr_carea' id='block_1_120' title="bbox 2119 5856 3419 5935">
    <p class='ocr_par' dir='ltr' id='par_1_120' title="bbox 2119 5856 3419 5935">
     <span class='ocr_line' id='line_1_121' title="bbox 2119 5856 3419 5935; baseline 0.019 -33"><span class='ocrx_word' id='word_1_978' title='bbox 2119 5856 2191 5919; x_wconf 89' lang='lat' dir='ltr'><strong>(a)</strong></span> <span class='ocrx_word' id='word_1_979' title='bbox 2232 5857 2510 5935; x_wconf 16' lang='lat' dir='ltr'><strong>:tlia&#39;s‘l‘lSO:</strong></span> <span class='ocrx_word' id='word_1_980' title='bbox 2542 5879 2649 5926; x_wconf 55' lang='lat' dir='ltr'><strong>quae</strong></span> <span class='ocrx_word' id='word_1_981' title='bbox 2684 5876 2845 5918; x_wconf 85' lang='lat' dir='ltr'><strong>autem</strong></span> <span class='ocrx_word' id='word_1_982' title='bbox 2878 5870 2963 5919; x_wconf 71' lang='grc'><strong>144</strong></span> <span class='ocrx_word' id='word_1_983' title='bbox 2999 5881 3128 5935; x_wconf 86' lang='lat' dir='ltr'><strong>erat,</strong></span> <span class='ocrx_word' id='word_1_984' title='bbox 3156 5890 3280 5924; x_wconf 85' lang='lat' dir='ltr'><strong>nunc</strong></span> <span class='ocrx_word' id='word_1_985' title='bbox 3322 5880 3419 5929; x_wconf 66' lang='lat' dir='ltr'><strong>HJ)’.</strong></span> 
     </span>
    </p>
   </div>
   <div class='ocr_carea' id='block_1_121' title="bbox 3463 5892 3605 5934">
    <p class='ocr_par' dir='ltr' id='par_1_121' title="bbox 3463 5892 3605 5934">
     <span class='ocr_line' id='line_1_122' title="bbox 3463 5892 3605 5934; baseline 0.021 -3"><span class='ocrx_word' id='word_1_986' title='bbox 3463 5892 3605 5934; x_wconf 51' lang='lat' dir='ltr'><strong>“mitti</strong></span> 
     </span>
    </p>
   </div>
   <div class='ocr_carea' id='block_1_122' title="bbox 2056 5900 3637 5971">
    <p class='ocr_par' dir='ltr' id='par_1_122' title="bbox 2056 5900 3637 5971">
     <span class='ocr_line' id='line_1_123' title="bbox 2122 5900 3637 5949; baseline 0.018 -46"><span class='ocrx_word' id='word_1_987' title='bbox 2122 5900 2189 5919; x_wconf 41' lang='grc' dir='ltr'><strong>κὴ,</strong></span> <span class='ocrx_word' id='word_1_988' title='bbox 2232 5900 2351 5908; x_wconf 48' lang='grc' dir='ltr'><strong>.-πρυ</strong></span> <span class='ocrx_word' id='word_1_989' title='bbox 2392 5900 2472 5911; x_wconf 80' lang='grc' dir='ltr'><strong>,νυ</strong></span> <span class='ocrx_word' id='word_1_990' title='bbox 2501 5902 2510 5911; x_wconf 95' lang='grc'><em>.</em></span> <span class='ocrx_word' id='word_1_991' title='bbox 2542 5900 2649 5926; x_wconf 69' lang='grc' dir='ltr'><strong>Ὶμυυ</strong></span> <span class='ocrx_word' id='word_1_992' title='bbox 2684 5900 2845 5918; x_wconf 71' lang='grc' dir='ltr'><strong>αυιωυ</strong></span> <span class='ocrx_word' id='word_1_993' title='bbox 2878 5900 2963 5919; x_wconf 64' lang='grc' dir='ltr'>ιιιιι</span> <span class='ocrx_word' id='word_1_994' title='bbox 2999 5900 3128 5935; x_wconf 66' lang='grc' dir='ltr'>ωσι,</span> <span class='ocrx_word' id='word_1_995' title='bbox 3156 5900 3279 5924; x_wconf 80' lang='lat' dir='ltr'><strong>uuuL‘</strong></span> <span class='ocrx_word' id='word_1_996' title='bbox 3324 5900 3419 5929; x_wconf 64' lang='grc' dir='ltr'>ιιι),</span> <span class='ocrx_word' id='word_1_997' title='bbox 3463 5900 3572 5949; x_wconf 50' lang='lat' dir='ltr'><strong>‘m&#39;ti</strong></span> <span class='ocrx_word' id='word_1_998' title='bbox 3592 5900 3637 5936; x_wconf 68' lang='lat' dir='ltr'><strong>ia</strong></span> 
     </span>
     <span class='ocr_line' id='line_1_124' title="bbox 2056 5919 2415 5971; baseline 0.008 -3"><span class='ocrx_word' id='word_1_999' title='bbox 2056 5919 2183 5968; x_wconf 86' lang='lat' dir='ltr'><strong>circa</strong></span> <span class='ocrx_word' id='word_1_1000' title='bbox 2206 5930 2283 5968; x_wconf 89' lang='lat' dir='ltr'><strong>an.</strong></span> <span class='ocrx_word' id='word_1_1001' title='bbox 2310 5922 2415 5971; x_wconf 72' lang='lat'><strong>412.</strong></span> 
     </span>
    </p>
   </div>
  </div>
