  <div class='ocr_page' id='page_1' title='image "/cluster/home/n/w/nwhite01/storage/ocr_20150623/33/hvd.32044015471451/301.png"; bbox 0 0 4154 6354; ppageno 0'>
   <div class='ocr_carea' id='block_1_1' title="bbox 480 505 2078 577">
    <p class='ocr_par' dir='ltr' id='par_1_1' title="bbox 480 505 2078 577">
     <span class='ocr_line' id='line_1_1' title="bbox 480 505 2078 577; baseline -0.009 -1"><span class='ocrx_word' id='word_1_1' title='bbox 480 517 736 577; x_wconf 76' lang='lat' dir='ltr'><strong>resistens</strong></span> <span class='ocrx_word' id='word_1_2' title='bbox 785 509 1228 570; x_wconf 81' lang='lat' dir='ltr'><strong>manifestissima:</strong></span> <span class='ocrx_word' id='word_1_3' title='bbox 1287 516 1340 563; x_wconf 91' lang='lat' dir='ltr'><strong>et</strong></span> <span class='ocrx_word' id='word_1_4' title='bbox 1405 505 1798 577; x_wconf 88' lang='lat' dir='ltr'><strong>quodammodo</strong></span> <span class='ocrx_word' id='word_1_5' title='bbox 1853 507 2078 576; x_wconf 78' lang='lat' dir='ltr'><strong>publicae</strong></span> 
     </span>
    </p>
   </div>
   <div class='ocr_carea' id='block_1_2' title="bbox 1741 391 2546 452">
    <p class='ocr_par' dir='ltr' id='par_1_2' title="bbox 1741 391 2546 452">
     <span class='ocr_line' id='line_1_2' title="bbox 1741 391 2546 452; baseline 0.006 -4"><span class='ocrx_word' id='word_1_6' title='bbox 1741 392 1800 448; x_wconf 77' lang='grc' dir='ltr'><strong>δ.</strong></span> <span class='ocrx_word' id='word_1_7' title='bbox 1839 391 2202 450; x_wconf 83' lang='lat' dir='ltr'><strong>AUGUSTINI</strong></span> <span class='ocrx_word' id='word_1_8' title='bbox 2243 394 2546 452; x_wconf 83' lang='lat' dir='ltr'><strong>EPISCOPI</strong></span> 
     </span>
    </p>
   </div>
   <div class='ocr_carea' id='block_1_3' title="bbox 3665 400 3770 461">
    <p class='ocr_par' dir='ltr' id='par_1_3' title="bbox 3665 400 3770 461">
     <span class='ocr_line' id='line_1_3' title="bbox 3665 400 3770 461; baseline 0 -3"><span class='ocrx_word' id='word_1_9' title='bbox 3665 400 3770 461; x_wconf 72' lang='lat'><strong>59!</strong></span> 
     </span>
    </p>
   </div>
   <div class='ocr_carea' id='block_1_4' title="bbox 2183 507 3766 587">
    <p class='ocr_par' dir='ltr' id='par_1_4' title="bbox 2183 507 3766 587">
     <span class='ocr_line' id='line_1_4' title="bbox 2183 507 3766 587; baseline 0.009 -25"><span class='ocrx_word' id='word_1_10' title='bbox 2183 507 2377 564; x_wconf 85' lang='lat' dir='ltr'><strong>tholica</strong></span> <span class='ocrx_word' id='word_1_11' title='bbox 2409 510 2678 579; x_wconf 85' lang='lat' dir='ltr'><strong>Ecclesia,</strong></span> <span class='ocrx_word' id='word_1_12' title='bbox 2725 511 2777 567; x_wconf 90' lang='lat' dir='ltr'><strong>id</strong></span> <span class='ocrx_word' id='word_1_13' title='bbox 2806 520 2889 568; x_wconf 89' lang='lat' dir='ltr'><strong>est</strong></span> <span class='ocrx_word' id='word_1_14' title='bbox 2927 520 3037 569; x_wconf 91' lang='lat' dir='ltr'><strong>toto</strong></span> <span class='ocrx_word' id='word_1_15' title='bbox 3074 511 3205 570; x_wconf 89' lang='lat' dir='ltr'><strong>orbe</strong></span> <span class='ocrx_word' id='word_1_16' title='bbox 3232 512 3420 569; x_wconf 77' lang='lat' dir='ltr'><strong>diffusa</strong></span> <span class='ocrx_word' id='word_1_17' title='bbox 3443 555 3458 580; x_wconf 97' lang='lat'><strong>,</strong></span> <span class='ocrx_word' id='word_1_18' title='bbox 3499 517 3675 587; x_wconf 78' lang='lat' dir='ltr'><strong>potius</strong></span> <span class='ocrx_word' id='word_1_19' title='bbox 3711 517 3766 576; x_wconf 75' lang='lat' dir='ltr'><strong>id</strong></span> 
     </span>
    </p>
   </div>
   <div class='ocr_carea' id='block_1_5' title="bbox 479 598 3760 680">
    <p class='ocr_par' dir='ltr' id='par_1_5' title="bbox 479 598 3760 680">
     <span class='ocr_line' id='line_1_5' title="bbox 479 598 3760 680; baseline 0 -13"><span class='ocrx_word' id='word_1_20' title='bbox 479 609 722 676; x_wconf 82' lang='lat' dir='ltr'><strong>veritati,</strong></span> <span class='ocrx_word' id='word_1_21' title='bbox 752 605 992 678; x_wconf 77' lang='lat' dir='ltr'><strong>ejusdem</strong></span> <span class='ocrx_word' id='word_1_22' title='bbox 1015 601 1254 659; x_wconf 91' lang='lat' dir='ltr'><strong>veritatis</strong></span> <span class='ocrx_word' id='word_1_23' title='bbox 1296 600 1346 655; x_wconf 91' lang='lat' dir='ltr'><strong>vi</strong></span> <span class='ocrx_word' id='word_1_24' title='bbox 1373 599 1543 655; x_wconf 90' lang='lat' dir='ltr'><strong>evicta</strong></span> <span class='ocrx_word' id='word_1_25' title='bbox 1567 606 1684 667; x_wconf 91' lang='lat' dir='ltr'><strong>est,</strong></span> <span class='ocrx_word' id='word_1_26' title='bbox 1717 598 1762 653; x_wconf 92' lang='lat' dir='ltr'><strong>si</strong></span> <span class='ocrx_word' id='word_1_27' title='bbox 1791 599 1930 668; x_wconf 88' lang='lat' dir='ltr'><strong>sapit</strong></span> <span class='ocrx_word' id='word_1_28' title='bbox 1959 599 2079 654; x_wconf 90' lang='lat' dir='ltr'><strong>dul-</strong></span> <span class='ocrx_word' id='word_1_29' title='bbox 2179 602 2400 658; x_wconf 82' lang='lat' dir='ltr'><strong>credant</strong></span> <span class='ocrx_word' id='word_1_30' title='bbox 2425 605 2564 675; x_wconf 90' lang='lat' dir='ltr'><strong>quod</strong></span> <span class='ocrx_word' id='word_1_31' title='bbox 2585 605 2777 662; x_wconf 63' lang='lat' dir='ltr'><strong>divinae</strong></span> <span class='ocrx_word' id='word_1_32' title='bbox 2803 605 3090 677; x_wconf 80' lang='lat' dir='ltr'><strong>Scripturae</strong></span> <span class='ocrx_word' id='word_1_33' title='bbox 3117 607 3317 672; x_wconf 89' lang='lat' dir='ltr'><strong>dicunt,</strong></span> <span class='ocrx_word' id='word_1_34' title='bbox 3352 624 3456 664; x_wconf 90' lang='lat' dir='ltr'><strong>non</strong></span> <span class='ocrx_word' id='word_1_35' title='bbox 3488 610 3630 680; x_wconf 94' lang='lat' dir='ltr'><strong>quod</strong></span> <span class='ocrx_word' id='word_1_36' title='bbox 3665 613 3760 667; x_wconf 84' lang='lat' dir='ltr'><strong>lin-</strong></span> 
     </span>
    </p>
   </div>
   <div class='ocr_carea' id='block_1_6' title="bbox 479 691 2075 776">
    <p class='ocr_par' dir='ltr' id='par_1_6' title="bbox 479 691 2075 776">
     <span class='ocr_line' id='line_1_6' title="bbox 479 691 2075 776; baseline -0.01 -12"><span class='ocrx_word' id='word_1_37' title='bbox 479 705 616 764; x_wconf 83' lang='lat' dir='ltr'><strong>eedo</strong></span> <span class='ocrx_word' id='word_1_38' title='bbox 659 703 846 776; x_wconf 85' lang='lat' dir='ltr'><strong>pacis,</strong></span> <span class='ocrx_word' id='word_1_39' title='bbox 893 697 1214 769; x_wconf 82' lang='lat' dir='ltr'><strong>unitatisque</strong></span> <span class='ocrx_word' id='word_1_40' title='bbox 1255 694 1487 751; x_wconf 78' lang='lat' dir='ltr'><strong>charitas</strong></span> <span class='ocrx_word' id='word_1_41' title='bbox 1525 707 1630 749; x_wconf 93' lang='lat' dir='ltr'><strong>non</strong></span> <span class='ocrx_word' id='word_1_42' title='bbox 1667 691 1779 764; x_wconf 92' lang='lat' dir='ltr'><strong>jam</strong></span> <span class='ocrx_word' id='word_1_43' title='bbox 1823 693 2075 749; x_wconf 87' lang='lat' dir='ltr'><strong>reverbe-</strong></span> 
     </span>
    </p>
   </div>
   <div class='ocr_carea' id='block_1_7' title="bbox 476 789 2068 859">
    <p class='ocr_par' dir='ltr' id='par_1_7' title="bbox 476 789 2068 859">
     <span class='ocr_line' id='line_1_7' title="bbox 476 789 2068 859; baseline -0.009 -2"><span class='ocrx_word' id='word_1_44' title='bbox 476 808 564 857; x_wconf 85' lang='lat' dir='ltr'><strong>rat</strong></span> <span class='ocrx_word' id='word_1_45' title='bbox 602 797 789 855; x_wconf 86' lang='lat' dir='ltr'><strong>oculos</strong></span> <span class='ocrx_word' id='word_1_46' title='bbox 834 793 1075 857; x_wconf 88' lang='lat' dir='ltr'><strong>saucios,</strong></span> <span class='ocrx_word' id='word_1_47' title='bbox 1118 790 1212 847; x_wconf 88' lang='lat' dir='ltr'><strong>sed</strong></span> <span class='ocrx_word' id='word_1_48' title='bbox 1258 804 1417 845; x_wconf 88' lang='lat' dir='ltr'><strong>sanos</strong></span> <span class='ocrx_word' id='word_1_49' title='bbox 1462 789 1688 844; x_wconf 81' lang='lat' dir='ltr'><strong>illustrat</strong></span> <span class='ocrx_word' id='word_1_50' title='bbox 1731 803 1794 842; x_wconf 92' lang='lat' dir='ltr'><strong>ac</strong></span> <span class='ocrx_word' id='word_1_51' title='bbox 1829 797 2068 859; x_wconf 76' lang='lat' dir='ltr'><strong>vegetat;</strong></span> 
     </span>
    </p>
   </div>
   <div class='ocr_carea' id='block_1_8' title="bbox 481 878 2074 956">
    <p class='ocr_par' dir='ltr' id='par_1_8' title="bbox 481 878 2074 956">
     <span class='ocr_line' id='line_1_8' title="bbox 481 878 2074 956; baseline -0.009 -8"><span class='ocrx_word' id='word_1_52' title='bbox 481 907 592 950; x_wconf 79' lang='lat' dir='ltr'><strong>non</strong></span> <span class='ocrx_word' id='word_1_53' title='bbox 617 899 744 952; x_wconf 88' lang='lat' dir='ltr'><strong>sunt</strong></span> <span class='ocrx_word' id='word_1_54' title='bbox 772 887 887 944; x_wconf 76' lang='lat' dir='ltr'><strong>haec</strong></span> <span class='ocrx_word' id='word_1_55' title='bbox 915 899 1076 956; x_wconf 85' lang='lat' dir='ltr'><strong>opera</strong></span> <span class='ocrx_word' id='word_1_56' title='bbox 1108 891 1309 950; x_wconf 92' lang='lat' dir='ltr'><strong>nostra,</strong></span> <span class='ocrx_word' id='word_1_57' title='bbox 1342 881 1437 938; x_wconf 90' lang='lat' dir='ltr'><strong>sed</strong></span> <span class='ocrx_word' id='word_1_58' title='bbox 1461 881 1552 936; x_wconf 85' lang='lat' dir='ltr'><strong>Dei</strong></span> <span class='ocrx_word' id='word_1_59' title='bbox 1585 897 1597 934; x_wconf 94' lang='lat'>:</span> <span class='ocrx_word' id='word_1_60' title='bbox 1627 895 1732 934; x_wconf 91' lang='lat' dir='ltr'><strong>non</strong></span> <span class='ocrx_word' id='word_1_61' title='bbox 1759 881 1872 934; x_wconf 80' lang='lat' dir='ltr'><strong>haec</strong></span> <span class='ocrx_word' id='word_1_62' title='bbox 1893 878 2074 934; x_wconf 86' lang='lat' dir='ltr'><strong>huma-</strong></span> 
     </span>
    </p>
   </div>
   <div class='ocr_carea' id='block_1_9' title="bbox 475 972 2070 1055">
    <p class='ocr_par' dir='ltr' id='par_1_9' title="bbox 475 972 2070 1055">
     <span class='ocr_line' id='line_1_9' title="bbox 475 972 2070 1055; baseline -0.008 -14"><span class='ocrx_word' id='word_1_63' title='bbox 475 985 560 1042; x_wconf 84' lang='lat' dir='ltr'><strong>nis</strong></span> <span class='ocrx_word' id='word_1_64' title='bbox 591 980 844 1055; x_wconf 81' lang='lat' dir='ltr'><strong>Operibus</strong></span> <span class='ocrx_word' id='word_1_65' title='bbox 863 977 1083 1035; x_wconf 87' lang='lat' dir='ltr'><strong>omnino</strong></span> <span class='ocrx_word' id='word_1_66' title='bbox 1107 976 1418 1039; x_wconf 86' lang='lat' dir='ltr'><strong>tribuerem,</strong></span> <span class='ocrx_word' id='word_1_67' title='bbox 1458 989 1557 1030; x_wconf 90' lang='lat' dir='ltr'><strong>nec</strong></span> <span class='ocrx_word' id='word_1_68' title='bbox 1580 974 1625 1028; x_wconf 92' lang='lat' dir='ltr'><strong>si</strong></span> <span class='ocrx_word' id='word_1_69' title='bbox 1649 988 1769 1028; x_wconf 93' lang='lat' dir='ltr'><strong>cum</strong></span> <span class='ocrx_word' id='word_1_70' title='bbox 1805 972 1942 1043; x_wconf 93' lang='lat' dir='ltr'><strong>apud</strong></span> <span class='ocrx_word' id='word_1_71' title='bbox 1974 988 2070 1028; x_wconf 89' lang='lat' dir='ltr'><strong>vos</strong></span> 
     </span>
    </p>
   </div>
   <div class='ocr_carea' id='block_1_10' title="bbox 475 1064 2108 1140">
    <p class='ocr_par' dir='ltr' id='par_1_10' title="bbox 475 1064 2108 1140">
     <span class='ocr_line' id='line_1_10' title="bbox 475 1064 2108 1140; baseline -0.008 -9"><span class='ocrx_word' id='word_1_72' title='bbox 475 1089 752 1140; x_wconf 85' lang='lat' dir='ltr'><strong>essemus,</strong></span> <span class='ocrx_word' id='word_1_73' title='bbox 780 1077 926 1126; x_wconf 89' lang='lat' dir='ltr'><strong>tanta</strong></span> <span class='ocrx_word' id='word_1_74' title='bbox 953 1068 1235 1124; x_wconf 87' lang='lat' dir='ltr'><strong>conversio</strong></span> <span class='ocrx_word' id='word_1_75' title='bbox 1273 1064 1622 1121; x_wconf 88' lang='lat' dir='ltr'><strong>multitudinis</strong></span> <span class='ocrx_word' id='word_1_76' title='bbox 1660 1065 1811 1120; x_wconf 90' lang='lat' dir='ltr'><strong>nobis</strong></span> <span class='ocrx_word' id='word_1_77' title='bbox 1842 1065 2067 1135; x_wconf 92' lang='lat' dir='ltr'><strong>loquen-</strong></span> <span class='ocrx_word' id='word_1_78' title='bbox 2104 1103 2108 1106; x_wconf 71' lang='lat'><strong>.</strong></span> 
     </span>
    </p>
   </div>
   <div class='ocr_carea' id='block_1_11' title="bbox 401 1155 2063 1235">
    <p class='ocr_par' dir='ltr' id='par_1_11' title="bbox 401 1155 2063 1235">
     <span class='ocr_line' id='line_1_11' title="bbox 401 1155 2063 1235; baseline -0.007 -12"><span class='ocrx_word' id='word_1_79' title='bbox 401 1174 404 1175; x_wconf 66' lang='grc'><strong><em>⁷</em></strong></span> <span class='ocrx_word' id='word_1_80' title='bbox 473 1165 618 1222; x_wconf 86' lang='lat' dir='ltr'><strong>tibus</strong></span> <span class='ocrx_word' id='word_1_81' title='bbox 642 1173 696 1221; x_wconf 90' lang='lat' dir='ltr'><strong>et</strong></span> <span class='ocrx_word' id='word_1_82' title='bbox 716 1161 1050 1219; x_wconf 90' lang='lat' dir='ltr'><strong>hortantibus</strong></span> <span class='ocrx_word' id='word_1_83' title='bbox 1080 1157 1410 1235; x_wconf 86' lang='lat' dir='ltr'><strong>proveniret.</strong></span> <span class='ocrx_word' id='word_1_84' title='bbox 1433 1157 1543 1212; x_wconf 81' lang='lat' dir='ltr'><strong>Hoc</strong></span> <span class='ocrx_word' id='word_1_85' title='bbox 1565 1158 1673 1228; x_wconf 90' lang='lat' dir='ltr'><strong>agit</strong></span> <span class='ocrx_word' id='word_1_86' title='bbox 1691 1156 1776 1211; x_wconf 91' lang='lat' dir='ltr'><strong>ille</strong></span> <span class='ocrx_word' id='word_1_87' title='bbox 1795 1165 1848 1211; x_wconf 93' lang='lat' dir='ltr'><strong>et</strong></span> <span class='ocrx_word' id='word_1_88' title='bbox 1871 1155 2063 1225; x_wconf 79' lang='lat' dir='ltr'><strong>efficit,</strong></span> 
     </span>
    </p>
   </div>
   <div class='ocr_carea' id='block_1_12' title="bbox 473 1247 2065 1331">
    <p class='ocr_par' dir='ltr' id='par_1_12' title="bbox 473 1247 2065 1331">
     <span class='ocr_line' id='line_1_12' title="bbox 473 1247 2065 1331; baseline -0.008 -16"><span class='ocrx_word' id='word_1_89' title='bbox 473 1259 564 1330; x_wconf 89' lang='lat' dir='ltr'><strong>qui</strong></span> <span class='ocrx_word' id='word_1_90' title='bbox 602 1274 701 1331; x_wconf 89' lang='lat' dir='ltr'><strong>per</strong></span> <span class='ocrx_word' id='word_1_91' title='bbox 733 1256 1004 1312; x_wconf 87' lang='lat' dir='ltr'><strong>ministros</strong></span> <span class='ocrx_word' id='word_1_92' title='bbox 1030 1267 1157 1310; x_wconf 89' lang='lat' dir='ltr'><strong>suos</strong></span> <span class='ocrx_word' id='word_1_93' title='bbox 1193 1266 1372 1306; x_wconf 91' lang='lat' dir='ltr'><strong>rerum</strong></span> <span class='ocrx_word' id='word_1_94' title='bbox 1413 1248 1578 1320; x_wconf 80' lang='lat' dir='ltr'><strong>signis</strong></span> <span class='ocrx_word' id='word_1_95' title='bbox 1606 1250 1940 1304; x_wconf 84' lang='lat' dir='ltr'><strong>extrinsecus</strong></span> <span class='ocrx_word' id='word_1_96' title='bbox 1967 1247 2065 1303; x_wconf 91' lang='lat' dir='ltr'><strong>ad-</strong></span> 
     </span>
    </p>
   </div>
   <div class='ocr_carea' id='block_1_13' title="bbox 470 1340 2066 1417">
    <p class='ocr_par' dir='ltr' id='par_1_13' title="bbox 470 1340 2066 1417">
     <span class='ocr_line' id='line_1_13' title="bbox 470 1340 2066 1417; baseline -0.008 -9"><span class='ocrx_word' id='word_1_97' title='bbox 470 1359 674 1417; x_wconf 88' lang='lat' dir='ltr'><strong>monet,</strong></span> <span class='ocrx_word' id='word_1_98' title='bbox 706 1350 866 1405; x_wconf 90' lang='lat' dir='ltr'><strong>rebus</strong></span> <span class='ocrx_word' id='word_1_99' title='bbox 890 1357 1067 1403; x_wconf 91' lang='lat' dir='ltr'><strong>autem</strong></span> <span class='ocrx_word' id='word_1_100' title='bbox 1094 1345 1224 1416; x_wconf 88' lang='lat' dir='ltr'><strong>ipsis</strong></span> <span class='ocrx_word' id='word_1_101' title='bbox 1253 1359 1347 1414; x_wconf 88' lang='lat' dir='ltr'><strong>per</strong></span> <span class='ocrx_word' id='word_1_102' title='bbox 1369 1343 1601 1412; x_wconf 91' lang='lat' dir='ltr'><strong>seipsum</strong></span> <span class='ocrx_word' id='word_1_103' title='bbox 1632 1342 1950 1396; x_wconf 88' lang='lat' dir='ltr'><strong>intrinsecus</strong></span> <span class='ocrx_word' id='word_1_104' title='bbox 1969 1340 2066 1396; x_wconf 81' lang='lat' dir='ltr'><strong>do-</strong></span> 
     </span>
    </p>
   </div>
   <div class='ocr_carea' id='block_1_14' title="bbox 467 1434 2063 1511">
    <p class='ocr_par' dir='ltr' id='par_1_14' title="bbox 467 1434 2063 1511">
     <span class='ocr_line' id='line_1_14' title="bbox 467 1434 2063 1511; baseline -0.006 -11"><span class='ocrx_word' id='word_1_105' title='bbox 467 1452 572 1500; x_wconf 91' lang='lat' dir='ltr'><strong>cet.</strong></span> <span class='ocrx_word' id='word_1_106' title='bbox 603 1441 713 1500; x_wconf 80' lang='lat' dir='ltr'><strong>Nec</strong></span> <span class='ocrx_word' id='word_1_107' title='bbox 740 1441 861 1497; x_wconf 91' lang='lat' dir='ltr'><strong>ideo</strong></span> <span class='ocrx_word' id='word_1_108' title='bbox 893 1440 1094 1511; x_wconf 88' lang='lat' dir='ltr'><strong>pigrius</strong></span> <span class='ocrx_word' id='word_1_109' title='bbox 1119 1437 1322 1495; x_wconf 87' lang='lat' dir='ltr'><strong>moveri</strong></span> <span class='ocrx_word' id='word_1_110' title='bbox 1365 1449 1462 1490; x_wconf 90' lang='lat' dir='ltr'><strong>nos</strong></span> <span class='ocrx_word' id='word_1_111' title='bbox 1487 1444 1696 1505; x_wconf 87' lang='lat' dir='ltr'><strong>oportet</strong></span> <span class='ocrx_word' id='word_1_112' title='bbox 1722 1434 1788 1488; x_wconf 91' lang='lat' dir='ltr'><strong>ad</strong></span> <span class='ocrx_word' id='word_1_113' title='bbox 1817 1434 2063 1490; x_wconf 91' lang='lat' dir='ltr'><strong>visendos</strong></span> 
     </span>
    </p>
   </div>
   <div class='ocr_carea' id='block_1_15' title="bbox 464 1527 2058 1607">
    <p class='ocr_par' dir='ltr' id='par_1_15' title="bbox 464 1527 2058 1607">
     <span class='ocr_line' id='line_1_15' title="bbox 464 1527 2058 1607; baseline -0.006 -15"><span class='ocrx_word' id='word_1_114' title='bbox 464 1551 583 1604; x_wconf 88' lang='lat' dir='ltr'><strong>vos,</strong></span> <span class='ocrx_word' id='word_1_115' title='bbox 613 1534 864 1607; x_wconf 89' lang='lat' dir='ltr'><strong>quoniam</strong></span> <span class='ocrx_word' id='word_1_116' title='bbox 892 1531 1144 1604; x_wconf 88' lang='lat' dir='ltr'><strong>quidquid</strong></span> <span class='ocrx_word' id='word_1_117' title='bbox 1173 1531 1226 1584; x_wconf 91' lang='lat' dir='ltr'><strong>in</strong></span> <span class='ocrx_word' id='word_1_118' title='bbox 1261 1529 1412 1584; x_wconf 88' lang='lat' dir='ltr'><strong>vobis</strong></span> <span class='ocrx_word' id='word_1_119' title='bbox 1440 1528 1702 1582; x_wconf 86' lang='lat' dir='ltr'><strong>laudabile</strong></span> <span class='ocrx_word' id='word_1_120' title='bbox 1737 1535 1819 1582; x_wconf 91' lang='lat' dir='ltr'><strong>est</strong></span> <span class='ocrx_word' id='word_1_121' title='bbox 1837 1527 2058 1595; x_wconf 88' lang='lat' dir='ltr'><strong>factum,</strong></span> 
     </span>
    </p>
   </div>
   <div class='ocr_carea' id='block_1_16' title="bbox 465 1618 2060 1693">
    <p class='ocr_par' dir='ltr' id='par_1_16' title="bbox 465 1618 2060 1693">
     <span class='ocr_line' id='line_1_16' title="bbox 465 1618 2060 1693; baseline -0.008 -9"><span class='ocrx_word' id='word_1_122' title='bbox 465 1644 577 1684; x_wconf 89' lang='lat' dir='ltr'><strong>non</strong></span> <span class='ocrx_word' id='word_1_123' title='bbox 598 1643 628 1682; x_wconf 92' lang='lat' dir='ltr'><strong>a</strong></span> <span class='ocrx_word' id='word_1_124' title='bbox 656 1627 829 1693; x_wconf 90' lang='lat' dir='ltr'><strong>nobis,</strong></span> <span class='ocrx_word' id='word_1_125' title='bbox 858 1625 952 1680; x_wconf 91' lang='lat' dir='ltr'><strong>sed</strong></span> <span class='ocrx_word' id='word_1_126' title='bbox 984 1623 1052 1679; x_wconf 89' lang='lat' dir='ltr'><strong>ab</strong></span> <span class='ocrx_word' id='word_1_127' title='bbox 1081 1624 1172 1678; x_wconf 91' lang='lat' dir='ltr'><strong>illo</strong></span> <span class='ocrx_word' id='word_1_128' title='bbox 1201 1623 1396 1676; x_wconf 90' lang='lat' dir='ltr'><strong>factum</strong></span> <span class='ocrx_word' id='word_1_129' title='bbox 1425 1628 1509 1675; x_wconf 91' lang='lat' dir='ltr'><strong>est</strong></span> <span class='ocrx_word' id='word_1_130' title='bbox 1541 1619 1629 1690; x_wconf 91' lang='lat' dir='ltr'><strong>qui</strong></span> <span class='ocrx_word' id='word_1_131' title='bbox 1657 1619 1779 1673; x_wconf 89' lang='lat' dir='ltr'><strong>facit</strong></span> <span class='ocrx_word' id='word_1_132' title='bbox 1799 1618 2060 1674; x_wconf 90' lang='lat' dir='ltr'><strong>mirabilia</strong></span> 
     </span>
    </p>
   </div>
   <div class='ocr_carea' id='block_1_17' title="bbox 465 1709 2060 1792">
    <p class='ocr_par' dir='ltr' id='par_1_17' title="bbox 465 1709 2060 1792">
     <span class='ocr_line' id='line_1_17' title="bbox 465 1709 2060 1792; baseline -0.008 -16"><span class='ocrx_word' id='word_1_133' title='bbox 465 1720 614 1776; x_wconf 87' lang='lat' dir='ltr'><strong>solus</strong></span> <span class='ocrx_word' id='word_1_134' title='bbox 646 1717 828 1792; x_wconf 86' lang='lat' dir='ltr'><strong>(Psal.</strong></span> <span class='ocrx_word' id='word_1_135' title='bbox 859 1732 1009 1783; x_wconf 76' lang='lat' dir='ltr'><strong>LXXI,</strong></span> <span class='ocrx_word' id='word_1_136' title='bbox 1044 1712 1167 1787; x_wconf 75' lang='lat' dir='ltr'><strong>l8).</strong></span> <span class='ocrx_word' id='word_1_137' title='bbox 1196 1713 1360 1768; x_wconf 89' lang='lat' dir='ltr'><strong>Multo</strong></span> <span class='ocrx_word' id='word_1_138' title='bbox 1389 1711 1532 1766; x_wconf 90' lang='lat' dir='ltr'><strong>enim</strong></span> <span class='ocrx_word' id='word_1_139' title='bbox 1556 1711 1784 1764; x_wconf 86' lang='lat' dir='ltr'><strong>alacrius</strong></span> <span class='ocrx_word' id='word_1_140' title='bbox 1803 1709 2060 1765; x_wconf 89' lang='lat' dir='ltr'><strong>debemus</strong></span> 
     </span>
    </p>
   </div>
   <div class='ocr_carea' id='block_1_18' title="bbox 461 1803 2056 1879">
    <p class='ocr_par' dir='ltr' id='par_1_18' title="bbox 461 1803 2056 1879">
     <span class='ocr_line' id='line_1_18' title="bbox 461 1803 2056 1879; baseline -0.009 -10"><span class='ocrx_word' id='word_1_141' title='bbox 461 1827 741 1869; x_wconf 90' lang='lat' dir='ltr'><strong>accurrere</strong></span> <span class='ocrx_word' id='word_1_142' title='bbox 779 1810 846 1865; x_wconf 89' lang='lat' dir='ltr'><strong>ad</strong></span> <span class='ocrx_word' id='word_1_143' title='bbox 890 1807 1177 1879; x_wconf 87' lang='lat' dir='ltr'><strong>spectanda</strong></span> <span class='ocrx_word' id='word_1_144' title='bbox 1213 1821 1374 1876; x_wconf 90' lang='lat' dir='ltr'><strong>opera</strong></span> <span class='ocrx_word' id='word_1_145' title='bbox 1421 1803 1598 1858; x_wconf 88' lang='lat' dir='ltr'><strong>divina</strong></span> <span class='ocrx_word' id='word_1_146' title='bbox 1640 1818 1798 1872; x_wconf 91' lang='lat' dir='ltr'><strong>quam</strong></span> <span class='ocrx_word' id='word_1_147' title='bbox 1840 1810 2056 1866; x_wconf 89' lang='lat' dir='ltr'><strong>nostra;</strong></span> 
     </span>
    </p>
   </div>
   <div class='ocr_carea' id='block_1_19' title="bbox 457 1894 2060 1975">
    <p class='ocr_par' dir='ltr' id='par_1_19' title="bbox 457 1894 2060 1975">
     <span class='ocr_line' id='line_1_19' title="bbox 457 1894 2060 1975; baseline -0.007 -17"><span class='ocrx_word' id='word_1_148' title='bbox 457 1905 580 1975; x_wconf 89' lang='lat' dir='ltr'><strong>quia</strong></span> <span class='ocrx_word' id='word_1_149' title='bbox 600 1912 656 1960; x_wconf 90' lang='lat' dir='ltr'><strong>et</strong></span> <span class='ocrx_word' id='word_1_150' title='bbox 674 1919 791 1969; x_wconf 90' lang='lat' dir='ltr'><strong>nos,</strong></span> <span class='ocrx_word' id='word_1_151' title='bbox 816 1903 862 1956; x_wconf 87' lang='lat' dir='ltr'><strong>si</strong></span> <span class='ocrx_word' id='word_1_152' title='bbox 881 1900 1006 1972; x_wconf 92' lang='lat' dir='ltr'><strong>quid</strong></span> <span class='ocrx_word' id='word_1_153' title='bbox 1031 1898 1154 1955; x_wconf 92' lang='lat' dir='ltr'><strong>boni</strong></span> <span class='ocrx_word' id='word_1_154' title='bbox 1175 1911 1361 1952; x_wconf 86' lang='lat' dir='ltr'><strong>sumus</strong></span> <span class='ocrx_word' id='word_1_155' title='bbox 1378 1911 1532 1966; x_wconf 84' lang='lat' dir='ltr'><strong>Opus,</strong></span> <span class='ocrx_word' id='word_1_156' title='bbox 1562 1894 1722 1961; x_wconf 90' lang='lat' dir='ltr'><strong>illius,</strong></span> <span class='ocrx_word' id='word_1_157' title='bbox 1751 1909 1857 1949; x_wconf 92' lang='lat' dir='ltr'><strong>non</strong></span> <span class='ocrx_word' id='word_1_158' title='bbox 1886 1894 2060 1948; x_wconf 87' lang='lat' dir='ltr'><strong>homi-</strong></span> 
     </span>
    </p>
   </div>
   <div class='ocr_carea' id='block_1_20' title="bbox 457 1984 2058 2060">
    <p class='ocr_par' dir='ltr' id='par_1_20' title="bbox 457 1984 2058 2060">
     <span class='ocr_line' id='line_1_20' title="bbox 457 1984 2058 2060; baseline -0.009 -9"><span class='ocrx_word' id='word_1_159' title='bbox 457 2011 586 2051; x_wconf 90' lang='lat' dir='ltr'><strong>num</strong></span> <span class='ocrx_word' id='word_1_160' title='bbox 615 2010 798 2050; x_wconf 91' lang='lat' dir='ltr'><strong>sumus</strong></span> <span class='ocrx_word' id='word_1_161' title='bbox 827 2011 839 2047; x_wconf 89' lang='lat'>:</span> <span class='ocrx_word' id='word_1_162' title='bbox 869 1991 1013 2048; x_wconf 88' lang='lat' dir='ltr'><strong>unde</strong></span> <span class='ocrx_word' id='word_1_163' title='bbox 1039 1989 1323 2060; x_wconf 86' lang='lat' dir='ltr'><strong>Apostolus</strong></span> <span class='ocrx_word' id='word_1_164' title='bbox 1353 1988 1504 2051; x_wconf 86' lang='lat' dir='ltr'><strong>dixit,</strong></span> <span class='ocrx_word' id='word_1_165' title='bbox 1533 1984 1715 2058; x_wconf 85' lang='lat' dir='ltr'><strong>Neque</strong></span> <span class='ocrx_word' id='word_1_166' title='bbox 1739 1985 1828 2055; x_wconf 90' lang='lat' dir='ltr'><strong>qui</strong></span> <span class='ocrx_word' id='word_1_167' title='bbox 1857 1984 2058 2057; x_wconf 82' lang='lat' dir='ltr'><strong>plantat</strong></span> 
     </span>
    </p>
   </div>
   <div class='ocr_carea' id='block_1_21' title="bbox 458 2078 2058 2159">
    <p class='ocr_par' dir='ltr' id='par_1_21' title="bbox 458 2078 2058 2159">
     <span class='ocr_line' id='line_1_21' title="bbox 458 2078 2058 2159; baseline -0.007 -17"><span class='ocrx_word' id='word_1_168' title='bbox 458 2098 531 2145; x_wconf 81' lang='lat' dir='ltr'><strong>est</strong></span> <span class='ocrx_word' id='word_1_169' title='bbox 568 2087 783 2159; x_wconf 83' lang='lat' dir='ltr'><strong>aliquid,</strong></span> <span class='ocrx_word' id='word_1_170' title='bbox 825 2103 982 2157; x_wconf 85' lang='lat' dir='ltr'><strong>neque</strong></span> <span class='ocrx_word' id='word_1_171' title='bbox 1017 2085 1104 2154; x_wconf 91' lang='lat' dir='ltr'><strong>qui</strong></span> <span class='ocrx_word' id='word_1_172' title='bbox 1137 2083 1304 2155; x_wconf 87' lang='lat' dir='ltr'><strong>rigat;</strong></span> <span class='ocrx_word' id='word_1_173' title='bbox 1340 2080 1430 2137; x_wconf 84' lang='lat' dir='ltr'><strong>sed</strong></span> <span class='ocrx_word' id='word_1_174' title='bbox 1469 2081 1555 2154; x_wconf 93' lang='lat' dir='ltr'><strong>qui</strong></span> <span class='ocrx_word' id='word_1_175' title='bbox 1578 2080 1937 2134; x_wconf 77' lang='lat' dir='ltr'><strong>incrementum</strong></span> <span class='ocrx_word' id='word_1_176' title='bbox 1968 2078 2058 2132; x_wconf 85' lang='lat' dir='ltr'><strong>dat</strong></span> 
     </span>
    </p>
   </div>
   <div class='ocr_carea' id='block_1_22' title="bbox 457 2175 1055 2250">
    <p class='ocr_par' dir='ltr' id='par_1_22' title="bbox 457 2175 1055 2250">
     <span class='ocr_line' id='line_1_22' title="bbox 457 2175 1055 2250; baseline -0.01 -15"><span class='ocrx_word' id='word_1_177' title='bbox 457 2179 596 2235; x_wconf 83' lang='lat' dir='ltr'><strong>Deus</strong></span> <span class='ocrx_word' id='word_1_178' title='bbox 629 2179 684 2250; x_wconf 87' lang='grc' dir='ltr'><strong>(Ι</strong></span> <span class='ocrx_word' id='word_1_179' title='bbox 709 2178 826 2233; x_wconf 82' lang='lat' dir='ltr'><strong>Cor.</strong></span> <span class='ocrx_word' id='word_1_180' title='bbox 854 2193 932 2242; x_wconf 83' lang='grc' dir='ltr'>ιιι,</span> <span class='ocrx_word' id='word_1_181' title='bbox 965 2175 1055 2247; x_wconf 89' lang='lat'><strong>7).</strong></span> 
     </span>
    </p>
   </div>
   <div class='ocr_carea' id='block_1_23' title="bbox 525 2261 2054 2331">
    <p class='ocr_par' dir='ltr' id='par_1_23' title="bbox 525 2261 2054 2331">
     <span class='ocr_line' id='line_1_23' title="bbox 525 2261 2054 2331; baseline -0.009 -5"><span class='ocrx_word' id='word_1_182' title='bbox 525 2272 580 2325; x_wconf 75' lang='lat'><strong>2.</strong></span> <span class='ocrx_word' id='word_1_183' title='bbox 621 2271 946 2326; x_wconf 81' lang='lat' dir='ltr'><strong>Xenocrates</strong></span> <span class='ocrx_word' id='word_1_184' title='bbox 973 2267 1318 2322; x_wconf 90' lang='lat' dir='ltr'><strong>Polemonem</strong></span> <span class='ocrx_word' id='word_1_185' title='bbox 1336 2305 1354 2331; x_wconf 96' lang='lat'><strong>,</strong></span> <span class='ocrx_word' id='word_1_186' title='bbox 1391 2271 1452 2318; x_wconf 90' lang='lat' dir='ltr'><strong>ut</strong></span> <span class='ocrx_word' id='word_1_187' title='bbox 1481 2261 1710 2317; x_wconf 89' lang='lat' dir='ltr'><strong>scribitis</strong></span> <span class='ocrx_word' id='word_1_188' title='bbox 1728 2303 1743 2328; x_wconf 94' lang='lat'><strong>,</strong></span> <span class='ocrx_word' id='word_1_189' title='bbox 1773 2268 1828 2315; x_wconf 87' lang='lat' dir='ltr'><strong>et</strong></span> <span class='ocrx_word' id='word_1_190' title='bbox 1865 2274 1962 2314; x_wconf 91' lang='lat' dir='ltr'><strong>nos</strong></span> <span class='ocrx_word' id='word_1_191' title='bbox 1987 2275 2054 2315; x_wconf 80' lang='lat' dir='ltr'><strong>ex</strong></span> 
     </span>
    </p>
   </div>
   <div class='ocr_carea' id='block_1_24' title="bbox 456 2349 2056 2423">
    <p class='ocr_par' dir='ltr' id='par_1_24' title="bbox 456 2349 2056 2423">
     <span class='ocr_line' id='line_1_24' title="bbox 456 2349 2056 2423; baseline -0.008 -7"><span class='ocrx_word' id='word_1_192' title='bbox 456 2362 562 2417; x_wconf 91' lang='lat' dir='ltr'><strong>illis</strong></span> <span class='ocrx_word' id='word_1_193' title='bbox 584 2363 600 2393; x_wconf 71' lang='grc'><strong>⁸</strong></span> <span class='ocrx_word' id='word_1_194' title='bbox 625 2360 813 2415; x_wconf 83' lang='lat' dir='ltr'><strong>litteris</strong></span> <span class='ocrx_word' id='word_1_195' title='bbox 836 2357 1202 2423; x_wconf 83' lang='lat' dir='ltr'><strong>recordamur,</strong></span> <span class='ocrx_word' id='word_1_196' title='bbox 1224 2355 1292 2410; x_wconf 92' lang='lat' dir='ltr'><strong>de</strong></span> <span class='ocrx_word' id='word_1_197' title='bbox 1313 2353 1463 2423; x_wconf 91' lang='lat' dir='ltr'><strong>fruge</strong></span> <span class='ocrx_word' id='word_1_198' title='bbox 1483 2351 1848 2421; x_wconf 74' lang='lat' dir='ltr'><strong>temperantia:</strong></span> <span class='ocrx_word' id='word_1_199' title='bbox 1872 2349 2056 2419; x_wconf 89' lang='lat' dir='ltr'><strong>dispu-</strong></span> 
     </span>
    </p>
   </div>
   <div class='ocr_carea' id='block_1_25' title="bbox 457 2445 2048 2520">
    <p class='ocr_par' dir='ltr' id='par_1_25' title="bbox 457 2445 2048 2520">
     <span class='ocr_line' id='line_1_25' title="bbox 457 2445 2048 2520; baseline -0.007 -11"><span class='ocrx_word' id='word_1_200' title='bbox 457 2454 640 2520; x_wconf 90' lang='lat' dir='ltr'><strong>tando,</strong></span> <span class='ocrx_word' id='word_1_201' title='bbox 666 2469 768 2508; x_wconf 92' lang='lat' dir='ltr'><strong>non</strong></span> <span class='ocrx_word' id='word_1_202' title='bbox 793 2453 964 2507; x_wconf 88' lang='lat' dir='ltr'><strong>solum</strong></span> <span class='ocrx_word' id='word_1_203' title='bbox 981 2450 1271 2514; x_wconf 90' lang='lat' dir='ltr'><strong>ebriosum,</strong></span> <span class='ocrx_word' id='word_1_204' title='bbox 1294 2463 1478 2503; x_wconf 86' lang='lat' dir='ltr'><strong>verum</strong></span> <span class='ocrx_word' id='word_1_205' title='bbox 1500 2447 1662 2502; x_wconf 90' lang='lat' dir='ltr'><strong>etiam</strong></span> <span class='ocrx_word' id='word_1_206' title='bbox 1678 2457 1803 2518; x_wconf 88' lang='lat' dir='ltr'><strong>tunc</strong></span> <span class='ocrx_word' id='word_1_207' title='bbox 1821 2445 2048 2511; x_wconf 92' lang='lat' dir='ltr'><strong>ebrium,</strong></span> 
     </span>
    </p>
   </div>
   <div class='ocr_carea' id='block_1_26' title="bbox 454 2537 2050 2613">
    <p class='ocr_par' dir='ltr' id='par_1_26' title="bbox 454 2537 2050 2613">
     <span class='ocr_line' id='line_1_26' title="bbox 454 2537 2050 2613; baseline -0.004 -13"><span class='ocrx_word' id='word_1_208' title='bbox 454 2546 525 2602; x_wconf 87' lang='lat' dir='ltr'><strong>ad</strong></span> <span class='ocrx_word' id='word_1_209' title='bbox 553 2561 730 2602; x_wconf 87' lang='lat' dir='ltr'><strong>mores</strong></span> <span class='ocrx_word' id='word_1_210' title='bbox 749 2543 882 2598; x_wconf 89' lang='lat' dir='ltr'><strong>alios</strong></span> <span class='ocrx_word' id='word_1_211' title='bbox 901 2549 1121 2613; x_wconf 90' lang='lat' dir='ltr'><strong>repente</strong></span> <span class='ocrx_word' id='word_1_212' title='bbox 1149 2540 1432 2596; x_wconf 89' lang='lat' dir='ltr'><strong>convertit.</strong></span> <span class='ocrx_word' id='word_1_213' title='bbox 1451 2539 1760 2610; x_wconf 82' lang='lat' dir='ltr'><strong>Quanquam</strong></span> <span class='ocrx_word' id='word_1_214' title='bbox 1782 2553 1911 2608; x_wconf 88' lang='lat' dir='ltr'><strong>ergo</strong></span> <span class='ocrx_word' id='word_1_215' title='bbox 1933 2537 2050 2603; x_wconf 92' lang='lat' dir='ltr'><strong>ille,</strong></span> 
     </span>
    </p>
   </div>
   <div class='ocr_carea' id='block_1_27' title="bbox 453 2627 2050 2708">
    <p class='ocr_par' dir='ltr' id='par_1_27' title="bbox 453 2627 2050 2708">
     <span class='ocr_line' id='line_1_27' title="bbox 453 2627 2050 2708; baseline -0.006 -16"><span class='ocrx_word' id='word_1_216' title='bbox 453 2639 591 2692; x_wconf 88' lang='lat' dir='ltr'><strong>sicut</strong></span> <span class='ocrx_word' id='word_1_217' title='bbox 616 2636 905 2708; x_wconf 90' lang='lat' dir='ltr'><strong>prudenter</strong></span> <span class='ocrx_word' id='word_1_218' title='bbox 929 2643 984 2690; x_wconf 91' lang='lat' dir='ltr'><strong>et</strong></span> <span class='ocrx_word' id='word_1_219' title='bbox 1009 2634 1268 2689; x_wconf 79' lang='lat' dir='ltr'><strong>veraciter</strong></span> <span class='ocrx_word' id='word_1_220' title='bbox 1287 2631 1641 2697; x_wconf 85' lang='lat' dir='ltr'><strong>intellexistis,</strong></span> <span class='ocrx_word' id='word_1_221' title='bbox 1667 2645 1772 2684; x_wconf 90' lang='lat' dir='ltr'><strong>non</strong></span> <span class='ocrx_word' id='word_1_222' title='bbox 1795 2630 1905 2684; x_wconf 91' lang='lat' dir='ltr'><strong>Deo</strong></span> <span class='ocrx_word' id='word_1_223' title='bbox 1931 2627 2050 2684; x_wconf 89' lang='lat' dir='ltr'><strong>fue—</strong></span> 
     </span>
    </p>
   </div>
   <div class='ocr_carea' id='block_1_28' title="bbox 454 2722 2050 2800">
    <p class='ocr_par' dir='ltr' id='par_1_28' title="bbox 454 2722 2050 2800">
     <span class='ocr_line' id='line_1_28' title="bbox 454 2722 2050 2800; baseline -0.004 -16"><span class='ocrx_word' id='word_1_224' title='bbox 454 2730 524 2784; x_wconf 90' lang='lat' dir='ltr'><strong>rit</strong></span> <span class='ocrx_word' id='word_1_225' title='bbox 549 2730 861 2800; x_wconf 88' lang='lat' dir='ltr'><strong>acquisitus,</strong></span> <span class='ocrx_word' id='word_1_226' title='bbox 889 2727 985 2784; x_wconf 89' lang='lat' dir='ltr'><strong>sed</strong></span> <span class='ocrx_word' id='word_1_227' title='bbox 1011 2736 1216 2782; x_wconf 90' lang='lat' dir='ltr'><strong>tantum</strong></span> <span class='ocrx_word' id='word_1_228' title='bbox 1244 2742 1273 2779; x_wconf 88' lang='lat' dir='ltr'><strong>a</strong></span> <span class='ocrx_word' id='word_1_229' title='bbox 1304 2725 1577 2783; x_wconf 88' lang='lat' dir='ltr'><strong>dominatu</strong></span> <span class='ocrx_word' id='word_1_230' title='bbox 1599 2724 1821 2780; x_wconf 64' lang='lat' dir='ltr'><strong>luxuriae</strong></span> <span class='ocrx_word' id='word_1_231' title='bbox 1851 2722 2050 2778; x_wconf 84' lang='lat' dir='ltr'><strong>libera-</strong></span> 
     </span>
    </p>
   </div>
   <div class='ocr_carea' id='block_1_29' title="bbox 450 2816 2050 2891">
    <p class='ocr_par' dir='ltr' id='par_1_29' title="bbox 450 2816 2050 2891">
     <span class='ocr_line' id='line_1_29' title="bbox 450 2816 2050 2891; baseline -0.003 -14"><span class='ocrx_word' id='word_1_232' title='bbox 450 2831 567 2888; x_wconf 88' lang='lat' dir='ltr'><strong>tus;</strong></span> <span class='ocrx_word' id='word_1_233' title='bbox 601 2832 778 2877; x_wconf 88' lang='lat' dir='ltr'><strong>tamen</strong></span> <span class='ocrx_word' id='word_1_234' title='bbox 815 2836 881 2876; x_wconf 89' lang='lat' dir='ltr'><strong>ne</strong></span> <span class='ocrx_word' id='word_1_235' title='bbox 917 2820 1147 2891; x_wconf 83' lang='lat' dir='ltr'><strong>idipsum</strong></span> <span class='ocrx_word' id='word_1_236' title='bbox 1176 2818 1390 2890; x_wconf 89' lang='lat' dir='ltr'><strong>quidem</strong></span> <span class='ocrx_word' id='word_1_237' title='bbox 1412 2860 1428 2886; x_wconf 96' lang='lat'><strong>,</strong></span> <span class='ocrx_word' id='word_1_238' title='bbox 1473 2817 1612 2888; x_wconf 86' lang='lat' dir='ltr'><strong>quod</strong></span> <span class='ocrx_word' id='word_1_239' title='bbox 1652 2817 1846 2872; x_wconf 91' lang='lat' dir='ltr'><strong>melius</strong></span> <span class='ocrx_word' id='word_1_240' title='bbox 1886 2816 1941 2871; x_wconf 90' lang='lat' dir='ltr'><strong>in</strong></span> <span class='ocrx_word' id='word_1_241' title='bbox 1983 2832 2050 2872; x_wconf 92' lang='lat' dir='ltr'><strong>eo</strong></span> 
     </span>
    </p>
   </div>
   <div class='ocr_carea' id='block_1_30' title="bbox 451 2906 2052 2982">
    <p class='ocr_par' dir='ltr' id='par_1_30' title="bbox 451 2906 2052 2982">
     <span class='ocr_line' id='line_1_30' title="bbox 451 2906 2052 2982; baseline -0.004 -14"><span class='ocrx_word' id='word_1_242' title='bbox 451 2915 648 2970; x_wconf 88' lang='lat' dir='ltr'><strong>factum</strong></span> <span class='ocrx_word' id='word_1_243' title='bbox 681 2921 793 2978; x_wconf 90' lang='lat' dir='ltr'><strong>est,</strong></span> <span class='ocrx_word' id='word_1_244' title='bbox 826 2914 1058 2968; x_wconf 89' lang='lat' dir='ltr'><strong>humano</strong></span> <span class='ocrx_word' id='word_1_245' title='bbox 1093 2911 1241 2982; x_wconf 91' lang='lat' dir='ltr'><strong>operi</strong></span> <span class='ocrx_word' id='word_1_246' title='bbox 1272 2910 1552 2965; x_wconf 88' lang='lat' dir='ltr'><strong>tribuerim</strong></span> <span class='ocrx_word' id='word_1_247' title='bbox 1572 2951 1588 2976; x_wconf 93' lang='lat'><strong>,</strong></span> <span class='ocrx_word' id='word_1_248' title='bbox 1615 2909 1709 2964; x_wconf 88' lang='lat' dir='ltr'><strong>sed</strong></span> <span class='ocrx_word' id='word_1_249' title='bbox 1737 2908 1934 2963; x_wconf 88' lang='lat' dir='ltr'><strong>divino.</strong></span> <span class='ocrx_word' id='word_1_250' title='bbox 1966 2906 2052 2977; x_wconf 83' lang='lat' dir='ltr'><strong>lp-</strong></span> 
     </span>
    </p>
   </div>
   <div class='ocr_carea' id='block_1_31' title="bbox 448 3000 2048 3077">
    <p class='ocr_par' dir='ltr' id='par_1_31' title="bbox 448 3000 2048 3077">
     <span class='ocr_line' id='line_1_31' title="bbox 448 3000 2048 3077; baseline -0.004 -16"><span class='ocrx_word' id='word_1_251' title='bbox 448 3007 561 3062; x_wconf 92' lang='lat' dir='ltr'><strong>sius</strong></span> <span class='ocrx_word' id='word_1_252' title='bbox 585 3021 816 3077; x_wconf 90' lang='lat' dir='ltr'><strong>namque</strong></span> <span class='ocrx_word' id='word_1_253' title='bbox 850 3004 1122 3075; x_wconf 87' lang='lat' dir='ltr'><strong>corporis,</strong></span> <span class='ocrx_word' id='word_1_254' title='bbox 1152 3002 1293 3074; x_wconf 91' lang='lat' dir='ltr'><strong>quod</strong></span> <span class='ocrx_word' id='word_1_255' title='bbox 1329 3010 1413 3058; x_wconf 91' lang='lat' dir='ltr'><strong>est</strong></span> <span class='ocrx_word' id='word_1_256' title='bbox 1437 3001 1680 3056; x_wconf 89' lang='lat' dir='ltr'><strong>infimum</strong></span> <span class='ocrx_word' id='word_1_257' title='bbox 1707 3010 1971 3068; x_wconf 91' lang='lat' dir='ltr'><strong>nostrum,</strong></span> <span class='ocrx_word' id='word_1_258' title='bbox 2000 3000 2048 3055; x_wconf 94' lang='lat' dir='ltr'><strong>si</strong></span> 
     </span>
    </p>
   </div>
   <div class='ocr_carea' id='block_1_32' title="bbox 447 3089 2046 3168">
    <p class='ocr_par' dir='ltr' id='par_1_32' title="bbox 447 3089 2046 3168">
     <span class='ocr_line' id='line_1_32' title="bbox 447 3089 2046 3168; baseline -0.004 -17"><span class='ocrx_word' id='word_1_259' title='bbox 447 3113 550 3168; x_wconf 87' lang='lat' dir='ltr'><strong>qua</strong></span> <span class='ocrx_word' id='word_1_260' title='bbox 571 3097 712 3153; x_wconf 90' lang='lat' dir='ltr'><strong>bona</strong></span> <span class='ocrx_word' id='word_1_261' title='bbox 741 3105 885 3164; x_wconf 92' lang='lat' dir='ltr'><strong>sunt,</strong></span> <span class='ocrx_word' id='word_1_262' title='bbox 909 3097 1044 3150; x_wconf 87' lang='lat' dir='ltr'><strong>sicut</strong></span> <span class='ocrx_word' id='word_1_263' title='bbox 1071 3093 1239 3150; x_wconf 89' lang='lat' dir='ltr'><strong>forma</strong></span> <span class='ocrx_word' id='word_1_264' title='bbox 1263 3101 1318 3148; x_wconf 91' lang='lat' dir='ltr'><strong>et</strong></span> <span class='ocrx_word' id='word_1_265' title='bbox 1342 3093 1483 3147; x_wconf 88' lang='lat' dir='ltr'><strong>vires</strong></span> <span class='ocrx_word' id='word_1_266' title='bbox 1510 3100 1564 3147; x_wconf 92' lang='lat' dir='ltr'><strong>et</strong></span> <span class='ocrx_word' id='word_1_267' title='bbox 1589 3091 1755 3158; x_wconf 87' lang='lat' dir='ltr'><strong>salus,</strong></span> <span class='ocrx_word' id='word_1_268' title='bbox 1782 3101 1836 3147; x_wconf 92' lang='lat' dir='ltr'><strong>et</strong></span> <span class='ocrx_word' id='word_1_269' title='bbox 1855 3091 1900 3146; x_wconf 89' lang='lat' dir='ltr'><strong>si</strong></span> <span class='ocrx_word' id='word_1_270' title='bbox 1920 3089 2046 3162; x_wconf 92' lang='lat' dir='ltr'><strong>quid</strong></span> 
     </span>
    </p>
   </div>
   <div class='ocr_carea' id='block_1_33' title="bbox 446 3186 2049 3261">
    <p class='ocr_par' dir='ltr' id='par_1_33' title="bbox 446 3186 2049 3261">
     <span class='ocr_line' id='line_1_33' title="bbox 446 3186 2049 3261; baseline -0.004 -15"><span class='ocrx_word' id='word_1_271' title='bbox 446 3190 712 3261; x_wconf 85' lang='lat' dir='ltr'><strong>ejusmodi</strong></span> <span class='ocrx_word' id='word_1_272' title='bbox 742 3199 844 3256; x_wconf 91' lang='lat' dir='ltr'><strong>est,</strong></span> <span class='ocrx_word' id='word_1_273' title='bbox 876 3204 981 3244; x_wconf 92' lang='lat' dir='ltr'><strong>non</strong></span> <span class='ocrx_word' id='word_1_274' title='bbox 1013 3197 1140 3244; x_wconf 92' lang='lat' dir='ltr'><strong>sunt</strong></span> <span class='ocrx_word' id='word_1_275' title='bbox 1170 3187 1273 3242; x_wconf 89' lang='lat' dir='ltr'><strong>nisi</strong></span> <span class='ocrx_word' id='word_1_276' title='bbox 1312 3202 1380 3242; x_wconf 85' lang='lat' dir='ltr'><strong>ex</strong></span> <span class='ocrx_word' id='word_1_277' title='bbox 1418 3186 1528 3240; x_wconf 90' lang='lat' dir='ltr'><strong>Deo</strong></span> <span class='ocrx_word' id='word_1_278' title='bbox 1553 3194 1796 3240; x_wconf 87' lang='lat' dir='ltr'><strong>creatore</strong></span> <span class='ocrx_word' id='word_1_279' title='bbox 1834 3199 1898 3240; x_wconf 89' lang='lat' dir='ltr'><strong>ac</strong></span> <span class='ocrx_word' id='word_1_280' title='bbox 1925 3199 2049 3254; x_wconf 87' lang='lat' dir='ltr'><strong>per-</strong></span> 
     </span>
    </p>
   </div>
   <div class='ocr_carea' id='block_1_34' title="bbox 445 3276 2048 3352">
    <p class='ocr_par' dir='ltr' id='par_1_34' title="bbox 445 3276 2048 3352">
     <span class='ocr_line' id='line_1_34' title="bbox 445 3276 2048 3352; baseline -0.005 -13"><span class='ocrx_word' id='word_1_281' title='bbox 445 3283 647 3339; x_wconf 83' lang='lat' dir='ltr'><strong>fectore</strong></span> <span class='ocrx_word' id='word_1_282' title='bbox 673 3289 908 3347; x_wconf 63' lang='lat' dir='ltr'><strong>natura};</strong></span> <span class='ocrx_word' id='word_1_283' title='bbox 937 3289 1137 3352; x_wconf 89' lang='lat' dir='ltr'><strong>quanto</strong></span> <span class='ocrx_word' id='word_1_284' title='bbox 1169 3279 1338 3349; x_wconf 86' lang='lat' dir='ltr'><strong>magis</strong></span> <span class='ocrx_word' id='word_1_285' title='bbox 1359 3277 1523 3332; x_wconf 88' lang='lat' dir='ltr'><strong>animi</strong></span> <span class='ocrx_word' id='word_1_286' title='bbox 1543 3277 1680 3332; x_wconf 89' lang='lat' dir='ltr'><strong>bona</strong></span> <span class='ocrx_word' id='word_1_287' title='bbox 1707 3277 1908 3332; x_wconf 88' lang='lat' dir='ltr'><strong>donare</strong></span> <span class='ocrx_word' id='word_1_288' title='bbox 1926 3276 2048 3331; x_wconf 83' lang='lat' dir='ltr'><strong>nul-</strong></span> 
     </span>
    </p>
   </div>
   <div class='ocr_carea' id='block_1_35' title="bbox 447 3368 2045 3445">
    <p class='ocr_par' dir='ltr' id='par_1_35' title="bbox 447 3368 2045 3445">
     <span class='ocr_line' id='line_1_35' title="bbox 447 3368 2045 3445; baseline -0.003 -16"><span class='ocrx_word' id='word_1_289' title='bbox 447 3375 531 3430; x_wconf 91' lang='lat' dir='ltr'><strong>lus</strong></span> <span class='ocrx_word' id='word_1_290' title='bbox 558 3374 696 3430; x_wconf 87' lang='lat' dir='ltr'><strong>alius</strong></span> <span class='ocrx_word' id='word_1_291' title='bbox 722 3382 896 3445; x_wconf 89' lang='lat' dir='ltr'><strong>potest</strong></span> <span class='ocrx_word' id='word_1_292' title='bbox 930 3374 942 3426; x_wconf 82' lang='lat' dir='ltr'><strong>l</strong></span> <span class='ocrx_word' id='word_1_293' title='bbox 975 3371 1114 3440; x_wconf 87' lang='lat' dir='ltr'><strong>Quid</strong></span> <span class='ocrx_word' id='word_1_294' title='bbox 1145 3372 1286 3427; x_wconf 90' lang='lat' dir='ltr'><strong>enim</strong></span> <span class='ocrx_word' id='word_1_295' title='bbox 1330 3369 1614 3440; x_wconf 89' lang='lat' dir='ltr'><strong>superbius</strong></span> <span class='ocrx_word' id='word_1_296' title='bbox 1633 3411 1648 3437; x_wconf 95' lang='lat'><strong>,</strong></span> <span class='ocrx_word' id='word_1_297' title='bbox 1679 3369 1760 3423; x_wconf 89' lang='lat' dir='ltr'><strong>vel</strong></span> <span class='ocrx_word' id='word_1_298' title='bbox 1789 3368 2045 3439; x_wconf 88' lang='lat' dir='ltr'><strong>ingratius</strong></span> 
     </span>
    </p>
   </div>
   <div class='ocr_carea' id='block_1_36' title="bbox 449 3461 2043 3536">
    <p class='ocr_par' dir='ltr' id='par_1_36' title="bbox 449 3461 2043 3536">
     <span class='ocr_line' id='line_1_36' title="bbox 449 3461 2043 3536; baseline -0.004 -16"><span class='ocrx_word' id='word_1_299' title='bbox 449 3466 685 3536; x_wconf 87' lang='lat' dir='ltr'><strong>cogitare</strong></span> <span class='ocrx_word' id='word_1_300' title='bbox 719 3473 894 3535; x_wconf 88' lang='lat' dir='ltr'><strong>potest</strong></span> <span class='ocrx_word' id='word_1_301' title='bbox 930 3463 1158 3517; x_wconf 89' lang='lat' dir='ltr'><strong>humana</strong></span> <span class='ocrx_word' id='word_1_302' title='bbox 1203 3461 1450 3517; x_wconf 90' lang='lat' dir='ltr'><strong>vecordia</strong></span> <span class='ocrx_word' id='word_1_303' title='bbox 1474 3501 1488 3525; x_wconf 86' lang='lat'><strong>,</strong></span> <span class='ocrx_word' id='word_1_304' title='bbox 1529 3461 1574 3515; x_wconf 90' lang='lat' dir='ltr'><strong>si</strong></span> <span class='ocrx_word' id='word_1_305' title='bbox 1614 3461 1880 3529; x_wconf 84' lang='lat' dir='ltr'><strong>putaverit</strong></span> <span class='ocrx_word' id='word_1_306' title='bbox 1921 3475 2043 3514; x_wconf 91' lang='lat' dir='ltr'><strong>cum</strong></span> 
     </span>
    </p>
   </div>
   <div class='ocr_carea' id='block_1_37' title="bbox 448 3553 2042 3628">
    <p class='ocr_par' dir='ltr' id='par_1_37' title="bbox 448 3553 2042 3628">
     <span class='ocr_line' id='line_1_37' title="bbox 448 3553 2042 3628; baseline -0.004 -14"><span class='ocrx_word' id='word_1_307' title='bbox 448 3573 610 3614; x_wconf 87' lang='lat' dir='ltr'><strong>carne</strong></span> <span class='ocrx_word' id='word_1_308' title='bbox 635 3557 917 3628; x_wconf 88' lang='lat' dir='ltr'><strong>pulchrum</strong></span> <span class='ocrx_word' id='word_1_309' title='bbox 957 3555 1116 3612; x_wconf 87' lang='lat' dir='ltr'><strong>faciat</strong></span> <span class='ocrx_word' id='word_1_310' title='bbox 1139 3554 1281 3610; x_wconf 88' lang='lat' dir='ltr'><strong>Deus</strong></span> <span class='ocrx_word' id='word_1_311' title='bbox 1308 3553 1600 3618; x_wconf 91' lang='lat' dir='ltr'><strong>hominem,</strong></span> <span class='ocrx_word' id='word_1_312' title='bbox 1629 3553 1808 3608; x_wconf 93' lang='lat' dir='ltr'><strong>animo</strong></span> <span class='ocrx_word' id='word_1_313' title='bbox 1835 3561 2042 3607; x_wconf 90' lang='lat' dir='ltr'><strong>castum</strong></span> 
     </span>
    </p>
   </div>
   <div class='ocr_carea' id='block_1_38' title="bbox 447 3644 2042 3714">
    <p class='ocr_par' dir='ltr' id='par_1_38' title="bbox 447 3644 2042 3714">
     <span class='ocr_line' id='line_1_38' title="bbox 447 3644 2042 3714; baseline -0.002 -11"><span class='ocrx_word' id='word_1_314' title='bbox 447 3650 515 3706; x_wconf 91' lang='lat' dir='ltr'><strong>ab</strong></span> <span class='ocrx_word' id='word_1_315' title='bbox 549 3649 766 3704; x_wconf 83' lang='lat' dir='ltr'><strong>homine</strong></span> <span class='ocrx_word' id='word_1_316' title='bbox 810 3647 967 3702; x_wconf 80' lang='lat' dir='ltr'><strong>fieri?</strong></span> <span class='ocrx_word' id='word_1_317' title='bbox 999 3647 1110 3702; x_wconf 87' lang='lat' dir='ltr'><strong>Hoc</strong></span> <span class='ocrx_word' id='word_1_318' title='bbox 1147 3646 1198 3700; x_wconf 90' lang='lat' dir='ltr'><strong>in</strong></span> <span class='ocrx_word' id='word_1_319' title='bbox 1231 3645 1368 3701; x_wconf 90' lang='lat' dir='ltr'><strong>libro</strong></span> <span class='ocrx_word' id='word_1_320' title='bbox 1409 3645 1715 3700; x_wconf 70' lang='lat' dir='ltr'><strong>christiana:</strong></span> <span class='ocrx_word' id='word_1_321' title='bbox 1755 3644 2042 3714; x_wconf 65' lang='lat' dir='ltr'><strong>Sapientiae</strong></span> 
     </span>
    </p>
   </div>
   <div class='ocr_carea' id='block_1_39' title="bbox 449 3738 2041 3812">
    <p class='ocr_par' dir='ltr' id='par_1_39' title="bbox 449 3738 2041 3812">
     <span class='ocr_line' id='line_1_39' title="bbox 449 3738 2041 3812; baseline -0.001 -17"><span class='ocrx_word' id='word_1_322' title='bbox 449 3741 529 3797; x_wconf 90' lang='lat' dir='ltr'><strong>sic</strong></span> <span class='ocrx_word' id='word_1_323' title='bbox 558 3741 816 3812; x_wconf 90' lang='lat' dir='ltr'><strong>scriptum</strong></span> <span class='ocrx_word' id='word_1_324' title='bbox 845 3750 928 3795; x_wconf 90' lang='lat' dir='ltr'><strong>est</strong></span> <span class='ocrx_word' id='word_1_325' title='bbox 961 3757 975 3795; x_wconf 93' lang='lat'><strong>:</strong></span> <span class='ocrx_word' id='word_1_326' title='bbox 1003 3739 1130 3794; x_wconf 90' lang='lat' dir='ltr'><strong>Cum</strong></span> <span class='ocrx_word' id='word_1_327' title='bbox 1158 3739 1336 3793; x_wconf 79' lang='lat' dir='ltr'><strong>scirem</strong></span> <span class='ocrx_word' id='word_1_328' title='bbox 1353 3780 1369 3805; x_wconf 92' lang='lat'><strong>,</strong></span> <span class='ocrx_word' id='word_1_329' title='bbox 1398 3738 1600 3809; x_wconf 88' lang='lat' dir='ltr'><strong>inquit,</strong></span> <span class='ocrx_word' id='word_1_330' title='bbox 1628 3740 1746 3808; x_wconf 84' lang='lat' dir='ltr'><strong>quia</strong></span> <span class='ocrx_word' id='word_1_331' title='bbox 1771 3755 1915 3794; x_wconf 87' lang='lat' dir='ltr'><strong>nemo</strong></span> <span class='ocrx_word' id='word_1_332' title='bbox 1937 3755 2041 3794; x_wconf 83' lang='lat' dir='ltr'><strong>esse</strong></span> 
     </span>
    </p>
   </div>
   <div class='ocr_carea' id='block_1_40' title="bbox 451 3831 2042 3906">
    <p class='ocr_par' dir='ltr' id='par_1_40' title="bbox 451 3831 2042 3906">
     <span class='ocr_line' id='line_1_40' title="bbox 451 3831 2042 3906; baseline -0.001 -18"><span class='ocrx_word' id='word_1_333' title='bbox 451 3834 911 3906; x_wconf 81' lang='lat' dir='ltr'><strong>potest-continens,</strong></span> <span class='ocrx_word' id='word_1_334' title='bbox 935 3833 1034 3887; x_wconf 84' lang='lat' dir='ltr'><strong>nisi</strong></span> <span class='ocrx_word' id='word_1_335' title='bbox 1060 3832 1195 3886; x_wconf 84' lang='lat' dir='ltr'><strong>Deus</strong></span> <span class='ocrx_word' id='word_1_336' title='bbox 1215 3831 1327 3898; x_wconf 84' lang='lat' dir='ltr'><strong>det;</strong></span> <span class='ocrx_word' id='word_1_337' title='bbox 1353 3841 1396 3886; x_wconf 90' lang='lat' dir='ltr'><strong>et</strong></span> <span class='ocrx_word' id='word_1_338' title='bbox 1419 3832 1513 3886; x_wconf 84' lang='lat' dir='ltr'><strong>hoc</strong></span> <span class='ocrx_word' id='word_1_339' title='bbox 1528 3833 1693 3902; x_wconf 89' lang='lat' dir='ltr'><strong>ipsum</strong></span> <span class='ocrx_word' id='word_1_340' title='bbox 1719 3840 1824 3886; x_wconf 90' lang='lat' dir='ltr'><strong>erat</strong></span> <span class='ocrx_word' id='word_1_341' title='bbox 1847 3833 2042 3904; x_wconf 74' lang='lat' dir='ltr'><strong>sapien-</strong></span> 
     </span>
    </p>
   </div>
   <div class='ocr_carea' id='block_1_41' title="bbox 451 3922 2041 3997">
    <p class='ocr_par' dir='ltr' id='par_1_41' title="bbox 451 3922 2041 3997">
     <span class='ocr_line' id='line_1_41' title="bbox 451 3922 2041 3997; baseline 0.003 -21"><span class='ocrx_word' id='word_1_342' title='bbox 451 3925 534 3981; x_wconf 64' lang='lat' dir='ltr'><strong>tiae</strong></span> <span class='ocrx_word' id='word_1_343' title='bbox 555 3926 686 3981; x_wconf 86' lang='lat' dir='ltr'><strong>scire</strong></span> <span class='ocrx_word' id='word_1_344' title='bbox 711 3927 856 3997; x_wconf 88' lang='lat' dir='ltr'><strong>cujus</strong></span> <span class='ocrx_word' id='word_1_345' title='bbox 882 3934 1008 3981; x_wconf 87' lang='lat' dir='ltr'><strong>esset</strong></span> <span class='ocrx_word' id='word_1_346' title='bbox 1023 3925 1117 3980; x_wconf 82' lang='lat' dir='ltr'><strong>hoc</strong></span> <span class='ocrx_word' id='word_1_347' title='bbox 1144 3925 1331 3979; x_wconf 84' lang='lat' dir='ltr'><strong>donum</strong></span> <span class='ocrx_word' id='word_1_348' title='bbox 1357 3923 1511 3997; x_wconf 88' lang='lat' dir='ltr'><strong>(Sap.</strong></span> <span class='ocrx_word' id='word_1_349' title='bbox 1535 3940 1651 3988; x_wconf 86' lang='lat' dir='ltr'><strong>vm,</strong></span> <span class='ocrx_word' id='word_1_350' title='bbox 1674 3922 1790 3994; x_wconf 75' lang='grc'><strong>21).</strong></span> <span class='ocrx_word' id='word_1_351' title='bbox 1824 3924 2041 3980; x_wconf 87' lang='lat' dir='ltr'><strong>Polemo</strong></span> 
     </span>
    </p>
   </div>
   <div class='ocr_carea' id='block_1_42' title="bbox 445 4013 2042 4088">
    <p class='ocr_par' dir='ltr' id='par_1_42' title="bbox 445 4013 2042 4088">
     <span class='ocr_line' id='line_1_42' title="bbox 445 4013 2042 4088; baseline -0.001 -16"><span class='ocrx_word' id='word_1_352' title='bbox 445 4032 598 4088; x_wconf 90' lang='lat' dir='ltr'><strong>ergo,</strong></span> <span class='ocrx_word' id='word_1_353' title='bbox 628 4017 672 4072; x_wconf 88' lang='lat' dir='ltr'><strong>si</strong></span> <span class='ocrx_word' id='word_1_354' title='bbox 701 4032 767 4073; x_wconf 84' lang='lat' dir='ltr'><strong>ex</strong></span> <span class='ocrx_word' id='word_1_355' title='bbox 795 4017 1074 4073; x_wconf 78' lang='lat' dir='ltr'><strong>luxurioso</strong></span> <span class='ocrx_word' id='word_1_356' title='bbox 1100 4017 1380 4071; x_wconf 86' lang='lat' dir='ltr'><strong>continens</strong></span> <span class='ocrx_word' id='word_1_357' title='bbox 1405 4013 1574 4070; x_wconf 88' lang='lat' dir='ltr'><strong>factus</strong></span> <span class='ocrx_word' id='word_1_358' title='bbox 1605 4016 1678 4070; x_wconf 90' lang='lat' dir='ltr'><strong>ita</strong></span> <span class='ocrx_word' id='word_1_359' title='bbox 1707 4016 1868 4070; x_wconf 89' lang='lat' dir='ltr'><strong>sciret</strong></span> <span class='ocrx_word' id='word_1_360' title='bbox 1888 4015 2042 4086; x_wconf 88' lang='lat' dir='ltr'><strong>cujus</strong></span> 
     </span>
    </p>
   </div>
   <div class='ocr_carea' id='block_1_43' title="bbox 443 4106 2040 4177">
    <p class='ocr_par' dir='ltr' id='par_1_43' title="bbox 443 4106 2040 4177">
     <span class='ocr_line' id='line_1_43' title="bbox 443 4106 2040 4177; baseline 0 -14"><span class='ocrx_word' id='word_1_361' title='bbox 443 4117 589 4165; x_wconf 90' lang='lat' dir='ltr'><strong>esset</strong></span> <span class='ocrx_word' id='word_1_362' title='bbox 631 4109 733 4164; x_wconf 89' lang='lat' dir='ltr'><strong>hoc</strong></span> <span class='ocrx_word' id='word_1_363' title='bbox 771 4109 1006 4176; x_wconf 90' lang='lat' dir='ltr'><strong>donum,</strong></span> <span class='ocrx_word' id='word_1_364' title='bbox 1049 4117 1108 4163; x_wconf 93' lang='lat' dir='ltr'><strong>ut</strong></span> <span class='ocrx_word' id='word_1_365' title='bbox 1150 4124 1272 4162; x_wconf 89' lang='lat' dir='ltr'><strong>eum</strong></span> <span class='ocrx_word' id='word_1_366' title='bbox 1312 4107 1536 4177; x_wconf 88' lang='lat' dir='ltr'><strong>abjectis</strong></span> <span class='ocrx_word' id='word_1_367' title='bbox 1577 4106 2040 4176; x_wconf 88' lang='lat' dir='ltr'><strong>superstitionibus</strong></span> 
     </span>
    </p>
   </div>
   <div class='ocr_carea' id='block_1_44' title="bbox 444 4197 2038 4270">
    <p class='ocr_par' dir='ltr' id='par_1_44' title="bbox 444 4197 2038 4270">
     <span class='ocr_line' id='line_1_44' title="bbox 444 4197 2038 4270; baseline 0 -16"><span class='ocrx_word' id='word_1_368' title='bbox 444 4197 694 4255; x_wconf 88' lang='lat' dir='ltr'><strong>Gentium</strong></span> <span class='ocrx_word' id='word_1_369' title='bbox 721 4200 806 4270; x_wconf 91' lang='lat' dir='ltr'><strong>pie</strong></span> <span class='ocrx_word' id='word_1_370' title='bbox 830 4201 1063 4266; x_wconf 90' lang='lat' dir='ltr'><strong>coleret;</strong></span> <span class='ocrx_word' id='word_1_371' title='bbox 1093 4214 1199 4255; x_wconf 89' lang='lat' dir='ltr'><strong>non</strong></span> <span class='ocrx_word' id='word_1_372' title='bbox 1223 4199 1392 4254; x_wconf 88' lang='lat' dir='ltr'><strong>solmn</strong></span> <span class='ocrx_word' id='word_1_373' title='bbox 1423 4198 1720 4264; x_wconf 88' lang='lat' dir='ltr'><strong>continens,</strong></span> <span class='ocrx_word' id='word_1_374' title='bbox 1753 4199 1847 4253; x_wconf 90' lang='lat' dir='ltr'><strong>sed</strong></span> <span class='ocrx_word' id='word_1_375' title='bbox 1876 4199 2038 4254; x_wconf 87' lang='lat' dir='ltr'><strong>etiam</strong></span> 
     </span>
    </p>
   </div>
   <div class='ocr_carea' id='block_1_45' title="bbox 442 4289 2036 4365">
    <p class='ocr_par' dir='ltr' id='par_1_45' title="bbox 442 4289 2036 4365">
     <span class='ocr_line' id='line_1_45' title="bbox 442 4289 2036 4365; baseline 0.001 -20"><span class='ocrx_word' id='word_1_376' title='bbox 442 4292 708 4365; x_wconf 81' lang='lat' dir='ltr'><strong>veraciter</strong></span> <span class='ocrx_word' id='word_1_377' title='bbox 750 4293 962 4362; x_wconf 89' lang='lat' dir='ltr'><strong>sapiens</strong></span> <span class='ocrx_word' id='word_1_378' title='bbox 1003 4298 1054 4346; x_wconf 92' lang='lat' dir='ltr'><strong>et</strong></span> <span class='ocrx_word' id='word_1_379' title='bbox 1085 4290 1367 4346; x_wconf 79' lang='lat' dir='ltr'><strong>salubriter</strong></span> <span class='ocrx_word' id='word_1_380' title='bbox 1410 4289 1694 4361; x_wconf 89' lang='lat' dir='ltr'><strong>religiosus</strong></span> <span class='ocrx_word' id='word_1_381' title='bbox 1732 4291 1985 4347; x_wconf 82' lang='lat' dir='ltr'><strong>existeret</strong></span> <span class='ocrx_word' id='word_1_382' title='bbox 2020 4308 2036 4346; x_wconf 91' lang='lat'><strong>:</strong></span> 
     </span>
    </p>
   </div>
   <div class='ocr_carea' id='block_1_46' title="bbox 445 4383 2036 4455">
    <p class='ocr_par' dir='ltr' id='par_1_46' title="bbox 445 4383 2036 4455">
     <span class='ocr_line' id='line_1_46' title="bbox 445 4383 2036 4455; baseline 0 -16"><span class='ocrx_word' id='word_1_383' title='bbox 445 4383 589 4455; x_wconf 76' lang='lat' dir='ltr'><strong>quod</strong></span> <span class='ocrx_word' id='word_1_384' title='bbox 635 4384 685 4439; x_wconf 93' lang='lat' dir='ltr'><strong>ei</strong></span> <span class='ocrx_word' id='word_1_385' title='bbox 726 4399 830 4438; x_wconf 91' lang='lat' dir='ltr'><strong>non</strong></span> <span class='ocrx_word' id='word_1_386' title='bbox 865 4392 1068 4438; x_wconf 91' lang='lat' dir='ltr'><strong>tantum</strong></span> <span class='ocrx_word' id='word_1_387' title='bbox 1099 4383 1163 4437; x_wconf 91' lang='lat' dir='ltr'><strong>ad</strong></span> <span class='ocrx_word' id='word_1_388' title='bbox 1199 4383 1473 4454; x_wconf 81' lang='lat' dir='ltr'><strong>praesentis</strong></span> <span class='ocrx_word' id='word_1_389' title='bbox 1511 4384 1633 4438; x_wconf 66' lang='lat' dir='ltr'><strong>vitae</strong></span> <span class='ocrx_word' id='word_1_390' title='bbox 1672 4383 2036 4452; x_wconf 86' lang='lat' dir='ltr'><strong>honestatem,</strong></span> 
     </span>
    </p>
   </div>
   <div class='ocr_carea' id='block_1_47' title="bbox 442 4475 2038 4542">
    <p class='ocr_par' dir='ltr' id='par_1_47' title="bbox 442 4475 2038 4542">
     <span class='ocr_line' id='line_1_47' title="bbox 442 4475 2038 4542; baseline 0.001 -12"><span class='ocrx_word' id='word_1_391' title='bbox 442 4491 628 4531; x_wconf 90' lang='lat' dir='ltr'><strong>verum</strong></span> <span class='ocrx_word' id='word_1_392' title='bbox 666 4483 722 4530; x_wconf 91' lang='lat' dir='ltr'><strong>et</strong></span> <span class='ocrx_word' id='word_1_393' title='bbox 757 4477 822 4530; x_wconf 90' lang='lat' dir='ltr'><strong>ad</strong></span> <span class='ocrx_word' id='word_1_394' title='bbox 864 4475 1054 4530; x_wconf 73' lang='lat' dir='ltr'><strong>futura:</strong></span> <span class='ocrx_word' id='word_1_395' title='bbox 1097 4475 1552 4530; x_wconf 74' lang='lat' dir='ltr'><strong>immortalitatem</strong></span> <span class='ocrx_word' id='word_1_396' title='bbox 1580 4475 1798 4530; x_wconf 86' lang='lat' dir='ltr'><strong>valeret.</strong></span> <span class='ocrx_word' id='word_1_397' title='bbox 1829 4476 2038 4542; x_wconf 83' lang='lat' dir='ltr'><strong>Quanto</strong></span> 
     </span>
    </p>
   </div>
   <div class='ocr_carea' id='block_1_48' title="bbox 443 4566 2036 4638">
    <p class='ocr_par' dir='ltr' id='par_1_48' title="bbox 443 4566 2036 4638">
     <span class='ocr_line' id='line_1_48' title="bbox 443 4566 2036 4638; baseline 0.002 -16"><span class='ocrx_word' id='word_1_398' title='bbox 443 4566 624 4623; x_wconf 88' lang='lat' dir='ltr'><strong>minus</strong></span> <span class='ocrx_word' id='word_1_399' title='bbox 649 4567 807 4638; x_wconf 89' lang='lat' dir='ltr'><strong>igitur</strong></span> <span class='ocrx_word' id='word_1_400' title='bbox 834 4568 962 4622; x_wconf 91' lang='lat' dir='ltr'><strong>mihi</strong></span> <span class='ocrx_word' id='word_1_401' title='bbox 988 4582 1239 4638; x_wconf 88' lang='lat' dir='ltr'><strong>arrogare</strong></span> <span class='ocrx_word' id='word_1_402' title='bbox 1262 4566 1434 4622; x_wconf 92' lang='lat' dir='ltr'><strong>debeo</strong></span> <span class='ocrx_word' id='word_1_403' title='bbox 1455 4568 1856 4622; x_wconf 89' lang='lat' dir='ltr'><strong>conversionem</strong></span> <span class='ocrx_word' id='word_1_404' title='bbox 1881 4569 2036 4625; x_wconf 87' lang='lat' dir='ltr'><strong>istam</strong></span> 
     </span>
    </p>
   </div>
   <div class='ocr_carea' id='block_1_49' title="bbox 440 4659 2035 4732">
    <p class='ocr_par' dir='ltr' id='par_1_49' title="bbox 440 4659 2035 4732">
     <span class='ocr_line' id='line_1_49' title="bbox 440 4659 2035 4732; baseline 0.001 -18"><span class='ocrx_word' id='word_1_405' title='bbox 440 4669 696 4728; x_wconf 72' lang='lat' dir='ltr'><strong>vestram,</strong></span> <span class='ocrx_word' id='word_1_406' title='bbox 724 4661 806 4716; x_wconf 89' lang='lat' dir='ltr'><strong>vel</strong></span> <span class='ocrx_word' id='word_1_407' title='bbox 837 4660 1016 4732; x_wconf 87' lang='lat' dir='ltr'><strong>populi</strong></span> <span class='ocrx_word' id='word_1_408' title='bbox 1056 4666 1236 4723; x_wconf 88' lang='lat' dir='ltr'><strong>vestri,</strong></span> <span class='ocrx_word' id='word_1_409' title='bbox 1271 4674 1427 4728; x_wconf 89' lang='lat' dir='ltr'><strong>quam</strong></span> <span class='ocrx_word' id='word_1_410' title='bbox 1461 4659 1618 4713; x_wconf 92' lang='lat' dir='ltr'><strong>modo</strong></span> <span class='ocrx_word' id='word_1_411' title='bbox 1640 4660 1792 4714; x_wconf 89' lang='lat' dir='ltr'><strong>nobis</strong></span> <span class='ocrx_word' id='word_1_412' title='bbox 1822 4662 2035 4716; x_wconf 85' lang='lat' dir='ltr'><strong>nuntia-</strong></span> 
     </span>
    </p>
   </div>
   <div class='ocr_carea' id='block_1_50' title="bbox 443 4751 2037 4823">
    <p class='ocr_par' dir='ltr' id='par_1_50' title="bbox 443 4751 2037 4823">
     <span class='ocr_line' id='line_1_50' title="bbox 443 4751 2037 4823; baseline 0 -16"><span class='ocrx_word' id='word_1_413' title='bbox 443 4751 560 4817; x_wconf 89' lang='lat' dir='ltr'><strong>stis,</strong></span> <span class='ocrx_word' id='word_1_414' title='bbox 587 4768 706 4823; x_wconf 69' lang='lat' dir='ltr'><strong>qua:</strong></span> <span class='ocrx_word' id='word_1_415' title='bbox 736 4769 820 4806; x_wconf 92' lang='lat' dir='ltr'><strong>me</strong></span> <span class='ocrx_word' id='word_1_416' title='bbox 848 4768 947 4807; x_wconf 89' lang='lat' dir='ltr'><strong>nec</strong></span> <span class='ocrx_word' id='word_1_417' title='bbox 971 4753 1239 4822; x_wconf 85' lang='lat' dir='ltr'><strong>l0quente,</strong></span> <span class='ocrx_word' id='word_1_418' title='bbox 1271 4766 1368 4805; x_wconf 86' lang='lat' dir='ltr'><strong>nec</strong></span> <span class='ocrx_word' id='word_1_419' title='bbox 1398 4751 1584 4806; x_wconf 87' lang='lat' dir='ltr'><strong>saltem</strong></span> <span class='ocrx_word' id='word_1_420' title='bbox 1608 4760 1887 4820; x_wconf 75' lang='lat' dir='ltr'><strong>praesente,</strong></span> <span class='ocrx_word' id='word_1_421' title='bbox 1924 4768 2037 4822; x_wconf 88' lang='lat' dir='ltr'><strong>pro-</strong></span> 
     </span>
    </p>
   </div>
   <div class='ocr_carea' id='block_1_51' title="bbox 440 4842 2033 4913">
    <p class='ocr_par' dir='ltr' id='par_1_51' title="bbox 440 4842 2033 4913">
     <span class='ocr_line' id='line_1_51' title="bbox 440 4842 2033 4913; baseline 0.002 -13"><span class='ocrx_word' id='word_1_422' title='bbox 440 4843 528 4900; x_wconf 90' lang='lat' dir='ltr'><strong>cul</strong></span> <span class='ocrx_word' id='word_1_423' title='bbox 555 4842 718 4899; x_wconf 89' lang='lat' dir='ltr'><strong>dubio</strong></span> <span class='ocrx_word' id='word_1_424' title='bbox 742 4844 995 4898; x_wconf 86' lang='lat' dir='ltr'><strong>divinitus</strong></span> <span class='ocrx_word' id='word_1_425' title='bbox 1029 4844 1162 4898; x_wconf 85' lang='lat' dir='ltr'><strong>facta</strong></span> <span class='ocrx_word' id='word_1_426' title='bbox 1191 4855 1292 4909; x_wconf 85' lang='lat' dir='ltr'><strong>cst,</strong></span> <span class='ocrx_word' id='word_1_427' title='bbox 1320 4843 1372 4896; x_wconf 84' lang='lat' dir='ltr'><strong>in</strong></span> <span class='ocrx_word' id='word_1_428' title='bbox 1400 4843 1592 4913; x_wconf 85' lang='lat' dir='ltr'><strong>quibus</strong></span> <span class='ocrx_word' id='word_1_429' title='bbox 1613 4847 1873 4900; x_wconf 78' lang='lat' dir='ltr'><strong>veraciter</strong></span> <span class='ocrx_word' id='word_1_430' title='bbox 1901 4847 2033 4902; x_wconf 90' lang='lat' dir='ltr'><strong>facta</strong></span> 
     </span>
    </p>
   </div>
   <div class='ocr_carea' id='block_1_52' title="bbox 441 4937 2033 5008">
    <p class='ocr_par' dir='ltr' id='par_1_52' title="bbox 441 4937 2033 5008">
     <span class='ocr_line' id='line_1_52' title="bbox 441 4937 2033 5008; baseline 0.001 -15"><span class='ocrx_word' id='word_1_431' title='bbox 441 4945 525 4994; x_wconf 87' lang='lat' dir='ltr'><strong>est</strong></span> <span class='ocrx_word' id='word_1_432' title='bbox 551 4938 567 4993; x_wconf 74' lang='grc' dir='ltr'>ι</span> <span class='ocrx_word' id='word_1_433' title='bbox 595 4937 709 4993; x_wconf 83' lang='lat' dir='ltr'><strong>Hoc</strong></span> <span class='ocrx_word' id='word_1_434' title='bbox 731 4937 908 5006; x_wconf 86' lang='lat' dir='ltr'><strong>itaque</strong></span> <span class='ocrx_word' id='word_1_435' title='bbox 936 4937 1201 5007; x_wconf 82' lang='lat' dir='ltr'><strong>praecipue</strong></span> <span class='ocrx_word' id='word_1_436' title='bbox 1229 4938 1552 5007; x_wconf 70' lang='lat' dir='ltr'><strong>cognoscite,</strong></span> <span class='ocrx_word' id='word_1_437' title='bbox 1579 4938 1678 4993; x_wconf 85' lang='lat' dir='ltr'><strong>hoc</strong></span> <span class='ocrx_word' id='word_1_438' title='bbox 1706 4940 1790 5008; x_wconf 89' lang='lat' dir='ltr'><strong>pie</strong></span> <span class='ocrx_word' id='word_1_439' title='bbox 1815 4938 2033 4994; x_wconf 91' lang='lat' dir='ltr'><strong>humili-</strong></span> 
     </span>
    </p>
   </div>
   <div class='ocr_carea' id='block_1_53' title="bbox 439 5027 2030 5102">
    <p class='ocr_par' dir='ltr' id='par_1_53' title="bbox 439 5027 2030 5102">
     <span class='ocr_line' id='line_1_53' title="bbox 439 5027 2030 5102; baseline 0.003 -18"><span class='ocrx_word' id='word_1_440' title='bbox 439 5038 628 5100; x_wconf 89' lang='lat' dir='ltr'><strong>terque</strong></span> <span class='ocrx_word' id='word_1_441' title='bbox 652 5031 899 5100; x_wconf 86' lang='lat' dir='ltr'><strong>c0gitate.</strong></span> <span class='ocrx_word' id='word_1_442' title='bbox 930 5028 1060 5095; x_wconf 90' lang='lat' dir='ltr'><strong>Deo,</strong></span> <span class='ocrx_word' id='word_1_443' title='bbox 1089 5027 1295 5092; x_wconf 82' lang='lat' dir='ltr'><strong>fratres,</strong></span> <span class='ocrx_word' id='word_1_444' title='bbox 1320 5028 1428 5083; x_wconf 92' lang='lat' dir='ltr'><strong>Deo</strong></span> <span class='ocrx_word' id='word_1_445' title='bbox 1453 5031 1647 5099; x_wconf 75' lang='lat' dir='ltr'><strong>gratias</strong></span> <span class='ocrx_word' id='word_1_446' title='bbox 1674 5031 1840 5102; x_wconf 90' lang='lat' dir='ltr'><strong>agite;</strong></span> <span class='ocrx_word' id='word_1_447' title='bbox 1864 5033 2030 5088; x_wconf 91' lang='lat' dir='ltr'><strong>Deum</strong></span> 
     </span>
    </p>
   </div>
   <div class='ocr_carea' id='block_1_54' title="bbox 437 5119 1688 5190">
    <p class='ocr_par' dir='ltr' id='par_1_54' title="bbox 437 5119 1688 5190">
     <span class='ocr_line' id='line_1_54' title="bbox 437 5119 1688 5190; baseline 0.001 -14"><span class='ocrx_word' id='word_1_448' title='bbox 437 5120 644 5188; x_wconf 87' lang='lat' dir='ltr'><strong>timete,</strong></span> <span class='ocrx_word' id='word_1_449' title='bbox 673 5135 742 5176; x_wconf 91' lang='lat' dir='ltr'><strong>ne</strong></span> <span class='ocrx_word' id='word_1_450' title='bbox 765 5119 1057 5184; x_wconf 88' lang='lat' dir='ltr'><strong>deficiatis;</strong></span> <span class='ocrx_word' id='word_1_451' title='bbox 1078 5129 1274 5185; x_wconf 87' lang='lat' dir='ltr'><strong>amate,</strong></span> <span class='ocrx_word' id='word_1_452' title='bbox 1303 5129 1358 5174; x_wconf 93' lang='lat' dir='ltr'><strong>nt</strong></span> <span class='ocrx_word' id='word_1_453' title='bbox 1383 5122 1688 5190; x_wconf 84' lang='lat' dir='ltr'><strong>proficiatis.</strong></span> 
     </span>
    </p>
   </div>
   <div class='ocr_carea' id='block_1_55' title="bbox 508 5210 2030 5282">
    <p class='ocr_par' dir='ltr' id='par_1_55' title="bbox 508 5210 2030 5282">
     <span class='ocr_line' id='line_1_55' title="bbox 508 5210 2030 5282; baseline 0.001 -12"><span class='ocrx_word' id='word_1_454' title='bbox 508 5214 564 5270; x_wconf 76' lang='lat'><strong>3.</strong></span> <span class='ocrx_word' id='word_1_455' title='bbox 594 5211 654 5269; x_wconf 91' lang='lat' dir='ltr'><strong>Si</strong></span> <span class='ocrx_word' id='word_1_456' title='bbox 683 5220 859 5267; x_wconf 92' lang='lat' dir='ltr'><strong>autem</strong></span> <span class='ocrx_word' id='word_1_457' title='bbox 889 5210 1064 5266; x_wconf 89' lang='lat' dir='ltr'><strong>adhuc</strong></span> <span class='ocrx_word' id='word_1_458' title='bbox 1090 5211 1350 5282; x_wconf 89' lang='lat' dir='ltr'><strong>quosdam</strong></span> <span class='ocrx_word' id='word_1_459' title='bbox 1379 5228 1529 5266; x_wconf 74' lang='lat' dir='ltr'><strong>anior</strong></span> <span class='ocrx_word' id='word_1_460' title='bbox 1556 5212 1788 5268; x_wconf 86' lang='lat' dir='ltr'><strong>hominis</strong></span> <span class='ocrx_word' id='word_1_461' title='bbox 1822 5215 2030 5271; x_wconf 89' lang='lat' dir='ltr'><strong>occulte</strong></span> 
     </span>
    </p>
   </div>
   <div class='ocr_carea' id='block_1_56' title="bbox 434 5304 2027 5378">
    <p class='ocr_par' dir='ltr' id='par_1_56' title="bbox 434 5304 2027 5378">
     <span class='ocr_line' id='line_1_56' title="bbox 434 5304 2027 5378; baseline 0.003 -19"><span class='ocrx_word' id='word_1_462' title='bbox 434 5316 710 5378; x_wconf 83' lang='lat' dir='ltr'><strong>segregat,</strong></span> <span class='ocrx_word' id='word_1_463' title='bbox 748 5314 804 5360; x_wconf 89' lang='lat' dir='ltr'><strong>et</strong></span> <span class='ocrx_word' id='word_1_464' title='bbox 836 5306 994 5360; x_wconf 89' lang='lat' dir='ltr'><strong>timor</strong></span> <span class='ocrx_word' id='word_1_465' title='bbox 1028 5304 1260 5360; x_wconf 86' lang='lat' dir='ltr'><strong>hominis</strong></span> <span class='ocrx_word' id='word_1_466' title='bbox 1291 5306 1544 5363; x_wconf 86' lang='lat' dir='ltr'><strong>fallaciter</strong></span> <span class='ocrx_word' id='word_1_467' title='bbox 1571 5317 1886 5378; x_wconf 85' lang='lat' dir='ltr'><strong>congregat;</strong></span> <span class='ocrx_word' id='word_1_468' title='bbox 1927 5308 2027 5363; x_wconf 91' lang='lat' dir='ltr'><strong>ob-</strong></span> 
     </span>
    </p>
   </div>
   <div class='ocr_carea' id='block_1_57' title="bbox 434 5396 2028 5467">
    <p class='ocr_par' dir='ltr' id='par_1_57' title="bbox 434 5396 2028 5467">
     <span class='ocr_line' id='line_1_57' title="bbox 434 5396 2028 5467; baseline 0.001 -13"><span class='ocrx_word' id='word_1_469' title='bbox 434 5405 654 5454; x_wconf 85' lang='lat' dir='ltr'><strong>servent</strong></span> <span class='ocrx_word' id='word_1_470' title='bbox 679 5396 770 5467; x_wconf 93' lang='lat' dir='ltr'><strong>qui</strong></span> <span class='ocrx_word' id='word_1_471' title='bbox 805 5397 939 5452; x_wconf 90' lang='lat' dir='ltr'><strong>tales</strong></span> <span class='ocrx_word' id='word_1_472' title='bbox 977 5405 1121 5463; x_wconf 90' lang='lat' dir='ltr'><strong>sunt,</strong></span> <span class='ocrx_word' id='word_1_473' title='bbox 1155 5397 1403 5466; x_wconf 88' lang='lat' dir='ltr'><strong>quoniam</strong></span> <span class='ocrx_word' id='word_1_474' title='bbox 1441 5397 1606 5452; x_wconf 89' lang='lat' dir='ltr'><strong>Deum</strong></span> <span class='ocrx_word' id='word_1_475' title='bbox 1645 5400 1731 5452; x_wconf 91' lang='lat' dir='ltr'><strong>cui</strong></span> <span class='ocrx_word' id='word_1_476' title='bbox 1774 5398 1915 5453; x_wconf 88' lang='lat' dir='ltr'><strong>nuda</strong></span> <span class='ocrx_word' id='word_1_477' title='bbox 1944 5409 2028 5455; x_wconf 88' lang='lat' dir='ltr'><strong>est</strong></span> 
     </span>
    </p>
   </div>
   <div class='ocr_carea' id='block_1_58' title="bbox 437 5487 2024 5559">
    <p class='ocr_par' dir='ltr' id='par_1_58' title="bbox 437 5487 2024 5559">
     <span class='ocr_line' id='line_1_58' title="bbox 437 5487 2024 5559; baseline 0.001 -15"><span class='ocrx_word' id='word_1_478' title='bbox 437 5489 672 5544; x_wconf 88' lang='lat' dir='ltr'><strong>humana</strong></span> <span class='ocrx_word' id='word_1_479' title='bbox 701 5488 1051 5555; x_wconf 85' lang='lat' dir='ltr'><strong>conscientia,</strong></span> <span class='ocrx_word' id='word_1_480' title='bbox 1084 5503 1183 5543; x_wconf 90' lang='lat' dir='ltr'><strong>nec</strong></span> <span class='ocrx_word' id='word_1_481' title='bbox 1212 5497 1400 5544; x_wconf 90' lang='lat' dir='ltr'><strong>testem</strong></span> <span class='ocrx_word' id='word_1_482' title='bbox 1429 5487 1636 5554; x_wconf 89' lang='lat' dir='ltr'><strong>fallunt,</strong></span> <span class='ocrx_word' id='word_1_483' title='bbox 1662 5505 1760 5544; x_wconf 91' lang='lat' dir='ltr'><strong>nec</strong></span> <span class='ocrx_word' id='word_1_484' title='bbox 1788 5489 2024 5559; x_wconf 88' lang='lat' dir='ltr'><strong>judicem</strong></span> 
     </span>
    </p>
   </div>
   <div class='ocr_carea' id='block_1_59' title="bbox 438 5578 2024 5652">
    <p class='ocr_par' dir='ltr' id='par_1_59' title="bbox 438 5578 2024 5652">
     <span class='ocr_line' id='line_1_59' title="bbox 438 5578 2024 5652; baseline -0.001 -14"><span class='ocrx_word' id='word_1_485' title='bbox 438 5579 669 5652; x_wconf 73' lang='lat' dir='ltr'><strong>fugiunt.</strong></span> <span class='ocrx_word' id='word_1_486' title='bbox 702 5579 761 5636; x_wconf 89' lang='lat' dir='ltr'><strong>Si</strong></span> <span class='ocrx_word' id='word_1_487' title='bbox 789 5578 915 5650; x_wconf 88' lang='lat' dir='ltr'><strong>quid</strong></span> <span class='ocrx_word' id='word_1_488' title='bbox 952 5587 1126 5634; x_wconf 91' lang='lat' dir='ltr'><strong>autem</strong></span> <span class='ocrx_word' id='word_1_489' title='bbox 1154 5578 1275 5634; x_wconf 89' lang='lat' dir='ltr'><strong>illos</strong></span> <span class='ocrx_word' id='word_1_490' title='bbox 1302 5579 1369 5634; x_wconf 93' lang='lat' dir='ltr'><strong>de</strong></span> <span class='ocrx_word' id='word_1_491' title='bbox 1394 5580 1686 5650; x_wconf 80' lang='lat' dir='ltr'><strong>quaestione</strong></span> <span class='ocrx_word' id='word_1_492' title='bbox 1712 5581 1876 5650; x_wconf 89' lang='lat' dir='ltr'><strong>ipsius</strong></span> <span class='ocrx_word' id='word_1_493' title='bbox 1904 5582 2024 5636; x_wconf 93' lang='lat' dir='ltr'><strong>uni-</strong></span> 
     </span>
    </p>
   </div>
   <div class='ocr_carea' id='block_1_60' title="bbox 438 5671 2025 5745">
    <p class='ocr_par' dir='ltr' id='par_1_60' title="bbox 438 5671 2025 5745">
     <span class='ocr_line' id='line_1_60' title="bbox 438 5671 2025 5745; baseline -0.001 -15"><span class='ocrx_word' id='word_1_494' title='bbox 438 5674 585 5740; x_wconf 78' lang='lat' dir='ltr'><strong>tatis,</strong></span> <span class='ocrx_word' id='word_1_495' title='bbox 615 5687 718 5745; x_wconf 87' lang='lat' dir='ltr'><strong>pro</strong></span> <span class='ocrx_word' id='word_1_496' title='bbox 739 5688 850 5729; x_wconf 68' lang='lat' dir='ltr'><strong>suae</strong></span> <span class='ocrx_word' id='word_1_497' title='bbox 875 5672 1064 5728; x_wconf 86' lang='lat' dir='ltr'><strong>salutis</strong></span> <span class='ocrx_word' id='word_1_498' title='bbox 1093 5671 1450 5728; x_wconf 88' lang='lat' dir='ltr'><strong>sollicitudine</strong></span> <span class='ocrx_word' id='word_1_499' title='bbox 1472 5681 1764 5742; x_wconf 83' lang='lat' dir='ltr'><strong>permovet,</strong></span> <span class='ocrx_word' id='word_1_500' title='bbox 1798 5673 1899 5729; x_wconf 90' lang='lat' dir='ltr'><strong>hoc</strong></span> <span class='ocrx_word' id='word_1_501' title='bbox 1923 5673 2025 5730; x_wconf 89' lang='lat' dir='ltr'><strong>sibi</strong></span> 
     </span>
    </p>
   </div>
   <div class='ocr_carea' id='block_1_61' title="bbox 439 5762 2024 5838">
    <p class='ocr_par' dir='ltr' id='par_1_61' title="bbox 439 5762 2024 5838">
     <span class='ocr_line' id='line_1_61' title="bbox 439 5762 2024 5838; baseline 0.002 -18"><span class='ocrx_word' id='word_1_502' title='bbox 439 5774 698 5838; x_wconf 83' lang='lat' dir='ltr'><strong>quantum</strong></span> <span class='ocrx_word' id='word_1_503' title='bbox 725 5765 976 5822; x_wconf 88' lang='lat' dir='ltr'><strong>existimo</strong></span> <span class='ocrx_word' id='word_1_504' title='bbox 994 5762 1345 5834; x_wconf 78' lang='lat' dir='ltr'><strong>iustissimum</strong></span> <span class='ocrx_word' id='word_1_505' title='bbox 1365 5772 1735 5836; x_wconf 83' lang='lat' dir='ltr'><strong>extorqueant,</strong></span> <span class='ocrx_word' id='word_1_506' title='bbox 1767 5774 1825 5821; x_wconf 90' lang='lat' dir='ltr'><strong>ut</strong></span> <span class='ocrx_word' id='word_1_507' title='bbox 1845 5765 1914 5822; x_wconf 88' lang='lat' dir='ltr'><strong>de</strong></span> <span class='ocrx_word' id='word_1_508' title='bbox 1931 5781 2024 5823; x_wconf 88' lang='lat' dir='ltr'><strong>ca-</strong></span> 
     </span>
    </p>
   </div>
   <div class='ocr_carea' id='block_1_62' title="bbox 506 5875 1899 5945">
    <p class='ocr_par' dir='ltr' id='par_1_62' title="bbox 506 5875 1899 5945">
     <span class='ocr_line' id='line_1_62' title="bbox 506 5875 1899 5945; baseline 0.014 -29"><span class='ocrx_word' id='word_1_509' title='bbox 506 5880 530 5916; x_wconf 89' lang='lat' dir='ltr'><strong>s</strong></span> <span class='ocrx_word' id='word_1_510' title='bbox 545 5877 684 5944; x_wconf 55' lang='lat'><strong>.44.,</strong></span> <span class='ocrx_word' id='word_1_511' title='bbox 1155 5883 1212 5929; x_wconf 71' lang='lat' dir='ltr'><strong>At</strong></span> <span class='ocrx_word' id='word_1_512' title='bbox 1231 5884 1339 5928; x_wconf 72' lang='lat' dir='ltr'><strong>Mss.</strong></span> <span class='ocrx_word' id='word_1_513' title='bbox 1357 5877 1560 5944; x_wconf 83' lang='lat' dir='ltr'><strong>habent,</strong></span> <span class='ocrx_word' id='word_1_514' title='bbox 1579 5891 1645 5932; x_wconf 72' lang='lat' dir='ltr'><strong>es:</strong></span> <span class='ocrx_word' id='word_1_515' title='bbox 1664 5877 1780 5945; x_wconf 72' lang='lat' dir='ltr'><strong>illis,</strong></span> <span class='ocrx_word' id='word_1_516' title='bbox 1804 5887 1899 5935; x_wconf 76' lang='lat' dir='ltr'><strong>etc.</strong></span> 
     </span>
    </p>
   </div>
   <div class='ocr_carea' id='block_1_63' title="bbox 2175 695 3762 772">
    <p class='ocr_par' dir='ltr' id='par_1_63' title="bbox 2175 695 3762 772">
     <span class='ocr_line' id='line_1_63' title="bbox 2175 695 3762 772; baseline 0.009 -23"><span class='ocrx_word' id='word_1_517' title='bbox 2175 708 2296 766; x_wconf 79' lang='lat' dir='ltr'><strong>guae</strong></span> <span class='ocrx_word' id='word_1_518' title='bbox 2334 695 2579 753; x_wconf 70' lang='lat' dir='ltr'><strong>humana:</strong></span> <span class='ocrx_word' id='word_1_519' title='bbox 2618 700 2961 756; x_wconf 89' lang='lat' dir='ltr'><strong>maledicunt.</strong></span> <span class='ocrx_word' id='word_1_520' title='bbox 3007 701 3085 758; x_wconf 88' lang='lat' dir='ltr'><strong>De</strong></span> <span class='ocrx_word' id='word_1_521' title='bbox 3127 702 3238 772; x_wconf 87' lang='lat' dir='ltr'><strong>ipsa</strong></span> <span class='ocrx_word' id='word_1_522' title='bbox 3268 718 3399 760; x_wconf 91' lang='lat' dir='ltr'><strong>vero</strong></span> <span class='ocrx_word' id='word_1_523' title='bbox 3431 702 3762 764; x_wconf 80' lang='lat' dir='ltr'><strong>dissensione</strong></span> 
     </span>
    </p>
   </div>
   <div class='ocr_carea' id='block_1_64' title="bbox 2177 786 3758 865">
    <p class='ocr_par' dir='ltr' id='par_1_64' title="bbox 2177 786 3758 865">
     <span class='ocr_line' id='line_1_64' title="bbox 2177 786 3758 865; baseline 0.007 -24"><span class='ocrx_word' id='word_1_524' title='bbox 2177 786 2461 856; x_wconf 68' lang='lat' dir='ltr'><strong>quaeinter</strong></span> <span class='ocrx_word' id='word_1_525' title='bbox 2488 788 2730 846; x_wconf 87' lang='lat' dir='ltr'><strong>homines</strong></span> <span class='ocrx_word' id='word_1_526' title='bbox 2769 800 2885 846; x_wconf 84' lang='lat' dir='ltr'><strong>orta</strong></span> <span class='ocrx_word' id='word_1_527' title='bbox 2920 801 3004 847; x_wconf 89' lang='lat' dir='ltr'><strong>est</strong></span> <span class='ocrx_word' id='word_1_528' title='bbox 3031 791 3048 861; x_wconf 97' lang='lat'><strong>(</strong></span> <span class='ocrx_word' id='word_1_529' title='bbox 3061 792 3150 863; x_wconf 93' lang='lat' dir='ltr'><strong>qui</strong></span> <span class='ocrx_word' id='word_1_530' title='bbox 3179 792 3494 863; x_wconf 85' lang='lat' dir='ltr'><strong>qualeslibet</strong></span> <span class='ocrx_word' id='word_1_531' title='bbox 3532 795 3758 865; x_wconf 90' lang='lat' dir='ltr'><strong>fuerint,</strong></span> 
     </span>
    </p>
   </div>
   <div class='ocr_carea' id='block_1_65' title="bbox 2176 880 3760 956">
    <p class='ocr_par' dir='ltr' id='par_1_65' title="bbox 2176 880 3760 956">
     <span class='ocr_line' id='line_1_65' title="bbox 2176 880 3760 956; baseline 0.009 -25"><span class='ocrx_word' id='word_1_532' title='bbox 2176 893 2283 933; x_wconf 92' lang='lat' dir='ltr'><strong>non</strong></span> <span class='ocrx_word' id='word_1_533' title='bbox 2321 880 2501 950; x_wconf 89' lang='lat' dir='ltr'><strong>utique</strong></span> <span class='ocrx_word' id='word_1_534' title='bbox 2535 882 2879 952; x_wconf 73' lang='lat' dir='ltr'><strong>przejudicant</strong></span> <span class='ocrx_word' id='word_1_535' title='bbox 2919 884 3194 954; x_wconf 86' lang='lat' dir='ltr'><strong>promissis</strong></span> <span class='ocrx_word' id='word_1_536' title='bbox 3233 885 3361 952; x_wconf 90' lang='lat' dir='ltr'><strong>Dei,</strong></span> <span class='ocrx_word' id='word_1_537' title='bbox 3393 887 3481 956; x_wconf 91' lang='lat' dir='ltr'><strong>qui</strong></span> <span class='ocrx_word' id='word_1_538' title='bbox 3520 888 3650 943; x_wconf 76' lang='lat' dir='ltr'><strong>dixit</strong></span> <span class='ocrx_word' id='word_1_539' title='bbox 3693 891 3760 946; x_wconf 91' lang='lat' dir='ltr'><strong>ad</strong></span> 
     </span>
    </p>
   </div>
   <div class='ocr_carea' id='block_1_66' title="bbox 2177 972 3760 1052">
    <p class='ocr_par' dir='ltr' id='par_1_66' title="bbox 2177 972 3760 1052">
     <span class='ocr_line' id='line_1_66' title="bbox 2177 972 3760 1052; baseline 0.006 -26"><span class='ocrx_word' id='word_1_540' title='bbox 2177 972 2440 1028; x_wconf 85' lang='lat' dir='ltr'><strong>Abraham</strong></span> <span class='ocrx_word' id='word_1_541' title='bbox 2458 1015 2473 1040; x_wconf 89' lang='lat'><strong>,</strong></span> <span class='ocrx_word' id='word_1_542' title='bbox 2514 973 2581 1029; x_wconf 83' lang='lat' dir='ltr'><strong>In</strong></span> <span class='ocrx_word' id='word_1_543' title='bbox 2613 977 2803 1031; x_wconf 86' lang='lat' dir='ltr'><strong>semine</strong></span> <span class='ocrx_word' id='word_1_544' title='bbox 2865 985 2952 1030; x_wconf 90' lang='lat' dir='ltr'><strong>tuo</strong></span> <span class='ocrx_word' id='word_1_545' title='bbox 2989 975 3345 1033; x_wconf 78' lang='lat' dir='ltr'><strong>benedicentur</strong></span> <span class='ocrx_word' id='word_1_546' title='bbox 3381 994 3552 1034; x_wconf 78' lang='lat' dir='ltr'><strong>ontnes</strong></span> <span class='ocrx_word' id='word_1_547' title='bbox 3591 993 3760 1052; x_wconf 84' lang='lat' dir='ltr'><strong>gentes</strong></span> 
     </span>
    </p>
   </div>
   <div class='ocr_carea' id='block_1_67' title="bbox 2174 1061 3758 1144">
    <p class='ocr_par' dir='ltr' id='par_1_67' title="bbox 2174 1061 3758 1144">
     <span class='ocr_line' id='line_1_67' title="bbox 2174 1061 3758 1144; baseline 0.009 -27"><span class='ocrx_word' id='word_1_548' title='bbox 2174 1061 2324 1137; x_wconf 69' lang='lat' dir='ltr'><strong>[Gem</strong></span> <span class='ocrx_word' id='word_1_549' title='bbox 2357 1081 2504 1132; x_wconf 81' lang='lat' dir='ltr'><strong>xxvr,</strong></span> <span class='ocrx_word' id='word_1_550' title='bbox 2530 1065 2585 1140; x_wconf 69' lang='grc'>4]</span> <span class='ocrx_word' id='word_1_551' title='bbox 2601 1083 2615 1130; x_wconf 89' lang='lat'><strong>;</strong></span> <span class='ocrx_word' id='word_1_552' title='bbox 2632 1068 2773 1139; x_wconf 91' lang='lat' dir='ltr'><strong>quod</strong></span> <span class='ocrx_word' id='word_1_553' title='bbox 2800 1070 3057 1125; x_wconf 90' lang='lat' dir='ltr'><strong>creditum</strong></span> <span class='ocrx_word' id='word_1_554' title='bbox 3081 1079 3164 1126; x_wconf 89' lang='lat' dir='ltr'><strong>est</strong></span> <span class='ocrx_word' id='word_1_555' title='bbox 3186 1086 3308 1127; x_wconf 92' lang='lat' dir='ltr'><strong>cum</strong></span> <span class='ocrx_word' id='word_1_556' title='bbox 3328 1072 3602 1128; x_wconf 89' lang='lat' dir='ltr'><strong>audiretur</strong></span> <span class='ocrx_word' id='word_1_557' title='bbox 3627 1091 3758 1144; x_wconf 57' lang='lat' dir='ltr'><strong>prae.</strong></span> 
     </span>
    </p>
   </div>
   <div class='ocr_carea' id='block_1_68' title="bbox 2171 1157 3756 1236">
    <p class='ocr_par' dir='ltr' id='par_1_68' title="bbox 2171 1157 3756 1236">
     <span class='ocr_line' id='line_1_68' title="bbox 2171 1157 3756 1236; baseline 0.008 -25"><span class='ocrx_word' id='word_1_558' title='bbox 2171 1157 2390 1224; x_wconf 91' lang='lat' dir='ltr'><strong>dictum,</strong></span> <span class='ocrx_word' id='word_1_559' title='bbox 2408 1169 2463 1214; x_wconf 90' lang='lat' dir='ltr'><strong>et</strong></span> <span class='ocrx_word' id='word_1_560' title='bbox 2480 1170 2702 1231; x_wconf 83' lang='lat' dir='ltr'><strong>negatur</strong></span> <span class='ocrx_word' id='word_1_561' title='bbox 2719 1177 2838 1216; x_wconf 92' lang='lat' dir='ltr'><strong>cum</strong></span> <span class='ocrx_word' id='word_1_562' title='bbox 2863 1161 3070 1218; x_wconf 91' lang='lat' dir='ltr'><strong>videtur</strong></span> <span class='ocrx_word' id='word_1_563' title='bbox 3089 1164 3407 1236; x_wconf 88' lang='lat' dir='ltr'><strong>impletum),</strong></span> <span class='ocrx_word' id='word_1_564' title='bbox 3435 1166 3532 1220; x_wconf 87' lang='lat' dir='ltr'><strong>hoc</strong></span> <span class='ocrx_word' id='word_1_565' title='bbox 3555 1175 3756 1223; x_wconf 75' lang='lat' dir='ltr'><strong>tantum</strong></span> 
     </span>
    </p>
   </div>
   <div class='ocr_carea' id='block_1_69' title="bbox 2170 1249 3754 1322">
    <p class='ocr_par' dir='ltr' id='par_1_69' title="bbox 2170 1249 3754 1322">
     <span class='ocr_line' id='line_1_69' title="bbox 2170 1249 3754 1322; baseline 0.008 -19"><span class='ocrx_word' id='word_1_566' title='bbox 2170 1249 2382 1304; x_wconf 88' lang='lat' dir='ltr'><strong>interim</strong></span> <span class='ocrx_word' id='word_1_567' title='bbox 2425 1251 2834 1321; x_wconf 85' lang='lat' dir='ltr'><strong>brevissimum,</strong></span> <span class='ocrx_word' id='word_1_568' title='bbox 2882 1264 2958 1322; x_wconf 90' lang='lat' dir='ltr'><strong>ct,</strong></span> <span class='ocrx_word' id='word_1_569' title='bbox 3004 1256 3105 1310; x_wconf 90' lang='lat' dir='ltr'><strong>nisi</strong></span> <span class='ocrx_word' id='word_1_570' title='bbox 3147 1256 3316 1321; x_wconf 88' lang='lat' dir='ltr'><strong>fallor,</strong></span> <span class='ocrx_word' id='word_1_571' title='bbox 3355 1258 3754 1315; x_wconf 78' lang='lat' dir='ltr'><strong>invictissimum</strong></span> 
     </span>
    </p>
   </div>
   <div class='ocr_carea' id='block_1_70' title="bbox 2169 1343 3757 1414">
    <p class='ocr_par' dir='ltr' id='par_1_70' title="bbox 2169 1343 3757 1414">
     <span class='ocr_line' id='line_1_70' title="bbox 2169 1343 3757 1414; baseline 0.008 -18"><span class='ocrx_word' id='word_1_572' title='bbox 2169 1343 2439 1414; x_wconf 87' lang='lat' dir='ltr'><strong>c0gitent;</strong></span> <span class='ocrx_word' id='word_1_573' title='bbox 2464 1353 2554 1398; x_wconf 89' lang='lat' dir='ltr'><strong>aut</strong></span> <span class='ocrx_word' id='word_1_574' title='bbox 2577 1355 2747 1401; x_wconf 85' lang='lat' dir='ltr'><strong>actam</strong></span> <span class='ocrx_word' id='word_1_575' title='bbox 2771 1361 2891 1403; x_wconf 87' lang='lat' dir='ltr'><strong>esse</strong></span> <span class='ocrx_word' id='word_1_576' title='bbox 2911 1348 3066 1403; x_wconf 89' lang='lat' dir='ltr'><strong>istam</strong></span> <span class='ocrx_word' id='word_1_577' title='bbox 3091 1349 3373 1403; x_wconf 92' lang='lat' dir='ltr'><strong>causamin</strong></span> <span class='ocrx_word' id='word_1_578' title='bbox 3397 1351 3757 1408; x_wconf 80' lang='lat' dir='ltr'><strong>ecclesiastico</strong></span> 
     </span>
    </p>
   </div>
   <div class='ocr_carea' id='block_1_71' title="bbox 2169 1435 3754 1506">
    <p class='ocr_par' dir='ltr' id='par_1_71' title="bbox 2169 1435 3754 1506">
     <span class='ocr_line' id='line_1_71' title="bbox 2169 1435 3754 1506; baseline 0.007 -19"><span class='ocrx_word' id='word_1_579' title='bbox 2169 1435 2523 1490; x_wconf 88' lang='lat' dir='ltr'><strong>transmarino</strong></span> <span class='ocrx_word' id='word_1_580' title='bbox 2545 1435 2768 1506; x_wconf 92' lang='lat' dir='ltr'><strong>judicio,</strong></span> <span class='ocrx_word' id='word_1_581' title='bbox 2805 1447 2897 1493; x_wconf 92' lang='lat' dir='ltr'><strong>aut</strong></span> <span class='ocrx_word' id='word_1_582' title='bbox 2920 1455 3026 1495; x_wconf 89' lang='lat' dir='ltr'><strong>non</strong></span> <span class='ocrx_word' id='word_1_583' title='bbox 3062 1455 3180 1495; x_wconf 91' lang='lat' dir='ltr'><strong>esse</strong></span> <span class='ocrx_word' id='word_1_584' title='bbox 3220 1449 3414 1498; x_wconf 89' lang='lat' dir='ltr'><strong>actam.</strong></span> <span class='ocrx_word' id='word_1_585' title='bbox 3443 1441 3500 1498; x_wconf 89' lang='lat' dir='ltr'><strong>Si</strong></span> <span class='ocrx_word' id='word_1_586' title='bbox 3533 1453 3648 1498; x_wconf 87' lang='lat' dir='ltr'><strong>acta</strong></span> <span class='ocrx_word' id='word_1_587' title='bbox 3687 1446 3754 1498; x_wconf 81' lang='lat' dir='ltr'><strong>tbi</strong></span> 
     </span>
    </p>
   </div>
   <div class='ocr_carea' id='block_1_72' title="bbox 2167 1528 3756 1604">
    <p class='ocr_par' dir='ltr' id='par_1_72' title="bbox 2167 1528 3756 1604">
     <span class='ocr_line' id='line_1_72' title="bbox 2167 1528 3756 1604; baseline 0.008 -25"><span class='ocrx_word' id='word_1_588' title='bbox 2167 1540 2272 1580; x_wconf 91' lang='lat' dir='ltr'><strong>non</strong></span> <span class='ocrx_word' id='word_1_589' title='bbox 2293 1535 2396 1593; x_wconf 89' lang='lat' dir='ltr'><strong>est,</strong></span> <span class='ocrx_word' id='word_1_590' title='bbox 2417 1528 2671 1584; x_wconf 89' lang='lat' dir='ltr'><strong>innocens</strong></span> <span class='ocrx_word' id='word_1_591' title='bbox 2690 1539 2771 1585; x_wconf 91' lang='lat' dir='ltr'><strong>est</strong></span> <span class='ocrx_word' id='word_1_592' title='bbox 2791 1530 2984 1586; x_wconf 89' lang='lat' dir='ltr'><strong>Christi</strong></span> <span class='ocrx_word' id='word_1_593' title='bbox 3011 1533 3238 1587; x_wconf 85' lang='lat' dir='ltr'><strong>societas</strong></span> <span class='ocrx_word' id='word_1_594' title='bbox 3259 1551 3352 1604; x_wconf 88' lang='lat' dir='ltr'><strong>per</strong></span> <span class='ocrx_word' id='word_1_595' title='bbox 3371 1549 3558 1590; x_wconf 89' lang='lat' dir='ltr'><strong>omnes</strong></span> <span class='ocrx_word' id='word_1_596' title='bbox 3584 1545 3756 1591; x_wconf 84' lang='lat' dir='ltr'><strong>trans-</strong></span> 
     </span>
    </p>
   </div>
   <div class='ocr_carea' id='block_1_73' title="bbox 2165 1621 3756 1699">
    <p class='ocr_par' dir='ltr' id='par_1_73' title="bbox 2165 1621 3756 1699">
     <span class='ocr_line' id='line_1_73' title="bbox 2165 1621 3756 1699; baseline 0.005 -25"><span class='ocrx_word' id='word_1_597' title='bbox 2165 1621 2398 1676; x_wconf 90' lang='lat' dir='ltr'><strong>marinas</strong></span> <span class='ocrx_word' id='word_1_598' title='bbox 2417 1632 2622 1691; x_wconf 86' lang='lat' dir='ltr'><strong>gentes.</strong></span> <span class='ocrx_word' id='word_1_599' title='bbox 2645 1623 2797 1693; x_wconf 90' lang='lat' dir='ltr'><strong>cujus</strong></span> <span class='ocrx_word' id='word_1_600' title='bbox 2821 1625 3090 1680; x_wconf 89' lang='lat' dir='ltr'><strong>societatis</strong></span> <span class='ocrx_word' id='word_1_601' title='bbox 3117 1641 3215 1680; x_wconf 90' lang='lat' dir='ltr'><strong>nos</strong></span> <span class='ocrx_word' id='word_1_602' title='bbox 3231 1629 3607 1682; x_wconf 88' lang='lat' dir='ltr'><strong>communione</strong></span> <span class='ocrx_word' id='word_1_603' title='bbox 3626 1643 3756 1699; x_wconf 88' lang='lat' dir='ltr'><strong>gau-</strong></span> 
     </span>
    </p>
   </div>
   <div class='ocr_carea' id='block_1_74' title="bbox 2165 1710 3754 1791">
    <p class='ocr_par' dir='ltr' id='par_1_74' title="bbox 2165 1710 3754 1791">
     <span class='ocr_line' id='line_1_74' title="bbox 2165 1710 3754 1791; baseline 0.007 -27"><span class='ocrx_word' id='word_1_604' title='bbox 2165 1710 2385 1775; x_wconf 89' lang='lat' dir='ltr'><strong>demus,</strong></span> <span class='ocrx_word' id='word_1_605' title='bbox 2424 1721 2480 1767; x_wconf 88' lang='lat' dir='ltr'><strong>et</strong></span> <span class='ocrx_word' id='word_1_606' title='bbox 2517 1713 2638 1770; x_wconf 92' lang='lat' dir='ltr'><strong>ideo</strong></span> <span class='ocrx_word' id='word_1_607' title='bbox 2666 1716 2732 1770; x_wconf 91' lang='lat' dir='ltr'><strong>ab</strong></span> <span class='ocrx_word' id='word_1_608' title='bbox 2761 1717 2840 1772; x_wconf 90' lang='lat' dir='ltr'><strong>eis</strong></span> <span class='ocrx_word' id='word_1_609' title='bbox 2878 1716 3248 1772; x_wconf 87' lang='lat' dir='ltr'><strong>innocentibus</strong></span> <span class='ocrx_word' id='word_1_610' title='bbox 3283 1719 3467 1789; x_wconf 89' lang='lat' dir='ltr'><strong>utique</strong></span> <span class='ocrx_word' id='word_1_611' title='bbox 3500 1720 3754 1791; x_wconf 89' lang='lat' dir='ltr'><strong>sacrilega</strong></span> 
     </span>
    </p>
   </div>
   <div class='ocr_carea' id='block_1_75' title="bbox 2163 1802 3756 1876">
    <p class='ocr_par' dir='ltr' id='par_1_75' title="bbox 2163 1802 3756 1876">
     <span class='ocr_line' id='line_1_75' title="bbox 2163 1802 3756 1876; baseline 0.006 -20"><span class='ocrx_word' id='word_1_612' title='bbox 2163 1802 2520 1874; x_wconf 88' lang='lat' dir='ltr'><strong>diremptione</strong></span> <span class='ocrx_word' id='word_1_613' title='bbox 2545 1815 2861 1876; x_wconf 87' lang='lat' dir='ltr'><strong>separantur</strong></span> <span class='ocrx_word' id='word_1_614' title='bbox 2889 1823 2903 1864; x_wconf 90' lang='lat'><strong>:</strong></span> <span class='ocrx_word' id='word_1_615' title='bbox 2935 1809 2978 1863; x_wconf 93' lang='lat' dir='ltr'><strong>si</strong></span> <span class='ocrx_word' id='word_1_616' title='bbox 3009 1823 3138 1864; x_wconf 91' lang='lat' dir='ltr'><strong>vero</strong></span> <span class='ocrx_word' id='word_1_617' title='bbox 3159 1819 3275 1864; x_wconf 91' lang='lat' dir='ltr'><strong>acta</strong></span> <span class='ocrx_word' id='word_1_618' title='bbox 3297 1819 3380 1865; x_wconf 88' lang='lat' dir='ltr'><strong>est</strong></span> <span class='ocrx_word' id='word_1_619' title='bbox 3405 1811 3475 1865; x_wconf 89' lang='lat' dir='ltr'><strong>ibi</strong></span> <span class='ocrx_word' id='word_1_620' title='bbox 3507 1810 3604 1864; x_wconf 87' lang='lat' dir='ltr'><strong>ista</strong></span> <span class='ocrx_word' id='word_1_621' title='bbox 3630 1827 3756 1866; x_wconf 84' lang='lat' dir='ltr'><strong>cau-</strong></span> 
     </span>
    </p>
   </div>
   <div class='ocr_carea' id='block_1_76' title="bbox 2165 1897 3753 1973">
    <p class='ocr_par' dir='ltr' id='par_1_76' title="bbox 2165 1897 3753 1973">
     <span class='ocr_line' id='line_1_76' title="bbox 2165 1897 3753 1973; baseline 0.005 -24"><span class='ocrx_word' id='word_1_622' title='bbox 2165 1910 2244 1960; x_wconf 90' lang='lat' dir='ltr'><strong>sa,</strong></span> <span class='ocrx_word' id='word_1_623' title='bbox 2275 1897 2395 1967; x_wconf 91' lang='lat' dir='ltr'><strong>quis</strong></span> <span class='ocrx_word' id='word_1_624' title='bbox 2425 1913 2528 1952; x_wconf 91' lang='lat' dir='ltr'><strong>non</strong></span> <span class='ocrx_word' id='word_1_625' title='bbox 2556 1898 2840 1970; x_wconf 90' lang='lat' dir='ltr'><strong>intelligat,</strong></span> <span class='ocrx_word' id='word_1_626' title='bbox 2873 1901 2996 1970; x_wconf 91' lang='lat' dir='ltr'><strong>quis</strong></span> <span class='ocrx_word' id='word_1_627' title='bbox 3020 1916 3124 1955; x_wconf 90' lang='lat' dir='ltr'><strong>non</strong></span> <span class='ocrx_word' id='word_1_628' title='bbox 3152 1901 3367 1966; x_wconf 89' lang='lat' dir='ltr'><strong>sentiat,</strong></span> <span class='ocrx_word' id='word_1_629' title='bbox 3391 1901 3512 1973; x_wconf 90' lang='lat' dir='ltr'><strong>quis</strong></span> <span class='ocrx_word' id='word_1_630' title='bbox 3538 1918 3642 1957; x_wconf 91' lang='lat' dir='ltr'><strong>non</strong></span> <span class='ocrx_word' id='word_1_631' title='bbox 3671 1903 3753 1957; x_wconf 85' lang='lat' dir='ltr'><strong>vi-</strong></span> 
     </span>
    </p>
   </div>
   <div class='ocr_carea' id='block_1_77' title="bbox 2161 1989 3720 2067">
    <p class='ocr_par' dir='ltr' id='par_1_77' title="bbox 2161 1989 3720 2067">
     <span class='ocr_line' id='line_1_77' title="bbox 2161 1989 3720 2067; baseline 0.006 -23"><span class='ocrx_word' id='word_1_632' title='bbox 2161 1989 2307 2059; x_wconf 91' lang='lat' dir='ltr'><strong>deat,</strong></span> <span class='ocrx_word' id='word_1_633' title='bbox 2341 2007 2435 2047; x_wconf 88' lang='lat' dir='ltr'><strong>eos</strong></span> <span class='ocrx_word' id='word_1_634' title='bbox 2465 1993 2515 2046; x_wconf 94' lang='lat' dir='ltr'><strong>in</strong></span> <span class='ocrx_word' id='word_1_635' title='bbox 2547 2009 2609 2048; x_wconf 91' lang='lat' dir='ltr'><strong>ea</strong></span> <span class='ocrx_word' id='word_1_636' title='bbox 2638 1994 2826 2061; x_wconf 84' lang='lat' dir='ltr'><strong>victos,</strong></span> <span class='ocrx_word' id='word_1_637' title='bbox 2856 2010 3081 2066; x_wconf 89' lang='lat' dir='ltr'><strong>quorum</strong></span> <span class='ocrx_word' id='word_1_638' title='bbox 3117 1995 3240 2051; x_wconf 90' lang='lat' dir='ltr'><strong>inde</strong></span> <span class='ocrx_word' id='word_1_639' title='bbox 3263 1996 3567 2052; x_wconf 90' lang='lat' dir='ltr'><strong>communio</strong></span> <span class='ocrx_word' id='word_1_640' title='bbox 3593 2011 3720 2067; x_wconf 88' lang='lat' dir='ltr'><strong>sepa</strong></span> 
     </span>
    </p>
   </div>
   <div class='ocr_carea' id='block_1_78' title="bbox 2161 2087 3752 2160">
    <p class='ocr_par' dir='ltr' id='par_1_78' title="bbox 2161 2087 3752 2160">
     <span class='ocr_line' id='line_1_78' title="bbox 2161 2087 3752 2160; baseline 0.005 -22"><span class='ocrx_word' id='word_1_641' title='bbox 2161 2094 2272 2139; x_wconf 89' lang='lat' dir='ltr'><strong>rata</strong></span> <span class='ocrx_word' id='word_1_642' title='bbox 2304 2087 2423 2140; x_wconf 81' lang='lat' dir='ltr'><strong>est?</strong></span> <span class='ocrx_word' id='word_1_643' title='bbox 2451 2087 2666 2159; x_wconf 89' lang='lat' dir='ltr'><strong>Eligant</strong></span> <span class='ocrx_word' id='word_1_644' title='bbox 2704 2103 2834 2160; x_wconf 89' lang='lat' dir='ltr'><strong>ergo</strong></span> <span class='ocrx_word' id='word_1_645' title='bbox 2879 2098 3057 2144; x_wconf 91' lang='lat' dir='ltr'><strong>utrum</strong></span> <span class='ocrx_word' id='word_1_646' title='bbox 3093 2091 3280 2145; x_wconf 88' lang='lat' dir='ltr'><strong>malint</strong></span> <span class='ocrx_word' id='word_1_647' title='bbox 3316 2089 3570 2159; x_wconf 86' lang='lat' dir='ltr'><strong>credere,</strong></span> <span class='ocrx_word' id='word_1_648' title='bbox 3608 2089 3752 2160; x_wconf 88' lang='lat' dir='ltr'><strong>quod</strong></span> 
     </span>
    </p>
   </div>
   <div class='ocr_carea' id='block_1_79' title="bbox 2164 2177 3751 2252">
    <p class='ocr_par' dir='ltr' id='par_1_79' title="bbox 2164 2177 3751 2252">
     <span class='ocr_line' id='line_1_79' title="bbox 2164 2177 3751 2252; baseline 0.004 -23"><span class='ocrx_word' id='word_1_649' title='bbox 2164 2177 2649 2244; x_wconf 87' lang='lat' dir='ltr'><strong>pronuntiaverunt</strong></span> <span class='ocrx_word' id='word_1_650' title='bbox 2699 2179 3045 2236; x_wconf 89' lang='lat' dir='ltr'><strong>ecclesiastici</strong></span> <span class='ocrx_word' id='word_1_651' title='bbox 3090 2180 3390 2250; x_wconf 85' lang='lat' dir='ltr'><strong>cognitores</strong></span> <span class='ocrx_word' id='word_1_652' title='bbox 3414 2222 3430 2249; x_wconf 95' lang='lat'><strong>,</strong></span> <span class='ocrx_word' id='word_1_653' title='bbox 3482 2197 3551 2236; x_wconf 90' lang='lat' dir='ltr'><strong>an</strong></span> <span class='ocrx_word' id='word_1_654' title='bbox 3609 2180 3751 2252; x_wconf 90' lang='lat' dir='ltr'><strong>quod</strong></span> 
     </span>
    </p>
   </div>
   <div class='ocr_carea' id='block_1_80' title="bbox 2162 2271 3751 2344">
    <p class='ocr_par' dir='ltr' id='par_1_80' title="bbox 2162 2271 3751 2344">
     <span class='ocr_line' id='line_1_80' title="bbox 2162 2271 3751 2344; baseline 0.004 -22"><span class='ocrx_word' id='word_1_655' title='bbox 2162 2281 2502 2324; x_wconf 89' lang='lat' dir='ltr'><strong>murmurant</strong></span> <span class='ocrx_word' id='word_1_656' title='bbox 2531 2271 2657 2326; x_wconf 90' lang='lat' dir='ltr'><strong>victi</strong></span> <span class='ocrx_word' id='word_1_657' title='bbox 2696 2272 3012 2342; x_wconf 87' lang='lat' dir='ltr'><strong>litigatores.</strong></span> <span class='ocrx_word' id='word_1_658' title='bbox 3039 2272 3311 2328; x_wconf 88' lang='lat' dir='ltr'><strong>Adversus</strong></span> <span class='ocrx_word' id='word_1_659' title='bbox 3338 2272 3494 2328; x_wconf 90' lang='lat' dir='ltr'><strong>istam</strong></span> <span class='ocrx_word' id='word_1_660' title='bbox 3515 2273 3751 2344; x_wconf 78' lang='lat' dir='ltr'><strong>comple-</strong></span> 
     </span>
    </p>
   </div>
   <div class='ocr_carea' id='block_1_81' title="bbox 2162 2362 3720 2431">
    <p class='ocr_par' dir='ltr' id='par_1_81' title="bbox 2162 2362 3720 2431">
     <span class='ocr_line' id='line_1_81' title="bbox 2162 2362 3720 2431; baseline 0.004 -17"><span class='ocrx_word' id='word_1_661' title='bbox 2162 2362 2374 2417; x_wconf 83' lang='lat' dir='ltr'><strong>xionem</strong></span> <span class='ocrx_word' id='word_1_662' title='bbox 2405 2363 2548 2419; x_wconf 93' lang='lat' dir='ltr'><strong>dictu</strong></span> <span class='ocrx_word' id='word_1_663' title='bbox 2577 2363 2973 2431; x_wconf 87' lang='lat' dir='ltr'><strong>brevissimam,</strong></span> <span class='ocrx_word' id='word_1_664' title='bbox 3015 2365 3284 2421; x_wconf 90' lang='lat' dir='ltr'><strong>intellectu</strong></span> <span class='ocrx_word' id='word_1_665' title='bbox 3317 2363 3638 2429; x_wconf 89' lang='lat' dir='ltr'><strong>facillimam,</strong></span> <span class='ocrx_word' id='word_1_666' title='bbox 3664 2374 3720 2420; x_wconf 89' lang='lat' dir='ltr'><strong>at</strong></span> 
     </span>
    </p>
   </div>
   <div class='ocr_carea' id='block_1_82' title="bbox 2160 2453 3747 2528">
    <p class='ocr_par' dir='ltr' id='par_1_82' title="bbox 2160 2453 3747 2528">
     <span class='ocr_line' id='line_1_82' title="bbox 2160 2453 3747 2528; baseline 0.003 -21"><span class='ocrx_word' id='word_1_667' title='bbox 2160 2453 2364 2508; x_wconf 90' lang='lat' dir='ltr'><strong>tendite</strong></span> <span class='ocrx_word' id='word_1_668' title='bbox 2392 2469 2489 2525; x_wconf 89' lang='lat' dir='ltr'><strong>pro</strong></span> <span class='ocrx_word' id='word_1_669' title='bbox 2522 2464 2700 2511; x_wconf 90' lang='lat' dir='ltr'><strong>vestra</strong></span> <span class='ocrx_word' id='word_1_670' title='bbox 2746 2457 3025 2527; x_wconf 83' lang='lat' dir='ltr'><strong>prudentia</strong></span> <span class='ocrx_word' id='word_1_671' title='bbox 3065 2457 3379 2528; x_wconf 89' lang='lat' dir='ltr'><strong>diligenter,</strong></span> <span class='ocrx_word' id='word_1_672' title='bbox 3419 2474 3576 2528; x_wconf 89' lang='lat' dir='ltr'><strong>quam</strong></span> <span class='ocrx_word' id='word_1_673' title='bbox 3621 2457 3747 2512; x_wconf 70' lang='lat' dir='ltr'><strong>nihﬁ</strong></span> 
     </span>
    </p>
   </div>
   <div class='ocr_carea' id='block_1_83' title="bbox 2157 2544 3750 2618">
    <p class='ocr_par' dir='ltr' id='par_1_83' title="bbox 2157 2544 3750 2618">
     <span class='ocr_line' id='line_1_83' title="bbox 2157 2544 3750 2618; baseline 0.004 -20"><span class='ocrx_word' id='word_1_674' title='bbox 2157 2544 2398 2600; x_wconf 89' lang='lat' dir='ltr'><strong>sobrium</strong></span> <span class='ocrx_word' id='word_1_675' title='bbox 2440 2547 2750 2617; x_wconf 87' lang='lat' dir='ltr'><strong>responderi</strong></span> <span class='ocrx_word' id='word_1_676' title='bbox 2793 2549 2989 2618; x_wconf 89' lang='lat' dir='ltr'><strong>possit;</strong></span> <span class='ocrx_word' id='word_1_677' title='bbox 3021 2557 3076 2604; x_wconf 92' lang='lat' dir='ltr'><strong>et</strong></span> <span class='ocrx_word' id='word_1_678' title='bbox 3111 2559 3286 2605; x_wconf 90' lang='lat' dir='ltr'><strong>tamen</strong></span> <span class='ocrx_word' id='word_1_679' title='bbox 3323 2550 3494 2606; x_wconf 90' lang='lat' dir='ltr'><strong>malus</strong></span> <span class='ocrx_word' id='word_1_680' title='bbox 3531 2549 3750 2605; x_wconf 89' lang='lat' dir='ltr'><strong>Polemo</strong></span> 
     </span>
    </p>
   </div>
   <div class='ocr_carea' id='block_1_84' title="bbox 2155 2639 3749 2710">
    <p class='ocr_par' dir='ltr' id='par_1_84' title="bbox 2155 2639 3749 2710">
     <span class='ocr_line' id='line_1_84' title="bbox 2155 2639 3749 2710; baseline 0.003 -18"><span class='ocrx_word' id='word_1_681' title='bbox 2155 2640 2325 2710; x_wconf 90' lang='lat' dir='ltr'><strong>magis</strong></span> <span class='ocrx_word' id='word_1_682' title='bbox 2354 2639 2614 2696; x_wconf 88' lang='lat' dir='ltr'><strong>ebrietate</strong></span> <span class='ocrx_word' id='word_1_683' title='bbox 2643 2641 2922 2696; x_wconf 88' lang='lat' dir='ltr'><strong>inveterati</strong></span> <span class='ocrx_word' id='word_1_684' title='bbox 2949 2642 3149 2697; x_wconf 89' lang='lat' dir='ltr'><strong>erroris</strong></span> <span class='ocrx_word' id='word_1_685' title='bbox 3169 2643 3483 2698; x_wconf 69' lang='lat' dir='ltr'><strong>evertitur‘.</strong></span> <span class='ocrx_word' id='word_1_686' title='bbox 3513 2642 3642 2697; x_wconf 88' lang='lat' dir='ltr'><strong>Date</strong></span> <span class='ocrx_word' id='word_1_687' title='bbox 3662 2657 3749 2696; x_wconf 43' lang='lat' dir='ltr'><strong>ve.</strong></span> 
     </span>
    </p>
   </div>
   <div class='ocr_carea' id='block_1_85' title="bbox 2155 2731 3744 2807">
    <p class='ocr_par' dir='ltr' id='par_1_85' title="bbox 2155 2731 3744 2807">
     <span class='ocr_line' id='line_1_85' title="bbox 2155 2731 3744 2807; baseline 0.003 -22"><span class='ocrx_word' id='word_1_688' title='bbox 2155 2731 2300 2786; x_wconf 90' lang='lat' dir='ltr'><strong>niam</strong></span> <span class='ocrx_word' id='word_1_689' title='bbox 2340 2733 2611 2802; x_wconf 86' lang='lat' dir='ltr'><strong>prolixiori</strong></span> <span class='ocrx_word' id='word_1_690' title='bbox 2656 2731 2899 2789; x_wconf 86' lang='lat' dir='ltr'><strong>fortassis</strong></span> <span class='ocrx_word' id='word_1_691' title='bbox 2939 2736 3178 2806; x_wconf 68' lang='lat' dir='ltr'><strong>epistola:</strong></span> <span class='ocrx_word' id='word_1_692' title='bbox 3215 2751 3374 2807; x_wconf 90' lang='lat' dir='ltr'><strong>quam</strong></span> <span class='ocrx_word' id='word_1_693' title='bbox 3413 2736 3744 2807; x_wconf 77' lang='lat' dir='ltr'><strong>jucundiori;</strong></span> 
     </span>
    </p>
   </div>
   <div class='ocr_carea' id='block_1_86' title="bbox 2153 2826 3750 2900">
    <p class='ocr_par' dir='ltr' id='par_1_86' title="bbox 2153 2826 3750 2900">
     <span class='ocr_line' id='line_1_86' title="bbox 2153 2826 3750 2900; baseline 0.004 -22"><span class='ocrx_word' id='word_1_694' title='bbox 2153 2834 2544 2892; x_wconf 90' lang='lat' dir='ltr'><strong>verumtamen,</strong></span> <span class='ocrx_word' id='word_1_695' title='bbox 2574 2834 2632 2880; x_wconf 92' lang='lat' dir='ltr'><strong>ut</strong></span> <span class='ocrx_word' id='word_1_696' title='bbox 2657 2826 2910 2895; x_wconf 90' lang='lat' dir='ltr'><strong>arbitror,</strong></span> <span class='ocrx_word' id='word_1_697' title='bbox 2937 2827 3135 2883; x_wconf 86' lang='lat' dir='ltr'><strong>utiliori</strong></span> <span class='ocrx_word' id='word_1_698' title='bbox 3154 2844 3312 2900; x_wconf 90' lang='lat' dir='ltr'><strong>quam</strong></span> <span class='ocrx_word' id='word_1_699' title='bbox 3341 2828 3624 2894; x_wconf 82' lang='lat' dir='ltr'><strong>blandiori,</strong></span> <span class='ocrx_word' id='word_1_700' title='bbox 3653 2827 3750 2884; x_wconf 78' lang='lat' dir='ltr'><strong>do-</strong></span> 
     </span>
    </p>
   </div>
   <div class='ocr_carea' id='block_1_87' title="bbox 2154 2914 3748 2988">
    <p class='ocr_par' dir='ltr' id='par_1_87' title="bbox 2154 2914 3748 2988">
     <span class='ocr_line' id='line_1_87' title="bbox 2154 2914 3748 2988; baseline 0.004 -20"><span class='ocrx_word' id='word_1_701' title='bbox 2154 2914 2284 2969; x_wconf 89' lang='lat' dir='ltr'><strong>mini</strong></span> <span class='ocrx_word' id='word_1_702' title='bbox 2317 2915 2658 2972; x_wconf 86' lang='lat' dir='ltr'><strong>honorabiles</strong></span> <span class='ocrx_word' id='word_1_703' title='bbox 2678 2926 2734 2972; x_wconf 88' lang='lat' dir='ltr'><strong>et</strong></span> <span class='ocrx_word' id='word_1_704' title='bbox 2758 2919 2950 2972; x_wconf 90' lang='lat' dir='ltr'><strong>merito</strong></span> <span class='ocrx_word' id='word_1_705' title='bbox 2979 2918 3323 2988; x_wconf 89' lang='lat' dir='ltr'><strong>suscipiendi,</strong></span> <span class='ocrx_word' id='word_1_706' title='bbox 3361 2919 3660 2974; x_wconf 86' lang='lat' dir='ltr'><strong>chartssimi</strong></span> <span class='ocrx_word' id='word_1_707' title='bbox 3685 2933 3748 2974; x_wconf 87' lang='lat' dir='ltr'><strong>ac</strong></span> 
     </span>
    </p>
   </div>
   <div class='ocr_carea' id='block_1_88' title="bbox 2154 3007 3748 3066">
    <p class='ocr_par' dir='ltr' id='par_1_88' title="bbox 2154 3007 3748 3066">
     <span class='ocr_line' id='line_1_88' title="bbox 2154 3007 3748 3066; baseline 0.001 -4"><span class='ocrx_word' id='word_1_708' title='bbox 2154 3007 2633 3064; x_wconf 87' lang='lat' dir='ltr'><strong>desiderantissimi</strong></span> <span class='ocrx_word' id='word_1_709' title='bbox 2658 3009 2871 3064; x_wconf 85' lang='lat' dir='ltr'><strong>fratres.</strong></span> <span class='ocrx_word' id='word_1_710' title='bbox 2907 3009 2982 3066; x_wconf 91' lang='lat' dir='ltr'><strong>De</strong></span> <span class='ocrx_word' id='word_1_711' title='bbox 3001 3009 3233 3065; x_wconf 89' lang='lat' dir='ltr'><strong>adventu</strong></span> <span class='ocrx_word' id='word_1_712' title='bbox 3259 3019 3436 3064; x_wconf 91' lang='lat' dir='ltr'><strong>autem</strong></span> <span class='ocrx_word' id='word_1_713' title='bbox 3468 3021 3652 3065; x_wconf 90' lang='lat' dir='ltr'><strong>nostro</strong></span> <span class='ocrx_word' id='word_1_714' title='bbox 3681 3008 3748 3064; x_wconf 89' lang='lat' dir='ltr'><strong>ad</strong></span> 
     </span>
    </p>
   </div>
   <div class='ocr_carea' id='block_1_89' title="bbox 2155 3101 3748 3172">
    <p class='ocr_par' dir='ltr' id='par_1_89' title="bbox 2155 3101 3748 3172">
     <span class='ocr_line' id='line_1_89' title="bbox 2155 3101 3748 3172; baseline 0.001 -18"><span class='ocrx_word' id='word_1_715' title='bbox 2155 3114 2251 3154; x_wconf 91' lang='lat' dir='ltr'><strong>vos</strong></span> <span class='ocrx_word' id='word_1_716' title='bbox 2275 3141 2292 3168; x_wconf 91' lang='lat'><strong>,</strong></span> <span class='ocrx_word' id='word_1_717' title='bbox 2338 3110 2686 3172; x_wconf 91' lang='lat' dir='ltr'><strong>utrorumque</strong></span> <span class='ocrx_word' id='word_1_718' title='bbox 2727 3101 3053 3158; x_wconf 86' lang='lat' dir='ltr'><strong>desiderium</strong></span> <span class='ocrx_word' id='word_1_719' title='bbox 3093 3102 3232 3157; x_wconf 90' lang='lat' dir='ltr'><strong>Deus</strong></span> <span class='ocrx_word' id='word_1_720' title='bbox 3270 3101 3509 3172; x_wconf 89' lang='lat' dir='ltr'><strong>impleat.</strong></span> <span class='ocrx_word' id='word_1_721' title='bbox 3539 3102 3748 3170; x_wconf 86' lang='lat' dir='ltr'><strong>Quanto</strong></span> 
     </span>
    </p>
   </div>
   <div class='ocr_carea' id='block_1_90' title="bbox 2153 3192 3743 3263">
    <p class='ocr_par' dir='ltr' id='par_1_90' title="bbox 2153 3192 3743 3263">
     <span class='ocr_line' id='line_1_90' title="bbox 2153 3192 3743 3263; baseline 0.003 -17"><span class='ocrx_word' id='word_1_722' title='bbox 2153 3193 2298 3247; x_wconf 93' lang='lat' dir='ltr'><strong>enim</strong></span> <span class='ocrx_word' id='word_1_723' title='bbox 2340 3192 2614 3249; x_wconf 87' lang='lat' dir='ltr'><strong>charitatis</strong></span> <span class='ocrx_word' id='word_1_724' title='bbox 2649 3194 2842 3250; x_wconf 89' lang='lat' dir='ltr'><strong>ardore</strong></span> <span class='ocrx_word' id='word_1_725' title='bbox 2876 3195 3232 3250; x_wconf 88' lang='lat' dir='ltr'><strong>accendamur</strong></span> <span class='ocrx_word' id='word_1_726' title='bbox 3255 3195 3321 3250; x_wconf 89' lang='lat' dir='ltr'><strong>ad</strong></span> <span class='ocrx_word' id='word_1_727' title='bbox 3347 3194 3600 3251; x_wconf 90' lang='lat' dir='ltr'><strong>visendos</strong></span> <span class='ocrx_word' id='word_1_728' title='bbox 3628 3210 3743 3263; x_wconf 89' lang='lat' dir='ltr'><strong>vos,</strong></span> 
     </span>
    </p>
   </div>
   <div class='ocr_carea' id='block_1_91' title="bbox 2150 3286 3744 3359">
    <p class='ocr_par' dir='ltr' id='par_1_91' title="bbox 2150 3286 3744 3359">
     <span class='ocr_line' id='line_1_91' title="bbox 2150 3286 3744 3359; baseline 0.002 -18"><span class='ocrx_word' id='word_1_729' title='bbox 2150 3286 2334 3341; x_wconf 82' lang='lat' dir='ltr'><strong>verbis</strong></span> <span class='ocrx_word' id='word_1_730' title='bbox 2359 3286 2631 3356; x_wconf 77' lang='lat' dir='ltr'><strong>explicare</strong></span> <span class='ocrx_word' id='word_1_731' title='bbox 2653 3302 2761 3342; x_wconf 92' lang='lat' dir='ltr'><strong>non</strong></span> <span class='ocrx_word' id='word_1_732' title='bbox 2786 3303 3106 3358; x_wconf 89' lang='lat' dir='ltr'><strong>possumus;</strong></span> <span class='ocrx_word' id='word_1_733' title='bbox 3135 3287 3231 3344; x_wconf 90' lang='lat' dir='ltr'><strong>sed</strong></span> <span class='ocrx_word' id='word_1_734' title='bbox 3258 3303 3352 3344; x_wconf 88' lang='lat' dir='ltr'><strong>vos</strong></span> <span class='ocrx_word' id='word_1_735' title='bbox 3377 3288 3606 3359; x_wconf 90' lang='lat' dir='ltr'><strong>benigne</strong></span> <span class='ocrx_word' id='word_1_736' title='bbox 3624 3303 3744 3344; x_wconf 84' lang='lat' dir='ltr'><strong>cre-</strong></span> 
     </span>
    </p>
   </div>
   <div class='ocr_carea' id='block_1_92' title="bbox 2152 3377 2874 3435">
    <p class='ocr_par' dir='ltr' id='par_1_92' title="bbox 2152 3377 2874 3435">
     <span class='ocr_line' id='line_1_92' title="bbox 2152 3377 2874 3435; baseline 0.003 -3"><span class='ocrx_word' id='word_1_737' title='bbox 2152 3377 2282 3433; x_wconf 89' lang='lat' dir='ltr'><strong>dere</strong></span> <span class='ocrx_word' id='word_1_738' title='bbox 2309 3377 2530 3435; x_wconf 87' lang='lat' dir='ltr'><strong>minime</strong></span> <span class='ocrx_word' id='word_1_739' title='bbox 2551 3377 2874 3434; x_wconf 87' lang='lat' dir='ltr'><strong>dubitamus.</strong></span> 
     </span>
    </p>
   </div>
   <div class='ocr_carea' id='block_1_93' title="bbox 2578 3491 3314 3565">
    <p class='ocr_par' dir='ltr' id='par_1_93' title="bbox 2578 3491 3314 3565">
     <span class='ocr_line' id='line_1_93' title="bbox 2578 3491 3314 3565; baseline -0.001 -17"><span class='ocrx_word' id='word_1_740' title='bbox 2578 3491 2914 3550; x_wconf 81' lang='lat' dir='ltr'><strong>EPISTOLA</strong></span> <span class='ocrx_word' id='word_1_741' title='bbox 2950 3492 3133 3550; x_wconf 77' lang='lat' dir='ltr'><strong>CXLV</strong></span> <span class='ocrx_word' id='word_1_742' title='bbox 3163 3497 3183 3519; x_wconf 84' lang='grc'><strong>·</strong></span> <span class='ocrx_word' id='word_1_743' title='bbox 3212 3493 3314 3565; x_wconf 90' lang='lat' dir='ltr'><strong>(a).</strong></span> 
     </span>
    </p>
   </div>
   <div class='ocr_carea' id='block_1_94' title="bbox 2148 3584 3744 3660">
    <p class='ocr_par' dir='ltr' id='par_1_94' title="bbox 2148 3584 3744 3660">
     <span class='ocr_line' id='line_1_94' title="bbox 2148 3584 3744 3660; baseline -0.001 -19"><span class='ocrx_word' id='word_1_744' title='bbox 2148 3585 2418 3642; x_wconf 77' lang='lat' dir='ltr'><strong>Anastasio</strong></span> <span class='ocrx_word' id='word_1_745' title='bbox 2432 3587 2706 3642; x_wconf 84' lang='lat' dir='ltr'><strong>rescribens</strong></span> <span class='ocrx_word' id='word_1_746' title='bbox 2724 3587 3058 3660; x_wconf 81' lang='lat' dir='ltr'><strong>Augustinus,</strong></span> <span class='ocrx_word' id='word_1_747' title='bbox 3088 3589 3231 3642; x_wconf 84' lang='lat' dir='ltr'><strong>docet</strong></span> <span class='ocrx_word' id='word_1_748' title='bbox 3249 3603 3349 3642; x_wconf 83' lang='lat' dir='ltr'><strong>non</strong></span> <span class='ocrx_word' id='word_1_749' title='bbox 3369 3603 3460 3658; x_wconf 87' lang='lat' dir='ltr'><strong>per</strong></span> <span class='ocrx_word' id='word_1_750' title='bbox 3478 3586 3635 3660; x_wconf 81' lang='lat' dir='ltr'><strong>legem</strong></span> <span class='ocrx_word' id='word_1_751' title='bbox 3655 3584 3744 3640; x_wconf 84' lang='lat' dir='ltr'><strong>sed</strong></span> 
     </span>
    </p>
   </div>
   <div class='ocr_carea' id='block_1_95' title="bbox 2194 3677 3742 3752">
    <p class='ocr_par' dir='ltr' id='par_1_95' title="bbox 2194 3677 3742 3752">
     <span class='ocr_line' id='line_1_95' title="bbox 2194 3677 3742 3752; baseline -0.003 -18"><span class='ocrx_word' id='word_1_752' title='bbox 2194 3695 2282 3750; x_wconf 82' lang='lat' dir='ltr'><strong>per</strong></span> <span class='ocrx_word' id='word_1_753' title='bbox 2293 3679 2527 3751; x_wconf 84' lang='lat' dir='ltr'><strong>gratiam,</strong></span> <span class='ocrx_word' id='word_1_754' title='bbox 2540 3696 2698 3752; x_wconf 80' lang='lat' dir='ltr'><strong>neque</strong></span> <span class='ocrx_word' id='word_1_755' title='bbox 2711 3679 2889 3734; x_wconf 82' lang='lat' dir='ltr'><strong>timore</strong></span> <span class='ocrx_word' id='word_1_756' title='bbox 2907 3680 2996 3736; x_wconf 85' lang='lat' dir='ltr'><strong>sed</strong></span> <span class='ocrx_word' id='word_1_757' title='bbox 3014 3679 3257 3734; x_wconf 82' lang='lat' dir='ltr'><strong>charitate</strong></span> <span class='ocrx_word' id='word_1_758' title='bbox 3265 3677 3464 3750; x_wconf 77' lang='lat' dir='ltr'><strong>impleri</strong></span> <span class='ocrx_word' id='word_1_759' title='bbox 3466 3677 3742 3750; x_wconf 82' lang='lat' dir='ltr'><strong>justitiam.</strong></span> 
     </span>
    </p>
   </div>
   <div class='ocr_carea' id='block_1_96' title="bbox 2219 3791 3668 3860">
    <p class='ocr_par' dir='ltr' id='par_1_96' title="bbox 2219 3791 3668 3860">
     <span class='ocr_line' id='line_1_96' title="bbox 2219 3791 3668 3860; baseline 0.001 -13"><span class='ocrx_word' id='word_1_760' title='bbox 2219 3791 2446 3848; x_wconf 91' lang='lat' dir='ltr'><strong>Domino</strong></span> <span class='ocrx_word' id='word_1_761' title='bbox 2479 3791 2632 3848; x_wconf 87' lang='lat' dir='ltr'><strong>fratri</strong></span> <span class='ocrx_word' id='word_1_762' title='bbox 2665 3802 2850 3850; x_wconf 88' lang='lat' dir='ltr'><strong>sancto</strong></span> <span class='ocrx_word' id='word_1_763' title='bbox 2875 3801 2932 3850; x_wconf 90' lang='lat' dir='ltr'><strong>et</strong></span> <span class='ocrx_word' id='word_1_764' title='bbox 2964 3793 3305 3849; x_wconf 90' lang='lat' dir='ltr'><strong>desiderabili</strong></span> <span class='ocrx_word' id='word_1_765' title='bbox 3331 3793 3668 3860; x_wconf 64' lang='lat' dir='ltr'><strong>Amsrssw,</strong></span> 
     </span>
    </p>
   </div>
   <div class='ocr_carea' id='block_1_97' title="bbox 2459 3886 3429 3953">
    <p class='ocr_par' dir='ltr' id='par_1_97' title="bbox 2459 3886 3429 3953">
     <span class='ocr_line' id='line_1_97' title="bbox 2459 3886 3429 3953; baseline -0.003 -11"><span class='ocrx_word' id='word_1_766' title='bbox 2459 3887 2813 3953; x_wconf 71' lang='lat' dir='ltr'><strong>AUGUSTINUS,</strong></span> <span class='ocrx_word' id='word_1_767' title='bbox 2847 3886 2898 3940; x_wconf 92' lang='lat' dir='ltr'><strong>in</strong></span> <span class='ocrx_word' id='word_1_768' title='bbox 2927 3887 3153 3941; x_wconf 92' lang='lat' dir='ltr'><strong>Domino</strong></span> <span class='ocrx_word' id='word_1_769' title='bbox 3181 3886 3429 3941; x_wconf 86' lang='lat' dir='ltr'><strong>salutem.</strong></span> 
     </span>
    </p>
   </div>
   <div class='ocr_carea' id='block_1_98' title="bbox 2218 3978 3743 4036">
    <p class='ocr_par' dir='ltr' id='par_1_98' title="bbox 2218 3978 3743 4036">
     <span class='ocr_line' id='line_1_98' title="bbox 2218 3978 3743 4036; baseline -0.001 -2"><span class='ocrx_word' id='word_1_770' title='bbox 2218 3980 2270 4034; x_wconf 83' lang='grc'><strong>1.</strong></span> <span class='ocrx_word' id='word_1_771' title='bbox 2301 3978 2580 4035; x_wconf 89' lang='lat' dir='ltr'><strong>Salutandi</strong></span> <span class='ocrx_word' id='word_1_772' title='bbox 2615 3978 2991 4036; x_wconf 90' lang='lat' dir='ltr'><strong>Sinceritatem</strong></span> <span class='ocrx_word' id='word_1_773' title='bbox 3035 3987 3178 4034; x_wconf 86' lang='lat' dir='ltr'><strong>tuam</strong></span> <span class='ocrx_word' id='word_1_774' title='bbox 3209 3979 3466 4034; x_wconf 86' lang='lat' dir='ltr'><strong>fidissima</strong></span> <span class='ocrx_word' id='word_1_775' title='bbox 3511 3978 3743 4034; x_wconf 89' lang='lat' dir='ltr'><strong>occurrit</strong></span> 
     </span>
    </p>
   </div>
   <div class='ocr_carea' id='block_1_99' title="bbox 2145 4072 3742 4139">
    <p class='ocr_par' dir='ltr' id='par_1_99' title="bbox 2145 4072 3742 4139">
     <span class='ocr_line' id='line_1_99' title="bbox 2145 4072 3742 4139; baseline -0.001 -11"><span class='ocrx_word' id='word_1_776' title='bbox 2145 4073 2356 4128; x_wconf 86' lang='lat' dir='ltr'><strong>occasio</strong></span> <span class='ocrx_word' id='word_1_777' title='bbox 2387 4072 2778 4128; x_wconf 87' lang='lat' dir='ltr'><strong>honorabilium</strong></span> <span class='ocrx_word' id='word_1_778' title='bbox 2822 4089 3097 4128; x_wconf 86' lang='lat' dir='ltr'><strong>servorum</strong></span> <span class='ocrx_word' id='word_1_779' title='bbox 3132 4073 3248 4139; x_wconf 91' lang='lat' dir='ltr'><strong>Dei,</strong></span> <span class='ocrx_word' id='word_1_780' title='bbox 3280 4074 3499 4127; x_wconf 89' lang='lat' dir='ltr'><strong>fratrum</strong></span> <span class='ocrx_word' id='word_1_781' title='bbox 3531 4083 3742 4128; x_wconf 87' lang='lat' dir='ltr'><strong>nostro-</strong></span> 
     </span>
    </p>
   </div>
   <div class='ocr_carea' id='block_1_100' title="bbox 2147 4159 3741 4237">
    <p class='ocr_par' dir='ltr' id='par_1_100' title="bbox 2147 4159 3741 4237">
     <span class='ocr_line' id='line_1_100' title="bbox 2147 4159 3741 4237; baseline -0.001 -16"><span class='ocrx_word' id='word_1_782' title='bbox 2147 4183 2266 4221; x_wconf 89' lang='lat' dir='ltr'><strong>rum</strong></span> <span class='ocrx_word' id='word_1_783' title='bbox 2308 4166 2551 4237; x_wconf 88' lang='lat' dir='ltr'><strong>Lupicini</strong></span> <span class='ocrx_word' id='word_1_784' title='bbox 2589 4173 2647 4221; x_wconf 89' lang='lat' dir='ltr'><strong>et</strong></span> <span class='ocrx_word' id='word_1_785' title='bbox 2669 4165 3067 4231; x_wconf 88' lang='lat' dir='ltr'><strong>Cnncordialis,</strong></span> <span class='ocrx_word' id='word_1_786' title='bbox 3111 4181 3206 4236; x_wconf 91' lang='lat' dir='ltr'><strong>per</strong></span> <span class='ocrx_word' id='word_1_787' title='bbox 3231 4159 3372 4236; x_wconf 87' lang='lat' dir='ltr'><strong>quos</strong></span> <span class='ocrx_word' id='word_1_788' title='bbox 3391 4165 3602 4220; x_wconf 86' lang='lat' dir='ltr'><strong>etiamsi</strong></span> <span class='ocrx_word' id='word_1_789' title='bbox 3633 4179 3741 4220; x_wconf 89' lang='lat' dir='ltr'><strong>non</strong></span> 
     </span>
    </p>
   </div>
   <div class='ocr_carea' id='block_1_101' title="bbox 2146 4255 3742 4326">
    <p class='ocr_par' dir='ltr' id='par_1_101' title="bbox 2146 4255 3742 4326">
     <span class='ocr_line' id='line_1_101' title="bbox 2146 4255 3742 4326; baseline -0.001 -14"><span class='ocrx_word' id='word_1_790' title='bbox 2146 4257 2462 4324; x_wconf 85' lang='lat' dir='ltr'><strong>scriberem,</strong></span> <span class='ocrx_word' id='word_1_791' title='bbox 2502 4265 2683 4326; x_wconf 87' lang='lat' dir='ltr'><strong>posset</strong></span> <span class='ocrx_word' id='word_1_792' title='bbox 2708 4255 2952 4310; x_wconf 88' lang='lat' dir='ltr'><strong>Charitas</strong></span> <span class='ocrx_word' id='word_1_793' title='bbox 2981 4266 3066 4310; x_wconf 90' lang='lat' dir='ltr'><strong>tua</strong></span> <span class='ocrx_word' id='word_1_794' title='bbox 3105 4255 3282 4310; x_wconf 89' lang='lat' dir='ltr'><strong>omnia</strong></span> <span class='ocrx_word' id='word_1_795' title='bbox 3325 4272 3444 4326; x_wconf 62' lang='lat' dir='ltr'><strong>quae</strong></span> <span class='ocrx_word' id='word_1_796' title='bbox 3469 4255 3607 4326; x_wconf 88' lang='lat' dir='ltr'><strong>apud</strong></span> <span class='ocrx_word' id='word_1_797' title='bbox 3642 4269 3742 4310; x_wconf 82' lang='lat' dir='ltr'><strong>nos</strong></span> 
     </span>
    </p>
   </div>
   <div class='ocr_carea' id='block_1_102' title="bbox 2143 4348 3742 4421">
    <p class='ocr_par' dir='ltr' id='par_1_102' title="bbox 2143 4348 3742 4421">
     <span class='ocr_line' id='line_1_102' title="bbox 2143 4348 3742 4421; baseline 0.001 -18"><span class='ocrx_word' id='word_1_798' title='bbox 2143 4359 2393 4421; x_wconf 88' lang='lat' dir='ltr'><strong>aguntur,</strong></span> <span class='ocrx_word' id='word_1_799' title='bbox 2417 4349 2718 4406; x_wconf 89' lang='lat' dir='ltr'><strong>addiscere.</strong></span> <span class='ocrx_word' id='word_1_800' title='bbox 2739 4349 2860 4405; x_wconf 90' lang='lat' dir='ltr'><strong>Scio</strong></span> <span class='ocrx_word' id='word_1_801' title='bbox 2884 4351 3025 4405; x_wconf 89' lang='lat' dir='ltr'><strong>enim</strong></span> <span class='ocrx_word' id='word_1_802' title='bbox 3049 4359 3304 4420; x_wconf 92' lang='lat' dir='ltr'><strong>quantum</strong></span> <span class='ocrx_word' id='word_1_803' title='bbox 3332 4365 3430 4404; x_wconf 91' lang='lat' dir='ltr'><strong>nos</strong></span> <span class='ocrx_word' id='word_1_804' title='bbox 3450 4351 3502 4404; x_wconf 90' lang='lat' dir='ltr'><strong>in</strong></span> <span class='ocrx_word' id='word_1_805' title='bbox 3525 4348 3742 4405; x_wconf 87' lang='lat' dir='ltr'><strong>Christo</strong></span> 
     </span>
    </p>
   </div>
   <div class='ocr_carea' id='block_1_103' title="bbox 2143 4441 3739 4512">
    <p class='ocr_par' dir='ltr' id='par_1_103' title="bbox 2143 4441 3739 4512">
     <span class='ocr_line' id='line_1_103' title="bbox 2143 4441 3739 4512; baseline -0.001 -16"><span class='ocrx_word' id='word_1_806' title='bbox 2143 4441 2357 4512; x_wconf 81' lang='lat' dir='ltr'><strong>diligas,</strong></span> <span class='ocrx_word' id='word_1_807' title='bbox 2389 4441 2510 4512; x_wconf 92' lang='lat' dir='ltr'><strong>quia</strong></span> <span class='ocrx_word' id='word_1_808' title='bbox 2543 4451 2599 4497; x_wconf 93' lang='lat' dir='ltr'><strong>et</strong></span> <span class='ocrx_word' id='word_1_809' title='bbox 2628 4451 2683 4497; x_wconf 89' lang='lat' dir='ltr'><strong>tu</strong></span> <span class='ocrx_word' id='word_1_810' title='bbox 2713 4442 2820 4496; x_wconf 90' lang='lat' dir='ltr'><strong>scis</strong></span> <span class='ocrx_word' id='word_1_811' title='bbox 2848 4450 3104 4512; x_wconf 83' lang='lat' dir='ltr'><strong>qnantum</strong></span> <span class='ocrx_word' id='word_1_812' title='bbox 3139 4441 3189 4495; x_wconf 89' lang='lat' dir='ltr'><strong>in</strong></span> <span class='ocrx_word' id='word_1_813' title='bbox 3231 4441 3321 4496; x_wconf 92' lang='lat' dir='ltr'><strong>illo</strong></span> <span class='ocrx_word' id='word_1_814' title='bbox 3357 4441 3588 4496; x_wconf 90' lang='lat' dir='ltr'><strong>vicissim</strong></span> <span class='ocrx_word' id='word_1_815' title='bbox 3615 4441 3739 4496; x_wconf 86' lang='lat' dir='ltr'><strong>dili-</strong></span> 
     </span>
    </p>
   </div>
   <div class='ocr_carea' id='block_1_104' title="bbox 2141 4532 3738 4605">
    <p class='ocr_par' dir='ltr' id='par_1_104' title="bbox 2141 4532 3738 4605">
     <span class='ocr_line' id='line_1_104' title="bbox 2141 4532 3738 4605; baseline -0.001 -17"><span class='ocrx_word' id='word_1_816' title='bbox 2141 4534 2285 4605; x_wconf 90' lang='lat' dir='ltr'><strong>garis</strong></span> <span class='ocrx_word' id='word_1_817' title='bbox 2309 4549 2338 4587; x_wconf 96' lang='lat' dir='ltr'><strong>a</strong></span> <span class='ocrx_word' id='word_1_818' title='bbox 2380 4532 2534 4588; x_wconf 89' lang='lat' dir='ltr'><strong>nobis</strong></span> <span class='ocrx_word' id='word_1_819' title='bbox 2565 4550 2577 4586; x_wconf 90' lang='lat'><strong>:</strong></span> <span class='ocrx_word' id='word_1_820' title='bbox 2607 4543 2661 4589; x_wconf 90' lang='lat' dir='ltr'><strong>et</strong></span> <span class='ocrx_word' id='word_1_821' title='bbox 2692 4533 2812 4587; x_wconf 92' lang='lat' dir='ltr'><strong>ideo</strong></span> <span class='ocrx_word' id='word_1_822' title='bbox 2835 4547 2942 4587; x_wconf 90' lang='lat' dir='ltr'><strong>non</strong></span> <span class='ocrx_word' id='word_1_823' title='bbox 2967 4532 3201 4587; x_wconf 92' lang='lat' dir='ltr'><strong>dubitavi</strong></span> <span class='ocrx_word' id='word_1_824' title='bbox 3227 4541 3279 4588; x_wconf 91' lang='lat' dir='ltr'><strong>te</strong></span> <span class='ocrx_word' id='word_1_825' title='bbox 3306 4533 3611 4587; x_wconf 91' lang='lat' dir='ltr'><strong>contristari</strong></span> <span class='ocrx_word' id='word_1_826' title='bbox 3639 4547 3738 4603; x_wconf 87' lang='lat' dir='ltr'><strong>po-</strong></span> 
     </span>
    </p>
   </div>
   <div class='ocr_carea' id='block_1_105' title="bbox 2143 4625 3738 4697">
    <p class='ocr_par' dir='ltr' id='par_1_105' title="bbox 2143 4625 3738 4697">
     <span class='ocr_line' id='line_1_105' title="bbox 2143 4625 3738 4697; baseline -0.001 -15"><span class='ocrx_word' id='word_1_827' title='bbox 2143 4628 2326 4694; x_wconf 90' lang='lat' dir='ltr'><strong>tuisse,</strong></span> <span class='ocrx_word' id='word_1_828' title='bbox 2357 4627 2400 4681; x_wconf 90' lang='lat' dir='ltr'><strong>si</strong></span> <span class='ocrx_word' id='word_1_829' title='bbox 2431 4642 2525 4682; x_wconf 90' lang='lat' dir='ltr'><strong>cos</strong></span> <span class='ocrx_word' id='word_1_830' title='bbox 2567 4625 2792 4681; x_wconf 87' lang='lat' dir='ltr'><strong>vidisses</strong></span> <span class='ocrx_word' id='word_1_831' title='bbox 2820 4626 2935 4680; x_wconf 92' lang='lat' dir='ltr'><strong>sine</strong></span> <span class='ocrx_word' id='word_1_832' title='bbox 2965 4626 3154 4682; x_wconf 90' lang='lat' dir='ltr'><strong>litteris</strong></span> <span class='ocrx_word' id='word_1_833' title='bbox 3183 4626 3335 4690; x_wconf 91' lang='lat' dir='ltr'><strong>meis,</strong></span> <span class='ocrx_word' id='word_1_834' title='bbox 3365 4642 3498 4697; x_wconf 90' lang='lat' dir='ltr'><strong>quos</strong></span> <span class='ocrx_word' id='word_1_835' title='bbox 3527 4642 3558 4681; x_wconf 91' lang='lat' dir='ltr'><strong>a</strong></span> <span class='ocrx_word' id='word_1_836' title='bbox 3583 4627 3738 4682; x_wconf 87' lang='lat' dir='ltr'><strong>nobis</strong></span> 
     </span>
    </p>
   </div>
   <div class='ocr_carea' id='block_1_106' title="bbox 2141 4718 3740 4789">
    <p class='ocr_par' dir='ltr' id='par_1_106' title="bbox 2141 4718 3740 4789">
     <span class='ocr_line' id='line_1_106' title="bbox 2141 4718 3740 4789; baseline -0.001 -14"><span class='ocrx_word' id='word_1_837' title='bbox 2141 4721 2429 4789; x_wconf 85' lang='lat' dir='ltr'><strong>profectos,</strong></span> <span class='ocrx_word' id='word_1_838' title='bbox 2453 4728 2510 4774; x_wconf 90' lang='lat' dir='ltr'><strong>et</strong></span> <span class='ocrx_word' id='word_1_839' title='bbox 2531 4729 2672 4772; x_wconf 87' lang='lat' dir='ltr'><strong>tanta</strong></span> <span class='ocrx_word' id='word_1_840' title='bbox 2701 4719 2854 4772; x_wconf 72' lang='lat' dir='ltr'><strong>nobis</strong></span> <span class='ocrx_word' id='word_1_841' title='bbox 2882 4718 3236 4774; x_wconf 88' lang='lat' dir='ltr'><strong>familiaritate</strong></span> <span class='ocrx_word' id='word_1_842' title='bbox 3256 4719 3570 4789; x_wconf 87' lang='lat' dir='ltr'><strong>conjunctos</strong></span> <span class='ocrx_word' id='word_1_843' title='bbox 3592 4720 3740 4789; x_wconf 84' lang='lat' dir='ltr'><strong>igno-</strong></span> 
     </span>
    </p>
   </div>
   <div class='ocr_carea' id='block_1_107' title="bbox 2142 4812 3740 4883">
    <p class='ocr_par' dir='ltr' id='par_1_107' title="bbox 2142 4812 3740 4883">
     <span class='ocr_line' id='line_1_107' title="bbox 2142 4812 3740 4883; baseline 0.001 -15"><span class='ocrx_word' id='word_1_844' title='bbox 2142 4830 2262 4868; x_wconf 85' lang='lat' dir='ltr'><strong>rare</strong></span> <span class='ocrx_word' id='word_1_845' title='bbox 2300 4830 2405 4867; x_wconf 89' lang='lat' dir='ltr'><strong>non</strong></span> <span class='ocrx_word' id='word_1_846' title='bbox 2449 4828 2670 4882; x_wconf 88' lang='lat' dir='ltr'><strong>posses;</strong></span> <span class='ocrx_word' id='word_1_847' title='bbox 2714 4812 2873 4866; x_wconf 88' lang='lat' dir='ltr'><strong>simul</strong></span> <span class='ocrx_word' id='word_1_848' title='bbox 2901 4812 3060 4866; x_wconf 88' lang='lat' dir='ltr'><strong>etiam</strong></span> <span class='ocrx_word' id='word_1_849' title='bbox 3085 4813 3207 4883; x_wconf 90' lang='lat' dir='ltr'><strong>quia</strong></span> <span class='ocrx_word' id='word_1_850' title='bbox 3235 4813 3616 4883; x_wconf 88' lang='lat' dir='ltr'><strong>rescriptorum</strong></span> <span class='ocrx_word' id='word_1_851' title='bbox 3644 4813 3740 4869; x_wconf 81' lang='lat' dir='ltr'><strong>de-</strong></span> 
     </span>
    </p>
   </div>
   <div class='ocr_carea' id='block_1_108' title="bbox 2140 4903 3737 4974">
    <p class='ocr_par' dir='ltr' id='par_1_108' title="bbox 2140 4903 3737 4974">
     <span class='ocr_line' id='line_1_108' title="bbox 2140 4903 3737 4974; baseline 0 -14"><span class='ocrx_word' id='word_1_852' title='bbox 2140 4905 2282 4961; x_wconf 90' lang='lat' dir='ltr'><strong>bitor</strong></span> <span class='ocrx_word' id='word_1_853' title='bbox 2317 4904 2410 4958; x_wconf 89' lang='lat' dir='ltr'><strong>fui.</strong></span> <span class='ocrx_word' id='word_1_854' title='bbox 2456 4903 2589 4958; x_wconf 86' lang='lat' dir='ltr'><strong>Nam</strong></span> <span class='ocrx_word' id='word_1_855' title='bbox 2632 4919 2696 4958; x_wconf 87' lang='lat' dir='ltr'><strong>ex</strong></span> <span class='ocrx_word' id='word_1_856' title='bbox 2737 4919 2842 4971; x_wconf 89' lang='lat' dir='ltr'><strong>quo</strong></span> <span class='ocrx_word' id='word_1_857' title='bbox 2889 4904 3091 4974; x_wconf 89' lang='lat' dir='ltr'><strong>sumpsi</strong></span> <span class='ocrx_word' id='word_1_858' title='bbox 3130 4903 3408 4974; x_wconf 88' lang='lat' dir='ltr'><strong>epistolam</strong></span> <span class='ocrx_word' id='word_1_859' title='bbox 3438 4914 3604 4970; x_wconf 87' lang='lat' dir='ltr'><strong>tuam,</strong></span> <span class='ocrx_word' id='word_1_860' title='bbox 3637 4904 3737 4960; x_wconf 87' lang='lat' dir='ltr'><strong>nisi</strong></span> 
     </span>
    </p>
   </div>
   <div class='ocr_carea' id='block_1_109' title="bbox 2138 4995 3737 5066">
    <p class='ocr_par' dir='ltr' id='par_1_109' title="bbox 2138 4995 3737 5066">
     <span class='ocr_line' id='line_1_109' title="bbox 2138 4995 3737 5066; baseline -0.001 -14"><span class='ocrx_word' id='word_1_861' title='bbox 2138 5011 2281 5053; x_wconf 92' lang='lat' dir='ltr'><strong>nunc</strong></span> <span class='ocrx_word' id='word_1_862' title='bbox 2305 4996 2532 5066; x_wconf 91' lang='lat' dir='ltr'><strong>primum</strong></span> <span class='ocrx_word' id='word_1_863' title='bbox 2559 4995 2900 5064; x_wconf 88' lang='lat' dir='ltr'><strong>rescripsisse</strong></span> <span class='ocrx_word' id='word_1_864' title='bbox 2925 5010 3011 5051; x_wconf 90' lang='lat' dir='ltr'><strong>me</strong></span> <span class='ocrx_word' id='word_1_865' title='bbox 3036 4996 3217 5050; x_wconf 89' lang='lat' dir='ltr'><strong>nescio</strong></span> <span class='ocrx_word' id='word_1_866' title='bbox 3243 5011 3257 5052; x_wconf 87' lang='lat'><strong>:</strong></span> <span class='ocrx_word' id='word_1_867' title='bbox 3287 4995 3448 5049; x_wconf 89' lang='lat' dir='ltr'><strong>tantis</strong></span> <span class='ocrx_word' id='word_1_868' title='bbox 3475 4996 3619 5050; x_wconf 91' lang='lat' dir='ltr'><strong>enim</strong></span> <span class='ocrx_word' id='word_1_869' title='bbox 3638 5009 3737 5051; x_wconf 89' lang='lat' dir='ltr'><strong>cu-</strong></span> 
     </span>
    </p>
   </div>
   <div class='ocr_carea' id='block_1_110' title="bbox 2137 5085 3734 5153">
    <p class='ocr_par' dir='ltr' id='par_1_110' title="bbox 2137 5085 3734 5153">
     <span class='ocr_line' id='line_1_110' title="bbox 2137 5085 3734 5153; baseline -0.001 -10"><span class='ocrx_word' id='word_1_870' title='bbox 2137 5088 2213 5143; x_wconf 87' lang='lat' dir='ltr'><strong>ris</strong></span> <span class='ocrx_word' id='word_1_871' title='bbox 2241 5087 2479 5144; x_wconf 85' lang='lat' dir='ltr'><strong>obstricti</strong></span> <span class='ocrx_word' id='word_1_872' title='bbox 2514 5094 2567 5142; x_wconf 89' lang='lat' dir='ltr'><strong>et</strong></span> <span class='ocrx_word' id='word_1_873' title='bbox 2587 5085 2803 5141; x_wconf 90' lang='lat' dir='ltr'><strong>distenti</strong></span> <span class='ocrx_word' id='word_1_874' title='bbox 2841 5101 3046 5153; x_wconf 88' lang='lat' dir='ltr'><strong>sumus,</strong></span> <span class='ocrx_word' id='word_1_875' title='bbox 3075 5096 3134 5140; x_wconf 91' lang='lat' dir='ltr'><strong>ut</strong></span> <span class='ocrx_word' id='word_1_876' title='bbox 3157 5087 3315 5142; x_wconf 93' lang='lat' dir='ltr'><strong>etiam</strong></span> <span class='ocrx_word' id='word_1_877' title='bbox 3345 5087 3448 5143; x_wconf 89' lang='lat' dir='ltr'><strong>hoc</strong></span> <span class='ocrx_word' id='word_1_878' title='bbox 3478 5089 3734 5143; x_wconf 87' lang='lat' dir='ltr'><strong>nesciam.</strong></span> 
     </span>
    </p>
   </div>
   <div class='ocr_carea' id='block_1_111' title="bbox 2209 5176 3739 5246">
    <p class='ocr_par' dir='ltr' id='par_1_111' title="bbox 2209 5176 3739 5246">
     <span class='ocr_line' id='line_1_111' title="bbox 2209 5176 3739 5246; baseline 0.001 -13"><span class='ocrx_word' id='word_1_879' title='bbox 2209 5179 2266 5233; x_wconf 79' lang='lat'><strong>2.</strong></span> <span class='ocrx_word' id='word_1_880' title='bbox 2297 5177 2459 5232; x_wconf 78' lang='lat' dir='ltr'><strong>Vobis</strong></span> <span class='ocrx_word' id='word_1_881' title='bbox 2494 5186 2672 5232; x_wconf 89' lang='lat' dir='ltr'><strong>autem</strong></span> <span class='ocrx_word' id='word_1_882' title='bbox 2700 5176 3151 5246; x_wconf 86' lang='lat' dir='ltr'><strong>quemadmodum</strong></span> <span class='ocrx_word' id='word_1_883' title='bbox 3191 5179 3262 5232; x_wconf 87' lang='lat' dir='ltr'><strong>sit</strong></span> <span class='ocrx_word' id='word_1_884' title='bbox 3298 5188 3351 5233; x_wconf 90' lang='lat' dir='ltr'><strong>et</strong></span> <span class='ocrx_word' id='word_1_885' title='bbox 3381 5187 3558 5234; x_wconf 87' lang='lat' dir='ltr'><strong>utrum</strong></span> <span class='ocrx_word' id='word_1_886' title='bbox 3586 5181 3739 5235; x_wconf 87' lang='lat' dir='ltr'><strong>vobis</strong></span> 
     </span>
    </p>
   </div>
   <div class='ocr_carea' id='block_1_112' title="bbox 2138 5271 3738 5345">
    <p class='ocr_par' dir='ltr' id='par_1_112' title="bbox 2138 5271 3738 5345">
     <span class='ocr_line' id='line_1_112' title="bbox 2138 5271 3738 5345; baseline -0.001 -16"><span class='ocrx_word' id='word_1_887' title='bbox 2138 5274 2366 5345; x_wconf 90' lang='lat' dir='ltr'><strong>aliquam</strong></span> <span class='ocrx_word' id='word_1_888' title='bbox 2389 5273 2651 5342; x_wconf 90' lang='lat' dir='ltr'><strong>requiem,</strong></span> <span class='ocrx_word' id='word_1_889' title='bbox 2677 5282 2934 5341; x_wconf 91' lang='lat' dir='ltr'><strong>quantum</strong></span> <span class='ocrx_word' id='word_1_890' title='bbox 2962 5271 3015 5326; x_wconf 91' lang='lat' dir='ltr'><strong>in</strong></span> <span class='ocrx_word' id='word_1_891' title='bbox 3039 5271 3137 5327; x_wconf 89' lang='lat' dir='ltr'><strong>hac</strong></span> <span class='ocrx_word' id='word_1_892' title='bbox 3160 5282 3298 5327; x_wconf 86' lang='lat' dir='ltr'><strong>terra</strong></span> <span class='ocrx_word' id='word_1_893' title='bbox 3322 5281 3521 5343; x_wconf 88' lang='lat' dir='ltr'><strong>potest,</strong></span> <span class='ocrx_word' id='word_1_894' title='bbox 3552 5273 3738 5328; x_wconf 86' lang='lat' dir='ltr'><strong>Domi-</strong></span> 
     </span>
    </p>
   </div>
   <div class='ocr_carea' id='block_1_113' title="bbox 2135 5366 3721 5439">
    <p class='ocr_par' dir='ltr' id='par_1_113' title="bbox 2135 5366 3721 5439">
     <span class='ocr_line' id='line_1_113' title="bbox 2135 5366 3721 5439; baseline -0.003 -14"><span class='ocrx_word' id='word_1_895' title='bbox 2135 5385 2239 5425; x_wconf 87' lang='lat' dir='ltr'><strong>nus</strong></span> <span class='ocrx_word' id='word_1_896' title='bbox 2263 5366 2586 5439; x_wconf 67' lang='lat' dir='ltr'><strong>praestiterit,</strong></span> <span class='ocrx_word' id='word_1_897' title='bbox 2609 5366 2765 5420; x_wconf 91' lang='lat' dir='ltr'><strong>valde</strong></span> <span class='ocrx_word' id='word_1_898' title='bbox 2790 5380 2948 5420; x_wconf 89' lang='lat' dir='ltr'><strong>nosse</strong></span> <span class='ocrx_word' id='word_1_899' title='bbox 2969 5366 3214 5436; x_wconf 88' lang='lat' dir='ltr'><strong>cupimus</strong></span> <span class='ocrx_word' id='word_1_900' title='bbox 3240 5383 3252 5418; x_wconf 92' lang='lat'><strong>:</strong></span> <span class='ocrx_word' id='word_1_901' title='bbox 3279 5367 3529 5436; x_wconf 87' lang='lat' dir='ltr'><strong>quoniam</strong></span> <span class='ocrx_word' id='word_1_902' title='bbox 3561 5368 3606 5422; x_wconf 90' lang='lat' dir='ltr'><strong>si</strong></span> <span class='ocrx_word' id='word_1_903' title='bbox 3631 5366 3721 5437; x_wconf 89' lang='lat' dir='ltr'><strong>glo</strong></span> 
     </span>
    </p>
   </div>
   <div class='ocr_carea' id='block_1_114' title="bbox 2199 5477 3738 5547">
    <p class='ocr_par' dir='ltr' id='par_1_114' title="bbox 2199 5477 3738 5547">
     <span class='ocr_line' id='line_1_114' title="bbox 2199 5477 3738 5547; baseline 0.001 -17"><span class='ocrx_word' id='word_1_904' title='bbox 2199 5485 2217 5516; x_wconf 73' lang='grc' dir='ltr'>ί</span> <span class='ocrx_word' id='word_1_905' title='bbox 2242 5481 2357 5547; x_wconf 66' lang='lat' dir='ltr'><strong>add.</strong></span> <span class='ocrx_word' id='word_1_906' title='bbox 2377 5493 2392 5530; x_wconf 92' lang='lat'><strong>:</strong></span> <span class='ocrx_word' id='word_1_907' title='bbox 2417 5479 2571 5547; x_wconf 66' lang='lat' dir='ltr'><strong>magis</strong></span> <span class='ocrx_word' id='word_1_908' title='bbox 2583 5477 2813 5547; x_wconf 82' lang='lat' dir='ltr'><strong>ebrietate</strong></span> <span class='ocrx_word' id='word_1_909' title='bbox 2834 5477 3084 5547; x_wconf 63' lang='lat' dir='ltr'><strong>moderati</strong></span> <span class='ocrx_word' id='word_1_910' title='bbox 3103 5478 3526 5547; x_wconf 56' lang='lat' dir='ltr'><strong>partitur.</strong></span> <span class='ocrx_word' id='word_1_911' title='bbox 3542 5489 3738 5547; x_wconf 63' lang='lat' dir='ltr'><strong>Mm,</strong></span> 
     </span>
    </p>
   </div>
   <div class='ocr_carea' id='block_1_115' title="bbox 2134 5541 3739 5606">
    <p class='ocr_par' dir='ltr' id='par_1_115' title="bbox 2134 5541 3739 5606">
     <span class='ocr_line' id='line_1_115' title="bbox 2134 5541 3739 5606; baseline -0.002 -8"><span class='ocrx_word' id='word_1_912' title='bbox 2134 5544 2382 5597; x_wconf 77' lang='lat' dir='ltr'><strong>evertitur.</strong></span> <span class='ocrx_word' id='word_1_913' title='bbox 2407 5541 2710 5606; x_wconf 74' lang='lat' dir='ltr'><strong>Suspicamur</strong></span> <span class='ocrx_word' id='word_1_914' title='bbox 2725 5543 2858 5606; x_wconf 79' lang='lat' dir='ltr'><strong>hunc</strong></span> <span class='ocrx_word' id='word_1_915' title='bbox 2875 5541 3204 5606; x_wconf 53' lang='lat' dir='ltr'><strong>locumfuime</strong></span> <span class='ocrx_word' id='word_1_916' title='bbox 3225 5555 3255 5592; x_wconf 86' lang='lat' dir='ltr'><strong>a</strong></span> <span class='ocrx_word' id='word_1_917' title='bbox 3277 5542 3488 5606; x_wconf 78' lang='lat' dir='ltr'><strong>librariis</strong></span> <span class='ocrx_word' id='word_1_918' title='bbox 3515 5541 3739 5595; x_wconf 63' lang='lat' dir='ltr'><strong>imminui-</strong></span> 
     </span>
    </p>
   </div>
   <div class='ocr_carea' id='block_1_116' title="bbox 2136 5602 3546 5669">
    <p class='ocr_par' dir='ltr' id='par_1_116' title="bbox 2136 5602 3546 5669">
     <span class='ocr_line' id='line_1_116' title="bbox 2136 5602 3546 5669; baseline -0.004 -9"><span class='ocrx_word' id='word_1_919' title='bbox 2136 5616 2268 5669; x_wconf 86' lang='lat' dir='ltr'><strong>tum;</strong></span> <span class='ocrx_word' id='word_1_920' title='bbox 2290 5602 2546 5669; x_wconf 80' lang='lat' dir='ltr'><strong>idquevel</strong></span> <span class='ocrx_word' id='word_1_921' title='bbox 2570 5617 2633 5669; x_wconf 77' lang='lat' dir='ltr'><strong>ex</strong></span> <span class='ocrx_word' id='word_1_922' title='bbox 2659 5603 2893 5669; x_wconf 76' lang='lat' dir='ltr'><strong>particula</strong></span> <span class='ocrx_word' id='word_1_923' title='bbox 2913 5602 3092 5669; x_wconf 74' lang='lat' dir='ltr'><strong>magis,</strong></span> <span class='ocrx_word' id='word_1_924' title='bbox 3113 5606 3391 5669; x_wconf 68' lang='lat' dir='ltr'><strong>eogjectare</strong></span> <span class='ocrx_word' id='word_1_925' title='bbox 3414 5604 3546 5669; x_wconf 79' lang='lat' dir='ltr'><strong>licet.</strong></span> 
     </span>
    </p>
   </div>
   <div class='ocr_carea' id='block_1_117' title="bbox 2200 5665 3738 5731">
    <p class='ocr_par' dir='ltr' id='par_1_117' title="bbox 2200 5665 3738 5731">
     <span class='ocr_line' id='line_1_117' title="bbox 2200 5665 3738 5731; baseline 0 -12"><span class='ocrx_word' id='word_1_926' title='bbox 2200 5671 2216 5689; x_wconf 82' lang='lat'>&#39;</span> <span class='ocrx_word' id='word_1_927' title='bbox 2253 5665 2512 5731; x_wconf 64' lang='lat' dir='ltr'><strong>Recensita</strong></span> <span class='ocrx_word' id='word_1_928' title='bbox 2550 5666 2612 5715; x_wconf 80' lang='lat' dir='ltr'><strong>ad</strong></span> <span class='ocrx_word' id='word_1_929' title='bbox 2655 5665 2702 5714; x_wconf 78' lang='grc' dir='ltr'><strong>ὰ.</strong></span> <span class='ocrx_word' id='word_1_930' title='bbox 2750 5668 2834 5730; x_wconf 88' lang='lat' dir='ltr'><strong>hg.</strong></span> <span class='ocrx_word' id='word_1_931' title='bbox 2880 5665 2949 5716; x_wconf 92' lang='lat' dir='ltr'><strong>bl.</strong></span> <span class='ocrx_word' id='word_1_932' title='bbox 2981 5665 3026 5716; x_wconf 74' lang='grc' dir='ltr'><strong>ὁ.</strong></span> <span class='ocrx_word' id='word_1_933' title='bbox 3046 5665 3133 5731; x_wconf 70' lang='lat' dir='ltr'><strong>cc.</strong></span> <span class='ocrx_word' id='word_1_934' title='bbox 3157 5665 3391 5731; x_wconf 33' lang='lat' dir='ltr'><strong>fi‘.‘g._gv.</strong></span> <span class='ocrx_word' id='word_1_935' title='bbox 3417 5666 3452 5716; x_wconf 93' lang='lat' dir='ltr'><strong>l.</strong></span> <span class='ocrx_word' id='word_1_936' title='bbox 3487 5681 3538 5717; x_wconf 91' lang='lat' dir='ltr'><strong>n.</strong></span> <span class='ocrx_word' id='word_1_937' title='bbox 3562 5681 3606 5718; x_wconf 91' lang='lat' dir='ltr'><strong>r.</strong></span> <span class='ocrx_word' id='word_1_938' title='bbox 3630 5680 3674 5718; x_wconf 89' lang='lat' dir='ltr'><strong>s.</strong></span> <span class='ocrx_word' id='word_1_939' title='bbox 3698 5674 3738 5719; x_wconf 89' lang='lat' dir='ltr'><strong>t.</strong></span> 
     </span>
    </p>
   </div>
   <div class='ocr_carea' id='block_1_118' title="bbox 2136 5727 3560 5791">
    <p class='ocr_par' dir='ltr' id='par_1_118' title="bbox 2136 5727 3560 5791">
     <span class='ocr_line' id='line_1_118' title="bbox 2136 5727 3560 5791; baseline -0.003 -7"><span class='ocrx_word' id='word_1_940' title='bbox 2136 5732 2262 5784; x_wconf 87' lang='lat' dir='ltr'><strong>duos</strong></span> <span class='ocrx_word' id='word_1_941' title='bbox 2283 5731 2360 5781; x_wconf 87' lang='lat' dir='ltr'><strong>sb.</strong></span> <span class='ocrx_word' id='word_1_942' title='bbox 2385 5729 2509 5780; x_wconf 89' lang='lat' dir='ltr'><strong>duos</strong></span> <span class='ocrx_word' id='word_1_943' title='bbox 2530 5742 2605 5779; x_wconf 90' lang='lat' dir='ltr'><strong>vc.</strong></span> <span class='ocrx_word' id='word_1_944' title='bbox 2631 5727 2836 5791; x_wconf 80' lang='lat' dir='ltr'><strong>quatuor</strong></span> <span class='ocrx_word' id='word_1_945' title='bbox 2857 5743 2906 5779; x_wconf 92' lang='lat' dir='ltr'><strong>v.</strong></span> <span class='ocrx_word' id='word_1_946' title='bbox 2934 5735 2986 5778; x_wconf 90' lang='lat' dir='ltr'><strong>et</strong></span> <span class='ocrx_word' id='word_1_947' title='bbox 3002 5727 3063 5779; x_wconf 86' lang='lat' dir='ltr'><strong>ad</strong></span> <span class='ocrx_word' id='word_1_948' title='bbox 3084 5739 3186 5778; x_wconf 78' lang='lat' dir='ltr'><strong>Am.</strong></span> <span class='ocrx_word' id='word_1_949' title='bbox 3210 5727 3330 5780; x_wconf 62' lang='lat' dir='ltr'><strong>Bird:</strong></span> <span class='ocrx_word' id='word_1_950' title='bbox 3345 5736 3422 5780; x_wconf 81' lang='lat' dir='ltr'><strong>Er.</strong></span> <span class='ocrx_word' id='word_1_951' title='bbox 3447 5737 3560 5781; x_wconf 82' lang='lat' dir='ltr'><strong>Lov.</strong></span> 
     </span>
    </p>
   </div>
   <div class='ocr_carea' id='block_1_119' title="bbox 2193 5814 3736 5883">
    <p class='ocr_par' dir='ltr' id='par_1_119' title="bbox 2193 5814 3736 5883">
     <span class='ocr_line' id='line_1_119' title="bbox 2193 5814 3736 5883; baseline 0.003 -17"><span class='ocrx_word' id='word_1_952' title='bbox 2193 5817 2270 5883; x_wconf 74' lang='grc' dir='ltr'><strong>(α)</strong></span> <span class='ocrx_word' id='word_1_953' title='bbox 2285 5815 2422 5883; x_wconf 49' lang='lat' dir='ltr'><strong>Alias</strong></span> <span class='ocrx_word' id='word_1_954' title='bbox 2438 5814 2538 5883; x_wconf 48' lang='lat' dir='ltr'><strong>ut</strong></span> <span class='ocrx_word' id='word_1_955' title='bbox 2547 5827 2576 5883; x_wconf 90' lang='lat'><strong>:_</strong></span> <span class='ocrx_word' id='word_1_956' title='bbox 2575 5825 2686 5878; x_wconf 79' lang='lat' dir='ltr'><strong>quae</strong></span> <span class='ocrx_word' id='word_1_957' title='bbox 2703 5821 2868 5866; x_wconf 87' lang='lat' dir='ltr'><strong>autem</strong></span> <span class='ocrx_word' id='word_1_958' title='bbox 2888 5815 2978 5868; x_wconf 70' lang='lat'><strong>“5</strong></span> <span class='ocrx_word' id='word_1_959' title='bbox 2995 5821 3118 5881; x_wconf 87' lang='lat' dir='ltr'><strong>erat,</strong></span> <span class='ocrx_word' id='word_1_960' title='bbox 3138 5827 3268 5868; x_wconf 87' lang='lat' dir='ltr'><strong>nunc</strong></span> <span class='ocrx_word' id='word_1_961' title='bbox 3281 5815 3390 5874; x_wconf 69' lang='lat'><strong>248,</strong></span> <span class='ocrx_word' id='word_1_962' title='bbox 3405 5819 3585 5883; x_wconf 86' lang='lat' dir='ltr'><strong>Scripta</strong></span> <span class='ocrx_word' id='word_1_963' title='bbox 3602 5819 3736 5872; x_wconf 64' lang='lat' dir='ltr'><strong>circa</strong></span> 
     </span>
    </p>
   </div>
   <div class='ocr_carea' id='block_1_120' title="bbox 2135 5877 2579 5941">
    <p class='ocr_par' dir='ltr' id='par_1_120' title="bbox 2135 5877 2579 5941">
     <span class='ocr_line' id='line_1_120' title="bbox 2135 5877 2579 5941; baseline -0.018 -6"><span class='ocrx_word' id='word_1_964' title='bbox 2135 5877 2216 5935; x_wconf 77' lang='lat' dir='ltr'><strong>sn;</strong></span> <span class='ocrx_word' id='word_1_965' title='bbox 2243 5877 2355 5941; x_wconf 64' lang='grc'><strong>112,</strong></span> <span class='ocrx_word' id='word_1_966' title='bbox 2379 5884 2466 5932; x_wconf 73' lang='lat' dir='ltr'><strong>aut</strong></span> <span class='ocrx_word' id='word_1_967' title='bbox 2485 5877 2579 5930; x_wconf 72' lang='grc'><strong>413</strong></span> 
     </span>
    </p>
   </div>
  </div>
