4014 6338
310 564 547 621 riflcatur
570 574 738 616 unum
762 558 1081 622 membrum,
1098 552 1433 627 congaudent
1452 552 1628 608 omnia
1647 550 1899 606 membra

308 656 373 729 (l
400 653 521 709 Cor.
552 669 652 719 xu,
694 652 836 724 26);
876 659 1035 720 atque
1078 650 1144 704 ita
1178 650 1489 720 plerumque
1522 643 1808 712 contingit,
1842 648 1903 695 ut

310 746 437 804 dum
468 744 676 813 aliquos
716 744 905 796 fratres
944 750 1155 795 nostros
1197 739 1250 793 in
1297 736 1781 809 quantulacumque
1810 746 1896 787 re-

316 840 440 910 quie
466 838 811 901 constitutos,
839 834 892 889 in
932 833 1125 890 mediis
1149 832 1346 888 nostris
1373 827 1732 884 anxietatibus
1760 823 1904 895 cogi-

316 941 509 994 tamus,
538 943 648 983 non
666 942 827 997 parva
851 940 917 981 ex
938 932 1091 998 parte
1114 938 1439 988 recreemur,
1463 929 1709 990 tanquam
1733 925 1788 970 et
1805 929 1904 969 nos

314 1025 366 1079 in
408 1022 543 1092 ipsis
592 1020 826 1091 quietius
872 1018 1305 1088 tranquilliusque
1351 1016 1609 1069 vivamus.
1653 1007 1907 1076 Quamvis

316 1116 480 1171 etiam
511 1128 633 1167 cum
664 1111 923 1167 molestia!
954 1112 1004 1164 in
1052 1109 1207 1179 hujus
1237 1109 1359 1163 vita:
1384 1105 1667 1174 fragilitate
1690 1102 1906 1156 crebre-

320 1215 479 1261 scunt
499 1246 514 1269 ,
546 1213 801 1259 aeternam
831 1202 1065 1272 requiem
1094 1216 1193 1256 nos
1218 1199 1525 1255 desiderare
1562 1194 1905 1265 compellunt.

320 1296 548 1353 Mundus
569 1297 765 1366 quippe
787 1296 885 1350 iste
909 1293 1254 1364 periculosior
1272 1301 1351 1346 est
1374 1289 1596 1345 blandus
1617 1301 1773 1358 quam
1797 1299 1911 1339 mo-

326 1392 511 1453 lestus,
543 1400 597 1445 et
623 1389 790 1460 magis
832 1386 1099 1442 cavendus
1135 1401 1255 1441 cum
1285 1400 1343 1439 se
1370 1384 1519 1439 illicit
1542 1380 1723 1450 diligi,
1753 1391 1909 1448 quam

320 1499 441 1539 cum
464 1481 720 1536 admouet
733 1480 978 1549 cogitque
999 1477 1285 1533 contemni.
1308 1476 1438 1530 Nam
1460 1489 1582 1528 cum
1597 1470 1774 1527 omnia
1794 1482 1912 1539 quae

328 1577 379 1632 in
413 1576 504 1629 illo
534 1585 686 1637 sunt,
729 1571 1158 1641 concupiscentia
1200 1570 1309 1623 sint
1334 1567 1533 1632 carnis,
1575 1573 1629 1619 et
1661 1559 1914 1631 concupi-

326 1665 527 1722 scentia
560 1664 857 1725 oculorum,
889 1670 943 1716 et
967 1660 1187 1715 ambitio
1217 1658 1395 1713 smculi
1424 1656 1478 1727 (ι
1501 1654 1658 1709 Joan.
1684 1668 1742 1718 ιι,
1770 1647 1871 1722 16)
1895 1665 1911 1716 ;

323 1764 468 1825 rape
496 1754 657 1808 etiam
700 1752 763 1806 iis
791 1752 880 1822 qui
914 1751 1105 1805 talibus
1131 1748 1419 1820 spiritualia
1448 1788 1462 1812 ,
1496 1742 1777 1799 invisibilia
1796 1781 1813 1802 .
1842 1754 1916 1794 ze—

322 1853 468 1901 terna
501 1853 837 1915 przeponunt,
872 1845 1056 1897 inserit
1104 1856 1162 1896 se
1208 1850 1434 1895 terrena:
1474 1832 1748 1893 suavitatis
1785 1829 1915 1886 aﬁ‘e-

319 1946 457 1998 ctus,
482 1945 541 1991 et
582 1934 1023 1989 delectationibus
1052 1935 1162 1988 suis
1199 1931 1690 1997 nostracomitatur
1718 1925 1911 1980 ofﬁcia.

320 2029 533 2096 Quanto
562 2030 704 2083 enim
731 2038 855 2082 sunt
884 2027 1128 2081 charitati
1150 2028 1328 2081 futura
1355 2025 1593 2088 meliora,
1622 2029 1769 2077 tanto
1792 2026 1917 2073 sunt

323 2121 621 2176 inﬁrmitati
646 2122 958 2175 violentiora
990 2118 1293 2190 praesentia.
1337 2118 1405 2172 Et
1444 2116 1643 2172 utinam
1673 2116 1709 2170 ii
1737 2114 1825 2185 qui
1852 2126 1916 2167 ea

326 2215 508 2270 videre
539 2224 595 2269 et
617 2231 833 2285 gemere
865 2224 1143 2281 noverunt,
1167 2215 1383 2269 vincere
1404 2221 1460 2268 et
1486 2211 1711 2267 evadere
1738 2222 1916 2262 mere-

328 2307 521 2359 antur!
550 2305 692 2374 quod
721 2306 835 2360 sine
873 2307 963 2361 Dei
990 2306 1155 2376 gratia
1186 2305 1327 2359 nullo
1354 2303 1514 2359 modo
1550 2301 1795 2357 voluntas
1824 2298 1915 2352 im-

328 2395 436 2466 plet
462 2395 695 2449 humana
717 2413 730 2457 ;
760 2411 877 2465 qua:
898 2411 997 2451 nec
1017 2397 1176 2451 libera
1200 2395 1421 2452 dicenda
1442 2402 1545 2459 est,
1566 2389 1816 2462 quamdiu
1836 2397 1920 2444 est

338 2487 676 2542 vincentibus
718 2497 772 2542 et
809 2487 1161 2542 vincientibus
1200 2487 1576 2558 cupiditatibus
1611 2483 1839 2538 subdita.
1870 2483 1917 2535 A

330 2594 434 2649 quo
463 2578 608 2633 enim
653 2579 771 2648 quis
808 2578 1048 2635 devictus
1086 2588 1196 2644 est,
1227 2579 1346 2634 huic
1372 2589 1428 2633 et
1463 2591 1649 2634 servus
1677 2574 1917 2629 addictus

329 2680 407 2724 est
436 2672 452 2738 (
478 2669 520 2723 ll
552 2668 695 2723 Petr.
725 2686 780 2733 ιι,
816 2669 914 2736 19)
942 2688 955 2725 :
992 2679 1065 2735 et,
1094 2670 1155 2726 Si
1182 2687 1266 2725 vos
1295 2669 1463 2724 Filius
1493 2666 1801 2729 liberaverit,
1843 2663 1918 2719 ait

327 2761 438 2829 ipse
462 2762 557 2814 Dei
588 2760 785 2824 Filius,
814 2770 930 2815 tunc
954 2778 1066 2815 vere
1092 2760 1232 2815 liberi
1256 2762 1393 2815 eritis
1422 2758 1615 2831 (Joan.
1640 2773 1755 2823 vm,
1786 2753 1915 2826 56).

397 2852 451 2906 '5.
481 2850 597 2905 Lex
627 2854 807 2921 itaque
833 2852 1074 2907 docendo
1103 2860 1158 2907 et
1174 2852 1410 2922 jubeudo
1443 2850 1583 2921 quod
1610 2850 1727 2905 sine
1748 2847 1918 2919 gratia

331 2943 538 3012 impleri
574 2958 681 2997 non
726 2952 929 3013 potest,
963 2943 1163 2999 homini
1201 2944 1529 2998 demonstrat
1569 2956 1719 2997 suam
1763 2940 1916 2995 inﬁr-

333 3034 602 3101 mitatem,
637 3042 694 3087 ut
732 3042 936 3104 quaerat
959 3034 1319 3090 demonstrata
1352 3033 1633 3087 inﬁrmitas
1670 3030 1916 3085 Salvato-

331 3139 444 3180 rem
469 3165 487 3192 ,
528 3140 557 3177 a
586 3140 693 3195 quo
722 3136 902 3180 sanata
933 3127 1173 3181 voluntas
1200 3125 1366 3196 possit
1403 3124 1545 3195 quod
1574 3124 1779 3179 inﬁrma
1812 3137 1917 3178 non

332 3225 530 3286 posset.
579 3217 684 3270 Lex
727 3216 885 3286 igitur
912 3217 1124 3272 adducit
1162 3217 1231 3272 ad
1268 3217 1458 3282 ﬁdem,
1495 3214 1625 3271 ﬁdes
1671 3216 1921 3285 impetrat

333 3305 586 3377 Spiritum
610 3307 915 3377 largiorem,
938 3308 1183 3363 dillundit
1210 3308 1437 3379 Spiritus
1461 3308 1797 3372 charitatem,
1829 3308 1921 3361 im-

332 3401 445 3469 plet
502 3399 737 3454 charitas
788 3401 977 3471 legem.
1027 3400 1150 3457 Ideo
1196 3401 1281 3455 lex
1328 3400 1645 3471 paedagogus
1701 3408 1922 3455 vocatur

339 3490 547 3563 (Galat.
572 3508 654 3559 ιιι,
678 3491 807 3565 24),
846 3493 945 3548 sub
963 3493 1116 3563 cujus
1141 3492 1499 3548 minacissima
1524 3493 1806 3547 severitate
1831 3492 1922 3562 qui

330 3584 660 3641 invocaverit
700 3600 894 3641 nomen
934 3585 1140 3641 Domini
1180 3585 1358 3641 salvus
1382 3585 1490 3641 erit
1513 3583 1678 3654 (Joel.
1714 3601 1774 3650 ιι,
1805 3584 1920 3655 52).

331 3676 613 3744 Quomodo
643 3684 820 3733 autem
846 3677 1165 3733 invocabunt
1191 3677 1243 3731 in
1264 3692 1422 3746 quem
1451 3691 1558 3731 non
1583 3676 1925 3732 crediderunt

335 3766 522 3837 (Rom.
550 3782 609 3833 χ,
633 3767 701 3821 ll
723 3765 774 3829 )?
796 3766 1029 3822 Proinde
1062 3782 1131 3822 ne
1149 3766 1324 3822 littera
1345 3767 1461 3821 sine
1480 3766 1667 3837 spiritu
1692 3766 1917 3831 occidat,

332 3856 563 3928 Spiritus
588 3857 861 3913 viviﬁcans
889 3857 973 3930 (ll
997 3856 1115 3913 Cor.
1135 3873 1212 3923 ιιι,
1239 3857 1302 3930 6)
1332 3858 1671 3913 credentibus
1694 3867 1749 3912 et
1774 3859 1925 3913 invo-

332 3950 580 4003 cantibus
609 3948 799 4015 datur;
829 3949 1063 4005 charitas
1101 3966 1231 4006 vero
1260 3951 1354 4006 Dei
1383 3951 1692 4007 diffunditur
1718 3953 1770 4006 in
1798 3967 1923 4007 cor-

333 4044 487 4098 dibus
516 4043 716 4097 nostris
746 4058 841 4112 per
865 4042 1119 4113 Spiritum
1148 4054 1388 4099 sanctum
1418 4045 1507 4115 qui
1536 4045 1692 4099 datus
1717 4058 1799 4099 est
1827 4060 1926 4101 no-

334 4135 414 4190 bis
448 4135 647 4208 (Rom.
678 4150 733 4199 v,
759 4135 793 4190 5
812 4136 833 4207 )
852 4177 866 4201 ,
895 4144 954 4191 ut
983 4138 1074 4190 ﬁat
1098 4136 1239 4207 quod
1274 4136 1412 4192 idem
1442 4140 1715 4206 apostolus
1756 4138 1920 4205 dicit,

335 4227 616 4283 Plenitudo
638 4230 759 4300 legis
788 4229 1008 4283 charitas
1038 4228 1147 4303 (1d.
1178 4245 1294 4292 xui,
1323 4228 1446 4303 10).
1475 4229 1548 4284 Ita
1578 4232 1712 4284 bona
1734 4241 1816 4286 est
1838 4232 1925 4287 lex

335 4320 409 4378 illi
438 4322 532 4392 qui
576 4337 638 4375 ca
668 4320 899 4391 legitime
926 4321 1089 4375 utitur
1118 4318 1167 4393 (Ι
1194 4319 1330 4375 Tim.
1361 4336 1399 4385 ι,
1430 4321 1495 4391 8)
1525 4338 1537 4373 :
1564 4323 1727 4375 utitur
1746 4331 1922 4376 autem

335 4413 572 4485 legitime
592 4412 683 4483 qui
714 4413 1010 4482 intelligens
1031 4427 1194 4482 quare
1223 4412 1293 4467 sit
1318 4412 1468 4476 data,
1500 4427 1598 4483 per
1634 4413 1749 4482 ejus
1774 4428 1924 4469 com-

335 4506 687 4560 minationem
708 4503 939 4573 confugit
961 4503 1027 4557 ad
1047 4505 1269 4573 gratiam
1299 4503 1629 4559 liberantem.
1655 4505 1788 4559 Huic
1808 4521 1926 4575 gra-

336 4598 425 4654 tiae
454 4613 561 4669 qua
584 4598 904 4666 justificatur
932 4597 1142 4668 impius,
1169 4595 1408 4667 quisquis
1436 4598 1670 4668 ingratus
1696 4599 1839 4653 velut
1859 4598 1927 4654 ad

335 4690 508 4761 legem
540 4688 862 4759 implendam
902 4688 967 4742 de
1003 4688 1113 4742 suis
1151 4688 1351 4743 viribus
1379 4688 1519 4756 ﬁdit,
1554 4694 1801 4760 ignorans
1832 4692 1926 4747 Dei

328 4780 688 4851 justitiam,et
717 4795 865 4833 suam
890 4780 1072 4834 volens
1096 4781 1671 4851 constituere,justili.'e
1698 4783 1789 4837 Dei
1820 4800 1924 4839 non

330 4882 419 4929 est
450 4873 700 4929 subditus
733 4871 921 4945 (Rom.
960 4888 1019 4939 κ,
1068 4871 1135 4943 5)
1165 4890 1178 4926 :
1205 4888 1269 4927 ac
1299 4888 1392 4943 per
1418 4873 1521 4929 hoc
1545 4873 1599 4928 fit
1628 4875 1677 4930 ei
1706 4875 1789 4930 lex
1818 4892 1924 4931 non

328 4964 689 5021 absolutionis
718 4964 1037 5034 adjutorium
1060 5006 1075 5031 ,
1116 4964 1207 5020 sed
1233 4966 1501 5020 vinculum
1527 4968 1785 5024 criminis.
1808 4968 1923 5024 Non

329 5059 460 5128 quia
505 5056 595 5111 lex
628 5056 825 5111 malum
863 5064 977 5123 est,
1010 5055 1104 5110 sed
1144 5056 1265 5126 quia
1297 5066 1553 5126 peccatum
1574 5100 1588 5123 ,
1634 5059 1770 5114 sicut
1795 5062 1926 5116 scri-

327 5157 489 5218 ptum
515 5154 620 5214 est,
651 5163 739 5217 per
764 5147 947 5201 bonum
970 5147 1160 5202 talibus
1182 5157 1418 5217 operatur
1443 5159 1652 5205 mortem
1676 5149 1801 5223 (Id.
1828 5168 1923 5222 vu,

328 5237 461 5313 15).
512 5239 615 5295 Per
642 5238 947 5294 mandatum
978 5240 1119 5295 enim
1157 5240 1370 5311 gravius
1397 5240 1674 5312 delinquit,
1716 5243 1807 5314 qui
1831 5260 1927 5315 per

326 5331 649 5387 mandatum
674 5332 772 5387 scit
796 5346 954 5403 quam
980 5333 1175 5387 malum
1204 5335 1274 5390 sit
1292 5335 1433 5404 quod
1461 5335 1711 5390 admittit.

403 5427 464 5482 4.
505 5424 740 5481 lnaniter
763 5435 940 5480 autem
967 5435 1116 5496 putat
1148 5426 1402 5482 victorem
1440 5440 1499 5482 se
1538 5443 1658 5483 esse
1697 5430 1922 5499 peccati,

324 5522 427 5591 qui
458 5534 633 5589 pinna:
658 5519 849 5575 timore
877 5534 982 5573 non
1018 5528 1235 5589 peccat;
1263 5520 1384 5589 quia
1416 5520 1518 5575 etsi
1548 5536 1652 5575 non
1680 5522 1927 5591 impletur

324 5614 472 5669 foris
510 5613 781 5684 negotium
828 5614 980 5667 malae
1028 5612 1358 5683 cupiditatis,
1404 5612 1517 5683 ipsa
1563 5622 1740 5669 tamen
1784 5617 1923 5672 mala

325 5704 612 5776 cupiditas
634 5704 775 5759 intus
796 5713 880 5759 est
899 5703 1085 5759 hostis.
1116 5705 1181 5759 Et
1197 5704 1319 5774 quis
1338 5717 1520 5759 coram
1544 5705 1651 5760 Deo
1672 5707 1925 5764 innocens

326 5796 645 5863 invenitur,
690 5796 780 5866 qui
828 5796 941 5851 vult
979 5795 1092 5851 ﬁeri
1135 5795 1277 5866 quod
1308 5804 1538 5862 velatur,
1572 5797 1617 5851 si
1645 5798 1925 5857 subtrahas

324 5888 487 5963 quod
518 5889 776 5945 timetur?
802 5888 881 5946 Ac
907 5904 1000 5959 per
1019 5888 1122 5945 hoc
1149 5888 1203 5945 in
1229 5889 1343 5959 ipsa
1365 5890 1636 5947 voluntate
1660 5907 1785 5949 reus
1818 5904 1922 5965 est,

1511 435 1987 493 EPISTULARUM
2025 431 2298 488 CLASSIS
2332 430 2420 487 Ill.

3471 432 3577 490 594

2006 546 2094 616 qui
2123 547 2233 600 vult
2262 545 2440 601 facere
2464 546 2608 617 quod
2636 561 2743 603 non
2774 547 2900 603 licet
2923 545 3040 602 ﬁeri
3058 588 3072 611 ,
3102 544 3197 601 sed
3220 544 3340 601 ideo
3367 560 3470 600 non
3498 545 3579 599 fa-

2006 636 2106 702 cit,
2134 638 2254 709 quia
2285 639 2499 708 impune
2528 655 2632 695 non
2672 649 2845 710 potest
2884 639 3017 694 ﬁeri.
3062 638 3193 693 Nam
3231 647 3484 708 quantum
3530 639 3582 694 in

2008 728 2125 799 ipso
2146 739 2248 797 est,
2278 730 2463 785 mallet
2485 746 2591 786 nou
2624 718 2744 787 esse
2767 731 3022 801 justitiam
3051 739 3263 800 peccata
3294 728 3583 799 prohiben—

2010 827 2116 873 tem
2143 828 2303 891 atque
2320 822 2649 893 punientem.
2672 821 2741 876 Et
2764 822 2942 891 utique
2967 822 3011 875 si
3037 820 3218 875 mallet
3240 834 3346 874 non
3366 833 3486 874 esse
3502 820 3587 887 ju-

2010 910 2228 975 stitiam,
2257 912 2376 981 quis
2404 911 2875 982 dubitaveritquod
2895 927 3033 978 eam,
3052 912 3097 966 si
3114 920 3312 981 posset,
3329 908 3587 965 auferret?

2012 1002 2091 1057 Ac
2112 1017 2207 1071 per
2228 1002 2331 1058 hoc
2355 1003 2804 1073 quomodojustus
2823 1013 2920 1068 est,
2945 1003 3162 1074 justitize
3184 1003 3301 1058 talis
3321 1001 3585 1067 inimicus,

2013 1102 2072 1147 ut
2099 1108 2216 1147 eam
2237 1135 2252 1159 ,
2285 1092 2331 1147 si
2361 1103 2593 1163 potestas
2619 1094 2805 1163 detur,
2832 1095 3224 1165 praecipientem
3264 1092 3489 1159 auferat,
3519 1106 3590 1148 ne

2013 1187 2427 1242 comminantem
2468 1186 2553 1240 vel
2588 1186 2912 1256 judicantem
2956 1185 3128 1240 ferat?
3175 1185 3421 1239 Inimicus
3461 1197 3589 1254 ergo

2010 1276 2231 1345 justitia:
2258 1286 2361 1345 est,
2388 1276 2479 1347 qui
2503 1292 2675 1349 poena:
2697 1278 2885 1331 timore
2904 1292 3004 1332 non
3027 1283 3247 1347 peccat:
3278 1275 3478 1329 amicus
3497 1288 3591 1328 au-

2017 1375 2124 1421 tem
2151 1368 2253 1421 erit
2272 1409 2288 1435 ,
2318 1369 2361 1423 si
2390 1368 2503 1437 ejus
2543 1383 2726 1423 amore
2764 1383 2869 1422 non
2897 1378 3117 1437 peccet;
3149 1376 3272 1422 tunc
3296 1366 3438 1420 enim
3464 1379 3591 1420 vere

2021 1456 2225 1511 timebit
2251 1472 2490 1526 peccare.
2517 1457 2648 1512 Nam
2680 1458 2768 1528 qui
2795 1458 3065 1527 gehennas
3090 1456 3302 1522 metuit,
3332 1472 3437 1510 non
3463 1470 3560 1525 pec

2019 1562 2142 1602 care
2162 1550 2369 1616 metuit,
2388 1550 2479 1604 sed
2500 1550 2708 1605 ardere.
2735 1549 2829 1605 Ille
2847 1558 3019 1604 autem
3039 1565 3257 1619 peccare
3278 1547 3481 1614 metuit,
3502 1548 3589 1613 qui

2021 1649 2294 1709 peccatum
2326 1642 2528 1710 ipsum,
2559 1642 2695 1696 sicut
2718 1640 2988 1713 gebennas
3027 1640 3155 1694 odit.
3187 1638 3305 1708 Ipse
3333 1646 3413 1693 est
3436 1637 3594 1691 timur

2020 1729 2228 1784 Domini
2258 1742 2434 1786 castus
2456 1774 2471 1798 ,
2503 1748 2820 1802 permanens
2845 1732 2897 1785 in
2935 1731 3185 1786 saeculum
3215 1729 3392 1783 saeculi
3423 1725 3589 1797 (Psal.
3650 1770 3657 1785 .

2020 1838 2171 1888 xviii,
2206 1824 2319 1896 10).
2342 1824 2473 1879 Nam
2496 1824 2582 1879 ille
2606 1826 2762 1880 timor
2785 1839 2977 1897 pinnae,
3005 1831 3321 1878 tormentum
3344 1819 3520 1884 habet,
3543 1827 3595 1870 et

2022 1928 2129 1968 non
2154 1924 2235 1971 est
2261 1916 2312 1971 in
2344 1916 2632 1984 charitate,
2664 1933 2895 1988 eumque
2918 1918 3149 1988 perfecta
3188 1915 3416 1970 charitas
3454 1912 3595 1968 fOrus

2021 2006 2184 2062 mittit
2213 2010 2252 2080 (Ι
2281 2008 2436 2064 Joan.
2466 2027 2537 2076 tv,
2573 2010 2681 2084 i8).

2096 2099 2149 2152 5.
2191 2099 2417 2155 Tantum
2443 2117 2601 2171 porro
2625 2104 2847 2173 quisque
2874 2113 3148 2173 peccatum
3177 2105 3308 2169 odit,
3343 2113 3594 2176 quantum

2019 2189 2277 2259 justitiam
2322 2192 2523 2264 diligit;
2569 2195 2707 2265 quod
2747 2209 2851 2248 nou
2890 2196 3081 2264 poterit
3110 2197 3222 2266 lege
3250 2203 3480 2251 terrente
3508 2210 3601 2264 per

2026 2280 2295 2351 litteram,
2337 2286 2430 2339 sed
2475 2286 2673 2354 Spiritu
2713 2296 2932 2342 sanante
2974 2302 3068 2357 per
3094 2289 3334 2359 gratiam.
3365 2287 3513 2342 Tunc
3544 2292 3601 2341 tit

2024 2375 2165 2444 quod
2187 2376 2474 2445 Apostolus
2501 2378 2787 2435 admonet:
2825 2380 3117 2434 Humanum
3145 2382 3278 2448 dico,
3305 2390 3504 2453 propter
3520 2380 3600 2433 in-

2026 2466 2315 2534 ﬁrmitatem
2339 2472 2503 2523 carnis
2535 2480 2707 2525 vestrm
2730 2488 2748 2525 :
2775 2472 2902 2526 sicut
2926 2473 3056 2526 enim
3078 2473 3365 2528 exhibuistis
3386 2474 3603 2527 membra

2027 2569 2190 2613 vestra
2212 2561 2456 2616 deservire
2479 2564 2814 2620 immunditia?
2833 2575 2879 2618 et
2903 2566 3155 2636 iniquitati
3182 2568 3246 2619 ad
3271 2565 3603 2638 iniquitatem;

2025 2651 2100 2703 sic
2119 2668 2251 2705 nunc
2270 2654 2491 2709 exhibete
2514 2656 2733 2709 membra
2754 2667 2911 2711 vestra
2932 2658 3173 2711 deservire
3182 2658 3397 2728 justi”:
3416 2658 3466 2710 in
3486 2673 3605 2711 sart-

2027 2744 2381 2812 ctiﬁcatiouem
2403 2746 2575 2817 (Rom.
2600 2766 2671 2815 v1,
2698 2750 2804 2818 19).
2828 2751 2960 2817 Quid
2984 2752 3123 2805 enim
3151 2759 3250 2814 est,
3278 2750 3425 2804 Sicut
3452 2749 3600 2817 illud,

2024 2832 2098 2888 ita
2121 2846 2173 2891 et
2196 2836 2299 2893 hoc
2322 2857 2335 2893 :
2366 2842 2484 2903 nisi,
2511 2843 2962 2909 Quemadmodum
2988 2845 3052 2898 ad
3078 2842 3400 2914 peccandum
3432 2843 3605 2899 nullus

2027 2940 2125 2981 vos
2153 2931 2373 2999 cogebat
2404 2932 2579 2998 timor,
2614 2935 2706 2988 sed
2734 2936 2898 3003 ipsius
2918 2935 3080 2989 libido
3109 2936 3451 3006 voluptasque
3478 2949 3603 3004 pec-

2029 3020 2163 3085 cati;
2196 3022 2271 3075 sic
2307 3023 2372 3077 ad
2397 3024 2541 3093 juste
2569 3026 2855 3081 vivendum
2897 3044 2999 3082 non
3032 3044 3125 3083 vos
3154 3029 3395 3099 supplicii
3434 3039 3608 3085 metus

2031 3123 2249 3181 urgeat,
2281 3115 2376 3169 sed
2408 3116 2564 3170 ducat
2590 3117 2876 3174 delectatio
2902 3120 3233 3190 charitasque
3255 3122 3607 3190 justitiaa?‘Et

2030 3203 2145 3259 lucc
2170 3208 2407 3276 quidem,
2435 3222 2688 3280 quantum
2718 3214 2847 3268 mihi
2876 3216 3099 3281 videtur,
3127 3217 3355 3270 uomlum
3385 3225 3466 3272 est
3490 3232 3606 3285 per-

2028 3296 2165 3352 fecta
2188 3341 2204 3365 ,
2237 3301 2330 3355 sed
2359 3303 2749 3373 quodammodo
2787 3308 2962 3362 adulta
3000 3310 3221 3379 justitia.
3257 3310 3438 3381 Neque
3464 3312 3603 3365 enim

2028 3389 2223 3445 frustra
2253 3394 2627 3463 praemitteret,
2676 3398 2970 3454 Humanum
2996 3402 3128 3467 dico,
3160 3414 3363 3473 propter
3388 3405 3603 3474 inﬁrmi-

2032 3494 2185 3540 tatem
2225 3490 2393 3543 carnis
2424 3500 2596 3546 vestra:
2619 3534 2633 3559 ,
2666 3493 2767 3547 nisi
2797 3495 2919 3564 quia
2951 3495 3067 3565 plus
3094 3496 3289 3567 aliquid
3326 3498 3606 3554 dicendum

2028 3574 2147 3644 fuit,
2176 3578 2221 3631 si
2241 3578 2351 3648 jam
2374 3580 2447 3634 illi
2469 3583 2607 3637 ferre
2628 3585 2943 3652 potuissent.
2974 3586 3099 3641 Plus
3125 3588 3318 3658 quippe
3342 3590 3610 3645 servitutis

2033 3667 2259 3723 debetur
2280 3670 2497 3740 justitiae
2515 3713 2531 3739 ,
2560 3689 2717 3744 quam
2744 3688 2959 3746 peccato
2986 3678 3157 3734 solent
3186 3681 3426 3736 homines
3456 3683 3608 3736 exhi-

2033 3760 2181 3816 bere.
2214 3761 2343 3816 Nam
2363 3779 2518 3833 pinna
2547 3770 2785 3839 corporis
2806 3770 2906 3825 etsi
2932 3786 3035 3826 non
3062 3787 3093 3826 a
3120 3773 3408 3841 voluntate,
3434 3782 3608 3829 tamen

2035 3863 2249 3908 revocat
2273 3855 2340 3909 ab
2365 3872 2527 3926 opere
2552 3862 2772 3928 peccati.
2806 3862 2915 3917 Nec
2935 3862 3088 3919 facile
3110 3866 3387 3936 quisquam
3413 3877 3489 3921 est
3519 3867 3610 3937 qui

2034 3943 2210 4014 palam
2237 3950 2564 4014 committat,
2607 3968 2713 4020 quo
2743 3952 2977 4008 illicitam
3005 3964 3057 4008 et
3082 3956 3403 4010 immundam
3435 3958 3610 4027 perci-

2035 4037 2144 4104 pYat
2170 4038 2511 4108 voluptatem,
2536 4042 2578 4095 si
2601 4044 2865 4097 cruciatus
2890 4045 3133 4099 vindiclze
3159 4057 3363 4102 certum
3388 4057 3471 4103 est
3493 4064 3613 4105 con-

2035 4127 2186 4181 tinuo
2222 4140 2518 4184 secuturos.
2557 4132 2766 4187 Justitia
2797 4150 2922 4189 vero
2948 4136 3025 4189 sic
3048 4141 3271 4191 amanda
3314 4149 3429 4203 est,
3463 4148 3517 4193 ut
3544 4140 3612 4195 ab

2037 4218 2156 4286 ejus
2186 4222 2436 4287 OpCI‘lbllS
2461 4224 2619 4277 etiam
2649 4239 2818 4293 paena:
2846 4228 3084 4295 corporis
3112 4243 3207 4282 nos
3230 4229 3479 4285 cohibere
3505 4246 3611 4287 non

2033 4309 2281 4375 debeant,
2310 4324 2467 4383 atque
2491 4316 2629 4371 inter
2654 4332 2840 4372 manus
2869 4320 3025 4373 etiam
3051 4323 3345 4378 crudelium
3374 4324 3612 4380 inimico-

2032 4419 2151 4456 rum
2175 4406 2383 4460 luceant
2406 4423 2565 4477 opera
2590 4421 2768 4464 nostra
2788 4427 2965 4467 coram
2990 4413 3309 4481 hominibus,
3343 4426 3398 4471 ut
3422 4420 3613 4490 quibus

2034 4497 2244 4566 placere
2275 4510 2527 4569 possunt,
2560 4503 2853 4573 gloriﬁcent
2889 4507 3097 4563 Patrem
3137 4523 3377 4567 noswum
3423 4515 3512 4584 qui
3556 4514 3613 4570 in

2033 4591 2187 4646 cmlis
2212 4604 2293 4647 est
2321 4594 2529 4664 (Matth.
2558 4613 2611 4662 v,
2643 4599 2754 4669 l6).

2105 4682 2159 4737 6.
2202 4684 2334 4739 Hinc
2376 4695 2457 4740 est
2498 4688 2637 4758 quod
2678 4690 2766 4745 ille
2805 4691 3127 4752 fortissimus
3148 4698 3367 4768 justitiae
3391 4701 3615 4759 dilector

2035 4777 2297 4832 exclamat
2314 4798 2325 4832 :
2344 4779 2469 4845 Quis
2486 4798 2573 4835 nos
2587 4788 2841 4853 separabit
2860 4805 2891 4841 a
2910 4790 3154 4846 clturitate
3165 4794 3384 4849 Christi?
3398 4797 3613 4850 tribula-

2035 4870 2105 4924 tio
2120 4872 2146 4925 7
2163 4888 2230 4925 an
2260 4876 2532 4944 angustia?
2559 4893 2625 4930 an
2654 4882 2926 4949 persecutio
2941 4884 2967 4937 Ρ
2988 4900 3056 4939 an
3073 4886 3231 4955 fames
3244 4889 3271 4942 ?
3291 4904 3358 4942 an
3384 4890 3616 4946 auditas!

2035 4978 2101 5015 an
2136 4964 2439 5031 periculum?
2458 4983 2524 5021 an
2553 4969 2781 5038 gladius?
2807 4974 2937 5027 sicut
2964 4978 3203 5048 scriptum
3230 4987 3302 5033 est
3319 5020 3335 5046 ,
3363 4980 3614 5044 Quoniam

2037 5064 2244 5125 propter
2267 5064 2315 5110 te
2332 5058 2697 5127 mortiﬁcamur
2721 5074 2825 5118 tota
2851 5066 2953 5130 die;
2978 5066 3198 5136 deputati
3222 5086 3394 5125 sumus
3417 5082 3473 5125 ut
3499 5089 3612 5132 ova

2034 5148 2296 5202 occisionis
2312 5149 2329 5217 (
2342 5148 2636 5227 Psal.xuu,
2650 5153 2765 5227 22).
2776 5156 2879 5211 Sed
2896 5158 2949 5211 in
2967 5159 3044 5212 his
3059 5162 3286 5217 omnibus
3300 5166 3611 5233 supervinci-

2036 5256 2147 5294 mus
2166 5257 2256 5310 per
2268 5242 2283 5272 ί
2302 5258 2414 5295 eum
2431 5244 2517 5315 qui
2535 5246 2709 5301 dilexit
2729 5265 2839 5302 nos.
2859 5248 3035 5305 Certus
3051 5268 3160 5305 sum
3175 5254 3304 5307 enim
3317 5257 3437 5329 quia
3456 5274 3615 5330 neque

2035 5350 2191 5399 mors,
2220 5350 2374 5403 neque
2398 5338 2518 5403 vita,
2549 5356 2706 5410 neque
2732 5343 2959 5413 angelus,
2985 5361 3141 5415 neque
3167 5347 3495 5418 principatus,
3526 5368 3618 5408 no-

2032 5440 2128 5493 que
2144 5428 2435 5495 pra’sentia,
2457 5444 2614 5499 neque
2632 5434 2819 5501 futura,
2839 5450 2993 5506 neque
3006 5435 3181 5503 virtus,
3204 5454 3361 5509 neque
3374 5440 3611 5511 altitudo,

2038 5531 2196 5586 neque
2222 5518 2549 5589 profundum,
2580 5539 2739 5592 neque
2764 5536 2995 5579 creatura
3020 5529 3123 5582 alia
3149 5533 3331 5601 poterit
3350 5550 3441 5588 nos
3467 5552 3613 5608 sepa-

2033 5622 2148 5660 rare
2189 5625 2223 5661 a
2266 5610 2511 5665 charitate
2550 5611 2650 5667 Dei
2684 5631 2797 5681 qua
2838 5621 2988 5672 estin
3014 5618 3209 5675 Christo
3243 5621 3367 5678 Jesu
3392 5623 3614 5683 Domino

2034 5712 2206 5757 nostro
2232 5703 2408 5775 (Rom.
2442 5721 2536 5761 vm
2557 5746 2573 5773 ,
2601 5708 2813 5779 35-59).
2853 5710 2985 5766 Vide
3022 5715 3471 5783 quemadmodum
3503 5734 3610 5775 non

2037 5803 2321 5865 utcumque
2365 5805 2477 5863 ait,
2522 5798 2649 5864 Quis
2694 5814 2791 5854 nos
2832 5804 3098 5873 separabit
3141 5822 3169 5861 a
3209 5807 3453 5878 Christo;
3513 5808 3610 5867 sed

2104 5909 2121 5940 ⁸
2145 5915 2252 5958 uss.
2274 5908 2372 5959 duo
2394 5912 2562 5970 Vatia,
2584 5918 2796 5973 propter.
