4112 6346
444 481 545 537 595

445 592 731 649 ostendens
757 588 896 644 unde
916 587 1280 653 cohmreamtts
1298 582 1528 644 Christo,
1556 580 1681 646 Quis
1701 595 1811 643 nos,
1838 575 2026 646 inquit,

445 686 698 760 separabit
723 701 756 737 a
784 685 1028 738 charitate
1053 679 1275 734 Christi?
1300 677 1574 732 Charitate
1599 674 1755 745 igitur
1778 671 1988 727 Christo
2012 711 2028 738 ,

445 796 554 837 non
585 792 756 849 pmnte
789 774 980 838 timore
1006 771 1353 826 cohzeremus.
1393 767 1610 833 Deinde,
1643 778 2029 820 commemora-

447 872 518 937 tis
546 871 624 926 eis
652 885 769 938 quae
795 867 1036 920 videntur
1069 864 1262 916 habere
1284 861 1607 923 violentiam,
1641 874 1738 912 nec
1756 866 1930 911 tamen
1951 855 2034 908 ha-

448 965 577 1019 bent
613 942 895 1015 valentium
938 954 1216 1026 Separandi
1238 997 1252 1020 ,
1295 955 1365 1007 ita
1392 948 1679 1014 conclusit,
1714 957 1768 1002 ut
1794 948 2034 1003 eamdem

451 1057 651 1113 diceret
690 1053 1000 1110 charitatem
1033 1050 1120 1103 Dei
1153 1063 1308 1121 quam
1335 1046 1542 1101 dixerat
1565 1040 1781 1098 Christi.
1819 1041 1883 1094 Et
1912 1039 2037 1110 quid

452 1158 552 1208 est,
582 1164 612 1200 a
638 1145 882 1200 charitate
897 1140 1100 1205 Christi,
1133 1140 1229 1193 nisi
1251 1154 1278 1191 a
1303 1137 1558 1191 charitate
1578 1134 1829 1204 iustitiae?
1859 1133 1925 1187 de
1949 1133 2038 1186 illo

453 1241 647 1322 quippe
671 1240 869 1295 dictum
899 1246 979 1291 est
1004 1255 1014 1289 :
1049 1233 1148 1312 Qui
1169 1239 1329 1305 factus
1351 1241 1421 1286 cst
1439 1229 1576 1286 nobis
1592 1227 1838 1300 sapientia
1860 1244 1888 1278 a
1913 1225 2035 1289 Deo,

454 1319 497 1391 et
515 1321 737 1406 jttStitia,
769 1343 815 1387 et
840 1330 1192 1399 sanctiﬁcatio,
1222 1338 1264 1379 et
1288 1325 1596 1394 redemptio;
1621 1331 1693 1389 ut,
1717 1319 2040 1392 quemadmo-

457 1427 574 1494 dum
603 1425 847 1496 scriptum
878 1432 978 1487 est,
1011 1419 1108 1499 Qui
1149 1417 1393 1500 gloriatur
1417 1457 1432 1486 ,
1462 1415 1515 1474 in
1554 1412 1774 1467 Domino
1803 1412 2041 1484 glorietur

457 1519 500 1590 (1
539 1514 656 1581 Cor.
700 1532 737 1579 ι,
763 1513 852 1581 50,
882 1514 971 1578 51,
1001 1521 1045 1565 ει
1072 1509 1182 1585 Jer.
1213 1525 1300 1588 ix,
1324 1507 1438 1578 2i).
1479 1507 1626 1561 Sicut
1662 1519 1789 1576 ergo
1833 1505 1920 1558 ille
1963 1510 2043 1556 cst

458 1603 856 1681 iniquissimus,
888 1620 1044 1676 quem
1078 1617 1175 1657 nec
1208 1616 1380 1672 pinnae
1425 1597 1730 1668 corporales
1773 1597 2042 1660 deterrent

456 1706 524 1766 ab
559 1701 851 1760 immundis
901 1699 1152 1769 operibus
1193 1693 1422 1759 sordidae
1469 1691 1786 1759 voluptatis;
1831 1690 1900 1743 ita
1951 1687 2042 1750 ille

454 1793 797 1868 iustissimus,
816 1791 904 1862 qui
932 1805 1030 1845 nec
1060 1801 1330 1858 poenarum
1351 1783 1703 1855 corporalium
1727 1790 1928 1836 terrore
1953 1794 2042 1846 re-

457 1895 677 1952 vocatur
702 1900 730 1938 a
758 1882 955 1948 sanctis
983 1878 1234 1954 operibus
1257 1875 1684 1933 luminosissimae
1710 1871 2001 1938 charitatis.

530 1979 715 2046 7.Qua2
734 1976 965 2032 Charitas
975 1974 1092 2039 Dei,
1106 1971 1246 2043 quod
1269 1978 1516 2041 perpetua
1531 1967 1844 2034 cogitatione
1859 1973 2044 2032 tenen-
2078 2017 2088 2030 ,

461 2073 587 2127 dum
616 2080 714 2138 (Si,
741 2068 1056 2136 diﬂ‘unditur
1085 2068 1134 2119 in
1167 2064 1418 2119 cordibus
1450 2061 1647 2116 nostris
1674 2076 1767 2132 per
1791 2060 2044 2130 Spiritum

463 2173 700 2218 sanctum
732 2163 818 2232 qui
841 2161 997 2216 datus
1022 2169 1101 2214 est
1129 2158 1283 2214 nobis
1303 2155 1541 2229 (Rom.v,
1561 2153 1642 2228 5),
1668 2164 1727 2210 ut
1753 2153 2048 2226 quigIOI-ia-

465 2267 566 2322 tur,
584 2256 635 2322 in
660 2254 881 2310 Domino
901 2251 1170 2324 glorietur.
1193 2251 1320 2302 (tum
1345 2262 1469 2316 ergo
1486 2261 1585 2299 nos
1607 2245 1762 2316 hujus
1777 2243 2046 2300 eharitatis

461 2364 562 2420 qua
586 2348 668 2400 lex
687 2344 962 2399 verissime
981 2342 1245 2414 impletur,
1267 2353 1524 2410 pauperes
1543 2349 1696 2417 egent
1709 2352 1869 2406 csque
1886 2335 2049 2402 senti-

466 2455 587 2495 mus
612 2482 625 2505 ,
672 2455 779 2494 non
810 2438 878 2494 de
909 2436 1083 2507 inopia
1115 2441 1291 2488 nostra
1319 2431 1528 2485 divitias
1548 2429 1664 2502 ejus
1689 2430 1901 2499 exigere
1919 2470 1932 2493 ,
1956 2429 2050 2483 sed

466 2531 666 2586 orando
687 2539 1158 2617 petere,qu:rrere,
1184 2524 1392 2598 pulsare
1411 2521 1690 2594 debemus;
1713 2531 1767 2576 ut
1785 2522 1892 2587 ille,
1913 2521 2050 2592 apud

465 2641 621 2698 quem
645 2614 727 2679 est
742 2622 857 2678 fons
876 2622 1020 2687 vitae,
1039 2620 1128 2673 det
1157 2618 1309 2673 nobis
1335 2615 1584 2671 inebriari
1611 2616 1678 2678 ab
1702 2615 1936 2669 ubertate
1958 2614 2052 2679 d0-

468 2737 584 2776 mus
607 2734 737 2786 sum,
761 2724 816 2772 et
833 2714 1120 2786 voluptatis
1139 2728 1248 2766 Siue
1267 2709 1433 2785 potari
1451 2708 1867 2782 torrente(Psat.
1889 2724 2047 2772 xxxv,

467 2814 523 2881 9,
554 2815 640 2885 10)
669 2831 682 2868 :
714 2829 818 2884 quo
849 2808 1085 2864 inundati
1118 2817 1274 2876 atque
1293 2803 1539 2876 vegetati,
1570 2818 1672 2857 non
1696 2803 1866 2866 solum
1890 2801 2051 2856 tristi-

475 2907 540 2960 tia
575 2921 675 2958 non
708 2901 1119 2962 absorbeatuur,
1160 2914 1340 2951 verum
1371 2897 1528 2950 etiam
1557 2895 1846 2966 gloriemur
1873 2895 1920 2948 in
1957 2895 2051 2958 tri-

473 2975 851 3039 bulationibus,
884 2973 1113 3026 scientes
1140 2971 1259 3039 quia
1293 2965 1575 3022 tribulatio
1591 2965 1893 3034 patientiam
1921 2979 2050 3032 ope-

474 3077 654 3131 ratur,
687 3064 937 3136 patientia
976 3063 1374 3133 probationem,
1422 3059 1664 3130 probatio
1709 3073 1888 3126 spem,
1931 3071 2054 3124 spes

478 3176 603 3213 vero
636 3174 739 3213 non
771 3155 1039 3211 confundit
1080 3154 1255 3224 (Rom.
1289 3169 1340 3216 ν,
1373 3143 1530 3219 5-5);
1561 3165 1664 3204 ιιοιι
1691 3149 1808 3218 quia
1843 3164 1934 3216 per
1959 3163 2054 3200 nos

475 3254 618 3322 ipsos
647 3251 746 3303 hoc
775 3262 1076 3320 pessumus,
1110 3245 1199 3298 sed
1222 3243 1468 3313 quoniam
1492 3243 1722 3294 charitas
1749 3240 1839 3293 Dei
1867 3238 2053 3293 diffusa

473 3351 556 3398 est
576 3343 626 3396 in
649 3328 899 3395 cordibus
918 3339 1114 3392 nostris
1139 3351 1233 3406 per
1259 3335 1510 3404 Spiritum
1528 3341 1766 3388 sanctum
1793 3333 1880 3402 qui
1903 3331 2056 3397 datus

473 3443 554 3488 est
583 3434 754 3488 nobis.

544 3523 598 3577 8.
649 3520 934 3576 Delectavit
960 3535 1043 3573 me
1072 3520 1168 3574 ista
1201 3516 1385 3571 saltem
1425 3531 1522 3585 per
1559 3515 1760 3570 litteras
1800 3514 1944 3585 loqui
1974 3521 2053 3568 te-

477 3629 620 3678 cum,
655 3627 773 3680 qua:
800 3627 919 3665 cum
949 3617 1214 3679 praesente
1244 3623 1350 3661 non
1376 3608 1522 3678 potui
1547 3625 1560 3660 :
1594 3616 1644 3660 et
1673 3608 1773 3660 hoc
1799 3622 1901 3659 non
1931 3623 2054 3674 pro-

475 3716 594 3776 pter
648 3714 732 3766 te,
775 3703 864 3772 qui
907 3716 1010 3755 non
1056 3702 1159 3753 alta
1208 3701 1418 3766 sapiens
1456 3700 1722 3752 censentis
1772 3700 2056 3753 humilibus

471 3795 584 3869 (Id.
616 3811 724 3863 xu,
755 3794 875 3865 £6);
907 3793 1241 3861 sed'propter
1269 3791 1522 3862 quosdam
1549 3792 1636 3861 qui
1663 3793 1878 3844 nimium
1906 3808 2054 3846 arro-

472 3900 597 3961 gaut
618 3889 865 3944 humanm
884 3887 1157 3952 voluntati,
1186 3899 1340 3954 quam
1367 3885 1485 3955 lege
1509 3884 1630 3938 data
1654 3893 1838 3952 putant
1854 3886 1917 3940 ad
1940 3902 2054 3940 eam

478 3980 797 4051 implendam
826 3979 924 4034 sibi
951 3993 1107 4049 posse
1130 3975 1394 4041 sufﬁcere,
1425 3975 1562 4028 nulla
1584 3990 1744 4044 super
1763 3977 2054 4032 doctrinam

476 4074 608 4144 legis
627 4072 794 4143 gratia
819 4079 1016 4126 sanctae
1037 4067 1397 4137 inspirationis
1418 4066 1655 4134 adiutam
1677 4083 1689 4118 :
1722 4082 1819 4136 per
1832 4085 2053 4138 quorum

476 4163 890 4234 disputationem
919 4160 1206 4215 inlirmitati
1244 4158 1517 4212 hominum
1549 4159 1760 4213 miserae
1790 4169 1947 4230 atque
1974 4161 2056 4214 in-

476 4258 612 4327 digre
641 4255 916 4321 suadetur,
943 4259 1001 4306 ut
1029 4266 1125 4306 nec
1149 4265 1305 4305 orare
1328 4249 1617 4304 debeamus
1639 4264 1705 4303 ne
1727 4250 1984 4305 intremus
2005 4251 2055 4304 in

475 4348 843 4404 tentationem.
876 4344 989 4400 Non
1012 4346 1131 4414 quia
1164 4342 1265 4396 hoc
1289 4341 1483 4396 audent
1508 4351 1692 4410 aperte
1715 4341 1892 4396 (icere
1916 4360 1929 4408 ;
1963 4343 2055 4398 sed

478 4455 663 4498 eorum
685 4437 1025 4500 sententiam,
1053 4435 1234 4499 velint,
1263 4435 1450 4499 nolint,
1475 4435 1577 4488 hoc
1597 4435 1776 4502 utique
1796 4435 2052 4505 sequitur.

477 4530 610 4585 Nam
639 4527 822 4597 utquid
854 4527 1006 4580 nobis
1035 4525 1259 4585 dicitur,
1302 4523 1519 4594 Vigitate
1545 4535 1591 4578 et
1615 4537 1753 4579 orate
1780 4544 1842 4581 ne
1865 4529 2059 4582 intretis

475 4625 527 4676 in
559 4621 877 4675 tentationem
906 4617 1115 4689 (Matth.
1143 4633 1290 4677 xxvr,
1323 4617 1450 4686 M)?
1481 4619 1662 4687 utquid
1684 4620 1839 4672 etiam
1872 4636 2061 4676 secun-

475 4714 604 4768 dum
635 4712 772 4766 hanc
798 4709 1241 4773 exhortationem,
1271 4725 1388 4761 cum
1419 4707 1636 4763 doceret
1660 4725 1830 4774 orare,
1865 4729 2060 4780 przrcc-

481 4807 559 4876 pit
571 4804 894 4867 utdicatnus,
915 4799 998 4856 Ne
1011 4817 1102 4854 nos
1115 4801 1166 4853 in
1172 4802 1304 4872 feras
1315 4801 1366 4853 in
1388 4801 1708 4855 tentationem
1722 4800 1775 4872 (1
1780 4802 1814 4856 d
1821 4845 1831 4855 .
1853 4820 1923 4868 Vl,
1946 4805 2055 4874 i3);

378 4887 385 4894 ’
481 4902 526 4957 si
553 4899 658 4955 hoc
686 4912 791 4953 non
820 4896 1071 4965 impletur
1097 4909 1160 4948 ex
1191 4893 1452 4962 adjutorio
1479 4895 1661 4963 gratim
1699 4895 1925 4964 divinm,
1966 4899 2057 4952 sed

482 4992 535 5048 id
587 4999 755 5050 totum
795 4995 881 5044 est
919 4988 974 5041 in
1010 4985 1229 5040 arbitr—io
1273 4984 1556 5039 voluntatis
1605 4985 1882 5041 humanae?
1924 4988 2058 5056 Quid

483 5083 672 5157 plura?
690 5079 870 5139 Saluta
899 5076 1093 5132 fratres
1111 5073 1200 5145 qui
1222 5083 1395 5130 tecum
1422 5085 1565 5142 sunt,
1591 5086 1646 5133 et
1672 5087 1819 5132 orate
1847 5095 1939 5147 pio
1966 5096 2062 5133 no-

486 5175 601 5240 bis,
639 5180 702 5229 ut
736 5169 870 5228 salvi
908 5169 1081 5224 simus
1119 5167 1410 5221 secundum
1443 5167 1586 5221 illam
1612 5169 1836 5224 salutem
1867 5169 1932 5224 de
1958 5187 2058 5239 qua

481 5264 712 5322 dicitur:
746 5260 870 5317 Non
888 5269 960 5316 est
979 5275 1108 5332 opus
1127 5267 1266 5313 sanis
1291 5258 1533 5325 medicus,
1563 5259 1650 5313 sed
1677 5262 1809 5315 male
1836 5261 2062 5316 habenti-

482 5358 604 5423 bus;
640 5371 742 5412 non
768 5353 878 5410 uerti
904 5368 1082 5408 vocare
1109 5352 1276 5424 justas
1293 5393 1309 5418 ,
1350 5351 1438 5406 sed
1482 5362 1763 5421 peccatores
1808 5351 1926 5425 (Id.
1972 5371 2022 5409 tx
2043 5396 2059 5420 ,

486 5448 575 5514 {2,
611 5447 721 5520 15).
749 5446 911 5502 Orate
939 5458 1067 5514 ergo
1097 5458 1194 5513 pro
1225 5443 1406 5509 nobis,
1449 5452 1506 5496 ut
1539 5442 1666 5512 justi
1696 5444 1891 5508 simus;
1923 5446 2060 5514 quod

484 5539 698 5609 quidem
738 5535 900 5596 homo
943 5550 1048 5592 non
1083 5543 1257 5605 potest
1295 5536 1395 5589 nisi
1441 5536 1580 5588 norit
1614 5545 1667 5590 et
1696 5536 1850 5602 velit,
1883 5548 1932 5591 et
1963 5538 2066 5594 erit

490 5629 747 5688 continuo
788 5629 876 5700 qui
918 5627 1075 5698 plene
1118 5626 1343 5681 voluerit
1376 5645 1389 5680 :
1424 5625 1518 5681 scd
1560 5626 1659 5681 hoc
1693 5628 1863 5696 ipsum
1907 5631 1956 5683 in
2002 5648 2064 5683 eo

495 5736 599 5782 non
632 5721 756 5786 erit,
784 5719 887 5776 nisi
912 5719 1082 5791 gratia
1108 5718 1337 5790 Spiritus
1359 5728 1593 5784 sanetur,
1625 5727 1680 5773 et
1703 5719 1980 5788 adjuvetur
2010 5733 2064 5777 ut

485 5811 677 5876 possit.

1681 464 1719 521 S
1782 460 2146 520 AUGUSTINI
2216 463 2508 518 Z‘li’lSCtli’l

3616 469 3718 525 596

2555 579 2878 637 EPISTOLA
2923 581 3125 638 CXLVI
3163 588 3177 606 ·
3214 567 3307 655 (ἀ).

2237 689 2502 762 Pelagium
2526 692 2786 759 resalutat,
2815 703 2860 747 et
2888 713 2978 766 pro
3004 696 3178 750 litteris
3207 695 3363 767 ipsius
3387 697 3620 767 oﬂiciosis,

2726 788 2946 862 gratiam
2970 789 3134 856 habet.

2141 915 2368 971 Domino
2381 916 2746 984 dilectissimo,
2765 931 2819 973 et
2834 919 3284 980 desidet-stissimo
3298 923 3447 978 fratri
3470 924 3721 992 PELAGIO,

2460 1010 2821 1078 Auens'rtaus,
2849 1011 2902 1064 in
2935 1011 3160 1066 Domino
3183 1013 3429 1069 salutem.

2213 1121 2423 1177 Gratias
2443 1138 2541 1192 ago
2569 1123 2852 1193 plurimum
2878 1125 3017 1195 quod
3037 1141 3120 1181 me
3137 1127 3324 1183 litteris
3351 1127 3422 1201 (b)
3442 1129 3547 1184 tuis
3574 1130 3726 1185 exhi-

2145 1212 2315 1268 htrare
2339 1213 2584 1284 dignatus
2606 1233 2662 1270 es
2684 1259 2699 1281 ,
2729 1225 2782 1270 et
2808 1227 3011 1273 eertum
3042 1217 3215 1275 facere
3240 1219 3307 1276 de
3330 1221 3502 1276 salute
3525 1233 3723 1294 vestra,

2147 1303 2424 1360 Retribuat
2451 1306 2542 1361 tibi
2576 1309 2827 1363 Dominus
2852 1309 2986 1364 bona
3005 1353 3020 1376 ,
3051 1311 3240 1380 quibus
3266 1327 3477 1382 semper
3516 1315 3592 1369 sis
3628 1314 3727 1369 bo-

2144 1409 2266 1461 nus,
2301 1404 2354 1450 et
2377 1411 2496 1452 eum
2528 1398 2619 1453 illo
2641 1407 2844 1454 :eterno
2867 1401 3010 1456 vivas
3035 1403 3087 1456 in
3109 1411 3384 1467 a‘ternum,
3409 1405 3622 1460 domine
3648 1406 3732 1460 di-

2147 1486 2432 1544 lectissime
2455 1531 2470 1557 ,
2507 1499 2559 1544 et
2596 1490 3044 1548 desideratissime
3070 1493 3251 1548 frater.
3283 1495 3393 1566 Ego
3419 1507 3594 1551 autem
3624 1499 3728 1553 etsi

2145 1578 2201 1632 in
2229 1594 2313 1634 me
2339 1595 2702 1665 non‘agnosco
2732 1584 3083 1654 praeconia'de
3112 1602 3196 1641 me
3221 1595 3329 1649 tua,
3361 1604 3477 1657 qua:
3509 1599 3610 1643 ture
3639 1591 3733 1645 Be-

2149 1671 2417 1743 nignitatis
2461 1676 2681 1745 epistola
2723 1678 2995 1745 continet;
3043 1679 3298 1735 benevolo
3344 1689 3518 1735 tamen
3549 1683 3731 1736 animo

2147 1780 2269 1836 erga
2311 1767 2649 1837 exiguitatem
2691 1785 2863 1824 meam
2906 1770 3140 1841 ingratus
3173 1787 3292 1827 esse
3327 1788 3430 1826 non
3471 1789 3730 1844 possum:

2147 1855 2303 1911 simul
2335 1857 2627 1913 admonens
2651 1872 2708 1914 ut
2738 1861 2913 1931 potius
2942 1877 3062 1917 ores
3093 1878 3188 1932 pro
3227 1879 3310 1916 me
3331 1904 3346 1929 ,
3392 1847 3496 1934 quo
3534 1865 3660 1919 talis
3704 1879 3736 1920 a

2152 1951 2375 2005 Domino
2401 1951 2539 2016 fiam,
2572 1956 2780 2023 qualem
2811 1969 2895 2010 me
2920 1954 3028 2025 jam
3066 1971 3183 2010 esse
3209 1957 3501 2012 arbitraris.
3535 1956 3600 2011 Et
3626 1958 3735 2026 alia

2149 2059 2344 2097 manu:
2371 2044 2571 2101 Memor
2598 2047 2786 2112 nostri,
2819 2047 3097 2101 incolumis
3126 2050 3345 2102 Domino
3374 2050 3604 2119 placeas,
3639 2051 3739 2106 do-

2150 2133 2292 2188 mine
2313 2135 2675 2203 dilectissime,
2709 2148 2762 2192 et
2790 2138 3236 2195 desideratissime
3267 2140 3446 2196 frater.
3599 2127 3604 2131 ’

2319 2277 2406 2334 DE
2445 2276 2718 2344 DUABUS
2756 2276 3060 2338 Pnoxme
3102 2277 3576 2346 SEQUENTIBUS

2763 2368 3127 2436 EPISTOLIS.

2514 2458 2648 2532 (sui,
2681 2475 2720 2530 ιι
2745 2477 3010 2528 κεῖμαι
3037 2477 3209 2524 ςυστ
3237 2463 3388 2533 xu.)

2229 2574 2304 2628 De
2336 2573 2567 2630 Videndo
2590 2573 2700 2630 Deo
2724 2577 2904 2646 scripsi
2931 2578 3130 2644 librum,
3162 2577 3247 2631 ubi
3269 2579 3332 2632 de
3349 2579 3601 2650 spirituali
3631 2596 3748 2634 cor-

2157 2683 2276 2737 pore
2301 2668 2438 2740 quod
2461 2669 2554 2722 erit
2578 2670 2630 2723 in
2659 2672 3021 2726 resurrectione
3038 2682 3343 2738 sanctorum,
3369 2674 3747 2744 inquisitionem

2155 2759 2524 2827 diligentiorem
2552 2760 2746 2825 distuli,
2780 2772 2951 2815 utrum
2979 2765 3056 2816 oet
3081 2764 3332 2834 quomodo
3364 2763 3500 2818 Deus
3524 2766 3610 2840 qui
3637 2767 3745 2836 spi-

2156 2855 2289 2907 ritus
2315 2864 2404 2920 est,
2429 2855 2582 2908 etiam
2607 2871 2695 2923 per
2718 2872 2900 2924 corpus
2922 2857 3021 2910 tate
3040 2857 3268 2911 videatur
3294 2873 3312 2911 :
3334 2859 3421 2912 sed
3439 2875 3546 2912 eam
3569 2868 3748 2928 postea

2156 2948 2482 3016 quastione»!
2506 2964 2628 3003 sane
2656 2949 3005 3018 difﬁcillimam
3031 2949 3084 3003 in
3113 2951 3399 3016 novissimo,
3423 2950 3476 3004 id
3495 2962 3565 3004 est
3589 2951 3646 3004 in
3670 2952 3746 3004 ri-

2159 3041 2342 3093 cesimo
2366 3049 2412 3093 et
2440 3041 2660 3094 secundo
2691 3040 2817 3094 libro
2862 3040 2925 3095 de
2962 3041 3171 3095 Ctvitate
3199 3040 3288 3094 Dei
3308 3085 3322 3109 ,
3350 3043 3469 3095 satis
3498 3052 3748 3110 quantum

2159 3131 2382 3183 arbitror
2417 3131 2684 3202 explicavi.
2731 3129 2909 3186 Inveni
2949 3132 3097 3186 etiam
3137 3133 3188 3186 in
3217 3132 3437 3203 quodam
3463 3143 3636 3185 nostra
3665 3148 3751 3185 co-

2159 3221 2270 3274 dice
2291 3261 2306 3286 ,
2338 3222 2389 3275 in
2415 3238 2513 3291 quo
2553 3233 2598 3276 et
2625 3224 2720 3277 iste
2744 3225 2868 3277 iiber
2893 3237 2985 3291 est,
3016 3223 3271 3295 quoddam
3297 3223 3752 3279 Commonitorium

2161 3333 2190 3367 a
2221 3331 2298 3369 me
2324 3314 2516 3385 factum
2542 3317 2605 3368 de
2631 3316 2726 3369 hac
2751 3333 2806 3370 re
2833 3316 2900 3370 ad
2925 3317 3213 3389 episcopum
3243 3318 3523 3372 Siccenscm
3549 3316 3749 3371 Fort-u-

2159 3407 2453 3472 natianum,
2495 3406 2631 3478 quod
2658 3409 2708 3460 in
2740 3408 3099 3479 opusculorum
3127 3425 3350 3462 mearum
3378 3409 3624 3475 indicato,
3658 3425 3752 3463 nec

2157 3499 2292 3552 inter
2312 3498 2480 3564 libras,
2508 3516 2598 3554 nec
2623 3501 2754 3554 inter
2773 3501 3009 3570 epistolas
3032 3508 3103 3554 est
3124 3509 3366 3554 notatum.
3405 3500 3502 3554 Hic
3531 3502 3661 3554 liber
3681 3502 3753 3554 sic

2159 3591 2376 3662 incipit:
2411 3609 2429 3643 ε
2456 3589 2663 3675 .Memor
2690 3591 2856 3646 debiti.
2889 3610 2908 3644 ι
2940 3590 3084 3646 Illud
3112 3600 3278 3646 autem
3317 3607 3338 3646 :
3380 3611 3398 3644 ι
3429 3592 3575 3647 Sicut
3609 3608 3749 3662 prte-

2159 3679 2272 3722 ms
2297 3678 2486 3734 rogaui.
2523 3681 2544 3715 ι

2661 3870 2748 3925 DE
2785 3867 3084 3926 VIDENDO
3121 3867 3253 3924 DEO

2862 3980 3034 4029 LIBER,

2903 4071 2999 4111 SEU

2529 4147 2860 4204 EPISTOLA
2903 4144 3132 4202 CXLVII
3161 4151 3201 4172 ··
3235 4148 3328 4217 (c).

2308 4241 2458 4294 Docet
2491 4240 2648 4294 Deum
2669 4239 2924 4309 corporeis
2946 4237 3105 4293 oculis
3133 4239 3291 4291 videri
3317 4255 3417 4291 non
3448 4254 3612 4309 posse.

2474 4356 2802 4410 AUGUSTINUS
2830 4351 3095 4416 Pwuaaz,
3129 4347 3352 4412 salutem
3385 4350 3423 4402 ¹.

2235 4472 2286 4534 1.
2331 4469 2532 4525 Memor
2559 4467 2724 4532 debiti
2749 4467 2888 4538 quod
2919 4483 2983 4522 ex
3016 4476 3100 4522 tua
3123 4466 3378 4535 petitione
3405 4476 3459 4533 et
3485 4480 3600 4533 mea
3623 4481 3756 4537 pro-

2165 4563 2417 4620 missione
2467 4560 2660 4616 factum
2700 4569 2811 4626 est,
2860 4559 3103 4629 religiosa
3148 4557 3338 4618 famula
3381 4558 3473 4614 Dei
3501 4558 3754 4627 Paulina,

2166 4657 2535 4728 persolutionis
2577 4670 2787 4726 quoque
2831 4653 2949 4722 ejus
2980 4653 3248 4722 negligens
3277 4667 3394 4706 esse
3421 4668 3524 4718 non
3563 4651 3754 4716 debui.

2165 4750 2296 4810 Cum
2323 4749 2462 4814 cnim
2492 4745 2766 4820 petivisses
2795 4753 2851 4799 ut
2878 4744 2945 4810 de
2989 4744 3230 4798 invisibili
3263 4743 3400 4806 Deo,
3435 4752 3610 4808 utrum
3658 4758 3760 4812 per

2167 4843 2348 4910 oculos
2377 4856 2661 4912 corporeus
2682 4840 2849 4908 possit
2886 4839 3072 4908 videri,
3102 4837 3304 4908 prolixe
3334 4836 3532 4907 aliquid
3561 4838 3754 4906 copio-

2229 4980 2246 5012 ι
2293 4986 2340 5028 tn
2377 4985 2483 5043 Mss.
2522 4975 2839 5043 inscribitur:
2869 4971 3002 5024 Liber
3020 5036 3032 5043 _
3047 4971 3113 5022 ad
3156 4970 3403 5043 t’autinam
3439 4971 3505 5043 de
3541 4970 3760 5043 videndo

2165 5050 2266 5096 Deo,
2294 5053 2310 5091 :
2460 5039 2698 5130 habentur
2730 5037 2898 5088 isthtec
2931 5036 3100 5094 verba,
3147 5033 3362 5089 Paulina
3383 5034 3612 5094 salutata;
3637 5034 3762 5094 licet

2166 5111 2480 5169 praenotetur,
2543 5111 2802 5174 ttgttstttttts.
2845 5161 2855 5172 0

2231 5169 2372 5234 [Huc
2395 5162 2713 5234 translataest
2737 5175 2797 5211 ex
2815 5161 2954 5234 libro
2969 5158 3032 5234 de
3055 5159 3211 5208 Gestis
3229 5156 3428 5234 relegit.
3499 5221 3512 5234 .

2231 5226 2552 5294 "ﬁniendam
2574 5225 2634 5276 ad
2652 5235 2701 5294 7a.
2740 5237 2788 5278 a.
2814 5221 2909 5294 b3.
2943 5219 3010 5294 bl1
3035 5235 3079 5272 c.
3116 5235 3188 5272 ce.
3212 5221 3292 5294 ab.
3389 5234 3473 5294 αι.
3493 5221 3759 5294 j._n._r._s.

2164 5303 2240 5341 vc.
2263 5289 2385 5340 duos
2403 5287 2484 5337 bn.
2504 5285 2624 5335 duos
2647 5293 2681 5338 t.
2708 5294 2812 5335 tres
2830 5282 2905 5344 sb.
2931 5283 3146 5360 quinque
3169 5297 3215 5333 ν.
3246 5282 3372 5344 clad
3403 5282 3508 5344 λιιι.
3538 5282 3650 5344 uad.
3679 5289 3761 5344 η’.

2163 5359 2302 5476 Logi!)
2316 5420 2380 5476 Ex
2398 5410 2485 5476 lib.
2503 5409 2566 5459 de
2581 5410 2739 5476 Gesta
2753 5405 2914 5471 Pelag.
2933 5416 3048 5467 Quin
3065 5414 3230 5468 αυωω
3245 5405 3338 5458 148
3355 5413 3478 5465 unt,
3497 5420 3624 5457 nunc
3641 5405 3762 5456 eos.

2165 5471 2343 5540 scripta
2365 5471 2488 5524 circa
2507 5485 2586 5521 an.
2608 5471 2719 5520 413.

2251 5557 2300 5620 b)
2334 5555 2555 5620 Pelagius
2586 5554 2915 5615 integritatem
2949 5552 3059 5602 tidei
3084 5565 3185 5601 suae
3223 5553 3510 5620 probaturus
3530 5552 3589 5620 _iu_
3619 5551 3768 5620 nios-

2247 5612 2377 5669 itima
2409 5612 2619 5690 synodo,
2651 5612 3018 5690 qumaexeunte
3053 5627 3180 5686 anno
3210 5612 3493 5690 MSHbabita
3525 5612 3649 5690 fuit,
3675 5613 3771 5690 bas

2167 5634 2377 5731 petitam
2409 5634 2619 5690 synodo,
2651 5634 2762 5678 quae
2801 5634 3018 5688 exemita
3053 5634 3180 5686 ειμιηυ
3210 5634 3310 5687 tuo.
3333 5634 3493 5687 [saliua
3527 5634 3644 5672 ruit,
3675 5634 3768 5663 uas

2189 5685 2359 5748 itteras
2381 5678 2598 5748 altasque
2622 5679 2682 5748 ab
2705 5678 2988 5748 ortbedoxts
3013 5690 3250 5748 eptswpts
3271 5679 3366 5748 stbt
3387 5677 3613 5748 directas,
3642 5689 3768 5748 pro-

2170 5737 2391 5855 t'tittliit,'uti
2627 5737 2689 5789 de
2708 5741 2863 5789 Gestis
2888 5737 3061 5802 Pelagii
3088 5737 3249 5788 narrat
3274 5739 3580 5814 Augustinus,
3604 5737 3769 5808 quem

2257 5841 2268 5853 .
2295 5820 2377 5852 nn.
2555 5837 2568 5850 .

2257 5841 2268 5853 .
2295 5820 2377 5852 ll“.
2403 5820 2568 5852 ξιμθο.

2177 5861 3771 5979 αὲρυΑξῗὲιιῖἱφιφὲωθωμῖβΐῇωβεῶεπΨηυο-
