4154 6354
411 575 579 632 seque
607 559 674 619 ad
696 567 748 616 te
768 558 1085 626 scriberem,
1114 557 1319 630 negare
1337 573 1442 614 non
1471 560 1638 630 potui,
1664 575 1732 616 ne
1755 568 1996 616 sanctum

411 662 561 709 tuum
602 651 835 708 studium
879 650 1244 716 oﬁ’enderem;
1295 651 1388 707 sed
1417 651 1738 723 promissum
1788 650 1993 718 distuli,

411 747 526 802 sive
549 753 766 816 propter
783 741 914 799 alias
934 743 1308 813 occupationes
1336 759 1503 811 meas,
1536 744 1648 798 sive
1672 743 1813 812 quod
1853 758 1880 794 a
1909 758 1995 797 me

409 839 461 894 id
491 838 848 908 ﬂagitaretur,
879 836 1018 892 unde
1043 837 1311 907 aliquanto
1331 837 1526 892 diutius
1541 837 1755 908 cogitari
1779 844 1994 906 oporte-

408 933 518 988 bat.
537 931 642 988 Sed
669 947 793 986 cum
820 939 963 986 tanta
994 944 1081 986 res
1099 940 1242 987 esset
1270 947 1387 1000 quae
1408 973 1422 998 ,
1452 929 1735 1002 cogitando
1765 947 1866 984 non
1893 940 1995 984 tam

409 1025 535 1095 quid
559 1024 625 1080 de
650 1039 710 1078 ea
733 1022 1068 1080 sentiendum
1101 1023 1450 1078 dicendumve
1477 1031 1638 1087 esset,
1668 1037 1824 1092 quam
1863 1037 1994 1092 quo-

407 1132 530 1171 nam
562 1117 721 1171 modo
756 1115 1183 1185 persuadendum
1227 1115 1292 1169 iis
1328 1115 1414 1183 qui
1468 1114 1673 1173 diversa
1714 1115 1990 1180 sentirent,

410 1210 563 1264 ﬁeret
583 1208 877 1271 difﬁcilior;
899 1207 1054 1261 ﬁnem
1076 1207 1356 1277 aliquando
1385 1206 1618 1261 dilationi
1637 1205 1992 1260 adhibendum

412 1303 611 1374 putavi,
649 1317 871 1371 sperans
897 1302 1132 1356 divinum
1163 1301 1483 1370 adjutorium
1508 1301 1675 1371 magis
1705 1300 1832 1354 mihi
1859 1299 1989 1353 scri-

412 1395 558 1450 benti
583 1410 739 1464 quam
767 1394 1028 1449 differenti
1047 1393 1370 1448 adfuturum.
1391 1394 1746 1460 Quamobrem
1765 1396 1989 1463 primum

410 1489 540 1544 mihi
580 1488 792 1542 videtur
815 1489 934 1556 plus
978 1488 1151 1542 valere
1176 1488 1224 1540 in
1264 1487 1364 1542 hac
1415 1487 1752 1558 inquisitione
1783 1487 1989 1542 vivendi

406 1595 565 1651 quam
614 1579 861 1650 loquendi
919 1579 1154 1633 modum.
1194 1579 1324 1632 Nam
1370 1580 1458 1649 qui
1503 1579 1852 1634 didicerunta
1885 1579 2018 1632 Do-.

413 1675 563 1729 mino
589 1673 715 1728 Jesu
736 1673 948 1728 Christo
976 1672 1127 1728 mites
1155 1674 1756 1729 esseethumilesrorde
1781 1674 1989 1746 (Matth.

408 1783 520 1832 xx},
550 1766 668 1839 29),
699 1767 814 1836 plus
849 1767 1132 1836 cogitando
1174 1776 1228 1822 et
1259 1767 1459 1822 orando
1487 1768 1801 1838 proﬁciunt,
1834 1785 1990 1838 quam

409 1861 636 1932 legendo
656 1869 709 1917 et
732 1861 1010 1916 audiendo.
1033 1862 1137 1916 Nec
1153 1861 1270 1916 ideo
1284 1871 1457 1916 tamen
1486 1877 1642 1932 agere
1671 1872 1848 1932 partes
1871 1877 1993 1918 snas

409 1971 594 2012 sermo
631 1957 946 2020 cessaverit;
978 1957 1067 2010 sed
1109 1973 1229 2012 cum
1261 1957 1526 2027 plantator
1551 1963 1604 2010 et
1642 1956 1840 2026 rigator
1878 1956 1995 2009 ofﬁ-

405 2050 547 2103 cium
579 2050 657 2103 sui
684 2047 1179 2118 gesseritmmieris,
1214 2058 1402 2104 caetera
1451 2049 1522 2101 illi
1571 2049 1659 2118 qui
1688 2048 1777 2102 dat
1809 2049 1987 2103 incre-

405 2149 666 2204 mentum,
694 2141 943 2208 relinquit
974 2158 986 2194 :
1022 2142 1108 2195 ille
1141 2141 1332 2210 quippe
1377 2141 1532 2195 etiam
1579 2143 1749 2211 ipsum
1782 2143 1987 2212 planta-

410 2240 579 2287 torem
602 2233 991 2302 rigatoremqne
1021 2231 1281 2286 formavit.

474 2325 527 2378 Ξ.
569 2323 868 2380 Secundum
921 2325 1225 2379 interiorem
1270 2325 1425 2395 igitur
1457 2325 1725 2380 hominem
1776 2327 1989 2397 percipe

401 2416 563 2470 verba
596 2415 914 2470 intellectus.
935 2413 1050 2484 Ipse
1076 2417 1214 2470 enim
1233 2426 1518 2472 renovatur
1539 2417 1606 2472 de
1635 2418 1721 2472 die
1749 2419 1800 2472 in
1823 2419 1985 2485 diem,

401 2512 560 2566 etiam
583 2526 701 2565 cum
727 2511 958 2566 exterior
1001 2511 1098 2564 iste
1129 2511 1484 2580 corrumpitur
1516 2512 1578 2579 (ll
1613 2513 1728 2566 Cor.
1761 2529 1831 2572 tv.
1869 2513 1981 2583 lﬁ),

403 2605 523 2657 sive
551 2604 897 2673 castigatione
923 2603 1278 2664 abstinentiae,
1307 2603 1416 2656 sive
1439 2603 1614 2672 aliqua
1641 2604 1878 2656 morbida
1903 2621 1993 2658 va-

401 2694 654 2758 letudine,
702 2695 812 2749 sive
835 2695 1066 2764 quolibet
1093 2711 1239 2762 casu,
1273 2695 1354 2748 vel
1404 2691 1568 2759 certe,
1600 2696 1738 2765 quod
1773 2713 1991 2752 necesse

401 2795 482 2840 est
508 2788 666 2842 etiam
693 2787 756 2840 iis
779 2781 867 2856 qui
899 2802 1026 2840 sano
1052 2802 1276 2856 corpore
1319 2787 1408 2840 diu
1439 2787 1645 2853 vivunt,
1678 2788 1792 2857 ipso
1819 2791 1990 2842 a-tatis

399 2893 637 2934 accessu.
669 2879 827 2948 Erige
855 2880 1031 2948 itaque
1060 2879 1298 2948 Spiritum
1328 2879 1520 2933 mentis
1550 2888 1671 2945 tum,
1715 2880 1803 2950 qui
1831 2897 1990 2937 reno—

399 2980 556 3024 vatur
583 2971 634 3024 in
665 2970 932 3040 agnitiOne
977 2971 1068 3025 Dei
1107 2971 1394 3024 secumlum
1425 2971 1707 3039 imaginem
1757 2972 1872 3041 ejus
1901 2974 1988 3043 qui

399 3063 601 3116 creavit
629 3077 748 3116 eum
781 3061 1087 3133 (Coloss.m,
1116 3061 1232 3132 l0);
1275 3062 1361 3115 ubi
1395 3079 1487 3131 per
1515 3063 1669 3116 ﬁdem
1695 3063 1744 3116 in
1766 3074 1814 3118 te
1843 3064 1990 3118 habi-

400 3160 476 3206 tat
510 3152 754 3207 Christus
785 3153 946 3223 (Eph.
979 3169 1056 3218 nt,
1091 3153 1214 3223 l7);
1259 3153 1347 3206 ubi
1391 3169 1495 3207 non
1544 3163 1628 3209 est
1674 3155 1889 3209 Judzens
1937 3165 1990 3209 et

398 3245 643 3310 Grmcus,
671 3259 858 3300 servus
886 3254 938 3299 et
967 3246 1098 3300 liber
1117 3288 1129 3311 ,
1161 3248 1426 3300 masculus
1474 3255 1528 3301 et
1557 3246 1751 3301 femina
1790 3247 1983 3318 (Galat.

396 3351 476 3404 ιιι,
505 3337 629 3407 28);
655 3336 742 3390 ubi
769 3351 872 3390 non
901 3337 1164 3400 morieris,
1183 3352 1303 3390 cum
1325 3337 1456 3391 solvi
1488 3352 1710 3407 corpore
1737 3341 1983 3408 coeperis,

398 3427 524 3496 quia
556 3442 650 3482 nec
678 3427 748 3481 ibi
774 3428 1066 3490 marcuisti,
1095 3443 1215 3482 cum
1243 3429 1317 3482 sis
1346 3430 1498 3482 annis
1540 3430 1734 3499 gravis.
1763 3430 1877 3486 Hoc
1908 3431 1987 3484 in-

399 3520 596 3573 terior-e
625 3528 709 3573 tuo
736 3529 914 3574 erecta
952 3520 1185 3583 intende,
1216 3529 1269 3576 et
1294 3522 1413 3576 vide
1441 3538 1561 3592 quae
1609 3523 1817 3593 loquor.
1849 3523 1983 3578 Nolo

396 3612 762 3666 auctoritatem
791 3627 962 3667 meam
991 3614 1252 3683 sequaris,
1280 3613 1473 3668 ntideo
1499 3622 1652 3683 putes
1671 3616 1762 3670 tibi
1785 3616 1985 3685 aliquid

396 3718 618 3758 necesse
642 3719 760 3758 esse
789 3703 1029 3768 credere,
1059 3706 1306 3774 quoniam
1334 3721 1362 3758 a
1391 3722 1475 3760 me
1503 3705 1696 3761 dicitur
1720 3722 1732 3760 :
1775 3707 1867 3760 sed
1894 3717 1986 3761 aut

395 3793 682 3864 Scripturis
712 3797 982 3850 canonicis
1022 3797 1244 3862 credas,
1273 3797 1318 3854 si
1367 3797 1493 3868 quid
1545 3798 1778 3853 nondum
1827 3814 1984 3869 quam

396 3901 578 3940 verum
602 3887 668 3940 sit
693 3887 864 3955 vides,
892 3897 984 3942 aut
1012 3889 1234 3943 interius
1260 3888 1644 3944 demonstranti
1671 3892 1900 3958 veritati,
1929 3900 1984 3946 ut

398 3975 500 4034 hoc
531 3980 683 4048 plane
705 3980 906 4036 videas.

470 4071 524 4124 5.
566 4071 806 4142 Exempli
838 4074 1006 4143 gratia
1027 4073 1198 4128 dicam
1223 4073 1418 4144 aliquid
1432 4089 1536 4144 quo
1559 4074 1625 4129 ad
1657 4076 1766 4130 haac
1787 4077 1982 4132 certius

399 4164 756 4234 praestruaris,
808 4174 864 4221 et
903 4166 1026 4222 inde
1074 4167 1406 4236 potissimum
1452 4167 1596 4222 unde
1621 4168 1772 4221 nobis
1800 4169 1850 4221 in
1880 4169 1983 4224 hoc

397 4253 515 4324 ipso
549 4270 711 4325 opere
738 4257 1042 4327 propositus
1071 4267 1154 4312 est
1178 4257 1477 4327 disputandi
1504 4259 1672 4312 labor.
1703 4259 1982 4314 Credimus

395 4347 566 4404 videri
585 4350 774 4418 Deum,
808 4365 911 4404 non
941 4354 1063 4420 quia
1091 4351 1330 4406 videmus
1357 4351 1442 4405 vel
1468 4367 1564 4420 per
1587 4352 1770 4406 oculos
1799 4368 1982 4422 corpo-

395 4439 473 4493 ris
500 4440 638 4495 sicut
658 4441 899 4496 videmus
920 4442 1062 4497 hunc
1091 4442 1280 4506 solem,
1313 4444 1394 4495 vel
1425 4443 1617 4496 mentis
1642 4442 1827 4496 obtutu
1845 4445 1980 4498 sicut

394 4544 452 4584 se
473 4531 697 4602 quisque
728 4533 949 4587 interius
987 4533 1129 4588 videt
1156 4534 1441 4600 viventem,
1488 4533 1628 4587 videt
1671 4535 1934 4590 volentem
1961 4576 1975 4601 ,

391 4623 536 4678 videt
578 4635 925 4695 quaerentem,
959 4626 1103 4682 videt
1138 4618 1424 4693 Scientetti,
1454 4626 1597 4681 videt
1631 4627 1976 4682 nescientem.

393 4715 471 4770 Tu
503 4717 682 4787 itaque
706 4718 858 4773 lectis
879 4718 990 4787 ipsa
1028 4718 1110 4773 his
1145 4718 1353 4784 litteris,
1383 4718 1549 4773 solem
1573 4718 1786 4788 quidem
1820 4728 1872 4774 te
1901 4722 1980 4773 vi-

393 4808 538 4865 disse
566 4812 760 4866 recolis
792 4828 884 4880 per
908 4812 1090 4867 oculos
1128 4811 1384 4882 corporis,
1436 4821 1587 4882 potes
1616 4813 1774 4867 etiam
1805 4817 1978 4868 statim

392 4903 597 4970 videre,
621 4904 663 4958 si
690 4914 772 4959 est
800 4904 852 4960 id
881 4905 1156 4975 temporis,
1185 4915 1237 4960 et
1264 4921 1329 4961 eo
1352 4907 1452 4960 loci
1479 4921 1538 4961 es
1561 4907 1645 4961 ubi
1665 4923 1730 4961 ex
1752 4922 1812 4960 ea
1833 4916 1981 4976 parte

389 4997 590 5053 caelum
619 4998 790 5052 oculis
821 4999 924 5053 tuis
951 5014 1118 5067 usque
1143 4998 1205 5051 ad
1233 4999 1402 5052 solem
1430 4999 1787 5053 contuendum
1815 5009 1975 5068 patet.

389 5089 470 5144 Ad
500 5089 587 5144 illa
606 5104 735 5144 vero
777 5089 1001 5144 videnda
1041 5105 1157 5160 quae
1189 5099 1366 5145 mente
1391 5090 1624 5159 conspici
1651 5090 1780 5157 dixi,
1816 5091 1864 5145 id
1896 5099 1980 5146 est

390 5181 530 5250 quod
557 5182 724 5248 vivas,
749 5182 891 5252 quod
913 5182 1091 5237 videre
1110 5183 1272 5237 Deum
1300 5182 1452 5246 velis,
1474 5182 1612 5251 quod
1645 5183 1693 5236 id
1717 5185 1974 5252 requiras,

390 5273 530 5342 quod
560 5283 611 5328 te
637 5275 816 5328 vivere
845 5284 898 5330 et
915 5275 1047 5330 velle
1070 5283 1124 5330 et
1151 5291 1392 5344 quarrerc
1413 5277 1571 5339 scias,
1603 5277 1869 5343 quomodo
1886 5293 1980 5330 au-

390 5373 495 5419 tem
531 5365 673 5419 Deus
711 5366 953 5420 videatur
981 5367 1213 5429 nescias;
1247 5365 1313 5420 ad
1349 5367 1490 5432 lucc,
1520 5367 1754 5436 inquam,
1799 5369 1974 5422 omnia

396 5457 620 5512 videnda
650 5474 754 5513 non
783 5455 965 5513 oculos
991 5459 1228 5529 corporis
1245 5458 1483 5524 adhibes,
1517 5473 1615 5513 nec
1639 5458 1975 5514 intervallum

386 5549 488 5604 loci
529 5565 627 5619 per
655 5551 796 5621 quod
825 5551 1126 5606 intendatur
1150 5551 1363 5605 obtutus
1385 5592 1401 5617 ,
1435 5558 1492 5603 ut
1526 5549 1593 5604 ad
1621 5566 1679 5605 ea
1708 5553 1973 5608 cernenda

387 5644 681 5712 perveniat,
714 5645 882 5699 sentis
903 5653 993 5698 aut
1027 5645 1220 5714 quaeris
1253 5662 1265 5697 ε
1298 5644 1375 5698 sic
1422 5643 1572 5698 vides
1599 5645 1757 5698 vitam
1806 5654 1968 5708 tuam,

386 5733 734 5802 voluntatem,
786 5734 1199 5805 inquisitionem,
1251 5734 1548 5799 scientiam,
1597 5736 1967 5804 ignorantiam,

384 5824 510 5896 quia
557 5842 658 5882 nec
700 5825 816 5896 ipsa
849 5836 931 5882 est
977 5826 1365 5882 contemnenda
1407 5827 1576 5890 visio,
1619 5826 1799 5881 videre
1828 5827 1967 5896 quod

386 5919 612 5974 nescias.
632 5919 742 5986 Sic,
776 5919 1012 5990 inquam,
1030 5919 1180 5976 vides
1200 5919 1314 5975 here
1332 5919 1533 5988 omnia,
1549 5927 1607 5975 ut
1627 5919 1680 5975 in
1695 5929 1747 5976 te
1763 5919 1965 5987 videas,

1590 453 2065 517 EPISTOLARUM
2102 455 2372 515 CLASSIS
2410 455 2496 512 Ill.

2112 559 2252 626 apud
2285 569 2336 614 te
2358 560 2574 629 habeas,
2603 578 2665 618 ac
2699 563 2816 620 sine
2841 564 2965 621 ullis
3006 565 3289 638 ﬁgurarum
3325 568 3673 630 lineamentis

2105 652 2451 725 colorumque
2475 656 2756 724 nitoribus,
2785 667 2933 714 tanto
2959 659 3154 716 clarius
3183 669 3236 716 ct
3260 663 3477 730 certius,
3496 674 3692 734 quanto

2104 747 2396 816 simplicius
2421 750 2748 822 interimque
2778 755 3095 824 conspicias.
3119 757 3248 812 Cum
3277 757 3435 827 igitur
3455 773 3554 814 nec
3571 772 3694 814 cor-

2104 842 2248 910 poris
2273 843 2459 901 oculis.
2491 845 2630 898 sicut
2665 861 2888 916 corpora
2939 849 3050 909 sive
3078 849 3336 917 ccclestia,
3381 851 3495 912 sive
3521 860 3691 907 terre-

2102 935 2250 998 stria,
2280 951 2377 990 nec
2406 937 2599 992 mentis
2625 953 2868 1008 aspectu,
2888 941 3023 998 sicut
3047 956 3109 997 ea
3135 949 3279 1010 sunt,
3311 958 3538 1013 quorum
3555 958 3691 997 non—

2103 1026 2242 1078 nulla
2275 1031 2705 1093 commemoravi,
2733 1046 2852 1102 quae
2873 1034 3011 1102 apud
3039 1035 3372 1104 temetipsam
3397 1036 3694 1092 certissime

2101 1117 2344 1184 intueris,
2399 1136 2538 1175 nunc
2568 1122 2840 1177 videamus
2887 1124 3086 1188 Deum;
3144 1141 3240 1180 cur
3263 1125 3531 1181 credimus
3569 1142 3692 1181 eum

2102 1207 2289 1274 videri,
2324 1210 2424 1263 nisi
2453 1211 2576 1280 quia
2602 1212 2890 1281 Scriptura!
2905 1216 3368 1270 accommodamus
3399 1215 3576 1283 ﬁdem,
3605 1217 3692 1272 ubi

2099 1298 2312 1368 legitur,
2343 1299 2487 1354 Beati
2534 1302 2720 1360 munda
2749 1304 2939 1368 corde;
2965 1307 3203 1374 quoniam
3229 1307 3328 1376 ipsi
3360 1306 3520 1361 Deum
3545 1308 3687 1361 vide-

2099 1390 2220 1444 bunt
2247 1391 2462 1462 (Matth.
2493 1408 2548 1457 v,
2577 1392 2667 1463 8);
2698 1403 2759 1448 et‘
2775 1395 2819 1448 si
2853 1411 2955 1465 qua
2981 1397 3081 1451 alia
3124 1399 3176 1451 in
3202 1397 3338 1451 hanc
3366 1393 3687 1454 senﬂenliam

2099 1481 2283 1538 eadem
2313 1483 2487 1538 divina
2512 1485 2824 1542 auctoritate
2853 1487 3150 1553 conscripta
3171 1497 3312 1551 sunt,
3342 1492 3425 1542 cui
3450 1504 3554 1544 non
3575 1505 3687 1547 crc-

2098 1573 2226 1630 dere
2261 1576 2406 1632 nefas
2437 1575 2707 1641 ducimus;
2744 1577 2964 1634 credere
2997 1588 3172 1635 autem
3207 1580 3416 1648 pietatis
3443 1594 3563 1636 esse
3587 1581 3686 1635 mi-

2101 1668 2245 1722 nime
2277 1668 2625 1724 dubitamus?

2175 1760 2228 1814 4.
2275 1760 2421 1815 Hanc
2467 1762 2645 1832 itaque
2690 1761 3084 1818 distinctionem
3122 1771 3278 1828 tene,
3327 1773 3383 1818 ut
3412 1765 3605 1835 siquid
3638 1773 3690 1821 te

2099 1853 2444 1920 admonuero,
2472 1855 2805 1922 disserendo,
2833 1856 2970 1925 quod
2999 1857 3068 1911 ita
3096 1857 3278 1911 videas
3298 1857 3468 1912 oculis
3491 1859 3688 1927 carnis,

2102 1948 2184 2002 vel
2215 1947 2324 2002 ullo
2353 1948 2457 2003 alio
2479 1964 2638 2003 sensu
2663 1949 2778 2018 ejus
2805 1950 3027 2014 sentias,
3056 1965 3149 2004 seu
3195 1959 3246 2004 te
3276 1951 3510 2006 sensisse
3539 1964 3689 2005 reco-

2098 2039 2176 2094 las
2203 2039 2339 2094 sicut
2361 2040 2660 2104 sentiuntur
2676 2040 2906 2108 colores,
2927 2040 3183 2111 fragores,
3211 2042 3422 2105 odores,
3445 2056 3685 2113 sapores,

2098 2137 2357 2201 fervores,
2393 2146 2444 2192 ct
2475 2139 2517 2191 si
2557 2138 2680 2208 quid
2725 2138 2865 2191 aliud
2911 2154 3007 2207 per
3047 2155 3240 2208 corpus
3267 2141 3559 2206 cernendo,
3591 2155 3690 2198 au-

2098 2228 2313 2294 diendo,
2347 2229 2646 2285 olfacicndo
2670 2274 2683 2297 ,
2729 2233 3020 2302 gustando,
3069 2233 3334 2302 tangendo
3375 2235 3688 2298 sentiamus;

2097 2331 2188 2374 aut
2215 2321 2287 2375 ita
2316 2322 2498 2375 videas
2543 2324 2736 2378 mentis
2765 2323 2978 2388 intuitu,
3005 2333 3061 2377 ut
3091 2324 3236 2378 vides
3264 2325 3449 2390 vitam,
3491 2325 3688 2380 volun-

2099 2424 2281 2480 tatem,
2302 2417 2699 2484 cogitationem,
2732 2417 3077 2482 memoriam,
3123 2417 3548 2487 intelligentiam,
3580 2418 3688 2473 sci-

2097 2509 2314 2573 entiam,
2351 2507 2505 2562 ﬁdem
2537 2517 2703 2573 tuam,
2734 2519 2786 2562 et
2817 2507 3070 2578 quidquid
3107 2507 3248 2563 aliud
3271 2518 3448 2563 mente
3478 2509 3692 2579 conspi-

2097 2598 2194 2662 cis,
2225 2607 2383 2667 atquc
2415 2600 2482 2652 ita
2513 2615 2630 2654 esse
2671 2616 2774 2653 non
2820 2610 3021 2654 tantum
3073 2599 3362 2665 credendo,
3409 2600 3501 2654 sed
3531 2602 3687 2669 plane

2099 2693 2323 2746 vivendo
2352 2708 2454 2746 non
2479 2694 2717 2758 dubitas;
2740 2694 2840 2750 hoc
2860 2711 2942 2749 me
2958 2695 3167 2762 judices
3188 2695 3505 2748 ostendisse.
3534 2694 3687 2761 Quod

2095 2794 2270 2840 autem
2305 2803 2405 2840 non
2436 2788 2512 2841 sic
2539 2788 2844 2854 ostendero,
2877 2797 2934 2841 ιιι
2963 2797 3054 2841 aut
3099 2789 3360 2858 corporis,
3385 2797 3474 2841 aut
3519 2789 3680 2842 animi

2096 2894 2255 2933 sensu
2281 2880 2452 2932 visum
2481 2891 2895 2950 perceptumque
2927 2883 3190 2946 teneatur,
3217 2890 3272 2934 et
3298 2891 3474 2933 tamen
3500 2880 3687 2934 direre

2094 2971 2290 3040 aliquid
2318 2972 2456 3041 quod
2479 2981 2570 3026 aut
2594 2989 2776 3026 verum
2821 2972 3054 3042 quidem.
3089 2981 3180 3026 aut
3217 2971 3404 3026 falsum
3425 2987 3545 3026 esse
3585 2987 3684 3026 ne-

2094 3078 2246 3118 cesse
2289 3064 2378 3129 sit,
2414 3064 2505 3116 sed
2535 3065 2680 3117 nullo
2724 3064 2934 3119 illormn
2964 3064 3124 3118 dudm
3167 3079 3362 3133 genere
3408 3063 3682 3129 videatur;

2094 3162 2263 3208 restat
2292 3164 2348 3208 ut
2377 3155 2742 3209 tantummodo
2763 3155 3015 3209 credatur
3036 3157 3114 3208 vel
3146 3171 3249 3209 non
3278 3155 3546 3210 credatur.
3576 3155 3683 3210 Sed

2096 3245 2141 3304 si
2161 3244 2461 3300 divinarum
2485 3245 2902 3315 Scripturarum,
2931 3263 3112 3302 earum
3151 3247 3353 3302 scilicet
3380 3265 3498 3315 quze
3519 3262 3682 3301 cano-

2095 3335 2226 3388 nicm
2255 3337 2305 3389 in
2340 3337 2574 3392 Ecclesia
2605 3339 2964 3404 nominantur,
3001 3339 3275 3408 perspicua
3324 3339 3565 3392 ﬁrmatur
3583 3353 3683 3392 auc-

2093 3428 2359 3491 ctoritate,
2392 3430 2505 3482 sine
2537 3429 2643 3481 ulla
2689 3430 3021 3484 dubitatione
3045 3429 3368 3486 credendum
3408 3437 3508 3483 est.
3547 3430 3681 3486 Aliis

2092 3534 2220 3572 vero
2252 3519 2474 3574 testibus
2505 3521 2584 3574 vel
2613 3521 2950 3586 testimoniis,
2995 3523 3185 3590 quibus
3214 3521 3409 3590 aliquid
3454 3521 3679 3575 creden-

2091 3612 2215 3668 dum
2251 3629 2371 3672 csse
2387 3616 2685 3680 suadetur,
2735 3617 2826 3671 tibi
2851 3615 3071 3670 credere
3113 3616 3196 3670 vel
3229 3631 3333 3669 non
3355 3614 3576 3668 credere
3615 3614 3678 3667 lin

2091 3715 2228 3770 erat,
2263 3717 2515 3775 quantum
2535 3723 2595 3762 ea
2615 3708 2869 3761 momenti
2886 3708 2949 3761 ad
2974 3707 3272 3761 iaciendum
3295 3706 3456 3761 ﬁdem
3477 3705 3560 3761 vel
3583 3705 3680 3760 lia-.-

2093 3798 2218 3856 bere
2241 3800 2321 3853 vel
2349 3815 2454 3853 mm
2488 3799 2682 3853 habere
2707 3799 3074 3871 perpenderis.

2161 3890 2213 3943 5.
2257 3888 2310 3944 Si
2355 3891 2494 3943 enim
2526 3906 2586 3945 ea
2613 3906 2730 3960 quur
2763 3906 2866 3944 non
2901 3891 3159 3952 vidimus,
3193 3889 3296 3945 hoc
3321 3899 3422 3955 est,
3459 3891 3512 3943 in
3545 3904 3682 3959 prae»

2090 3983 2226 4035 senti
2245 3984 2552 4051 apparentia
2578 3984 2590 4014 ³
2619 3998 2720 4037 non
2740 3984 3005 4044 sensimus
3023 3983 3103 4036 vel
3126 3992 3305 4036 mente
3321 3981 3403 4036 vel
3428 3995 3672 4050 corpore,

2091 4090 2261 4142 neque
2290 4076 2358 4129 de
2385 4077 2670 4144 Scriptnris
2701 4077 2896 4128 sanctis
2927 4074 3010 4129 vel
3035 4073 3262 4143 legendo
3292 4073 3375 4127 vel
3406 4062 3674 4126 audiendo

2089 4168 2384 4228 didicimus,
2423 4169 2565 4222 trulla
2597 4169 2813 4222 onmino
2852 4169 3290 4228 credidissemus:
3330 4165 3480 4222 unde
3509 4167 3675 4220 seire-

2089 4273 2209 4311 mus
2233 4274 2350 4313 esse
2379 4259 2616 4312 civitates
2640 4260 2724 4312 ubi
2755 4274 3022 4328 numquam
3043 4257 3369 4318 fuimus;vei
3400 4273 3427 4308 ει
3446 4256 3676 4314 Romulo

2087 4350 2352 4403 conditam
2399 4351 2642 4415 Romam,
2695 4351 2808 4411 vel,
2845 4358 2900 4402 ut
2957 4350 3024 4403 de
3076 4348 3410 4418 propioribus
3461 4349 3670 4416 loquar,

2087 4439 2602 4509 Constantinopolim
2648 4457 2674 4491 τι
2729 4439 3124 4494 Constantino?
3189 4439 3332 4496 unde
3401 4446 3676 4508 postremo

2087 4533 2344 4587 sciremus
2363 4534 2576 4603 quinam
2604 4542 2849 4601 parentes
2878 4547 2976 4586 nos
3008 4532 3450 4601 procreavissent,
3481 4532 3674 4601 quibus

2088 4623 2348 4692 patribus,
2399 4625 2547 4690 avis,
2597 4625 2884 4694 majoribus
2938 4625 3101 4696 geniti
3156 4623 3433 4678 essemus?
3463 4623 3672 4678 Talium

2087 4717 2282 4786 quippe
2308 4733 2428 4770 cum
2455 4718 2676 4784 plurima
2709 4719 2962 4782 sci-unus,
2998 4732 3104 4771 non
3143 4725 3320 4771 tamen
3357 4732 3418 4771 ea
3448 4716 3532 4771 vel
3568 4715 3676 4770 ullo

2088 4825 2244 4864 sensu
2270 4811 2580 4878 praesentia,
2616 4811 2750 4863 sicut
2778 4811 2942 4863 solem
2969 4853 2980 4873 ,
3015 4811 3151 4864 sicut
3199 4809 3364 4864 nostri
3395 4808 3558 4866 animi
3581 4824 3675 4863 vo-

2087 4903 2339 4955 luntatem
2367 4945 2382 4966 ,
2427 4904 2503 4956 vel
2551 4904 2924 4956 canonicorum
2964 4904 3295 4973 cloquiorum
3335 4902 3668 4967 auctoritate,

2086 4995 2220 5049 sicut
2246 4995 2411 5048 Adam
2439 4993 2600 5048 fuisse
2629 4996 2853 5063 primum
2882 4995 3173 5058 hominem,
3193 5003 3284 5049 aut
3307 4993 3578 5048 Christum
3606 4993 3659 5046 in

2087 5103 2248 5142 carne
2283 5098 2464 5140 natum
2497 5102 2816 5156 passumque
2845 5086 3205 5142 resurrexisse
3235 5085 3544 5149 didicimus;
3573 5083 3671 5138 sed

2084 5179 2200 5232 aliis
2229 5177 2598 5242 referentibus,
2630 5177 2695 5232 de
2723 5194 2945 5248 quorum
2977 5177 3280 5236 testimonio
3319 5177 3370 5230 in
3401 5175 3504 5230 hoc
3531 5175 3672 5230 dun-

2086 5278 2228 5324 taxat
2269 5286 2447 5324 rerum
2477 5285 2673 5339 genere
2702 5271 2918 5324 minimc
2943 5269 3288 5324 dubitandum
3316 5281 3436 5330 esse
3463 5266 3671 5336 putavi.

2084 5377 2222 5416 mus.
2253 5361 2305 5415 ln
2337 5363 2527 5430 quibus
2573 5362 2616 5415 si
2667 5360 2861 5415 alicubi
2903 5359 3153 5426 fallimur,
3177 5357 3448 5413 credendo
3482 5357 3565 5415 vel
3595 5356 3667 5414 ita

2081 5467 2201 5508 esse
2245 5453 2384 5523 quod
2416 5467 2520 5508 non
2552 5453 2619 5514 ita
2652 5463 2732 5506 est
2755 5494 2768 5518 ,
2798 5452 2879 5506 vel
2905 5466 3013 5505 non
3044 5451 3112 5505 ita
3140 5464 3258 5506 esse
3285 5448 3425 5518 quod
3452 5449 3522 5518 ita
3559 5456 3666 5514 est,

2080 5544 2208 5599 nihil
2236 5545 2452 5614 periculi
2479 5544 2938 5612 essejudicamus,
2963 5542 3140 5596 sinon
3182 5541 3248 5596 sit
3293 5549 3478 5595 conatra
3521 5539 3666 5602 illam

2082 5639 2236 5697 ﬁdem
2262 5655 2361 5707 qua
2393 5639 2559 5707 pietas
2581 5638 2909 5690 informatur.
2931 5635 3054 5689 Huic
3073 5633 3374 5702 przeloeutie
3394 5646 3514 5690 mea
3535 5648 3658 5691 ntus

2079 5731 2202 5783 dum
2257 5732 2579 5800 propositam
2629 5729 2847 5784 discutit
2884 5727 3229 5799 quaestionem
3252 5766 3269 5792 ,
3308 5725 3400 5782 sed
3429 5735 3481 5782 te
3506 5735 3666 5794 atquo

2144 5863 2389 5938 '_l.()v.,°itt
2411 5864 2682 5938 prwsmtia.
2718 5872 2772 5916 At
2803 5863 2886 5916 alii
2907 5876 3082 5915 omnes
3101 5863 3210 5914 libri
3234 5864 3442 5926 habent,
3469 5861 3521 5916 in
3541 5873 3667 5927 pro-

2081 5934 2203 5978 sam
2219 5934 2518 5991 manus.
