4112 6346
520 421 624 478 599

490 526 498 529 ”
521 541 654 595 alios
676 539 762 609 qui
785 538 882 594 ista
900 536 1086 594 lecturi
1107 545 1252 602 sunt,
1272 534 1541 606 priestruit
1555 533 1741 606 quales
1753 548 1850 589 seu
1871 545 2111 588 meorum

525 648 622 688 seu
641 631 1002 704 quorumlibet
1031 630 1348 700 scriptorum
1376 627 1580 698 iudices
1605 641 1726 682 esse
1749 624 2014 689 debeatis;
2047 638 2114 678 ne

525 725 610 780 vel
631 726 770 780 scire
794 740 889 779 vos
917 721 1206 793 opinemini
1233 721 1375 792 quod
1397 721 1632 786 nescitis,
1661 721 1744 776 vel
1773 727 1980 774 temere
1997 732 2114 772 cre-

524 817 662 873 datis
686 816 826 888 quod
856 831 1026 886 neque
1048 813 1291 885 corporis
1305 813 1552 869 sensibus
1571 820 1662 866 aut
1681 809 1843 865 animi
1868 809 2112 866 contuitu

524 911 576 965 in
603 910 842 980 ejusdem
871 908 946 964 rei
976 924 1094 977 qua:
1115 906 1480 978 cognoscenda
1509 914 1611 970 est,
1635 903 1898 960 evidentia
1925 917 2112 972 peree-

524 1002 697 1075 pistis.
729 1017 900 1072 neque
919 1000 1294 1055 canonicarum
1334 999 1728 1070 Scripturarum
1771 995 2108 1062 auctoritate,

521 1096 733 1152 etiamsi
766 1111 869 1150 non
895 1094 1060 1149 adfuit
1078 1095 1324 1149 sensibus
1346 1094 1431 1149 vel
1458 1092 1620 1148 animi
1649 1092 1731 1147 vel
1748 1091 1990 1161 corporis
2018 1107 2114 1147 ve-

521 1190 639 1256 stri,
683 1199 856 1244 tamen
880 1188 1205 1244 credendum
1232 1202 1351 1244 esse
1379 1187 1657 1244 didicistis.

591 1283 745 1337 CAP.
772 1281 1180 1338 PRIMUM—6.
1195 1280 1383 1337 Jamne
1393 1295 1520 1351 ergo
1531 1279 1774 1336 venimus
1787 1278 1851 1334 ad
1867 1277 2110 1334 causam?

522 1389 591 1428 an
605 1364 776 1428 admic
791 1375 1020 1429 lecturus
1034 1374 1374 1428 instruendus
1390 1373 1494 1428 est?
1507 1371 1755 1428 Nonnulli
1771 1372 1910 1427 enim
1924 1379 2110 1443 putant

523 1467 696 1536 ipsum
741 1465 880 1536 quod
921 1466 1146 1521 dicimus
1171 1465 1412 1529 credere,
1441 1481 1560 1520 cum
1587 1480 1676 1521 res
1694 1481 1818 1521 vera
1851 1465 2105 1530 creditur,

524 1557 625 1611 hoc
663 1558 834 1611 solum
862 1573 980 1612 esse
1009 1566 1188 1614 mente
1217 1558 1477 1613 contueri.
1508 1558 1657 1626 Quod
1691 1559 1735 1614 si
1765 1559 1835 1612 ita
1865 1566 1978 1621 est.
2008 1557 2106 1612 fal-

519 1650 647 1704 litur
668 1650 762 1703 ista
795 1661 976 1704 nostra
1005 1651 1248 1720 superior
1277 1651 1604 1720 praelocutio,
1636 1650 1688 1704 in
1723 1665 1824 1720 qua
1855 1649 2106 1705 distinxi-

519 1741 640 1796 mus
659 1740 800 1795 aliud
821 1755 940 1797 esse
961 1741 1156 1812 aliquid
1178 1743 1377 1797 sentire
1396 1757 1490 1812 per
1505 1757 1717 1812 corpus.
1737 1741 1874 1796 sicut
1895 1742 1948 1796 in
1965 1741 2106 1798 caelo

518 1834 707 1896 Solem,
734 1842 790 1888 et
812 1834 864 1887 in
899 1844 1037 1890 terra
1067 1844 1321 1902 montem,
1349 1836 1617 1904 arborem,
1643 1851 1908 1904 corpusve
1932 1835 2105 1907 quod-

519 1924 677 1989 libet;
705 1936 757 1980 et
794 1926 933 1979 aliud
963 1927 1154 1981 mentis
1173 1927 1362 1982 intuitu
1382 1944 1492 1982 rem
1516 1928 1858 1983 nihilominus
1881 1929 2103 1984 eviden-

521 2026 624 2071 tem
657 2058 671 2082 ,
723 2017 862 2072 sicut
909 2027 1085 2072 nostra
1149 2019 1395 2075 voluntas
1435 2035 1464 2074 a
1522 2020 1914 2090 nobismetipsis
1962 2020 2102 2076 intus

517 2108 773 2177 aspicitur
811 2124 934 2164 cum
985 2109 1183 2180 aliquid
1217 2111 1491 2176 volumus,
1538 2109 1624 2165 vel
1679 2111 1928 2181 cogitatio
1980 2125 2102 2165 cum

515 2203 840 2272 cogitamus,
875 2203 958 2257 vel
1006 2205 1263 2259 memoria
1291 2204 1418 2258 dum
1469 2203 1830 2271 recordamur,
1885 2205 1968 2259 vel
2002 2204 2105 2259 tale

517 2296 712 2366 aliquid
740 2297 793 2351 in
820 2297 998 2351 animo
1027 2297 1141 2352 sine
1188 2313 1413 2367 corpore
1447 2316 1458 2351 :
1491 2297 1632 2352 aliud
1679 2307 1853 2352 autem
1884 2297 2104 2354 credere

517 2387 658 2457 quod
701 2388 753 2442 in
811 2389 1052 2457 corporis
1082 2390 1340 2444 mentisve
1367 2399 1653 2460 conspectu
1697 2405 1795 2445 nec
1823 2390 1975 2446 adest
2003 2405 2105 2446 nec

516 2476 750 2532 adfuisse
794 2479 1080 2543 recolitur;
1149 2479 1286 2533 sicut
1339 2479 1452 2534 sine
1501 2481 1806 2552 parentibus
1865 2491 2100 2536 creatum

517 2570 706 2630 Adam.
734 2580 784 2624 et
826 2580 1004 2625 natum
1037 2588 1102 2626 ex
1129 2572 1344 2643 Virgine
1384 2589 1702 2643 passumque
1740 2575 2102 2632 resurrexisse

520 2662 804 2716 Christum.
839 2663 964 2718 llaec
988 2665 1130 2720 enim
1157 2666 1315 2719 etiam
1344 2668 1689 2737 corporaliter
1719 2667 1853 2723 facta
1885 2677 2024 2735 sunt,
2049 2679 2105 2726 et

519 2751 683 2806 videri
701 2768 793 2822 per
809 2769 1023 2823 corpus,
1043 2755 1089 2809 si
1105 2764 1228 2810 tunc
1242 2755 1569 2824 adessemus,
1589 2759 1768 2828 utique
1787 2768 2098 2828 pomerunt:

516 2857 656 2897 nunc
675 2852 850 2899 autem
875 2860 978 2899 non
1011 2845 1222 2910 adsunt,
1239 2846 1376 2902 sicut
1394 2847 1545 2903 adest
1569 2849 1664 2904 ista
1691 2849 1777 2904 lux
1796 2866 1915 2922 quae
1935 2851 2102 2906 oculis

513 2939 768 3002 cernitur,
799 2947 890 2994 aut
911 2939 1157 2995 voluntas
1180 2957 1281 3010 qua
1314 2958 1452 2996 nunc
1476 2943 1672 3013 aliquid
1690 2945 1958 3012 volumus,
1981 2961 2100 3016 qua:

512 3038 692 3085 mente
717 3032 1060 3102 conspicitur.
1106 3031 1212 3088 Sed
1236 3033 1357 3104 quia
1385 3033 1497 3090 hac
1533 3035 1800 3092 distinctio
1835 3036 1962 3091 falsa
1991 3053 2098 3092 non

513 3130 614 3187 est,
662 3121 900 3192 profecto
936 3125 1026 3179 illa
1071 3125 1406 3196 praistructio
1445 3127 1618 3182 minus
1670 3127 1925 3195 habebat,
1957 3128 2132 3200 quod,

511 3215 653 3270 inter
676 3216 926 3284 credere,
955 3227 1006 3273 et
1050 3220 1246 3291 aliquid
1276 3235 1510 3290 praesens
1545 3231 1725 3278 mente
1765 3225 2094 3294 conspicere,

512 3321 583 3361 ne
621 3308 838 3363 omnino
874 3325 1036 3364 unum
1063 3319 1220 3382 atque
1247 3311 1384 3367 idem
1419 3320 1726 3383 putaretur,
1751 3329 1937 3385 parum
1956 3315 2097 3370 clara

511 3398 683 3455 fuerat
718 3401 1017 3458 elocutione
1053 3403 1362 3460 discretum.

580 3491 805 3551 CAPUT
834 3494 897 3549 ll.
918 3527 992 3538 --
1014 3497 1067 3551 7.
1099 3497 1234 3564 Quid
1259 3512 1388 3569 ergo
1416 3497 1677 3554 dicimus?
1701 3497 1836 3554 Num
1863 3499 1992 3554 satis
2017 3509 2100 3556 est

510 3592 569 3638 ut
595 3585 733 3640 inter
751 3587 936 3642 videre
976 3597 1032 3643 et
1055 3577 1275 3645 credere
1304 3591 1407 3646 hoc
1441 3591 1641 3648 distare
1677 3593 1937 3658 dicamus,
1976 3595 2096 3664 quia

509 3677 792 3744 praesentia
815 3677 1074 3744 videntur,
1095 3679 1386 3735 creduntur
1408 3681 1680 3737 absentia?
1695 3683 1856 3738 Plane
1876 3683 2098 3740 forsitan

508 3767 638 3822 satis
663 3777 762 3831 est,
795 3769 838 3822 si
871 3771 1148 3838 praesentia
1178 3771 1264 3825 illa
1292 3771 1392 3827 hoc
1420 3772 1537 3827 loco
1553 3773 1907 3842 intelligamus
1932 3773 2093 3841 dicta,

508 3875 628 3930 quae
657 3870 850 3929 praesto
883 3869 1008 3915 sunt
1040 3863 1284 3917 sensibus
1330 3864 1440 3918 sive
1466 3862 1627 3917 animi
1664 3863 1780 3918 sive
1818 3865 2093 3934 corporis,

507 3951 651 4006 unde
669 3952 828 4006 etiam
855 3952 1017 4007 ducto
1043 3953 1299 4009 vocabulo
1330 3954 1606 4024 praesentia
1629 3955 1990 4011 nominantur.
2008 3955 2095 4012 Sic

506 4042 647 4096 enim
681 4041 816 4098 hanc
837 4043 1007 4100 lucem
1033 4045 1271 4115 corporis
1300 4060 1479 4111 sensu,
1507 4047 1585 4102 sic
1608 4055 1662 4102 et
1700 4062 1876 4103 meam
1906 4049 2094 4103 volun-

505 4142 664 4188 tatem
705 4136 861 4205 plane
907 4137 1081 4203 video,
1113 4137 1235 4207 quia
1267 4149 1463 4207 praesto
1488 4147 1570 4194 est
1607 4139 1768 4194 animi
1821 4140 2086 4207 sensibus,

505 4235 662 4297 atque
693 4229 837 4284 intus
863 4229 992 4284 mihi
1027 4244 1265 4300 praesens
1287 4238 1387 4285 est.
1417 4230 1471 4286 Si
1490 4232 1608 4301 quis
1635 4247 1762 4287 vero
1787 4231 1917 4287 mihi
1953 4233 2092 4287 indi-

502 4331 587 4374 cet
613 4310 934 4375 voluntatem
963 4337 1143 4386 Suam,
1175 4323 1328 4392 cujus
1361 4338 1424 4378 os
1461 4332 1514 4377 et
1551 4339 1653 4378 vox
1696 4323 1823 4378 mihi
1856 4339 2094 4393 praesens

502 4419 585 4465 est
604 4426 619 4475 ;
652 4420 831 4468 tamen
852 4413 973 4482 quia
998 4415 1108 4483 ipsa
1126 4414 1371 4469 voluntas
1387 4429 1544 4484 quam
1572 4413 1698 4469 mihi
1723 4414 1943 4482 indicat,
1963 4416 2092 4472 latet

502 4517 718 4556 sensum
746 4504 986 4571 corporis
1016 4514 1068 4558 et
1092 4505 1254 4558 animi
1279 4505 1403 4569 mei,
1429 4506 1609 4572 credo,
1648 4521 1755 4562 non
1781 4506 1936 4562 video
1960 4525 1975 4562 :
2001 4515 2094 4562 aut

409 4625 412 4627 λ
501 4595 545 4648 si
567 4610 688 4649 eum
729 4595 941 4650 mentiri
981 4597 1251 4660 existimo,
1281 4611 1389 4651 non
1422 4597 1605 4660 credo.
1627 4598 1727 4653 etsi
1755 4598 1909 4664 forte,
1935 4607 1991 4653 ut
2012 4599 2094 4654 di-

501 4685 595 4747 cit,
623 4687 688 4741 ita
718 4687 807 4741 sit.
831 4686 1136 4742 Creduntur
1165 4703 1290 4758 ergo
1313 4688 1404 4743 illa
1433 4704 1551 4759 quae
1572 4689 1764 4744 absunt
1787 4705 1818 4744 a
1847 4691 2090 4748 sensibus

501 4778 719 4846 nostris,
748 4779 792 4834 si
815 4778 1025 4834 videtur
1052 4778 1303 4834 idoneum
1333 4781 1472 4848 quod
1489 4780 1569 4836 eis
1590 4783 1950 4838 testimonium
1979 4798 2090 4854 per-

499 4869 728 4924 hibetur.
783 4871 1037 4928 Videntur
1063 4881 1239 4926 autem
1292 4888 1408 4942 qua:
1459 4883 1653 4942 praesto
1682 4883 1825 4943 sunt,
1859 4875 1998 4931 unde
2035 4885 2090 4931 et

499 4965 776 5034 praesentia
809 4965 1152 5021 nominantur
1167 4965 1250 5021 vel
1271 4966 1433 5021 animi
1453 4967 1540 5022 vel
1555 4968 1797 5038 corporis
1816 4969 2084 5025 sensibus.

499 5057 629 5114 Nam
683 5074 805 5114 cum
851 5059 960 5113 sint
1002 5058 1236 5130 quinque
1288 5059 1528 5128 corporis
1557 5073 1778 5126 sensus,
1811 5061 2084 5128 cernendi,

499 5149 771 5215 audiendi,
795 5147 1099 5216 olfaciendi,
1115 5148 1384 5223 gustandi,
1407 5150 1652 5221 tangendi
1671 5168 1686 5217 ;
1704 5151 1850 5206 visus
1875 5152 2086 5222 quidem

497 5242 550 5298 iu
577 5241 656 5297 eis
680 5242 948 5312 prmcipue
971 5242 1142 5297 oculis
1175 5240 1461 5296 attributus
1475 5250 1580 5309 est,
1599 5252 1968 5299 verumtamen
1987 5245 2088 5300 hoc

499 5335 667 5390 verbo
694 5335 894 5390 utimur
923 5345 976 5391 et
995 5335 1048 5391 iu
1075 5335 1434 5392 czeteris.Non
1456 5336 1598 5392 enim
1619 5347 1820 5392 tantum
1837 5337 2082 5405 dicimus,

498 5424 630 5482 Vide
660 5428 788 5498 quid
839 5429 1038 5492 luceat;
1086 5428 1179 5484 sed
1207 5428 1390 5496 etiam,
1423 5428 1552 5484 Vide
1580 5427 1703 5500 quid
1748 5437 1923 5495 sonet,
1953 5429 2086 5485 Vide

497 5516 621 5587 quid
650 5518 810 5581 oleat,
847 5516 982 5573 Vide
1007 5517 1136 5588 quid
1165 5519 1356 5589 sapiat,
1405 5518 1538 5574 Vide
1586 5519 1716 5589 quid
1745 5520 1934 5575 caleat.
1975 5519 2087 5577 Nec

497 5609 621 5679 quia
643 5609 750 5664 dixi
778 5625 840 5665 ea
864 5609 1011 5666 credi
1055 5625 1174 5680 quae
1200 5610 1394 5666 absunt
1417 5627 1447 5664 a
1475 5609 1720 5666 sensibus
1744 5613 1940 5669 nostris
1958 5655 1975 5681 ,
2007 5614 2085 5670 sic

499 5701 787 5771 accipiatur
830 5711 890 5757 ut
911 5701 1052 5758 inter
1079 5705 1170 5760 illa
1197 5703 1517 5774 deputentur
1542 5719 1660 5775 qua:
1686 5703 1974 5775 aliquando
2001 5709 2084 5762 vi-

497 5791 693 5860 dimus,
723 5804 777 5850 et
828 5810 928 5850 nos
983 5795 1184 5852 vidisse
1241 5796 1534 5851 retinemus
1579 5796 1816 5866 certique
1859 5813 2079 5867 sumus,

494 5887 738 5956 quamvis
767 5900 893 5945 tunc
920 5907 1025 5946 non
1048 5899 1246 5960 praesto
1274 5890 1512 5947 sintCum
1527 5890 1830 5948 recoluntur
1849 5909 1882 5948 a
1902 5895 2078 5950 nobis.

1761 415 1819 470 S.
1861 409 2228 469 AUGUSTINI
2267 409 2568 468 EPISCOPI

2218 523 2400 596 Neque
2417 527 2561 582 enim
2587 526 2726 582 inter
2757 527 2983 594 credita,
3014 527 3109 584 sed
3137 525 3276 583 inter
3309 526 3424 584 visa
3442 525 3790 600 deputantur;

2219 627 2276 673 et
2320 617 2441 674 ideo
2483 628 2607 674 nota
2645 629 2790 688 sunt,
2834 620 3112 692 nonquia
3165 618 3322 677 ﬁdem
3373 619 3658 677 habuimus
3683 622 3797 679 aliis

2220 711 2460 778 testibus,
2493 710 2588 767 sed
2613 712 2735 782 quia
2761 726 2860 768 nos
2897 711 3096 768 vidisse
3127 710 3245 768 sine
3266 711 3430 768 dubio
3454 712 3800 770 recordamur

2217 813 2272 858 et
2299 805 2517 858 scimus.

2286 895 2512 953 CAPUT
2551 897 2638 952 ΙΙΙ.
2656 927 2728 938 -
2753 897 2806 954 8.
2846 897 3066 955 Constat
3095 899 3252 971 igitur
3276 907 3456 955 nostra
3491 899 3713 956 scientia
3731 914 3799 960 ex

2216 989 2345 1045 visis
2371 989 2528 1046 rebus
2557 999 2612 1045 et
2635 990 2886 1046 creditis:
2907 991 3000 1046 sed
3023 991 3076 1046 in
3117 993 3182 1048 iis
3211 1008 3328 1062 qua:
3355 991 3583 1047 vidimus
3607 992 3690 1046 vel
3716 993 3795 1048 vi-

2215 1081 2425 1147 demus,
2455 1097 2554 1138 nos
2583 1085 2679 1154 ipsi
2709 1092 2872 1138 testes
2899 1099 3113 1150 sumus;
3145 1085 3197 1139 in
3223 1085 3306 1139 his
3335 1093 3510 1140 autem
3538 1100 3658 1156 quae
3679 1099 3796 1140 cre-

2215 1172 2411 1240 dimus,
2441 1175 2562 1231 aliis
2590 1176 2812 1230 testibus
2839 1191 3114 1230 movemur
3151 1175 3217 1230 ad
3249 1175 3428 1243 ﬁdem,
3460 1191 3580 1230 cum
3611 1192 3796 1231 earum

2213 1279 2390 1320 rerum
2419 1281 2552 1337 quas
2575 1280 2674 1322 nec
2701 1265 2896 1323 vidisse
2922 1281 3018 1320 nos
3053 1266 3362 1334 reeolimus,
3403 1281 3503 1322 nec
3527 1266 3792 1335 videmus,

2213 1357 2405 1414 dantur
2432 1360 2580 1430 signa
2607 1359 2690 1416 vel
2717 1360 2771 1414 in
2795 1359 3033 1424 vocibus,
3057 1359 3138 1414 vel
3161 1360 3213 1414 in
3237 1359 3448 1427 litteris,
3479 1359 3562 1415 vel
3593 1361 3649 1414 in
3683 1360 3799 1430 qui-

2210 1448 2415 1521 busque
2442 1450 2794 1516 documentis,
2823 1452 3015 1522 quibus
3039 1451 3168 1506 visis
3208 1465 3314 1506 non
3340 1451 3452 1506 visa
3489 1451 3797 1509 credantur.

2211 1540 2325 1597 Non
2351 1550 2526 1598 autem
2555 1543 2821 1599 immerito
2854 1544 2992 1599 scire
3019 1558 3119 1599 nos
3147 1543 3372 1599 dicimus
3401 1559 3506 1598 non
3530 1544 3704 1599 solum
3736 1560 3798 1600 ea

2211 1649 2330 1704 quae
2361 1633 2590 1690 vidimus
2612 1646 2704 1690 aut
2735 1636 2998 1703 videmus,
3028 1651 3213 1691 verum
3241 1644 3296 1690 et
3330 1637 3416 1690 illa
3448 1652 3566 1706 qua:
3595 1636 3801 1692 idoneis

2209 1724 2276 1778 ad
2305 1740 2568 1797 quamque
2587 1742 2702 1782 rem
2719 1727 2971 1782 commoti
2996 1727 3315 1782 testimoniis
3339 1727 3423 1782 vel
3443 1727 3666 1783 testibus
3685 1743 3800 1783 crc-

2208 1816 2403 1872 dimus.
2434 1816 2600 1872 Porro
2614 1818 2659 1873 si
2676 1818 2815 1874 scire
2838 1833 2945 1873 non
2968 1817 3381 1890 incongruenter
3397 1818 3622 1873 dicimur
3637 1819 3799 1874 etiam

2209 1908 2337 1962 illud
2364 1908 2506 1978 quod
2539 1909 2897 1965 certissimum
2925 1910 3213 1976 credimus,
3245 1910 3370 1965 hinc
3413 1908 3609 1965 factum
3636 1922 3718 1966 est
3749 1919 3802 1966 ut

2209 2002 2370 2058 etiam
2399 2010 2544 2057 recte
2568 2003 2793 2070 credita,
2825 2004 2926 2058 etsi
2966 2019 3072 2058 non
3097 2003 3274 2058 adsint
3300 2003 3543 2059 sensibus
3580 2003 3796 2070 nostris,

2209 2093 2389 2150 videre
2412 2104 2590 2150 mente
2613 2095 2873 2151 dicamur.
2915 2095 3143 2152 Scientia
3169 2097 3367 2168 quippe
3407 2096 3568 2150 menti
3608 2096 3800 2151 tribui-

2209 2192 2325 2252 tur;
2353 2188 2465 2241 sive
2486 2203 2584 2259 per
2601 2188 2844 2257 corporis
2869 2203 3082 2255 sensus,
3106 2189 3219 2244 sive
3239 2205 3337 2259 per
3362 2189 3532 2258 ipsum
3564 2189 3801 2244 animum

2209 2278 2405 2350 aliquid
2432 2288 2744 2353 perceptum
2770 2281 3146 2351 cognitumque
3169 2281 3431 2336 retineat:
3461 2289 3515 2334 et
3535 2280 3666 2335 ﬁdes
3687 2281 3800 2351 ipsa

2211 2381 2390 2426 mente
2419 2372 2598 2442 utique
2621 2371 2853 2439 videtur,
2883 2372 3126 2442 quamvis
3150 2372 3251 2427 huc
3272 2371 3377 2428 ﬁde
3396 2373 3644 2428 credatur
3658 2372 3802 2443 quod

2208 2479 2313 2518 non
2345 2463 2568 2518 videtur.
2603 2463 2754 2520 Unde
2778 2471 2834 2519 et
2859 2465 3133 2536 apostolus
3161 2465 3350 2519 Petrus
3379 2463 3527 2527 dicit,
3561 2463 3625 2518 In
3652 2481 3803 2536 quem

2208 2557 2360 2610 modo
2385 2573 2487 2610 non
2515 2555 2734 2610 videntes
2759 2556 2960 2610 creditis
2991 2556 3032 2629 (Ι
3058 2555 3171 2612 Pet.
3203 2573 3243 2622 ι,
3267 2556 3360 2628 8):
3383 2569 3437 2612 et
3467 2556 3580 2627 ipse
3613 2557 3798 2611 Domi-

2207 2663 2326 2714 nus,
2341 2647 2484 2701 Beati
2499 2648 2584 2716 qui
2600 2663 2699 2701 non
2715 2647 2962 2708 viderunt.
2977 2657 3022 2701 et
3039 2647 3358 2702 crediderunt
3373 2646 3550 2713 (Joan.
3570 2664 3665 2711 xx,
3682 2648 3798 2720 29).

2277 2740 2328 2794 9.
2370 2739 2502 2794 Cum
2532 2740 2708 2810 itaque
2731 2740 2923 2796 dicitur
2944 2740 3168 2807 homini,
3206 2740 3377 2795 Crede
3403 2741 3678 2796 Christum
3712 2757 3799 2796 re-

2205 2833 2502 2890 surrexisse
2539 2849 2567 2886 a
2609 2834 2863 2901 mortuis;
2889 2834 2932 2889 si
2958 2835 3145 2898 credit,
3176 2835 3391 2890 attende
3434 2835 3557 2906 quid
3600 2835 3797 2902 videat,

2205 2925 2421 2982 attende
2446 2925 2572 2996 quid
2603 2925 2804 2990 credat,
2836 2935 2890 2983 et
2919 2936 3199 2998 utrumque
3221 2927 3488 2982 discerne.
3520 2927 3683 2983 Videt
3703 2928 3799 2983 bo-

2205 3017 2404 3072 minem
2430 3017 2580 3086 cujus
2602 3016 2748 3072 audit
2773 3032 2988 3084 vocem;
3011 3027 3065 3074 et
3091 3019 3202 3088 ipsa
3231 3034 3334 3074 vox
3363 3019 3416 3073 in
3447 3020 3574 3075 visis
3606 3035 3800 3091 corpo-

2203 3110 2404 3166 ralibus
2436 3109 2738 3180 deputatur,
2767 3109 3060 3166 secundum
3103 3125 3164 3165 ea
3195 3127 3312 3182 qua:
3341 3125 3498 3181 supra
3540 3111 3796 3168 diximus.

2202 3205 2330 3262 Haec
2349 3205 2453 3260 duo
2479 3212 2622 3273 sunt,
2647 3205 2816 3270 testis,
2845 3212 2900 3260 et
2920 3206 3310 3260 testimonium:
3337 3221 3558 3275 quorum
3578 3205 3651 3260 ad
3673 3221 3796 3262 ocu-

2201 3297 2284 3353 los
2307 3313 2494 3363 unum,
2517 3296 2586 3352 ad
2609 3312 2763 3352 aures
2783 3297 3006 3352 alterum
3036 3298 3284 3368 pertinet.
3306 3296 3411 3352 Sed
3440 3297 3580 3352 hunc
3603 3307 3795 3353 testem

2201 3391 2429 3447 fortasse
2452 3391 2676 3446 aliorum
2705 3390 3123 3446 testimoniorum
3164 3391 3450 3446 auctoritas
3486 3391 3792 3458 conﬁrmat,

2201 3483 2499 3540 divinarum
2519 3483 2725 3540 scilicet
2741 3483 3155 3554 Scripturarum,
3185 3483 3267 3539 vel
3285 3483 3646 3554 quorumlibet
3665 3483 3797 3539 alio-

2203 3594 2342 3646 rum,
2371 3578 2564 3649 quibus
2601 3586 2684 3634 est
2711 3586 2887 3634 motus
2926 3577 2993 3631 ad
3036 3577 3214 3632 ﬁdem.
3246 3577 3534 3646 Scriptura:
3575 3577 3647 3632 ad
3684 3578 3793 3632 visa

2202 3670 2471 3738 pertinent
2497 3669 2738 3740 corporis
2761 3669 3056 3736 oculorum,
3086 3669 3128 3724 si
3151 3683 3242 3724 eas
3270 3669 3424 3740 legit;
3453 3669 3536 3723 vel
3557 3671 3792 3737 aurium,

2201 3760 2246 3814 si
2270 3759 2490 3814 audivit.
2519 3759 2674 3815 Videt
2697 3768 2872 3815 autem
2903 3761 3082 3814 animo
3107 3759 3361 3830 quidquid
3386 3759 3566 3830 ﬁguris
3596 3760 3796 3815 littera-

2200 3865 2318 3904 rum
2357 3851 2570 3906 sonisve
2607 3851 2892 3922 significari
2931 3851 3208 3907 intellexit.
3247 3851 3394 3906 Videt
3426 3852 3592 3921 ipsam
3636 3852 3795 3907 ﬁdem

2199 3958 2372 4012 suam,
2395 3960 2498 4016 qua
2519 3960 2580 4001 se
2603 3943 2822 4000 credere
2848 3945 2962 3998 sine
2982 3945 3320 4000 cunctatione
3352 3944 3668 4013 resliondet.
3704 3945 3794 3998 Vi-

2199 4034 2290 4089 det
2307 4034 2702 4106 cogitationem,
2736 4049 2838 4104 qua
2878 4035 3072 4104 cogitat
3097 4034 3221 4104 quid
3256 4034 3305 4088 ei
3335 4034 3499 4104 possit
3536 4034 3797 4103 prodesse

2198 4124 2341 4196 quod
2366 4125 2552 4180 credit.
2593 4125 2746 4180 Videt
2769 4125 3112 4190 voluntatem,
3144 4139 3248 4194 qua
3274 4124 3498 4179 accessit
3524 4126 3589 4177 ad
3619 4124 3796 4179 susci-

2200 4216 2446 4288 piendam
2472 4217 2802 4288 religionem.
2829 4217 2981 4271 Videt
3005 4216 3162 4271 etiam
3193 4215 3358 4286 ipsius
3382 4216 3797 4271 resurrectionis

2196 4309 2479 4379 quamdam
2511 4309 2794 4380 imaginem
2823 4309 2875 4364 in
2900 4312 3081 4364 animo
3101 4325 3199 4364 suo
3228 4309 3437 4377 factam,
3461 4309 3578 4364 sine
3592 4326 3700 4381 qua
3719 4311 3800 4364 in-

2201 4401 2361 4471 telligi
2406 4416 2514 4455 non
2545 4411 2717 4470 potest
2747 4401 3000 4471 quidquid
3029 4400 3226 4456 factum
3257 4401 3610 4470 corporaliter
3658 4401 3796 4458 dici-

2200 4499 2306 4557 tur,
2339 4492 2450 4546 sive
2479 4492 2748 4556 credatur,
2783 4493 2894 4547 sive
2925 4509 3032 4547 non
3058 4493 3321 4548 credatur.

2267 4585 2494 4642 CAPUT
2533 4585 2694 4642 lV.—
2711 4585 2837 4654 Sed,
2865 4596 2920 4642 ut
2945 4597 3090 4658 puto,
3114 4587 3396 4657 distinguis
3415 4588 3689 4659 quomodo
3714 4587 3796 4642 vi-

2195 4681 2319 4737 deat
2343 4681 2502 4736 ﬁdem
2532 4697 2682 4738 suam
2708 4697 2811 4753 qua
2837 4681 3026 4749 credit,
3054 4691 3108 4737 et
3132 4681 3399 4753 quomodo
3433 4680 3613 4736 videat
3641 4683 3792 4737 illam

2197 4771 2607 4828 resurrectionis
2635 4773 2916 4842 imaginem
2955 4772 3006 4826 in
3029 4773 3207 4826 animo
3234 4787 3330 4826 suo
3357 4771 3570 4841 factam,
3602 4788 3792 4845 quam,

2195 4866 2241 4922 si
2269 4865 2371 4921 hoc
2394 4865 2563 4932 audit,
2596 4865 2742 4920 videt
2769 4865 2927 4920 etiam
2957 4865 3044 4935 qui
3068 4881 3174 4919 non
3204 4863 3393 4920 credit.

2265 4962 2354 5017 10.
2395 4960 2522 5016 Haec
2551 4975 2678 5031 ergo
2699 4962 2876 5014 omnia
2906 4958 3070 5027 videt,
3100 4962 3293 5031 partim
3323 4973 3570 5029 corpore,
3593 4961 3796 5030 partim

2195 5061 2394 5107 mente.
2418 5051 2758 5106 Voluntatcm
2786 5065 2916 5106 vero
2942 5051 3058 5121 ejus
3081 5067 3111 5106 a
3135 5065 3241 5122 quo
3257 5051 3405 5106 audit
3427 5060 3484 5106 ut
3505 5053 3719 5117 credat,
3742 5061 3799 5109 et

2193 5145 2364 5213 ipsam
2391 5141 2586 5198 Christi
2617 5142 3067 5198 resurrectionem
3107 5158 3212 5196 non
3241 5142 3405 5208 videt,
3452 5142 3548 5198 sed
3577 5143 3793 5211 credit;

2193 5247 2248 5293 et
2275 5247 2452 5292 tamen
2495 5251 2614 5291 eam
2657 5235 2837 5292 videre
2865 5235 3058 5290 dicitur
3084 5235 3313 5306 quodam
3340 5236 3534 5291 mentis
3574 5235 3794 5298 obtutu,

2193 5329 2362 5401 magis
2388 5320 2679 5384 secundum
2711 5327 3133 5383 testimoniorum
3175 5327 3355 5393 ﬁdem,
3401 5342 3562 5398 quam
3604 5343 3797 5384 rerum

2195 5421 2477 5493 praesentia
2520 5419 2864 5476 creditarum.
2911 5417 3003 5473 Illa
3047 5418 3190 5474 enim
3238 5433 3357 5488 qua:
3397 5417 3560 5483 videt,
3591 5417 3797 5474 adsunt

2193 5516 2439 5573 sensibus
2463 5515 2546 5570 vel
2573 5514 2736 5568 animi
2778 5513 2862 5569 vel
2904 5513 3174 5583 corporis;
3207 5528 3328 5583 qua:
3368 5521 3545 5567 autem
3589 5511 3794 5580 credit,

2193 5611 2388 5665 absunt
2414 5623 2443 5662 a
2472 5607 2719 5664 sensibus
2743 5615 2798 5662 et
2819 5605 2982 5661 animi
3022 5615 3076 5662 et
3101 5607 3363 5677 corporis.
3406 5605 3666 5676 quamvis
3695 5623 3796 5663 vo-

2191 5706 2367 5760 luntas
2395 5707 2510 5775 ejus
2537 5718 2568 5757 a
2593 5716 2700 5774 quo
2723 5700 2870 5756 audit
2898 5711 2956 5756 ut
2983 5701 3186 5768 credat,
3233 5716 3340 5756 non
3376 5702 3445 5755 sit
3489 5702 3792 5771 praeterita,

2190 5797 2284 5854 sed
2316 5805 2530 5853 maneat
2574 5796 2626 5851 in
2660 5795 2940 5866 loquente:
2970 5810 3129 5866 quam
3176 5793 3228 5848 in
3275 5797 3452 5866 seipso
3488 5793 3629 5848 idem
3673 5794 3796 5867 ipse

2190 5889 2290 5961 qui
2321 5890 2554 5961 loquitur
2579 5887 2752 5956 videt;
2782 5887 2872 5944 ille
2901 5903 3030 5944 vero
3048 5887 3140 5958 qui
3163 5887 3332 5957 audit,
3355 5903 3460 5944 non
3479 5900 3598 5943 eam
3626 5885 3786 5943 videt
