4154 6354
403 453 502 512 601

404 568 499 626 sed
527 566 714 624 credit.
743 566 1088 622 Rcsurrcctio
1127 574 1303 621 autem
1345 564 1539 620 Christi
1577 563 1845 636 praeterita
1888 573 1990 629 est,

405 675 562 732 quam
593 673 690 714 nec
711 658 784 712 illi
807 658 1053 713 viderunt
1077 656 1320 711 homines
1347 657 1436 727 qui
1459 666 1583 711 tunc
1603 655 1839 710 fuerunt.
1859 653 1992 710 Nam

404 755 492 824 qui
524 752 769 807 viderunt
797 751 1060 804 viventem
1099 749 1368 804 Christum
1409 763 1564 819 quem
1605 748 1846 803 viderant
1872 762 1992 802 mo-

401 847 652 909 rientem,
680 845 846 917 ipsam
878 852 1054 898 tamen
1084 843 1528 898 resurrectionem
1555 857 1673 896 cum
1704 840 1858 896 ﬁeret
1886 856 1989 896 non

401 939 666 999 viderunt,
698 935 791 991 sed
817 951 934 992 eam
961 935 1260 992 certissime
1283 934 1643 1000 crediderunt,
1679 933 1909 988 videndo
1937 940 1993 989 et

400 1029 666 1100 tangendo
694 1029 869 1082 vivum
900 1043 1061 1098 quem
1088 1036 1345 1082 noverant
1370 1035 1660 1081 mortuum.
1688 1025 1795 1080 Nos
1821 1035 1988 1080 totum

399 1123 687 1189 credimus,
713 1133 766 1177 et
789 1121 928 1193 quod
958 1123 1330 1188 resurrexerit,
1356 1131 1410 1176 et
1429 1121 1568 1192 quod
1596 1121 1662 1176 ab
1685 1120 1990 1175 hominibus

400 1226 527 1272 tunc
555 1216 700 1270 visus
727 1224 781 1270 et
805 1224 1164 1270 contrectatus
1205 1217 1294 1282 sit,
1337 1225 1391 1270 et
1423 1214 1563 1285 quod
1592 1231 1731 1270 nunc
1763 1215 1905 1268 vivat
1934 1215 1986 1268 in

397 1308 568 1372 cmlis,
602 1322 700 1363 nec
719 1307 828 1376 jam
855 1307 1132 1372 moriatur,
1160 1317 1214 1361 et
1245 1321 1390 1362 mors
1420 1307 1490 1360 illi
1520 1307 1650 1360 ultra
1684 1323 1787 1361 non
1811 1306 1986 1360 domi-

398 1411 571 1454 netur.
605 1399 709 1455 lies
738 1409 912 1454 autem
958 1399 1068 1470 ipsa
1116 1413 1218 1452 nec
1264 1399 1503 1467 corporis
1542 1399 1708 1453 nostri
1739 1399 1987 1454 sensibus

396 1489 566 1553 adest,
608 1489 744 1543 sicut
783 1490 934 1544 adest
975 1491 1073 1544 hoc
1114 1489 1310 1545 ctelum
1355 1498 1410 1544 et
1452 1498 1612 1555 terra,
1650 1505 1748 1545 nec
1789 1499 1985 1545 nostras

396 1581 591 1636 mentis
623 1581 895 1636 obtutibus
913 1623 926 1647 ,
956 1583 1092 1637 sicut
1118 1582 1272 1638 adest
1297 1580 1431 1637 ﬁdes
1460 1582 1573 1652 ipsa
1603 1599 1703 1653 qua
1734 1582 1836 1638 hoc
1864 1598 1984 1639 cre-

393 1673 587 1727 dianus.

466 1765 551 1818 11.
595 1763 701 1820 Sed
742 1765 852 1835 jam
896 1766 1042 1832 satis,
1075 1774 1132 1820 ut
1160 1775 1304 1836 puto,
1333 1766 1431 1821 ista
1459 1782 1574 1822 mea
1607 1767 1984 1837 prmlocutione

391 1855 745 1926 recognovisti
773 1857 898 1928 quid
929 1858 996 1912 sit
1023 1859 1205 1915 videre
1230 1859 1313 1914 vel
1345 1868 1521 1914 mente
1548 1859 1634 1915 vel
1662 1875 1909 1933 corpore,
1930 1871 1984 1918 et

391 1948 515 2018 quid
539 1948 608 2002 ab
631 1949 709 2004 eis
739 1949 899 2005 distet
926 1950 1166 2006 credere.
1199 1951 1350 2019 Quod
1372 1951 1586 2023 quidem
1620 1954 1676 2006 tit
1711 1962 1907 2019 mente,
1929 1965 1983 2010 et

390 2041 600 2096 videtur
615 2052 821 2108 mente;
841 2044 1089 2114 quoniam
1108 2045 1274 2101 menti
1290 2057 1486 2102 nostrae
1509 2046 1638 2102 ﬁdes
1658 2056 1836 2103 nostra
1855 2064 1984 2104 con-

389 2134 570 2204 spicna
593 2143 694 2190 est.
718 2135 823 2189 Sed
846 2145 1022 2192 tamen
1040 2137 1183 2208 quod
1209 2137 1395 2193 eadem
1424 2138 1528 2194 lide
1553 2139 1808 2206 creditur,
1829 2141 1982 2198 abest

389 2234 443 2281 et
471 2227 538 2282 ab
566 2237 783 2297 aspectu
811 2231 1053 2300 corporis
1096 2231 1283 2298 nostri,
1316 2231 1453 2286 sicut
1493 2232 1642 2287 abest
1685 2249 1878 2303 corpus
1925 2236 1977 2289 in

391 2334 498 2388 quo
517 2317 763 2376 Christus
788 2323 1105 2388 resurrexit;
1130 2333 1182 2378 et
1203 2323 1269 2377 ab
1294 2333 1509 2395 aspectu
1527 2327 1722 2379 mentis
1737 2327 1975 2394 alterius,

388 2411 527 2465 sicut
547 2411 696 2466 abest
721 2412 788 2467 ab
817 2423 1032 2482 aspectu
1063 2417 1254 2469 ruentis
1284 2432 1417 2470 meae
1444 2416 1575 2472 lides
1605 2426 1710 2482 tua,
1735 2419 1978 2488 quamvis

387 2519 506 2559 eam
530 2521 650 2560 esse
674 2507 723 2560 in
748 2515 798 2562 te
822 2507 1056 2572 credam,
1081 2524 1200 2562 cum
1224 2523 1342 2563 eam
1366 2524 1468 2563 non
1494 2508 1700 2563 videam
1727 2525 1972 2588 corpore,

387 2597 537 2669 quod
573 2615 672 2654 nec
702 2610 753 2654 tu
786 2609 965 2671 potes;
995 2617 1093 2657 nec
1121 2611 1316 2666 mente,
1351 2603 1490 2673 quod
1534 2613 1588 2659 tu
1627 2612 1798 2674 potes,
1841 2605 1978 2660 sicut

386 2708 484 2764 ego
512 2710 708 2758 meam,
736 2711 893 2765 quam
933 2704 984 2749 tu
1022 2711 1128 2751 non
1160 2705 1330 2766 potes.
1361 2696 1526 2750 Nemo
1552 2698 1692 2751 enim
1724 2698 1825 2752 scit
1849 2699 1975 2768 quid

384 2795 572 2856 agatur
617 2787 673 2842 in
715 2786 948 2854 homine,
999 2788 1100 2843 nisi
1143 2788 1359 2860 Spiritus
1397 2789 1627 2844 hominis
1657 2791 1743 2861 qui
1778 2792 1827 2844 in
1860 2792 1975 2861 ipso

383 2885 465 2932 est
491 2878 534 2948 (l
566 2877 682 2932 Cor.
709 2895 764 2945 ιι,
794 2879 907 2952 11),
931 2879 1104 2936 donec
1127 2882 1305 2936 veniat
1330 2882 1605 2950 Dominus,
1633 2893 1686 2938 et
1711 2881 1976 2939 illuminet

385 2967 694 3024 abscondita
713 2971 1075 3036 tenebrarum,
1101 2981 1152 3026 et
1174 2964 1478 3028 manifestat
1493 2974 1840 3043 cogitationes
1854 2990 1973 3030 cor-

382 3058 464 3113 dis
489 3058 598 3132 (Id.
630 3077 702 3128 1v,
731 3059 806 3134 5),
841 3071 897 3116 ut
916 3077 1006 3116 eas
1034 3079 1138 3117 non
1167 3063 1339 3118 solum
1369 3064 1592 3134 quisque
1622 3079 1746 3120 suas
1773 3064 1968 3134 videat,

382 3153 474 3208 scd
501 3163 555 3208 et
580 3154 824 3210 aliorum.
871 3156 1171 3212 Secundum
1205 3157 1305 3212 hoc
1333 3159 1474 3212 enim
1512 3158 1645 3212 dixit
1685 3162 1970 3229 Apostolus

383 3247 650 3301 neminem
678 3235 966 3319 scire'qttid
1006 3259 1191 3320 agatur
1235 3249 1288 3304 in
1333 3249 1567 3318 homine,
1597 3251 1697 3305 nisi
1724 3252 1969 3321 spiritum

380 3337 614 3392 hominis
637 3340 724 3408 qui
754 3339 808 3394 in
848 3340 964 3411 ipso
989 3350 1086 3396 est.
1137 3341 1431 3396 secundum
1461 3343 1601 3412 quod
1642 3343 1884 3398 videmus
1915 3346 1967 3400 in

379 3436 571 3490 nobis:
599 3451 719 3491 nam
761 3437 1053 3492 secundum
1098 3437 1152 3493 id
1197 3437 1338 3508 quod
1381 3438 1647 3492 credimus
1692 3456 1789 3494 ncc
1817 3440 1966 3495 vidc-

378 3543 521 3596 mus,
565 3538 619 3586 et
645 3531 842 3587 multos
871 3531 1054 3588 ﬁdeles
1081 3546 1202 3587 esse
1228 3532 1493 3598 novimus,
1542 3540 1595 3587 et
1632 3532 1811 3587 multis
1855 3533 1967 3589 noti

377 3637 582 3676 sumus.

448 3713 675 3770 CAPUT
714 3715 954 3770 V.—l2.
975 3715 1028 3772 Si
1050 3717 1300 3788 ergojam
1324 3718 1420 3772 ista
1442 3717 1687 3773 distincta
1715 3726 1856 3787 sunt,
1875 3735 1966 3775 ve-

377 3806 587 3861 niamus
616 3807 682 3862 ad
711 3823 946 3864 causam.
991 3809 1200 3864 Scimus
1229 3826 1384 3880 posse
1417 3813 1580 3866 Deum
1607 3811 1793 3877 videri,
1825 3829 1963 3883 quo-

377 3897 519 3951 niam
545 3901 801 3970 scriptum
843 3913 958 3956 eSt:
987 3900 1132 3956 Beati
1161 3903 1348 3957 mundo
1377 3903 1557 3970 corde;
1593 3905 1832 3974 quoniam
1863 3905 1964 3976 ipsi

374 3986 538 4043 Deum
566 3991 796 4046 videbunt
823 3992 1034 4064 (Matth.
1071 4009 1124 4059 v,
1159 3994 1234 4065 8).
1268 3995 1349 4048 An
1383 3994 1518 4050 forte
1543 4010 1649 4051 non
1690 3995 1848 4050 debui
1876 3995 1961 4052 di-

373 4093 514 4146 cere,
535 4081 775 4146 Scimus;
804 4084 919 4144 sed.
939 4085 1216 4141 Credimus
1238 4103 1250 4138 :
1274 4088 1524 4158 quoniam
1543 4089 1705 4140 Deum
1731 4105 1826 4142 nec
1843 4104 1963 4143 cor-

371 4187 501 4242 pore
530 4175 816 4245 aliquando
838 4177 1084 4243 vidimus,
1109 4178 1245 4232 sicut
1266 4177 1404 4232 hanc
1425 4179 1594 4233 lucem
1613 4197 1627 4244 ;
1646 4194 1742 4234 nec
1759 4191 1957 4246 mente,

369 4266 508 4320 sicut
534 4268 701 4337 ipsam
727 4269 778 4322 in
806 4269 978 4336 nobis,
1009 4285 1112 4341 qua
1137 4270 1188 4324 id
1219 4270 1506 4337 credimus,
1527 4270 1713 4338 ﬁdem;
1734 4271 1827 4326 sed
1846 4280 1962 4326 tan-

373 4365 482 4412 tum
513 4359 637 4429 quia
666 4361 921 4432 scriptum
963 4371 1046 4416 est
1087 4363 1136 4416 in
1181 4379 1241 4418 ea
1282 4363 1554 4433 Scriptura
1592 4364 1746 4432 cujus
1775 4364 1958 4422 ﬁdeles

370 4465 573 4517 sumus,
606 4454 748 4523 quod
779 4471 964 4510 verum
991 4457 1059 4510 sit
1089 4457 1308 4512 minime
1350 4456 1686 4512 dubitamus?
1724 4461 1956 4530 Aposto-

367 4541 450 4596 lus
477 4551 652 4599 tamen
677 4543 910 4600 Joannes
937 4561 1057 4601 cum
1089 4547 1194 4602 tale
1222 4547 1422 4618 aliquid
1460 4547 1681 4615 diceret,
1729 4548 1952 4618 Scimus,

368 4633 560 4704 inquit,
591 4637 710 4706 quia
731 4654 847 4691 cum
871 4641 1183 4710 apparuerit,
1207 4639 1396 4694 similes
1416 4640 1460 4694 ei
1476 4641 1696 4707 erimus;
1716 4643 1956 4714 quoniam

367 4726 641 4782 videbimus
665 4745 778 4783 eum
800 4731 948 4784 sicuti
973 4740 1046 4786 est
1067 4731 1118 4803 (1
1150 4731 1307 4786 Joan.
1349 4749 1424 4802 ιιι,
1451 4733 1511 4804 2)
1533 4752 1544 4788 :
1569 4749 1694 4790 ecce
1731 4737 1870 4792 scire
1897 4752 1956 4793 se

365 4819 497 4875 dixit
526 4822 667 4892 quod
697 4823 930 4879 nondum
975 4824 1169 4880 factum
1209 4823 1400 4891 fuerat,
1442 4842 1542 4882 nec
1580 4827 1827 4893 videndo,
1860 4829 1955 4885 sed

365 4915 638 4971 credendo
664 4927 1005 4989 cognoverat.
1046 4919 1214 4974 Recte
1260 4921 1437 4991 itaque
1465 4920 1716 4989 diximus,
1745 4921 1954 4978 Scimus

368 5007 534 5062 Deum
565 5022 721 5078 posse
741 5009 938 5077 videri;
962 5011 1203 5081 quamvis
1231 5027 1351 5067 eum
1383 5027 1489 5068 non
1521 5013 1829 5081 viderimus,
1859 5013 1952 5068 sed

295 5090 298 5092 ’
362 5101 558 5156 divina:
588 5105 886 5160 auctoritati
917 5121 1036 5176 quae
1065 5107 1262 5162 sanctis
1289 5105 1461 5162 Libris
1490 5107 1813 5175 continetur,
1833 5122 1952 5164 cre-

363 5191 674 5251 ditlerimus.

435 5286 522 5340 15.
564 5286 700 5355 Quid
743 5304 871 5360 ergo
918 5297 1002 5345 est
1048 5289 1190 5360 quod
1239 5289 1424 5346 eadem
1466 5291 1594 5346 dicit
1638 5293 1948 5361 auctoritas,

365 5376 527 5433 Deum
545 5397 687 5435 nemo
704 5382 825 5436 vidit
851 5400 1072 5455 unquam
1090 5383 1266 5459 (Joan.
1289 5404 1326 5453 ι,
1357 5385 1442 5453 18,
1462 5395 1508 5440 et
1525 5387 1543 5441 Ι
1563 5385 1720 5442 Joan.
1739 5405 1816 5457 1v,
1838 5389 1953 5463 12)?

363 5469 441 5524 An
475 5473 700 5528 fortasse
744 5475 1096 5545 respondetur
1137 5477 1278 5548 quod
1323 5477 1413 5532 illa
1451 5479 1751 5534 testimonia
1779 5481 1847 5537 de
1877 5483 1954 5538 vi-

361 5561 538 5618 dendo
568 5565 676 5621 Deo
701 5575 843 5635 sunt,
875 5585 980 5624 non
1012 5569 1080 5626 de
1105 5571 1252 5626 viso?
1279 5569 1393 5643 Ipsi
1429 5572 1570 5626 enim
1605 5573 1768 5628 Deum
1809 5575 1950 5630 vide-

362 5653 502 5720 bunt,
553 5657 753 5714 dictum
791 5671 901 5728 est;
935 5677 1062 5730 non,
1096 5663 1390 5720 Viderunt:
1416 5673 1472 5720 ct
1506 5682 1634 5734 non,
1672 5667 1948 5737 Vidimus;

361 5746 476 5812 scd,
500 5747 775 5803 videbimus
799 5769 909 5806 eum
921 5755 1068 5808 sicuti
1078 5763 1166 5809 est.
1190 5755 1418 5812 Proinde
1441 5758 1524 5813 his
1542 5761 1820 5816 sententiis
1843 5777 1949 5817 non

357 5849 440 5893 est
453 5843 799 5906 contrarium,
809 5843 967 5899 Deum
979 5863 1124 5902 nemo
1139 5849 1260 5903 vidit
1279 5853 1791 5923 unquam.Vidcbunt
1805 5857 1947 5913 enim

359 5944 522 6000 quem
538 5933 918 6006 nonviderunt,
937 5938 1028 6009 qui
1055 5941 1252 5998 mundo
1266 5943 1431 6000 corde
1451 5943 1545 6000 lilii
1576 5945 1671 6001 Dei
1696 5961 1815 6004 esse
1845 5964 1946 6006 vo-

1591 447 2076 505 EPISTOLARUM
2115 449 2390 509 CLASSIS
2425 451 2514 510 III.

2100 565 2313 620 luerint.
2332 566 2467 633 Quid
2485 577 2567 624 est
2581 587 2726 643 ergo,
2743 571 2860 628 Vidi
2876 574 3035 631 Deum
3048 577 3257 648 faciead
3270 579 3470 652 faciem,
3483 589 3533 636 et
3547 583 3690 637 salva

2098 657 2234 724 facta
2255 671 2326 715 est
2344 664 2517 717 anima
2537 682 2647 720 mea
2667 666 2816 738 (Gen.
2840 684 3015 736 xxxu,
3036 671 3152 744 50)?
3167 673 3248 727 An
3270 683 3324 728 et
3352 673 3455 730 hoc
3484 689 3588 730 non
3605 684 3687 733 est

2096 753 2420 808 contrarium
2453 757 2524 810 illi
2555 759 2694 828 quod
2721 760 2919 815 dictum
2945 773 3047 831 est,
3071 762 3238 819 Deum
3260 782 3406 820 nemo
3434 765 3557 820 uidit
3586 783 3680 822 un-

2095 861 2246 914 quam
2281 845 2469 918 (Joan.
2491 866 2527 914 l,
2561 849 2680 922 18)?
2703 853 2767 907 Et
2794 854 2922 909 illud
2952 855 3094 926 quod
3130 855 3196 912 de
3223 857 3402 930 Moyse
3425 859 3682 929 scriptum

2094 946 2196 1004 est,
2228 939 2346 1009 quia
2376 940 2665 1012 loquebatur
2690 957 2804 998 cum
2830 945 2938 1000 Deo
2956 949 3084 1017 facie
3111 949 3180 1002 ad
3198 950 3400 1019 faciem,
3426 952 3552 1005 sicut
3568 952 3682 1021 quis

2094 1029 2317 1100 loquitur
2344 1033 2412 1086 ad
2449 1035 2665 1089 amicum
2690 1054 2838 1092 suum
2866 1036 3055 1111 (Exod.
3089 1057 3291 1102 χχχιιι.
3318 1045 3442 1113 11);
3469 1053 3522 1098 et
3553 1045 3680 1100 illud

2092 1123 2232 1191 quod
2263 1124 2518 1194 propheta
2553 1126 2711 1182 Isaias
2737 1129 2803 1184 dc
2834 1132 3010 1198 seipso
3031 1133 3257 1203 loquens
3288 1135 3381 1200 ait,
3428 1133 3541 1189 Vidi
3570 1135 3678 1189 Do-

2092 1215 2284 1269 minum
2317 1218 2525 1272 sabaoth
2552 1220 2801 1276 sedentem
2839 1224 2892 1277 in
2923 1228 3101 1279 throno
3139 1226 3282 1298 (lsai.
3326 1243 3399 1294 vn,
3439 1230 3521 1299 l):
3555 1239 3607 1283 et
3634 1230 3680 1285 si

2091 1321 2190 1376 qua
2216 1309 2318 1363 alia
2345 1310 2518 1366 solent
2540 1312 2731 1367 similia
2755 1317 3049 1371 testimonia
3071 1335 3136 1373 ex
3158 1321 3342 1375 eadem
3367 1323 3680 1377 auctoritate

2093 1397 2335 1466 proferri.
2382 1401 2652 1470 quomodo
2683 1420 2787 1459 non
2819 1419 2942 1460 sunt
2971 1412 3233 1464 contraria
3265 1414 3543 1468 sententiae
3572 1431 3674 1484 qua

2089 1486 2285 1544 dictum
2313 1503 2414 1556 est,
2445 1493 2606 1548 Deum
2645 1512 2790 1552 nemo
2829 1499 2950 1552 vidit
2992 1503 3247 1572 unquam?
3275 1503 3584 1576 Quanquam
3627 1517 3680 1563 et

2093 1579 2266 1650 ipsum
2291 1584 2636 1656 Evangelium
2667 1600 2838 1658 potest
2865 1595 3032 1662 putari
3064 1596 3164 1650 sibi
3187 1611 3305 1652 esse
3329 1602 3672 1656 contrarium.

2089 1674 2367 1742 Quomodo
2396 1681 2540 1736 enim
2566 1699 2748 1740 verum
2768 1695 2870 1752 est,
2895 1688 3036 1758 quod
3068 1690 3117 1743 in
3145 1706 3210 1746 eo
3235 1691 3449 1756 dicitur,
3481 1694 3580 1760 Qui
3601 1712 3680 1750 me

2087 1769 2228 1836 vidit,
2256 1772 2412 1826 vidit‘
2436 1785 2482 1828 et
2501 1775 2705 1831 Patrem
2733 1777 2909 1851 (Joan.
2936 1797 3050 1850 Ilv,
3079 1783 3159 1856 9),
3189 1785 3231 1838 si
3257 1784 3418 1840 Deum
3437 1804 3579 1841 nano
3606 1789 3673 1842 vi-

2087 1862 2162 1916 dit
2191 1869 2447 1932 unquam?
2472 1872 2738 1938 quomodo
2777 1890 2960 1928 verum
3002 1887 3105 1944 est,
3137 1878 3319 1950 Angeli
3344 1897 3512 1935 eorum
3540 1899 3674 1936 sem-

2087 1971 2176 2023 per
2195 1955 2361 2011 vident
2386 1959 2566 2028 faciem
2595 1960 2769 2019 Patris
2793 1967 2888 2021 mei
2920 1966 3128 2039 (Matth.
3152 1988 3298 2037 xvnt,
3323 1973 3432 2048 10),
3451 1976 3492 2030 si
3512 1975 3675 2032 Deum

2085 2063 2230 2102 nemo
2251 2049 2370 2103 vidit
2392 2056 2648 2123 unquam?

2158 2141 2244 2196 14.
2283 2143 2396 2211 Qua
2426 2146 2585 2216 igitur
2610 2150 2794 2220 regula
2827 2152 3185 2225 intelligentia:
3215 2159 3311 2213 ista
3353 2162 3513 2215 veluti
3539 2177 3672 2217 con-

2086 2235 2245 2288 traria
2276 2245 2330 2291 et
2356 2244 2725 2310 repugnantia,
2769 2261 2873 2300 non
2913 2263 3031 2305 esse
3070 2253 3336 2308 contraria
3376 2271 3475 2310 nec
3513 2272 3674 2328 repu-

2083 2338 2247 2420 gnare
2274 2330 2651 2398 probabimus?
2675 2335 2856 2407 Neque
2881 2340 3021 2394 enim
3051 2342 3166 2397 ﬁeri
3191 2344 3298 2400 ullo
3320 2347 3478 2401 modo
3498 2358 3677 2420 potest

2085 2423 2142 2470 ut
2168 2415 2282 2473 haec
2307 2420 2698 2492 Scripturarum
2729 2432 3017 2488 auctoritas
3041 2435 3213 2506 aliqua
3243 2453 3310 2492 ex
3345 2415 3674 2510 partevmen-

2084 2509 2260 2564 tiatur.
2294 2511 2348 2566 Si
2376 2513 2599 2572 dicimus
2628 2519 2680 2572 in
2711 2537 2776 2577 eo
2807 2524 2946 2593 quod
2977 2527 3230 2597 scriptum
3263 2509 3362 2598 est,
3395 2531 3559 2587 Deum
3586 2553 3674 2592 ne-

2083 2619 2164 2657 mo
2189 2605 2312 2660 vidit
2336 2624 2575 2679 unquam,
2603 2612 2845 2671 homines
2876 2622 3247 2676 tantummodo
3277 2624 3668 2696 intelligendos,

2081 2696 2216 2751 sicut
2245 2701 2403 2756 etiam
2435 2703 2563 2760 illud
2585 2705 2784 2762 dictum
2816 2719 2916 2775 est,
2948 2711 3118 2769 Nemo
3141 2717 3232 2771 scit
3262 2719 3385 2788 quid
3407 2731 3588 2792 agatur
3615 2724 3668 2779 in

2083 2787 2302 2857 homine,
2321 2793 2418 2846 nisi
2438 2796 2642 2866 spiritus
2663 2799 2878 2856 hominis
2893 2806 2976 2874 qui
2997 2806 3048 2859 in
3064 2807 3174 2878 ipso
3190 2818 3262 2864 est
3275 2787 3321 2882 (l
3341 2787 3458 2867 Cor:
3477 2830 3533 2881 ll,
3555 2815 3667 2889 li);

2080 2897 2240 2937 neruo
2271 2891 2470 2957 uthnc,
2501 2890 2593 2944 sed
2618 2893 2925 2950 hominum:
2955 2914 3128 2970 neque
3155 2903 3297 2958 enim
3330 2906 3430 2958 hoc
3467 2906 3536 2962 de
3558 2907 3670 2964 Deo

2077 2977 2245 3046 accipi
2287 2989 2477 3047 potest,
2511 2999 2632 3037 cum
2670 2985 2737 3040 de
2775 2986 2986 3045 Christo
3015 2993 3269 3064 scriptum
3301 2997 3370 3051 sit
3398 3013 3500 3052 non
3533 3015 3668 3071 opus

2079 3067 2242 3126 fuisse
2269 3081 2324 3126 ut
2354 3075 2630 3145 quisquam
2657 3079 2731 3132 illi
2763 3081 3122 3139 testimonium
3147 3087 3450 3156 perhiberet
3473 3093 3540 3148 de
3561 3067 3664 3148 ho-

2077 3161 2240 3221 mine.
2259 3167 2505 3235 quoniam
2533 3170 2645 3241 ipse
2665 3172 2866 3229 sciebat
2882 3178 3004 3247 quid
3022 3189 3161 3235 esset
3179 3181 3232 3236 in
3250 3181 3463 3242 homine
3486 3186 3666 3258 (Joun.

2075 3269 2133 3321 ll,
2163 3254 2276 3329 25).
2307 3257 2436 3314 Nam
2468 3262 2568 3317 hoc
2597 3265 2885 3335 Apostolus
2929 3272 3134 3341 planius
3164 3277 3456 3348 explicans,
3493 3254 3664 3348 'Quem

2075 3363 2239 3415 nemo,
2270 3350 2457 3422 inquit,
2486 3353 2746 3411 [continuat
2772 3360 2914 3428 vidit,
2945 3380 3034 3418 nec
3058 3366 3224 3422 uidere
3267 3380 3426 3440 potest
3459 3371 3501 3444 (Ι
3525 3372 3661 3434 Tim.

2075 3454 2150 3506 vr,
2177 3441 2289 3513 16).
2318 3441 2374 3498 Si
2403 3460 2530 3517 ergo
2556 3447 2626 3502 ita
2653 3449 2848 3506 dictum
2879 3463 2981 3521 est,
3019 3456 3182 3513 Deum
3221 3478 3365 3519 nemo
3400 3441 3522 3521 vidit
3562 3486 3663 3525 un-

2070 3548 2244 3604 quam,
2275 3549 2338 3590 ac
2362 3536 2408 3591 si
2436 3537 2720 3607 diceretur,
2749 3543 2917 3602 Nemo
2946 3547 3252 3620 hominum;
3296 3555 3550 3616 hactenus
3577 3562 3664 3621 illa

2071 3629 2294 3695 quaestio
2310 3631 2480 3686 soluta
2505 3634 2788 3704 videbitur,
2808 3649 2991 3697 utnon
3013 3646 3082 3699 sit
3102 3645 3227 3703 huic
3245 3654 3522 3710 sententiae
3537 3671 3665 3714 con-

2073 3719 2290 3774 trarium
2313 3723 2455 3792 quod
2486 3726 2742 3783 Dominus
2769 3732 2861 3798 ait,
2888 3733 3068 3805 Angeli
3086 3754 3259 3794 eorum
3278 3759 3476 3816 semper
3493 3748 3663 3805 uident

2069 3813 2251 3884 {aciem
2295 3813 2470 3872 Patris
2501 3821 2632 3875 mei:
2661 3831 2716 3877 ut
2745 3825 2948 3882 scilicet
2988 3830 3225 3901 Angelos
3272 3813 3438 3892 Deum
3481 3839 3663 3898 videre

2069 3907 2368 3980 credamus,
2402 3929 2556 3982 quem
2589 3931 2745 3970 nemo
2785 3920 2914 3975 vidit
2958 3938 3209 3994 unquam,
3238 3927 3331 3984 sed
3361 3930 3656 3990 hominum.

2068 3996 2348 4098 Quomodo
2376 4018 2504 4074 ergo
2535 4005 2699 4062 Deum
2728 4009 2858 4064 vidit
2885 4012 3150 4069 Abraham
3187 4016 3339 4090 (Cen.
3384 4037 3539 4090 xvru,
3577 4025 3655 4098 1),

2066 4090 2213 4147 Isaac
2257 4093 2372 4163 (Id.
2412 4113 2561 4163 xxvi,
2593 4099 2674 4173 2),
2702 4101 2866 4157 Jacob
2895 4102 3004 4176 (Id.
3056 4123 3232 4176 xxxu,
3265 4112 3376 4178 30),
3404 4113 3506 4170 Job
3539 4090 3658 4189 (Job

2066 4199 2290 4281 ixxvm,
2327 4187 2402 4259 1),
2434 4189 2642 4261 Moyses
2688 4189 2880 4265 (Exod.
2915 4212 3105 4263 χχχιιι,
3141 4200 3250 4270 11),
3283 4187 3655 4281 ΜίοιιωειεὉΙί

2066 4274 2194 4374 Iieg.
2227 4294 2364 4345 χχιι,
2399 4280 2511 4352 19),
2553 4281 2716 4339 Isaias
2744 4284 2892 4358 (Isai.
2926 4304 2998 4353 γι,
3029 4290 3099 4361 1),
3127 4300 3178 4346 et
3207 4293 3252 4348 si
3282 4295 3370 4366 qui
3395 4298 3480 4353 alii
3509 4274 3654 4374 sunt,

2065 4367 2132 4421 de
2161 4371 2350 4440 quibus
2379 4373 2720 4430 veracissima
2747 4376 3020 4450 Scriptura
3053 4390 3274 4440 testatur
3317 4388 3458 4458 quod
3489 4367 3653 4450 Deum

2063 4459 2312 4529 viderint,
2343 4464 2388 4518 si
2420 4465 2587 4522 Deum
2615 4483 2774 4524 nemo
2805 4487 3037 4544 unquam
3081 4474 3354 4535 hominum
3397 4482 3525 4541 vidit
3553 4501 3656 4544 nec

2061 4554 2242 4610 videre
2268 4557 2477 4626 potest?
2943 4631 2950 4644 κ
3691 4640 3696 4644 _

2133 4649 2222 4704 15.
2262 4648 2575 4722 Quanquam
2624 4657 2868 4712 nonnulli
2925 4660 3164 4717 volentes
3214 4665 3374 4722 etiam
3427 4672 3654 4741 probare

2060 4744 2252 4816 impios
2291 4749 2498 4804 visuros
2536 4751 2725 4820 Deum,
2760 4770 2792 4810 a
2828 4755 3042 4814 diabolo
3081 4777 3293 4833 quoque
3329 4764 3447 4836 ipso
3484 4766 3652 4824 Deum

2061 4837 2230 4892 visum
2277 4849 2496 4908 putant;
2532 4843 2608 4899 sic
2652 4847 2974 4916 accipientes
3011 4851 3153 4922 quod
3189 4856 3444 4926 scriptum
3479 4867 3562 4914 est
3595 4860 3650 4916 in

2060 4929 2195 4984 libro
2221 4930 2352 4998 Job,
2385 4935 2596 4990 venisse
2638 4951 2758 4992 cum
2797 4942 3016 5012 Angelis
3050 4953 3105 5000 et
3144 4945 3413 5004 diabolum
3442 4951 3494 5006 in
3523 4967 3652 5009 con-

2059 5034 2298 5095 spectum
2330 5028 2422 5083 Dei
2456 5027 2575 5102 (Job
2602 5045 2642 5098 ι,
2669 5031 2724 5098 6,
2750 5042 2798 5087 et
2821 5049 2878 5101 ιι,
2908 5034 2958 5106 1)
2987 5055 3001 5092 :
3029 5046 3085 5093 ut
3101 5038 3213 5109 jam
3238 5050 3293 5098 et
3319 5042 3446 5098 illud
3473 5047 3650 5105 veniat

2059 5118 2114 5174 in
2133 5122 2502 5190 quaestionem,
2516 5125 2782 5192 quomodo
2795 5125 2992 5183 dictum
3006 5130 3094 5198 sit,
3108 5131 3253 5187 Beati
3272 5135 3460 5190 mundo
3473 5141 3644 5207 corde,

2057 5214 2294 5283 quoniam
2314 5215 2410 5286 ipsi
2432 5214 2596 5269 Deum
2616 5217 2847 5274 videbunt
2869 5218 3080 5294 (Matth.
3104 5239 3158 5291 v,
3173 5224 3251 5298 8);
3281 5237 3336 5284 et
3355 5229 3505 5298 illud,
3534 5229 3648 5288 Pa-

2057 5321 2165 5360 cem
2190 5307 2450 5361 sectamini
2469 5323 2584 5361 cum
2606 5309 2836 5364 omnibus
2858 5322 2904 5366 et
2929 5316 3395 5386 sancti/icationem,
3419 5322 3528 5377 sine
3546 5339 3648 5394 qua

2059 5414 2204 5452 nemo
2242 5400 2422 5469 poterit
2459 5400 2626 5454 videre
2662 5401 2828 5458 Deum
2866 5404 3069 5477 (Hebr.
3112 5424 3209 5475 xu,
3253 5411 3320 5466 M
3343 5410 3386 5484 ).
3427 5413 3647 5472 Multum

2059 5491 2202 5545 enim
2229 5491 2412 5556 miror,
2440 5493 2485 5546 si
2509 5509 2574 5548 eo
2603 5491 2770 5566 usque
2795 5498 3204 5570 progrediuntur
3227 5503 3316 5573 qui
3343 5505 3647 5566 existimant

2057 5581 2250 5651 impios
2285 5585 2491 5642 visuros
2530 5586 2728 5654 Deum,
2758 5597 2811 5644 et
2848 5605 2879 5644 a
2915 5589 3127 5647 diabolo
3156 5594 3326 5649 visum
3363 5597 3560 5668 Deum,
3589 5613 3645 5662 ut

2057 5687 2150 5728 eos
2169 5683 2224 5729 et
2247 5676 2450 5740 mundo
2467 5678 2630 5734 corde
2654 5694 2793 5748 esse,
2815 5690 2869 5736 et
2889 5697 3075 5752 pacem
3095 5692 3152 5741 et
3173 5688 3643 5752 sanctiﬁcationem

2457 5849 2535 5911 me
2569 5838 2697 5911 videt
2711 5877 2725 5900 ,
2764 5838 2904 5911 videt,
2935 5850 3029 5911 etc.
3043 5908 3050 5911 _
3061 5852 3122 5911 at
3143 5853 3248 5898 Ms.
3281 5849 3497 5902 melioris
3517 5860 3643 5911 nota.I

2054 5903 2560 5978 essetessent;
2587 5903 2782 5978 autem
2804 5903 2948 5978 υειιρι.
2971 5904 3110 5978 vids.
3136 5917 3254 5974 εις..
3269 5913 3409 5977 sum
3430 5903 3637 5978 emi

2056 5965 2250 6009 textum
2272 5961 2301 6008 ὸ
2319 5961 2513 6013 cortices
2529 5961 2650 6026 eme,
2675 5965 2842 6017 ébrace
2859 5961 2945 6020 tati
2961 5961 3154 6023 Patéra.
