4154 6354
531 557 652 597 cum
683 539 928 598 omnibus
953 537 1204 596 assectari
1236 541 1556 594 asseverant.

605 632 689 689 16.
709 631 840 688 Nam
874 632 1012 702 quod
1029 630 1282 690 Dominus
1306 629 1397 692 ait,
1419 625 1518 692 Qui
1539 641 1614 678 me
1634 624 1776 690 vidit,
1797 622 1918 680 vidit
1940 631 1985 676 et
2008 619 2116 675 Pa-

529 732 655 778 trem
676 721 851 796 (Joan.
869 739 982 786 x1v,
998 721 1077 793 9).
1104 728 1273 789 potest
1289 719 1444 789 paulo
1462 717 1711 772 attentius
1723 715 2111 772 considerattun

531 833 637 872 non
671 817 833 872 videri
863 831 982 872 esse
1007 815 1330 871 contrarium
1361 813 1408 868 ei
1431 811 1572 882 quod
1595 811 1746 876 dixit,
1778 809 1937 864 Deum
1967 826 2112 864 nemo

529 910 653 962 vidit
670 924 886 977 unquam
910 905 1016 976 (Id.
1037 922 1072 966 ι,
1093 906 1204 974 18).
1225 905 1404 978 Neque
1425 905 1564 958 enim
1583 902 1739 968 dixit,
1755 902 1885 971 Quia
1909 903 2113 964 vidistis

534 1017 637 1064 tne,
657 1000 856 1061 vidistis
877 1008 923 1050 et
948 998 1176 1056 Patrem;
1193 996 1284 1049 sed
1301 996 1544 1059 dicendo,
1565 994 1664 1058 Qui
1683 1012 1759 1048 nte
1774 994 1914 1060 vidit,
1931 996 2050 1047 vidit
2066 1003 2112 1046 et

533 1089 753 1154 Patrem,
779 1091 1056 1144 ostendere
1076 1089 1236 1140 voluit
1259 1089 1512 1142 unitatem
1539 1086 1845 1140 substantia'
1870 1086 2036 1140 Patris
2060 1096 2131 1139 et-

529 1183 666 1248 li‘ilii,
693 1199 757 1234 ne
775 1182 823 1242 in
842 1182 1018 1252 aliquo
1037 1182 1171 1236 inter
1188 1195 1245 1236 se
1265 1188 1575 1247 pliltll't‘llllll'
1592 1195 1708 1232 esse
1723 1178 2003 1236 dissimiles
2020 1196 2030 1228 :
2050 1193 2112 1230 ac

529 1291 621 1344 per
651 1275 748 1328 hoc
776 1271 1022 1343 quoniam
1053 1290 1174 1328 vere
1201 1273 1397 1328 dictum
1429 1280 1539 1336 est,
1572 1271 1671 1336 Qui
1701 1290 1774 1325 me
1804 1273 1956 1336 vidit,
1988 1272 2110 1334 vidit

477 1387 502 1394 ι
527 1376 571 1418 et
605 1365 847 1429 Patrem;
879 1365 1112 1434 profecto
1143 1365 1392 1434 quoniam
1438 1364 1602 1426 Deum
1644 1377 1799 1418 nemo
1837 1363 2107 1418 hominum

527 1457 654 1512 vidit
679 1473 930 1523 unquam,
965 1472 1061 1512 nec
1089 1457 1297 1509 Patrem
1330 1455 1604 1525 quisquam
1637 1455 1896 1523 putandus
1922 1464 2001 1507 est
2027 1455 2108 1510 vi-

526 1556 687 1619 disse,
729 1572 825 1610 nec
853 1555 1042 1616 Filium
1081 1551 1369 1612 secundum
1399 1550 1538 1621 quod
1569 1551 1705 1604 Deus
1733 1559 1811 1604 cst
1839 1559 1889 1608 et
1920 1549 2104 1613 Filius,

524 1656 576 1702 ct
618 1662 737 1700 cum
789 1647 940 1702 Patre
988 1659 1122 1706 unus
1171 1645 1327 1698 Deus.
1361 1642 1487 1695 Nam
1537 1642 1826 1696 secundum
1875 1641 1923 1694 id
1968 1641 2105 1710 quod

526 1736 683 1791 homo
708 1745 806 1798 est,
835 1737 1013 1805 utique
1042 1736 1091 1789 in
1122 1743 1258 1792 terra
1288 1734 1429 1788 visus
1457 1742 1555 1799 est,
1582 1741 1633 1793 et
1659 1749 1776 1788 cum
1808 1733 2106 1792 hominibus

527 1839 870 1882 conversatus
897 1835 977 1880 est
1009 1824 1248 1898 (Baruch
1281 1840 1354 1888 ιιι,
1388 1823 1474 1886 58,
1508 1834 1552 1875 et
1582 1822 1734 1876 Joan.
1765 1839 1799 1887 ι,
1835 1823 1960 1894 14).

587 1917 809 1974 CAPUT
841 1917 1222 1972 Vl.—17.Sed
1257 1931 1440 1986 magna
1470 1917 1688 1984 quaestio
1719 1925 1817 1980 est,
1842 1917 2106 1984 quomodo

520 2027 624 2064 non
654 2012 718 2063 sit
747 2011 1071 2064 contrarium
1095 2011 1216 2078 quia
1246 2019 1321 2062 tot
1345 2009 1546 2077 antiqui
1578 2009 1823 2065 viderunt
1854 2009 2036 2075 Deum,
2060 2010 2103 2063 si

521 2103 682 2158 Deum
713 2118 868 2156 nemo
898 2116 1126 2171 unquam
1157 2100 1306 2166 vidit,
1348 2116 1503 2170 quem
1539 2117 1692 2153 nemo
1725 2099 1992 2158 hominum
2023 2101 2104 2154 vi-

519 2192 623 2254 dit,
664 2207 760 2244 nec
798 2191 975 2244 videre
1017 2193 1231 2259 potest?
1272 2190 1430 2243 Vides
1465 2206 1620 2260 quam
1663 2189 1928 2244 tlillicilcm
1973 2193 2101 2245 mihi

515 2284 852 2361 proposueris
896 2283 1280 2356 qnasstiouem,
1329 2281 1468 2335 unde
1520 2297 1604 2336 me
1652 2282 1846 2352 aliquid
1901 2284 2102 2352 prolixe

515 2380 833 2449 copioseque
861 2378 1094 2432 scribere
1125 2377 1333 2430 voluisti
1369 2393 1430 2429 ex
1462 2376 1741 2430 occasione
1780 2377 1956 2429 brevis
1987 2378 2102 2453 cpi-

513 2473 663 2526 stola}
702 2489 852 2536 ιιιειιιι,
893 2490 1010 2542 qua:
1055 2473 1143 2526 [illi
1187 2474 1296 2526 visa
1337 2482 1419 2524 est
1457 2472 1762 2541 diligentius
1801 2458 1854 2528 et
1888 2472 2100 2526 ulterius

515 2565 841 2634 explicanda.
879 2566 1034 2618 Visne
1065 2581 1191 2635 ergo
1228 2564 1503 2618 attendere
1533 2579 1648 2631 qua:
1690 2564 1828 2632 apud
1859 2564 1988 2617 alios
2017 2565 2098 2618 iu-

515 2660 664 2711 terim
703 2660 934 2728 contineri
974 2659 1270 2712 divinarum
1302 2657 1692 2726 Scripturarum
1725 2658 1964 2728 egregios
1993 2667 2100 2711 tra-

512 2761 759 2814 ctaturos,
785 2751 906 2820 quid
943 2753 1008 2803 do
1039 2752 1241 2804 visione
1274 2751 1360 2804 llei
1391 2752 1671 2812 senserint,
1699 2769 1762 2802 ne
1796 2750 1927 2803 forte.
1955 2749 2098 2803 sulti-

511 2843 652 2896 ciant
699 2842 964 2896 desiderio
1013 2853 1139 2908 tuo,
1187 2843 1426 2911 quamvis
1471 2857 1532 2895 ea
1580 2843 1794 2895 forsitan
1847 2843 2098 2898 umeris?

511 2933 679 2987 Pauca
708 2949 834 3004 ergo
880 2936 972 2987 ista
1007 2934 1246 2998 attende,
1280 2935 1322 2988 si
1358 2934 1546 3004 placet.
1585 2932 1714 2987 Cum
1752 2934 2091 3002 Evangelium

508 3040 784 3092 exponens
809 3025 991 3079 beatus
1013 3025 1340 3094 Ambrosius,
1365 3025 1769 3079 Mediolanensis
1791 3028 2092 3100 episcopus,

508 3117 737 3172 venisset
766 3117 829 3170 ad
860 3135 977 3172 eum
1011 3118 1181 3171 locum
1216 3120 1300 3171 ubi
1343 3119 1577 3188 Angelus
1603 3119 1845 3188 apparuit
1883 3120 1931 3172 in
1965 3130 2097 3173 tem-

509 3211 593 3280 plo
618 3210 886 3265 Zacharias
915 3213 1196 3277 sacerdoti,
1219 3229 1282 3265 ex
1312 3211 1407 3265 har.
1435 3214 1733 3276 occasione,
1759 3213 1875 3268 vide
1900 3223 2092 3284 quanta

508 3308 562 3356 et
590 3301 762 3371 qualia
795 3301 860 3355 de
896 3302 984 3355 Dei
1015 3303 1172 3355 etiam
1204 3303 1408 3356 visione
1435 3303 1700 3358 disseruit.

583 3392 666 3447 18.
703 3392 820 3446 Non
844 3393 1109 3458 immerito,
1135 3393 1321 3463 inquit,
1345 3393 1567 3466 Angelus
1590 3396 1780 3448 videtur
1800 3396 1850 3462 in
1874 3397 2094 3466 templo;

508 3483 626 3553 quia
649 3484 753 3537 veri
777 3483 1051 3537 sacerdotis
1069 3484 1181 3554 jam
1204 3483 1529 3538 nuntiabatur
1549 3488 1808 3550 adventus,
1833 3498 1876 3540 et
1903 3489 2097 3558 ca’leste

508 3561 811 3642 sacri/icium
850 3575 1152 3646 parabatur,
1193 3577 1242 3628 in
1284 3593 1381 3662 quo
1425 3576 1603 3650 Angeli
1641 3579 1996 3642 ministrarent.
2025 3561 2094 3634 Et

509 3664 631 3718 bene
668 3667 962 3738 apparuisse
1003 3666 1185 3722 dicitur
1213 3668 1257 3728 ei
1295 3663 1380 3738 qui
1418 3686 1529 3722 eum
1570 3681 1769 3740 repente
1813 3674 2088 3742 conspexit.

511 3757 624 3811 Iloc
651 3759 964 3828 specialiter,
992 3769 1080 3812 aut
1109 3759 1170 3812 de
1198 3759 1429 3831 Angelis,
1471 3773 1556 3814 aut
1584 3762 1646 3815 de
1677 3761 1783 3816 Deo
1826 3763 2093 3835 Scriptura

509 3850 680 3904 divina
717 3860 878 3904 tenere
913 3853 1187 3918 consuevit,
1229 3863 1282 3905 ut
1321 3851 1454 3920 quod
1483 3871 1580 3906 non
1617 3863 1772 3924 potest
1809 3856 2089 3924 prlavideri,

506 3959 753 4015 apparere
794 3943 1008 3997 dicatur.
1051 3943 1140 3997 Sic
1180 3943 1313 3998 enim
1357 3943 1548 3997 habes:
1592 3963 1610 3996 ι
1661 3946 1907 4016 Αρρίινιια
1956 3946 2092 4001 Deus

505 4034 720 4089 Abraha:
744 4034 812 4088 ad
839 4035 1001 4088 ilicem
1033 4034 1258 4088 Mambre
1291 4055 1307 4087 ι
1343 4033 1492 4107 (Gen.
1516 4051 1674 4112 xvm,
1703 4036 1777 4109 1).
1813 4035 1945 4089 Nam
1974 4039 2091 4112 quia

505 4143 618 4182 ante
641 4145 739 4182 non
767 4129 1102 4199 prtesentitur,
1127 4127 1215 4181 sed
1244 4129 1499 4200 repentino
1524 4127 1718 4181 videtur
1748 4139 1972 4198 aspectu,
1997 4148 2092 4202 ap-

505 4236 680 4290 parere
713 4230 1032 4272 memoratur.
1081 4218 1197 4271 Non
1227 4219 1359 4272 enim
1385 4219 1612 4273 similiter
1639 4220 1890 4274 seusibilia
1922 4221 2092 4274 viden-

506 4320 616 4374 tur,
647 4319 690 4362 et
719 4311 761 4362 is
787 4311 838 4362 in
867 4313 1010 4377 cujus
1050 4310 1303 4364 voluntate
1339 4310 1492 4364 situm
1533 4321 1601 4365 est
1644 4313 1818 4378 videri,
1860 4322 1905 4368 et
1944 4315 2088 4385 cujus

508 4411 705 4455 natura?
746 4412 814 4456 est
856 4420 955 4456 non
997 4403 1152 4455 videri
1173 4447 1185 4464 ,
1215 4404 1482 4459 voluntatis
1523 4405 1698 4458 videri.
1732 4405 1868 4460 Nam
1907 4407 1951 4460 si
1987 4425 2087 4462 non

504 4493 627 4557 vult,
661 4510 761 4546 non
789 4493 1018 4559 videtur;
1047 4496 1090 4546 si
1118 4496 1247 4559 vult,
1279 4495 1490 4548 videtur.
1517 4495 1764 4566 Apparuit
1794 4499 1922 4550 enim
1955 4498 2088 4554 Deus

508 4583 744 4649 Abraha',
771 4585 886 4654 quia
927 4585 1121 4650 voluit;
1159 4586 1291 4650 aliis,
1325 4587 1440 4653 quia
1481 4588 1659 4651 noluit,
1699 4605 1797 4641 non
1827 4591 2082 4659 apparuit.

517 4677 687 4732 Visum
718 4688 786 4733 est
815 4680 962 4733 etiam
1005 4677 1292 4750 Stephano,
1324 4697 1436 4732 cum
1467 4679 1782 4749 lapidaretur
1811 4699 1840 4734 ιι
1870 4684 2080 4752 populo,

500 4772 686 4840 aperiri
716 4771 892 4825 coelum
924 4773 938 4802 ί
967 4788 983 4836 ;
1011 4773 1142 4825 visus
1172 4781 1242 4825 est
1272 4772 1420 4824 etiam
1451 4770 1597 4826 Iesus
1635 4783 1774 4827 stans
1813 4775 1879 4826 ad
1907 4777 2084 4830 dexte-

498 4879 609 4916 ram
643 4863 734 4916 Dei
759 4863 898 4935 (Act.
931 4880 1024 4929 vn,
1051 4864 1171 4930 55),
1196 4872 1238 4914 et
1271 4881 1368 4917 non
1392 4865 1523 4918 visus
1553 4876 1622 4918 est
1651 4883 1680 4918 a
1707 4869 1912 4938 populo.
1949 4868 2084 4924 Vidit

499 4954 662 5009 Isaias
694 4955 850 5009 Deum
877 4955 1085 5010 sabaoth
1117 4955 1266 5025 (Isai.
1290 4972 1363 5018 Vl,
1394 4957 1442 5030 1)
1468 4975 1485 5021 ;
1509 4958 1594 5011 sed
1623 4958 1755 5014 alius
1788 4962 1951 5014 videre
1982 4979 2081 5016 non

498 5048 678 5115 potuit,
715 5049 832 5116 quia
858 5049 940 5102 cui
967 5049 1156 5118 placuit
1187 5049 1442 5118 apparuit.
1472 5047 1532 5101 Et
1561 5050 1682 5118 quid
1708 5051 1769 5103 de
1799 5052 2080 5106 hominibus

495 5140 773 5211 loquimur,
811 5155 925 5192 cum
961 5141 1109 5191 etiam
1151 5140 1212 5193 de
1250 5141 1372 5208 ipsis
1410 5141 1684 5194 cmlcstibus
1723 5142 1992 5198 Virtutibus
2035 5153 2081 5197 et

502 5223 831 5287 Potestatibus
844 5232 1104 5304 legerimus
1123 5232 1241 5301 quia
1261 5249 1278 5282 ι
1305 5231 1464 5285 Deum
1478 5250 1620 5286 nemo
1639 5234 1756 5286 vidit
1779 5253 1995 5304 unquam
2009 5237 2034 5288 ?
2055 5255 2073 5288 ι

493 5334 537 5377 et
563 5324 703 5378 addit
729 5324 865 5393 quod
903 5325 1037 5377 ultra
1062 5323 1281 5378 caelestes
1304 5322 1696 5388 est‘l’otestates,
1729 5347 1744 5375 ι
1780 5325 2078 5396 Unigenitns

500 5415 682 5480 Filius,
715 5416 801 5484 qui
825 5425 897 5469 est
927 5416 979 5468 in
1008 5417 1122 5468 sinu
1158 5413 1325 5468 Patris
1345 5456 1357 5478 ,
1399 5416 1505 5484 ipse
1530 5417 1769 5468 narravit.
1802 5434 1819 5466 ι
1869 5418 1966 5468 Aut
1992 5433 2080 5468 ac-

493 5509 776 5576 quiescatur
798 5507 952 5578 igitur
972 5523 1170 5561 necesse
1193 5516 1283 5571 est,
1308 5507 1351 5560 si
1373 5505 1537 5558 Deum
1561 5504 1765 5558 Patrem
1793 5522 1934 5559 nemo
1957 5507 2078 5560 vidit

493 5615 742 5666 unquam,
785 5597 976 5652 Filium
1013 5598 1174 5652 visum
1213 5613 1320 5650 esse
1350 5597 1401 5649 in
1445 5594 1605 5649 Veteri
1644 5594 1959 5651 Testamento
1983 5613 2001 5662 ;
2029 5608 2078 5652 et

495 5690 718 5744 desinant
762 5689 983 5745 heretici
1023 5704 1087 5744 ea:
1133 5687 1338 5759 Virgine
1374 5687 1418 5742 ei
1459 5688 1762 5758 principium
1800 5690 1954 5756 dare,
1991 5691 2076 5762 qui

554 5832 568 5861 ι
598 5831 702 5896 uad.
740 5835 955 5896 Am._Er.
993 5837 1044 5896 et
1083 5837 1187 5880 Im.
1220 5829 1621 5894 qlnmordecim:
1654 5828 1792 5882 Visus
1824 5836 1895 5883 est
1928 5827 2077 5882 etiam

489 5895 720 5957 Stephano
732 5891 924 5958 aperire
942 5890 1132 5978 calum.

1769 411 1824 466 ε,
1871 406 2231 470 .mcusnut
2265 408 2575 472 EPISCOPI

3711 432 3818 496 σοι

2225 541 2493 605 antequam
2536 542 2824 591 nasceretur
2862 552 2927 591 ex
2973 533 3182 609 Virgine
3222 538 3499 600 videbatur.
3541 542 3642 598 Aut
3680 558 3814 610 certe

2222 625 2386 696 refelli
2433 643 2530 680 non
2573 637 2754 695 potest,
2799 629 2878 683 vel
2914 628 3144 697 Patrem,
3186 633 3263 686 vel
3309 631 3522 706 Filium,
3561 637 3639 690 vel
3682 649 3814 694 certe

2224 715 2475 788 Spiritum
2504 729 2754 786 sanctum,
2778 721 2822 774 si
2851 730 3015 775 tamen
3044 732 3113 777 est
3143 722 3368 794 Spiritus
3394 728 3556 780 sancti
3582 729 3727 797 visio,
3750 748 3809 790 ea

2219 809 2384 878 specie
2411 811 2585 875 videri,
2611 830 2760 881 quam
2792 815 3021 870 voluntas
3049 817 3268 888 elegerit,
3294 836 3392 873 non
3414 831 3594 888 natura
3618 825 3810 891 {arma-

2219 900 2384 964 verit;
2413 902 2645 970 quoniam
2695 903 2948 973 Spiritum
2995 923 3189 978 quoque
3233 910 3394 970 visum
3431 915 3711 988 accepimus
3753 920 3806 971 in

2218 990 2448 1044 columba
2494 994 2510 1062 (
2534 991 2718 1047 Matth.
2751 1011 2825 1057 ιιι,
2853 996 2918 1051 16
2948 997 2985 1066 ).
3029 997 3091 1051 Et
3117 999 3228 1066 ideo
3261 1019 3280 1052 ι
3324 1001 3482 1056 Deum
3511 1022 3652 1058 nemo
3685 1009 3807 1062 vidit

2219 1097 2456 1150 unquam,
2488 1101 2506 1134 ι
2533 1085 2648 1152 quia
2673 1103 2782 1140 eam
2808 1104 2920 1157 qua:
2951 1090 3000 1154 in
3030 1089 3136 1164 Deo
3166 1091 3181 1122 ¹
3209 1093 3420 1159 habitat,
3447 1097 3804 1165 plenitudinem

2218 1171 2494 1227 divinitatis
2520 1191 2664 1229 nemo
2695 1179 2969 1246 conspexit,
2998 1197 3140 1246 nemo
3182 1193 3344 1237 mente
3371 1196 3454 1237 aut
3483 1186 3642 1240 oculis
3669 1205 3807 1242 com-

2217 1266 2521 1336 prehendit:
2567 1285 2584 1317 ι
2649 1268 2778 1322 l'idit
2812 1291 2830 1322 ι
2882 1271 3032 1342 enim,
3075 1273 3142 1326 ad
3189 1285 3452 1346 utrumque
3487 1281 3803 1350 referendum

2216 1367 2305 1410 est.
2332 1356 2559 1429 Denique
2583 1378 2695 1428 cum
2721 1361 2945 1426 additur,
2976 1382 2993 1413 ι
3032 1363 3331 1436 Unigenitus
3361 1365 3524 1421 Filius
3551 1369 3657 1439 ipse
3685 1389 3805 1424 nar-

2216 1449 2363 1515 rat-it,
2396 1469 2413 1501 ι
2443 1453 2680 1522 mentium
2707 1454 2866 1526 magis
2893 1471 3041 1522 quam
3063 1457 3321 1526 oculorum
3350 1460 3471 1512 visio
3493 1460 3798 1514 declaratur.

2216 1539 2419 1608 Species
2450 1543 2580 1596 enim
2607 1544 2800 1597 videtur
2825 1561 2843 1608 ;
2872 1547 3026 1599 virtus
3053 1562 3166 1600 vero
3197 1560 3433 1602 narratur
3457 1548 3474 1602 μ·
3503 1551 3593 1603 illa
3620 1554 3797 1620 oculis,

2213 1631 2319 1684 ha’c
2350 1644 2510 1686 mente
2546 1637 3004 1705 comprehenditur.
3039 1639 3144 1693 Sed
3181 1641 3303 1709 quid
3342 1643 3403 1694 de
3440 1641 3686 1698 Trinitate
3723 1646 3801 1699 di-

2212 1741 2319 1776 cant
2343 1727 2368 1780 7
2395 1726 2665 1798 Seraphin;
2691 1729 2893 1800 quando
2924 1731 3097 1797 voluit,
3125 1734 3362 1806 apparuit
3387 1749 3403 1804 ς
3430 1743 3475 1787 et
3499 1750 3663 1806 vocem
3692 1738 3800 1806 ejus

2213 1815 2378 1872 Isaias
2403 1819 2540 1873 solus
2569 1821 2778 1892 audivit.
2816 1823 3066 1895 Apparuit
3108 1825 3348 1896 angelus,
3377 1837 3423 1879 et
3455 1844 3584 1881 nunc
3617 1840 3800 1898 pra’sto

2211 1921 2300 1972 est,
2330 1913 2418 1965 sed
2446 1930 2544 1966 non
2576 1915 2787 1967 videtur.
2815 1914 2993 1988 Neque
3025 1917 3151 1971 enim
3182 1919 3234 1971 in
3265 1930 3503 1990 potestate
3532 1931 3701 1975 nostra
3724 1932 3800 1977 est

2210 2005 2395 2071 videre,
2424 2006 2513 2058 sed
2541 2007 2592 2059 in
2624 2017 2868 2075 potestate
2890 2009 3028 2062 illius
3055 2026 3318 2078 apparere.
3345 2009 3532 2064 Tamen
3572 2013 3663 2087 etsi
3702 2031 3796 2082 po-

2211 2107 2361 2150 testas
2396 2115 2494 2152 non
2537 2109 2606 2151 est
2643 2100 2878 2166 videndi,
2917 2112 2989 2155 est
3017 2104 3181 2171 gratia
3210 2103 3526 2172 promerendi
3552 2115 3605 2156 ut
3633 2104 3799 2178 videre

2208 2192 2471 2261 possimus.
2503 2191 2568 2245 Et
2597 2192 2709 2246 ideo
2736 2195 2824 2266 qui
2862 2195 3035 2247 habuit
3059 2196 3306 2265 gratiam,
3350 2197 3529 2250 meruit
3557 2199 3753 2276 capiam
3777 2213 3796 2251 .'

2208 2299 2299 2334 nos
2325 2282 2521 2350 capiant
2553 2300 2654 2338 non
2684 2302 2958 2354 merenmr,
2998 2287 3117 2360 quia
3156 2285 3317 2339 Deum
3355 2287 3554 2341 videndi
3581 2290 3795 2360 gratiam

2207 2390 2306 2426 non
2329 2375 2586 2427 habemus.
2612 2374 2677 2428 Et
2703 2377 2827 2448 quid
2853 2378 3034 2430 mirum
3063 2380 3106 2431 si
3133 2379 3183 2431 in
3212 2381 3444 2450 prtesenti
3469 2382 3674 2448 swculo,
3697 2381 3796 2434 nisi

2204 2467 2406 2536 quando
2435 2465 2572 2532 vult,
2600 2466 2851 2520 Dominus
2884 2486 2980 2540 non
3010 2469 3204 2522 videtur
3225 2473 3249 2522 ?
3273 2469 3339 2522 In
3367 2471 3476 2540 ipsa
3503 2488 3694 2541 quoque
3717 2489 3795 2546 re-

2204 2561 2509 2613 surrectione
2537 2578 2635 2614 non
2662 2563 2812 2629 facile
2835 2572 2906 2615 est
2933 2561 3095 2614 Deum
3119 2563 3302 2626 videre,
3328 2564 3424 2616 nisi
3451 2564 3512 2616 iis
3536 2563 3621 2633 qui
3644 2564 3795 2617 corde

2203 2651 2300 2704 sint
2345 2651 2575 2704 mundo:
2614 2665 2661 2705 et
2701 2653 2814 2704 ideo
2848 2671 2867 2704 ‹
2916 2655 3043 2706 beati
3075 2655 3262 2706 mundo
3307 2654 3497 2717 corde;
3534 2655 3634 2722 ipsi
3659 2657 3793 2708 enim

2205 2741 2366 2795 Deum
2396 2744 2882 2816 videbuntt(.llatth.
2909 2761 2962 2810 ν,
2991 2744 3087 2818 8
3121 2747 3347 2810 Quantos
3371 2747 3538 2804 beatos
3555 2749 3670 2816 jam
3695 2766 3793 2801 nu-

2202 2845 2478 2890 meraverat
2499 2878 2512 2898 ,
2542 2846 2587 2889 et
2619 2847 2782 2890 tamen
2812 2837 3014 2890 videndi
3055 2839 3132 2892 his
3174 2838 3334 2892 Deum
3366 2857 3463 2892 non
3497 2841 3791 2916 promiserat

2203 2927 2496 2998 facultatem
2520 2929 2540 2982 .'
2581 2929 2641 2983 Si
2679 2947 2796 2997 ergo
2837 2931 2870 2982 ii
2911 2931 2995 3000 qui
3040 2932 3228 2983 mundo
3267 2941 3381 2984 sunt
3418 2933 3586 3004 corde,
3630 2932 3793 2986 Deum

2201 3021 2474 3086 videbunt;
2503 3022 2677 3092 utique
2707 3023 2794 3074 alii
2823 3039 2921 3076 non
2951 3022 3201 3075 videbunt.
3230 3021 3406 3092 Neque
3433 3025 3564 3076 enim
3596 3023 3790 3094 indigni

2201 3113 2362 3168 Deum
2404 3115 2677 3179 videbunt;
2719 3133 2874 3188 neque
2912 3116 2954 3169 is
2995 3117 3080 3188 qui
3123 3114 3281 3168 Deum
3327 3115 3495 3170 videre
3533 3109 3788 3184 noluerit,

2200 3217 2358 3277 potest
2405 3206 2564 3259 Deum
2615 3206 2800 3260 videre.
2845 3205 2953 3260 Nec
2997 3207 3049 3260 in
3098 3208 3208 3261 loco
3253 3206 3391 3261 Deus
3437 3208 3660 3276 videtur,
3703 3209 3792 3263 sed

2201 3299 2389 3352 mundo
2426 3299 2612 3362 corde;
2645 3316 2734 3352 nec
2763 3298 3111 3370 corporalibus
3158 3301 3315 3354 oculis
3358 3299 3497 3354 Deus
3524 3301 3786 3376 quaeritur,

2200 3409 2288 3446 nec
2316 3391 2742 3445 circumscribitur
2768 3391 2898 3454 visu,
2931 3408 3020 3444 nec
3049 3400 3182 3444 tactu
3214 3401 3435 3457 tenetur,
3465 3408 3554 3444 nec
3581 3390 3790 3444 auditur

2197 3483 2356 3550 a/fatu
2374 3526 2386 3550 ,
2417 3501 2506 3538 nec
2533 3484 2746 3537 sentitur
2773 3485 2993 3537 incessu.
3022 3483 3088 3535 Et
3115 3499 3227 3552 cum
3254 3482 3429 3558 absens
3457 3491 3683 3552 putatur,
3710 3481 3788 3536 vi~

2198 3575 2384 3638 detur;
2427 3585 2473 3628 et
2510 3592 2620 3628 cum
2661 3591 2878 3645 praesens
2919 3584 3006 3636 est,
3043 3591 3141 3627 non
3180 3575 3392 3626 videtur.
3436 3569 3664 3644 Denique
3698 3589 3788 3627 nec

2199 3668 2426 3753 Apostoli
2454 3684 2624 3720 omnes
2653 3666 2905 3722 Christum
2936 3665 3206 3731 videbant;
3231 3675 3278 3719 et
3302 3667 3412 3720 ideo
3435 3667 3538 3732 ait,
3571 3684 3591 3736 ς
3620 3663 3787 3722 Tanto

2198 3769 2418 3827 tempore
2455 3758 2706 3811 vobiscum
2745 3776 2884 3822 smn,
2929 3767 2974 3811 et
2997 3757 3162 3811 adhuc
3206 3775 3283 3810 me
3310 3775 3409 3810 non
3434 3758 3730 3828 cognovistis
3760 3777 3780 3809 ι

2183 3842 2218 3917 ’(
2238 3847 2394 3902 Joan.
2429 3864 2543 3911 xw,
2568 3848 2674 3919 9)!
2709 3849 2808 3914 Qui
2836 3850 2967 3901 enim
2995 3849 3223 3919 cognovit
3249 3864 3362 3918 qua:
3385 3849 3447 3902 sit
3476 3847 3710 3914 latitudo,
3739 3855 3788 3901 et
3864 3866 3869 3870 '

2197 3941 2477 4012 longitudo,
2502 3951 2546 3993 et
2570 3941 2800 4004 altitudo,
2827 3951 2870 3993 et
2904 3942 3234 4012 profundum,
3263 3952 3308 3994 et
3335 3941 3786 4012 supereminentem

2186 4026 2415 4085 scientice
2449 4032 2745 4084 charitatem
2784 4031 3001 4096 Christi,
3040 4034 3161 4086 vidit
3199 4044 3242 4086 et
3271 4031 3564 4098 Christum,
3593 4032 3714 4086 vidit
3738 4040 3785 4086 et

2184 4117 2424 4175 Patrem.
2462 4121 2574 4176 Nos
2603 4125 2734 4177 enim
2753 4126 2867 4194 jam
2891 4125 3165 4178 secundum
3195 4142 3394 4179 carnem
3430 4143 3531 4179 non
3557 4126 3785 4180 novimus

2195 4213 2446 4266 Christum
2474 4219 2492 4285 (
2515 4213 2555 4267 ΙΙ
2577 4212 2693 4269 Cor.
2718 4231 2772 4281 v,
2805 4218 2869 4269 10
2891 4213 2909 4286 )
2931 4255 2948 4282 ,
2973 4215 3061 4268 sed
3088 4216 3358 4269 secundum
3383 4217 3636 4286 spiritum.
3662 4216 3786 4286 Spi-

2192 4307 2318 4360 ritus
2375 4307 2508 4360 enim
2565 4317 2683 4361 ante
2735 4310 2917 4378 faciem
2973 4317 3194 4361 nostram
3253 4307 3482 4364 Christus
3534 4309 3784 4363 Dominus

2193 4399 2210 4466 (
2240 4398 2424 4452 Thren.
2463 4415 2534 4465 Iv,
2572 4398 2682 4471 20)
2719 4399 2805 4466 qui
2841 4416 2930 4454 nos
2969 4402 3022 4454 in
3056 4417 3252 4454 onmem
3287 4403 3646 4470 plenitudinem
3690 4401 3783 4456 Dei

2185 4490 2534 4542 misericordia
2577 4507 2667 4542 sua
2709 4491 2918 4558 implere
2961 4491 3196 4562 dignetur
3221 4494 3238 4562 (
3267 4491 3398 4564 Eph.
3436 4509 3512 4557 ιιι,
3555 4494 3639 4560 18,
3672 4495 3780 4565 19)

2191 4593 2243 4634 ut
2269 4583 2423 4636 videri
2463 4583 2620 4653 possit
2645 4599 2675 4635 a
2701 4575 2844 4636 nobis
2875 4582 3239 4655 (Ambrosius,
3275 4601 3426 4655 super
3449 4585 3576 4640 Luc.
3606 4587 3674 4641 lib
3725 4588 3778 4652 1,

2188 4691 2232 4728 c.
2256 4691 2294 4741 ι,
2322 4674 2432 4744 11).

2259 4768 2482 4824 CAPUT
2512 4767 2623 4822 VII.
2653 4797 2725 4810 —
2757 4769 2842 4824 19.
2886 4768 2941 4823 Si
2979 4768 3093 4825 hinc
3133 4771 3293 4826 verba
3343 4770 3614 4843 intelligis,
3651 4773 3779 4844 quid

2185 4872 2352 4918 restat
2391 4863 2532 4934 quod
2569 4879 2598 4916 a
2638 4878 2722 4918 me
2761 4865 2988 4932 amplius
3023 4865 3359 4934 requiratur,
3395 4881 3515 4920 cum
3548 4866 3659 4932 jam
3689 4867 3777 4922 illa

2185 4971 2302 5025 qua:
2326 4955 2558 5009 diilicilis
2579 4953 2875 5021 videbatur,
2900 4957 3066 5010 soluta
3091 4959 3158 5011 sit
3183 4957 3449 5028 quaestio?
3477 4959 3776 5014 Discretum

2185 5057 2265 5101 est
2290 5048 2483 5118 quippe
2512 5047 2777 5119 quomodo
2803 5049 2998 5102 dictum
3030 5049 3120 5116 sit,
3155 5049 3315 5103 Deum
3347 5067 3492 5104 nemo
3520 5051 3644 5104 vidit
3674 5068 3775 5104 un-

2183 5157 2352 5207 quam,
2386 5148 2439 5193 ct
2475 5139 2741 5209 quomodo
2771 5141 2935 5196 Deum
2976 5141 3104 5211 justi
3142 5142 3343 5212 antiqui
3384 5143 3633 5198 viderint.
3667 5143 3773 5198 Sed

2186 5232 2310 5285 illud
2342 5241 2619 5302 prepterea
2654 5233 2852 5287 dictum
2880 5242 2995 5298 est,
3023 5235 3272 5304 quoniam
3304 5236 3443 5291 Deus
3472 5246 3657 5291 natura
3689 5237 3777 5291 in~

2183 5323 2405 5376 visibilis
2450 5331 2549 5377 est.
2599 5323 2674 5376 Illi
2722 5333 2899 5378 autem
2959 5323 3078 5378 ideo
3124 5325 3404 5390 viderunt,
3451 5329 3775 5398 quicumque

2186 5415 2348 5468 Deum
2377 5414 2656 5479 viderunt,
2686 5417 2806 5485 quia
2829 5416 2912 5471 cui
2945 5417 3204 5479 voluerit,
3235 5417 3372 5471 sicut
3401 5419 3646 5484 voluerit,
3675 5435 3772 5487 ap-

2186 5517 2334 5576 paret
2359 5524 2418 5563 ea
2453 5507 2629 5578 Specie
2661 5523 2819 5578 quam
2848 5507 3094 5563 voluntas
3121 5509 3364 5578 elegerit,
3389 5510 3549 5564 etiam
3575 5511 3774 5567 latente

2183 5612 2387 5656 natura.
2415 5601 2547 5656 Nam
2583 5601 2664 5670 si,
2703 5599 2914 5670 quando
2945 5611 3122 5670 patres
3153 5601 3318 5655 Deum
3350 5601 3630 5670 viderunt,
3660 5604 3773 5672 ipsa

2183 5695 2286 5749 illis
2316 5702 2498 5748 natura
2526 5693 2640 5762 ejus
2665 5693 2928 5763 apparuit,
2958 5696 3199 5764 quamvis
3227 5695 3272 5751 si
3300 5697 3560 5752 noluisset
3590 5699 3770 5768 utique

2246 5833 2262 5866 ³
2283 5839 2392 5883 ων.
2407 5870 2422 5896 ,
2447 5845 2557 5898 quin
2575 5831 2627 5902 in
2650 5832 2844 5902 christo
2858 5831 3058 5886 habitat.
3094 5842 3150 5902 A._t
3171 5835 3410 5890 editiones
3439 5838 3738 5902 antiquiores
3752 5871 3771 5900 ,

2183 5903 2234 5945 et
2258 5903 2362 5945 Mss.
2387 5895 2749 5959 Quatuordecim
2771 5895 2972 5959 habent,
2994 5911 3104 5960 qua
3122 5895 3174 5947 in
3192 5907 3310 5959 Deo,
3336 5905 3432 5954 etc.
