4154 6354
353 459 454 517 605

339 587 444 628 non
474 567 845 640 apparuisset;
876 561 1147 635 quomodo
1170 561 1337 616 Deum
1362 573 1507 613 nemo
1529 559 1654 611 vidit
1676 574 1918 627 unquam,

338 678 461 718 cum
505 675 570 716 eo
606 660 818 712 volente
852 657 962 727 ipsa
989 655 1106 725 ejus
1139 670 1168 707 a
1210 663 1284 707 tot
1312 651 1548 722 patribus
1575 659 1762 703 natura
1798 665 1898 703 con

341 763 518 825 Specta
549 752 661 807 sit?
684 750 837 817 Quod
866 750 910 802 si
937 749 1130 802 dicitur
1160 744 1323 800 Filius
1349 760 1377 797 a
1409 741 1646 813 patribus
1673 741 1837 807 visus,
1860 750 1924 806 ut

338 847 406 903 de
439 847 549 900 Deo
579 844 734 898 Patre
755 841 1044 912 accipiatur
1070 839 1289 901 dictum,
1319 836 1460 907 quod
1489 851 1614 890 eum
1639 849 1798 888 nemo
1821 849 1926 887 un-

337 953 495 1004 quam
541 933 769 996 viderit;
803 948 907 988 non
944 933 1172 1002 quidem
1200 930 1377 985 amisit
1417 928 1750 982 occasionem
1794 927 1923 979 Am-

338 1029 548 1084 brosius
568 1067 583 1092 ,
625 1037 679 1080 ut
710 1026 832 1079 hinc
867 1023 1124 1095 quosdam
1156 1022 1436 1076 haereticos
1462 1019 1833 1089 redargueret,
1870 1016 1924 1071 id

336 1129 419 1175 est
455 1119 834 1184 Pbotinianos,
877 1116 966 1186 qui
1004 1115 1320 1185 principium
1363 1113 1495 1167 Filio
1537 1112 1628 1165 Dei
1669 1127 1734 1165 ex
1775 1119 1924 1164 utero

337 1211 567 1280 Virginis
597 1211 862 1275 tribuunt,
893 1223 990 1264 nec
1017 1207 1200 1260 volunt
1239 1206 1460 1260 credere
1502 1202 1644 1274 quod
1686 1212 1738 1258 et
1765 1211 1923 1257 antea

340 1301 523 1356 fuerit.
552 1300 657 1356 Sed
695 1301 817 1369 quia
847 1299 1060 1354 videbat
1083 1299 1215 1351 alios
1236 1339 1248 1360 ,
1276 1296 1328 1350 id
1357 1305 1440 1374 est
1475 1295 1720 1358 Arianos,
1748 1294 1926 1363 perni-

335 1393 536 1448 ciosius
575 1392 914 1457 insidiantes,
949 1406 1174 1461 quorum
1211 1390 1395 1460 procul
1435 1389 1598 1442 dubio
1640 1401 1792 1442 error
1826 1387 1921 1441 ad-

338 1484 577 1546 struitur,
602 1484 646 1535 si
675 1483 844 1536 Patris
871 1491 1054 1536 natura
1084 1481 1380 1546 invisibilis,
1405 1480 1521 1540 Filii
1549 1495 1677 1534 vero
1701 1479 1922 1532 visibilis

337 1575 611 1638 creditur;
640 1576 915 1644 utriusque
957 1590 1111 1628 unam
1157 1575 1460 1642 pariterque
1490 1571 1803 1626 iuvisibilem
1835 1585 1921 1626 as-

337 1667 510 1720 seruit
533 1681 652 1720 esse
681 1675 946 1731 naturam,
976 1665 1267 1734 adjungens
1293 1665 1452 1716 etiam
1478 1662 1706 1731 Spiritus
1733 1662 1920 1716 sancti.

335 1756 488 1823 Quod
537 1755 769 1809 breviter
807 1757 1041 1825 quidem,
1075 1756 1168 1809 sed
1217 1754 1601 1808 admirabiliter
1641 1753 1920 1819 intimavit,

335 1849 422 1902 ubi
450 1858 662 1901 secutus
682 1848 756 1902 ait
781 1865 791 1900 :
822 1850 916 1901 rlut
936 1859 1066 1901 certe
1087 1848 1247 1917 refelli
1271 1865 1370 1900 non
1395 1855 1572 1916 potest,
1596 1845 1670 1898 vel
1697 1844 1919 1910 Patrem,

335 1941 410 1994 uel
455 1939 664 2004 Filium,
709 1940 784 1994 uel
824 1950 954 1994 certe
994 1941 1247 2010 Spiritum
1285 1950 1533 2001 sanctum,
1566 1938 1610 1991 si
1649 1947 1811 1990 tamen
1853 1946 1924 1990 est

335 2029 559 2100 Spiritus
597 2032 758 2086 sancti
797 2032 942 2098 visio,
985 2049 1044 2085 ea
1083 2033 1248 2092 specie
1286 2031 1460 2092 uideri,
1503 2045 1654 2099 quam
1695 2028 1931 2082 uoluntas

335 2124 557 2194 elegerit,
586 2141 686 2177 non
714 2134 897 2184 natura
927 2127 1228 2195 formaverit.
1255 2125 1428 2179 Potuit
1460 2126 1656 2187 dicere,
1689 2125 1803 2178 Non
1832 2140 1924 2178 na-

333 2224 449 2269 tura
477 2219 893 2280 monstraverit;
925 2216 1018 2271 sed
1051 2216 1233 2272 maluit
1259 2216 1436 2272 dicere
1457 2259 1470 2279 ,
1502 2217 1818 2288 formaverit,
1855 2231 1922 2269 ne

335 2309 504 2377 ipsam
532 2311 766 2378 speciem
815 2309 866 2363 in
905 2324 1005 2379 qua
1039 2309 1178 2363 Deus
1214 2310 1370 2379 elegit
1411 2325 1703 2378 apparere,
1733 2310 1800 2363 de
1828 2324 1920 2362 sua

333 2408 521 2452 natura
555 2398 788 2458 formare
829 2409 1120 2468 putaretur,
1159 2410 1210 2455 et
1247 2416 1309 2454 ex
1356 2400 1456 2454 hoc
1485 2401 1664 2470 utique
1706 2401 1924 2454 convin-

335 2502 546 2547 ceretur
585 2494 947 2552 convertibilis
989 2509 1109 2550 esse
1154 2493 1526 2562 mutabilisque
1572 2494 1916 2548 substantiae:

332 2585 471 2652 quod
502 2585 613 2654 ipse
655 2587 793 2642 Deus
822 2601 851 2639 a
880 2585 984 2640 fide
1014 2587 1219 2654 piorum
1250 2586 1554 2641 misericors
1578 2595 1632 2641 et
1658 2586 1920 2657 benignus

332 2677 587 2730 averterit
611 2677 624 2729 l

401 2765 622 2821 CAPUT
649 2766 851 2824 Vlll.-——
862 2767 950 2822 20.
969 2767 1248 2822 Invisibilis
1270 2777 1352 2824 est
1375 2768 1534 2839 igitur
1552 2777 1737 2822 natura
1759 2769 1917 2838 Dens,

330 2873 435 2910 non
477 2867 678 2913 tantum
722 2859 910 2925 Pater,
940 2860 1033 2915 sed
1060 2870 1114 2915 et
1145 2861 1254 2929 ipsa
1296 2861 1556 2926 Trinitas,
1587 2876 1720 2914 unus
1758 2861 1916 2914 Deus.

333 2951 396 3004 Et
427 2953 550 3021 quia
578 2967 684 3006 non
717 2961 919 3007 tantum
964 2953 1271 3020 invisibilis,
1301 2969 1487 3008 verum
1530 2954 1688 3006 etiam
1719 2954 1921 3006 incom-

333 3045 604 3101 mutabilis
629 3062 643 3110 ;
671 3047 749 3102 sic
766 3057 988 3118 apparet
1011 3048 1203 3117 quibus
1231 3047 1474 3111 voluerit,
1499 3047 1550 3100 in
1572 3063 1674 3115 qua
1697 3047 1922 3100 voluerit

329 3141 533 3214 specie,
559 3149 619 3199 ut
655 3143 794 3214 apud
833 3159 953 3198 eum
994 3145 1196 3213 integra
1241 3153 1451 3197 maneat
1491 3143 1603 3212 ejus
1644 3142 1920 3196 invisibilis

329 3232 888 3306 incommutabilisque
929 3245 1137 3290 natura.
1172 3236 1500 3290 Desiderium
1543 3244 1718 3290 autem
1763 3251 1918 3289 vera-

327 3329 467 3384 citer
495 3331 722 3398 piorum,
754 3346 858 3400 quo
887 3329 1068 3385 videre
1098 3330 1264 3385 Deum
1295 3330 1546 3401 cupiunt,
1576 3338 1629 3385 et
1654 3330 1920 3384 inbiauter

327 3421 639 3487 ardescunt,
671 3437 792 3488 non,
824 3422 1033 3491 opinor,
1065 3423 1116 3475 in
1147 3437 1262 3476 eam
1293 3422 1526 3490 speciem
1559 3421 1914 3476 contuendam

325 3512 553 3583 ﬂagrat,
583 3525 764 3583 quant
791 3516 900 3569 vult
930 3524 1184 3584 apparet,
1212 3515 1354 3584 quod
1385 3515 1498 3583 ipse
1528 3530 1632 3568 non
1673 3524 1750 3568 est
1777 3531 1791 3578 ;
1823 3515 1915 3569 sed

327 3606 384 3658 in
429 3621 545 3658 eam
589 3607 935 3660 substantiam
962 3649 976 3672 ,
1019 3623 1121 3676 qua
1163 3607 1274 3677 ipse
1312 3615 1394 3662 est
1435 3607 1573 3676 quod
1613 3617 1710 3661 est.
1751 3606 1918 3674 Hujus

327 3697 471 3752 enim
506 3697 754 3752 desiderii
783 3701 862 3753 sui
900 3699 1165 3754 ﬂammam
1213 3708 1427 3753 sanctus
1471 3699 1710 3770 Moyses,
1744 3700 1917 3753 fidelis

326 3788 555 3843 famulus
584 3790 700 3858 ejus
739 3791 1002 3855 ostendit,
1033 3791 1120 3844 ubi
1147 3791 1219 3845 ait
1251 3792 1360 3846 Deo
1381 3834 1394 3855 ,
1425 3807 1543 3845 cum
1571 3807 1676 3861 quo
1704 3798 1759 3844 ut
1785 3791 1919 3844 alni-.-

326 3893 422 3932 cus
467 3878 601 3935 facie
645 3880 710 3934 ad
763 3880 952 3936 faciem
993 3882 1345 3950 loquebatur:
1391 3882 1449 3936 Si
1492 3882 1657 3936 iuveni
1703 3883 1915 3952 gratiam

327 3978 444 4022 ante
480 3979 546 4036 te,
587 3972 789 4026 ostende
828 3973 955 4026 mihi
994 3974 1308 4039 temetipsum
1349 3972 1554 4045 (Exod.
1596 3989 1796 4039 xxxrti,
1829 3974 1912 4040 l3,

325 4078 428 4116 sec.
471 4062 674 4136 LXX).
709 4065 844 4132 Quid
885 4066 1054 4136 ergo?
1090 4066 1178 4120 ille
1225 4082 1328 4120 non
1373 4075 1488 4120 erat
1526 4066 1682 4134 ipse?
1720 4067 1774 4120 Si
1810 4082 1914 4120 non

327 4163 472 4208 esset
498 4157 610 4234 ipse
631 4197 643 4217 ,
673 4172 778 4210 non
820 4158 866 4211 ei
909 4157 1142 4220 diceret,
1177 4159 1382 4211 ostende
1410 4159 1534 4210 mihi
1564 4159 1915 4228 temetipsum;

326 4248 422 4302 sed
444 4290 459 4315 ,
491 4247 728 4304 Ostende
757 4250 884 4304 mihi
916 4251 1080 4304 Deum
1109 4268 1121 4304 :
1152 4257 1207 4305 et
1236 4258 1411 4304 tamen
1440 4251 1482 4303 si
1514 4250 1627 4317 ejus
1675 4261 1913 4303 naturam

323 4338 784 4411 substantiamque
827 4345 1199 4412 conspiceret,
1245 4343 1410 4396 multo
1457 4345 1630 4396 minus
1676 4342 1911 4407 diceret,

325 4433 530 4485 ostende
570 4434 695 4486 mihi
732 4435 1063 4505 temetipsum.
1097 4434 1213 4504 ipse
1241 4451 1367 4504 ergo
1397 4444 1508 4488 erat
1549 4435 1600 4487 in
1641 4449 1700 4487 ea
1740 4433 1915 4501 specie

325 4535 429 4592 qua
461 4538 718 4593 apparere
749 4526 989 4579 voluerat
1015 4542 1028 4587 ;
1059 4541 1163 4579 non
1195 4535 1371 4580 autem
1403 4526 1515 4594 ipse
1550 4525 1837 4594 apparebat
1863 4527 1913 4580 in

325 4625 512 4669 natura
559 4619 794 4685 propria,
838 4634 992 4687 quam
1041 4618 1250 4690 Moyses
1296 4618 1474 4672 videre
1522 4619 1786 4687 cupiebat.
1841 4620 1911 4673 Ea

320 4707 520 4776 quippe
563 4708 885 4776 promittitur
922 4710 1118 4763 sanctis
1161 4709 1211 4762 in
1263 4709 1363 4763 alia
1406 4711 1533 4762 vita.
1581 4709 1731 4764 Unde
1773 4709 1915 4781 quod

323 4812 642 4866 responsum
669 4809 748 4854 est
774 4801 940 4871 Moysi
970 4817 1150 4854 verum
1178 4811 1280 4866 εει,
1309 4802 1427 4870 quia
1457 4818 1614 4856 nemo
1639 4811 1809 4872 potest
1840 4802 1916 4855 fa-

322 4891 459 4944 ciem
493 4891 581 4944 Dei
614 4893 822 4958 videre,
865 4902 917 4947 et
945 4893 1162 4956 vivere;
1194 4893 1242 4946 id
1272 4903 1375 4959 est,
1409 4909 1566 4947 nemo
1597 4904 1768 4963 petest
1793 4910 1912 4950 eum

323 4981 377 5035 in
408 4981 508 5037 hac
539 4983 643 5037 vita
684 4985 864 5039 videre
905 4986 1091 5040 vivens
1121 4987 1274 5040 sicuti
1303 4996 1402 5040 est.
1433 4987 1562 5040 Nam
1592 4988 1740 5042 multi
1770 4989 1914 5042 vide-

323 5082 487 5137 runt;
517 5075 609 5128 sed
641 5075 780 5144 quod
809 5076 1052 5130 voluntas
1079 5078 1256 5148 elegit,
1293 5095 1395 5132 non
1423 5081 1561 5148 quod
1592 5089 1777 5134 natura
1809 5079 1918 5134 for-

327 5165 508 5218 mavit.
539 5165 604 5219 Et
635 5167 762 5221 illud
789 5169 928 5238 quod
957 5169 1190 5223 Joannes
1221 5170 1314 5235 ait,
1340 5171 1382 5224 si
1411 5182 1555 5225 reete
1582 5171 1911 5241 intelligitur,

326 5253 655 5312 Dilectissimi
673 5302 686 5326 ,
718 5276 855 5314 nunc
883 5263 978 5331 ﬁlii
1009 5261 1103 5315 Dei
1127 5277 1318 5327 sumus,
1346 5271 1394 5314 et
1424 5265 1645 5316 nondum
1676 5265 1916 5334 apparuit

325 5355 464 5417 quod
505 5353 709 5406 erimus.
742 5353 940 5408 Scimus
983 5355 1102 5426 quia
1145 5370 1257 5408 cum
1296 5355 1620 5422 apparuerit,
1656 5356 1845 5409 similes
1872 5357 1917 5409 ei

325 5442 536 5506 erimus,-
557 5447 793 5512 quoniam
813 5446 1087 5500 videbinms
1104 5461 1214 5499 eum
1229 5447 1373 5498 sicuti
1390 5455 1462 5498 est
1487 5445 1526 5515 (Ι
1543 5443 1698 5499 Joan.
1724 5463 1797 5512 ut,
1821 5447 1880 5517 εὶ)
1900 5467 1913 5504 :

325 5546 435 5586 non
465 5535 600 5588 sicut
650 5552 770 5590 cum
815 5536 1057 5591 homines
1084 5538 1325 5591 viderunt
1352 5580 1363 5601 ,
1401 5537 1610 5605 quando
1641 5538 1835 5606 voluit,
1863 5541 1915 5593 in

325 5625 508 5695 specie
536 5642 638 5696 qua
666 5628 862 5694 voluit,
897 5644 1004 5684 non
1035 5631 1085 5683 in
1131 5639 1312 5683 natura
1334 5672 1348 5696 ,
1379 5645 1479 5700 qua
1512 5629 1561 5682 in
1604 5631 1912 5700 semetipso,

323 5717 488 5771 etiam
515 5733 639 5774 cum
659 5719 949 5788 videretur,
973 5722 1154 5787 latuit;
1178 5721 1271 5776 sed
1303 5723 1451 5775 sicuti
1480 5731 1567 5783 est,
1594 5719 1735 5790 quod
1761 5722 1828 5775 ab
1851 5738 1916 5775 eo

289 5883 294 5888 _
327 5810 627 5878 petebatur,
659 5829 782 5868 cum
808 5814 856 5869 ei
885 5815 1170 5882 diceretur,
1201 5815 1404 5871 ostende
1430 5815 1553 5867 mihi
1579 5815 1912 5886 temetipsum,

283 5901 384 5956 “Ib
411 5917 480 5959 eo
507 5905 598 5976 qui
626 5921 747 5962 cum
770 5907 862 5963 illo
886 5907 1022 5964 facie
1045 5907 1111 5963 ad
1140 5906 1329 5964 faciem
1360 5907 1691 5979 loquebatur.

1529 441 2013 506 ΕιηετθιΑηυκ
2048 441 2320 503 οωεειε
2353 440 2443 500 lii.

3507 445 3612 516 606

2103 555 2194 610 et.
2254 556 2368 611 Non
2411 557 2534 628 quia
2581 557 2676 614 Dei
2720 556 3099 627 [ﬁrmitudinem
3144 557 3460 629 quisquam.
3507 576 3612 622 non

2030 648 2203 704 solum
2230 648 2406 705 oculis
2431 651 2704 720 corporis,
2731 649 2828 708 sed
2853 650 2936 708 vel
2965 651 3078 720 ipsa
3115 659 3294 714 mente
3331 652 3614 722 aliquando

2029 739 2452 808 comprehendit.

2101 829 2328 888 GAPUT
2355 831 2684 889 lX..--Aliud
2705 843 2785 890 est
2808 835 2949 891 enim
2969 835 3172 903 videre,
3194 833 3336 898 aliud
3357 843 3612 901 εειιαιωη

2029 921 2258 978 videndo
2296 925 2771 994 comprehendere.
2813 927 3256 999 Quandoquidem,
3295 928 3350 986 id
3384 930 3609 994 videtur,

2029 1016 2169 1085 quod
2199 1032 2432 1086 prmsens
2462 1027 2746 1088 utcumque
2767 1021 3027 1079 sentitur:
3059 1031 3231 1080 totum
3267 1031 3445 1083 autem
3469 1037 3616 1082 com.

2031 1107 2378 1177 prehenditur
2407 1109 2663 1178 videndo,
2695 1111 2839 1182 quod
2875 1114 2946 1169 ita
2986 1114 3196 1170 videtur
3226 1124 3282 1174 ut
3324 1115 3459 1172 nihil
3499 1115 3616 1190 ejus

2029 1200 2186 1255 lateat
2215 1201 2504 1264 videntem,
2533 1213 2622 1260 aut
2645 1203 2798 1272 cujus
2827 1204 2958 1261 ﬁnes
2986 1205 3325 1276 circumspici
3353 1215 3573 1277 possunt
3597 1224 3612 1270 ;

2029 1293 2165 1346 sicut
2195 1300 2250 1347 te
2279 1293 2410 1346 nihil
2439 1293 2565 1348 latet
2593 1297 2868 1364 praesentis
2897 1297 3184 1354 voluntatis
3221 1307 3323 1356 tute
3342 1340 3356 1364 ,
3388 1300 3613 1359 circum-

2029 1387 2239 1455 spicere
2269 1397 2447 1449 autem
2474 1399 2625 1456 potes
2651 1390 2784 1444 fines
2817 1391 3001 1456 annuli
3041 1392 3134 1446 tui.
3168 1392 3410 1461 Exempli
3447 1395 3619 1462 gratia

2029 1479 2133 1534 duo
2159 1482 2328 1550 posui,
2361 1497 2585 1552 quorum
2615 1483 2840 1538 alterum
2865 1483 2932 1538 ad
2959 1485 3152 1539 mentis
3182 1484 3445 1549 obtutum,
3479 1485 3614 1542 alter».

2030 1588 2146 1625 rum
2181 1574 2244 1647 ad
2269 1575 2576 1642 corporales
2602 1575 2787 1629 oculos
2819 1577 3049 1644 pertinet
3073 1593 3087 1629 :
3117 1575 3264 1631 visus
3290 1577 3454 1642 enim,
3480 1577 3616 1635 sicut

2029 1665 2118 1718 ille
2148 1667 2238 1732 ait,
2265 1665 2328 1720 ad
2361 1675 2644 1737 utrumque
2666 1666 2980 1723 referendus
3005 1676 3108 1736 est,
3134 1667 3184 1724 id
3212 1676 3295 1730 est
3316 1677 3370 1724 et
3394 1669 3460 1723 ad
3489 1683 3616 1728 ocu-

2028 1756 2108 1809 los
2132 1766 2185 1810 et
2209 1757 2272 1811 ad
2303 1767 2555 1812 mentem.

2100 1848 2189 1902 22.
2234 1849 2400 1903 Porro
2428 1851 2470 1902 si
2503 1857 2782 1918 propterea
2817 1849 2982 1904 Deum
3012 1864 3172 1905 nemo
3201 1849 3331 1906 vidit
3357 1866 3612 1921 unquam,

2028 1941 2173 2008 quia,
2208 1942 2342 1994 sicut
2381 1943 2454 1994 ait
2481 1941 2777 2010 disputator
2811 1941 2962 2012 cujus
2993 1943 3152 1998 verba
3193 1944 3612 2008 consideramus,

2029 2027 2407 2087 Plenitudinem
2449 2033 2726 2088 divinitatis
2777 2035 2888 2104 ejus
2936 2051 3081 2090 nemo
3127 2036 3384 2104 conspexit
3409 2077 3422 2099 ,
3470 2052 3616 2096 nemo.

2026 2133 2190 2178 urente
2203 2135 2288 2177 aut
2309 2125 2468 2180 oculis
2487 2125 2898 2194 comprehendit;
2921 2143 2940 2180 ι
2969 2125 3092 2180 vidit
3121 2145 3139 2183 ι
3162 2127 3315 2192 enim,
3334 2125 3401 2181 ad
3423 2135 3615 2186 utrume

2025 2232 2120 2287 que
2141 2215 2459 2288 referendum
2495 2226 2610 2270 est:
2637 2226 2803 2271 restat
2835 2217 3104 2285 inquirere
3129 2216 3396 2286 quomodo
3426 2217 3614 2285 Angeli

2027 2305 2192 2359 Deum
2225 2306 2455 2371 videant,
2484 2318 2702 2377 propter
2728 2289 3028 2376 illud-quod
3055 2323 3118 2362 ex
3152 2308 3436 2378 Evangelio
3465 2323 3613 2374 com.-

2027 2398 2335 2462 memoravi,
2352 2399 2528 2469 Angeli
2552 2415 2722 2454 eorum
2739 2415 2934 2468 semper
2958 2399 3121 2458 vident
3138 2400 3320 2470 faciem
3333 2397 3504 2467 Patris
3519 2399 3616 2456 mei

2027 2487 2234 2558 (Matth.
2258 2506 2413 2555 xvnt,
2435 2490 2544 2559 10).
2565 2490 2620 2544 Si
2638 2491 2780 2544 enim
2801 2499 2851 2543 et
2871 2490 2999 2558 ipsis
3017 2506 3119 2544 non
3140 2491 3293 2545 sicuti
3309 2498 3410 2556 est,
3429 2491 3522 2546 sed
3539 2491 3614 2549 la-

2026 2588 2169 2635 tente
2187 2598 2280 2637 sua
2299 2593 2504 2646 natura,
2524 2584 2578 2636 in
2604 2583 2782 2653 specie
2801 2598 2901 2652 qua
2923 2583 3148 2637 voluerit
3162 2591 3382 2652 apparet
3404 2600 3418 2648 ;
3448 2587 3615 2653 magis

2025 2676 2296 2746 magisque
2335 2676 2708 2746 requirendum
2730 2686 2812 2732 est
2851 2677 3120 2747 quomodo
3141 2691 3264 2730 eum
3290 2692 3388 2731 nos
3408 2675 3613 2732 videbi-

2024 2784 2142 2822 mus
2164 2771 2315 2823 sicuti
2334 2779 2434 2834 est,
2463 2779 2517 2825 et
2535 2770 2671 2825 sicut
2688 2770 2897 2842 Moyses
2915 2769 3252 2835 desideravit,
3273 2786 3393 2824 cum
3411 2780 3615 2839 peteret

2026 2870 2081 2914 ut
2112 2861 2282 2925 Deus,
2311 2861 2400 2931 qui
2431 2863 2482 2915 in
2525 2870 2813 2931 conspectu
2853 2862 2970 2929 ejus
3005 2870 3152 2928 erat,
3183 2863 3496 2918 ostenderet
3537 2863 3613 2918 illi

2023 2953 2388 3021 semetipsum.
2417 2954 2529 3007 lloc
2563 2955 2705 3008 enim
2749 2954 2901 3008 nobis
2938 2969 3204 3009 summum
3245 2955 3518 3024 prmmium
3558 2957 3614 3011 in

2023 3046 2419 3102 resurreCtione
2458 3046 2814 3114 promittitur,
2844 3047 2986 3116 quod
3017 3048 3216 3100 erimus
3241 3049 3473 3118 aequales
3497 3050 3610 3103 An-

2020 3138 2153 3206 gelis
2181 3139 2271 3191 Dei
2304 3139 2321 3208 (
2346 3137 2475 3192 Luc.
2504 3155 2596 3204 xx,
2631 3137 2738 3211 56)
2770 3156 2782 3191 :
2812 3154 2874 3193 ac
2904 3155 2996 3208 per
3025 3139 3125 3194 hoc
3161 3141 3204 3193 si
3236 3156 3334 3196 uec
3365 3141 3461 3211 ipsi
3488 3155 3614 3197 cum

2021 3229 2202 3284 vident
2234 3229 2389 3283 sicuti
2417 3239 2498 3284 est
2515 3273 2530 3295 ,
2555 3230 2824 3299 quomodo
2851 3244 2947 3284 nos
2972 3231 3042 3285 ita
3069 3231 3231 3284 visuri
3258 3245 3458 3298 sumus,
3490 3247 3611 3288 cum

2021 3321 2100 3374 eis
2127 3321 2355 3389 aequales
2381 3321 2436 3374 in
2466 3321 2855 3376 resurrectione
2883 3322 3003 3376 facti
3032 3322 3287 3377 fuerimus
3308 3325 3331 3377 ἲ
3355 3324 3461 3378 Sed
3486 3325 3608 3379 vide

2021 3415 2143 3483 quid
2170 3426 2560 3485 consequenter
2587 3417 2727 3471 dicat
2755 3426 2938 3471 noster
2978 3418 3296 3476 Ambrosius
3320 3437 3334 3473 :
3362 3417 3607 3489 Denique,

2020 3503 2209 3574 inquit,
2227 3522 2340 3558 cum
2363 3506 2586 3571 additur,
2613 3526 2630 3560 ι
2665 3506 2966 3578 Unigeuitus
2994 3508 3159 3563 Filius
3177 3509 3286 3580 ipso
3304 3512 3559 3574 narrauit;
3586 3529 3606 3562 ι

2019 3602 2260 3654 mentium
2285 3602 2445 3670 magis
2465 3619 2617 3670 quam
2643 3603 2901 3655 oculorum
2925 3603 3049 3656 uisio
3074 3603 3380 3656 declaratur.
3406 3604 3613 3673 Species

2019 3693 2152 3746 enim
2192 3694 2430 3758 ridetur;
2473 3696 2628 3749 virtus
2673 3711 2786 3749 vero
2831 3707 3110 3750 narratur:
3149 3696 3240 3749 illa
3285 3696 3460 3760 oculis,
3504 3697 3613 3749 huic

2019 3797 2180 3838 mente
2201 3787 2660 3856 comprehenditur.
2685 3786 2786 3856 Qui
2811 3787 2965 3856 paulo
2985 3796 3107 3841 ante
3127 3787 3333 3842 dixerat
3352 3788 3608 3842 visionem

2018 3878 2084 3930 ad
2113 3887 2398 3946 utrumque
2436 3877 2768 3933 referendam
2787 3921 2801 3945 ,
2831 3894 2971 3932 nunc
3007 3892 3126 3934 eam
3157 3893 3263 3933 non
3287 3879 3489 3945 menti,
3517 3878 3611 3935 sed

2018 3969 2188 4024 oculis
2229 3954 2373 4024 (ﬁdit
2401 3989 2412 4022 :
2445 3986 2548 4024 non
2573 4011 2588 4037 ,
2617 3979 2672 4024 ut
2706 3971 2930 4040 opinor,
2959 3971 3290 4039 negligenter
3319 3985 3412 4024 sua
3451 3972 3611 4025 verba

2018 4061 2349 4128 respiciens;
2391 4062 2484 4116 sed
2524 4063 2648 4132 quia
2690 4063 2936 4119 usitatius
2977 4062 3027 4115 in
3075 4061 3337 4130 loquendo
3377 4063 3612 4125 solemus

2018 4153 2186 4206 oculis
2227 4154 2518 4208 attribuere
2565 4154 2861 4216 visionem,
2914 4154 3050 4206 sicut
3093 4154 3324 4222 speciem
3372 4154 3606 4223 corpori.

2016 4245 2148 4300 Nam
2177 4256 2231 4300 et
2259 4247 2343 4300 hic
2371 4262 2485 4300 mos
2517 4247 2767 4316 loquendi
2796 4247 3039 4302 crebrius
3061 4257 3346 4316 usurpatur
3369 4248 3422 4302 in
3450 4249 3610 4303 rebus

2018 4354 2136 4406 qn:e
2164 4338 2293 4392 locis
2325 4339 2690 4403 continentur,
2721 4339 3097 4410 varianturquc
3122 4340 3406 4395 coloribus.
3431 4340 3536 4397 Sed
3563 4343 3609 4397 si

2019 4431 2162 4483 nulla
2194 4431 2400 4499 species
2429 4439 2570 4484 esset
2611 4441 2788 4485 mente
2832 4431 3130 4485 contucnda
3154 4474 3165 4496 ,
3204 4450 3306 4490 non
3345 4433 3607 4489 diceretur

2019 4524 2108 4578 ille
2137 4525 2387 4593 speciosus
2415 4525 2578 4593 forma
2605 4541 2710 4594 pra:
2730 4525 2852 4594 filiis
2873 4525 3132 4580 hominum
3157 4525 3326 4598 (Psal.
3355 4544 3506 4595 κων,
3529 4530 3605 4600 ὅ).

2017 4617 2199 4687 Neque
2227 4618 2365 4671 enim
2397 4618 2498 4673 hoc
2520 4618 2813 4673 secundum
2841 4635 3051 4675 carnem
3079 4621 3278 4676 dictum
3301 4631 3400 4688 est,
3425 4632 3478 4677 et
3505 4640 3607 4679 non

2019 4711 2307 4764 secundum
2348 4713 2578 4781 speciem
2620 4712 2968 4780 spiritualem.
3002 4713 3202 4768 Dicitur
3239 4731 3366 4786 ergo
3395 4725 3447 4770 et
3485 4732 3609 4785 spe—

2018 4803 2127 4856 cies
2162 4805 2434 4873 pertinens
2463 4805 2527 4858 ad
2561 4805 2753 4857 mentis
2783 4808 3022 4860 obtutum
3050 4824 3062 4869 ;
3092 4807 3184 4862 sed
3213 4807 3334 4877 quia
3367 4809 3607 4864 usitatius

2020 4894 2071 4946 in
2094 4895 2408 4962 corporibus
2433 4894 2645 4957 dicitur,
2671 4895 2751 4948 vel
2778 4895 2827 4948 in
2850 4896 3280 4952 similitudinibus
3301 4914 3605 4969 corporum,

2019 4984 2138 5038 ideo
2180 4984 2311 5037 dixit
2335 5002 2348 5038 :
2380 4983 2589 5054 Species
2616 4985 2814 5038 videtur
2835 5003 2854 5052 ;
2879 4987 3037 5041 virtus
3064 5003 3177 5041 vero
3215 4999 3456 5044 narratur
3477 5006 3496 5044 .'
3519 4992 3612 5046 illa

2020 5075 2205 5137 oculis,
2237 5077 2344 5129 hare
2384 5086 2548 5129 mente
2589 5077 3051 5145 comprehenditur.
3091 5079 3322 5134 Proinde
3360 5093 3612 5140 narrante

2019 5169 2301 5240 Unigenito
2321 5212 2335 5236 ,
2368 5168 2457 5236 qui
2487 5178 2569 5224 est
2600 5169 2652 5223 in
2695 5171 2811 5224 sinu
2850 5170 3021 5228 Patris
3043 5214 3056 5239 ,
3090 5173 3392 5228 narratione
3421 5176 3610 5230 inclia-

2021 5262 2131 5325 bili,
2179 5269 2420 5317 creatura
2464 5262 2736 5316 rationalis
2787 5263 2981 5317 munda
3030 5273 3085 5318 et
3131 5275 3311 5320 sancta
3362 5267 3612 5337 impletur

2019 5357 2221 5410 visione
2256 5356 2347 5410 Dei
2391 5354 2675 5422 ineffabili,
2708 5372 2864 5426 quam
2907 5366 3033 5414 tunc
3072 5374 3463 5430 consequemur
3489 5376 3610 5417 cum

2019 5447 2252 5516 aequales
2285 5447 2498 5516 Angelis
2539 5447 2659 5502 facti
2705 5447 2982 5505 fuerimus.
3015 5451 3149 5518 Quia
3189 5452 3324 5505 sicut
3363 5452 3611 5507 videntur

2019 5537 2118 5592 ista
2163 5538 2410 5603 visibilia,
2457 5540 2700 5608 corporis
2744 5541 2988 5595 sensibus
3035 5552 3187 5606 nota,
3238 5544 3404 5598 Deum
3453 5561 3612 5600 nemo

2021 5632 2152 5685 vidit
2181 5647 2452 5701 unquam:
2486 5634 2734 5703 quoniam
2763 5633 2808 5686 si
2847 5633 3136 5702 aliquando
3175 5650 3241 5690 eo
3270 5638 3430 5691 modo
3469 5639 3612 5694 visus

2020 5733 2122 5788 est,
2173 5741 2300 5788 non,
2348 5725 2482 5779 sicut
2529 5726 2648 5786 ista,
2697 5735 2883 5780 natura
2929 5726 3155 5789 videtur,
3204 5727 3297 5782 sed
3344 5730 3613 5787 voluntate

2023 5816 2171 5870 visus
2197 5824 2318 5880 est;
2348 5817 2528 5885 specie
2561 5831 2662 5886 qua
2693 5817 2855 5869 voluit
2892 5831 3173 5886 apparens,
3204 5818 3400 5875 latente
3425 5831 3609 5877 natura

2027 5916 2187 5980 atque
2225 5908 2278 5963 iu
2320 5925 2380 5963 se
2414 5907 2917 5964 incommutabiliter
2941 5920 3303 5980 permanente.
3332 5911 3413 5969 Eo
3435 5923 3612 5970 autem
