4112 6346
533 456 638 516 607

532 565 696 625 modo
729 577 837 637 quo
861 561 1072 618 videtur
1099 553 1254 614 sicuti
1282 562 1399 622 est,
1423 564 1568 606 nunc
1594 549 1818 604 fortasse
1853 544 2067 600 videtur
2092 559 2126 599 a

538 657 855 734 quibusdam
879 653 1132 726 Angelis:
1158 666 1191 706 a
1214 648 1370 706 nobis
1393 654 1572 702 autem
1598 655 1724 704 tunc
1740 643 1813 699 ita
1839 639 2125 706 videbitur,

540 768 662 808 eum
689 751 767 806 eis
793 747 918 805 facti
946 745 1203 801 fuerimus
1232 739 1487 812 aequales.

611 839 836 898 CAPUT
860 837 931 894 X.
952 867 1026 878 —
1047 835 1139 891 25.
1172 831 1374 889 Deinde
1402 844 1523 886 cum
1558 827 1849 884 addidisset
1873 825 1996 896 quia
2030 838 2132 880 nec

545 938 844 992 l’otestates
870 931 1150 991 caelorum,
1178 925 1319 982 sicut
1345 921 1646 992 Seraphim,
1671 919 1772 974 nisi
1801 933 1922 972 cum
1947 915 2132 970 volunt

542 1036 598 1083 et
639 1020 1085 1096 quemadmodum
1134 1019 1321 1074 volunt
1361 1014 1649 1081 videntur,
1696 1020 1754 1066 ut
1803 1010 1926 1065 hinc
1968 1008 2131 1064 etiam

545 1117 902 1188 conjiceretur
926 1120 1119 1183 quanta
1145 1109 1214 1164 sit
1240 1106 1578 1162 inviStbilitas
1597 1103 1892 1164 Trinitatis,
1916 1099 2130 1164 Tamen,

544 1211 751 1281 inquit,
787 1207 877 1263 etsi
907 1214 1124 1275 potestas
1153 1219 1253 1256 non
1285 1210 1358 1255 est
1384 1198 1589 1254 uidendi
1607 1240 1621 1263 ,
1645 1205 1718 1251 est
1746 1196 1910 1266 gratia
1935 1206 2134 1264 prome-

543 1303 683 1358 rendi
725 1309 780 1354 ut
807 1298 972 1353 videre
1017 1296 1285 1366 possimus.
1323 1289 1390 1344 Et
1419 1292 1532 1344 ideo
1573 1289 1659 1359 qui
1689 1286 1860 1340 habuit
1899 1282 2134 1355 gratiam,

545 1394 725 1447 meruit
762 1391 958 1454 capiam
985 1403 1003 1442 :
1027 1404 1118 1441 nos
1152 1385 1350 1454 copiam
1380 1399 1481 1436 non
1516 1395 1780 1442 meremur,
1819 1377 1934 1445 quia
1976 1373 2141 1428 Deum

545 1483 749 1539 videndi
786 1483 1000 1554 gratiam
1041 1496 1144 1533 non
1174 1475 1430 1531 habemus.
1469 1473 1561 1528 His
1601 1472 1776 1542 itaque
1807 1468 1985 1524 verbis
2013 1465 2140 1536 quia

549 1590 655 1631 non
703 1589 797 1629 sua
844 1572 1020 1638 docet,
1067 1569 1161 1624 sed
1207 1565 1552 1637 Evangelium
1599 1561 1834 1632 exponit,
1887 1575 1991 1613 non
2043 1557 2143 1612 hoc

549 1668 718 1723 voluit
760 1664 979 1734 intelligi
1016 1661 1158 1733 quod
1189 1659 1402 1731 quidam
1443 1670 1628 1711 eorum
1668 1652 1924 1707 videbunt
1952 1650 2140 1716 Deum,

554 1759 766 1831 quidam
804 1771 931 1813 vero
963 1770 1066 1810 non
1097 1752 1385 1815 videbunt,
1413 1748 1604 1819 quibus
1631 1743 1972 1800 credentibus
2001 1739 2148 1796 dedit

552 1861 865 1926 potestatem
898 1849 1033 1904 filios
1066 1847 1156 1900 Dei
1186 1845 1339 1909 fieri;
1372 1857 1492 1898 cum
1531 1839 1597 1895 ad
1637 1852 1731 1895 eos
1762 1850 1952 1892 omnes
1978 1833 2148 1904 perti-

552 1923 680 2006 neat
717 1944 858 2016 quod
889 1943 1085 1997 dictum
1115 1947 1232 2002 est,
1275 1935 1560 1991 Videbimus
1585 1948 1701 1986 eum
1737 1929 1884 1985 sicuti
1913 1937 1985 1982 est
2011 1942 2029 1980 :
2056 1923 2150 2016 sed

552 2038 802 2104 dicendo,
835 2052 926 2089 nos
951 2034 1151 2104 copiam
1180 2048 1280 2085 non
1309 2043 1574 2088 meremur,
1603 2024 1723 2095 quia
1752 2022 1919 2076 Deum
1943 2007 2152 2074 videndi

555 2131 774 2205 gratiam
800 2145 899 2183 non
925 2125 1194 2191 habemus,
1228 2122 1297 2177 de
1329 2121 1428 2174 hoc
1453 2117 1650 2173 szeculo
1679 2130 1738 2170 se
1766 2112 1908 2183 loqui
1937 2109 2148 2181 signifi-

559 2225 719 2290 cavit,
747 2221 836 2278 ubi
863 2218 1176 2292 quibusdam
1206 2215 1344 2270 Deus
1364 2254 1377 2278 ,
1408 2212 1530 2266 licet
1564 2225 1668 2264 non
1713 2209 1765 2262 in
1807 2220 1901 2260 sua
1932 2211 2142 2266 natura,

561 2317 657 2373 sed
684 2317 736 2369 in
763 2329 865 2384 qua
887 2311 1056 2366 voluit
1084 2309 1296 2380 specie,
1324 2306 1568 2376 dignatus
1597 2307 1680 2356 est
1706 2312 1985 2369 apparere.
2016 2295 2156 2350 sicut

561 2406 812 2471 Abralne,
846 2404 984 2459 sicut
1013 2400 1180 2464 Isaize,
1205 2398 1428 2466 aliisque
1455 2392 1715 2448 similibus
1741 2408 1755 2454 ;
1787 2387 1994 2444 caneris
2019 2398 2154 2440 vero

562 2487 1057 2548 innumerabilibus,
1089 2481 1329 2554 quamvis
1356 2479 1422 2534 ad
1451 2491 1602 2532 suum
1633 2472 1885 2545 populum
1907 2481 1961 2526 et
1987 2471 2156 2524 haere-

561 2582 782 2638 ditatem
813 2588 1066 2634 mteruam
1107 2571 1524 2647 pertinentibus,
1553 2566 1698 2622 nulla
1738 2565 1823 2620 vel
1851 2563 1940 2619 tali
1978 2561 2157 2631 specie

561 2689 621 2731 se
647 2673 998 2729 demonstrat.
1026 2667 1084 2723 In
1116 2665 1291 2720 futuro
1334 2673 1510 2717 autem
1550 2659 1780 2722 saeculo,
1813 2657 1901 2726 qui
1935 2669 2156 2725 regnum

567 2763 834 2834 accepturi
881 2768 1006 2818 sunt
1049 2757 1191 2830 quod
1228 2757 1306 2812 eis
1347 2755 1414 2808 ab
1453 2753 1603 2808 initio
1651 2757 2007 2822 praeparatum
2049 2753 2154 2812 est,

569 2870 756 2912 omnes
783 2869 904 2910 eum
930 2851 1092 2907 corde
1117 2847 1315 2904 mundo
1341 2845 1633 2912 videbunt;
1668 2858 1768 2900 nec
1795 2842 1846 2897 in
1875 2840 1966 2896 illo
1993 2853 2160 2910 regno

568 2949 670 3005 nisi
699 2948 828 3004 tales
853 2951 1032 3002 erunt.

641 3037 866 3096 CAPUT
889 3036 1055 3094 XL—
1070 3033 1161 3089 ει.
1181 3031 1408 3088 Attende
1431 3031 1606 3102 itaque
1626 3027 1752 3099 quid
1772 3027 2041 3096 adjungat,
2051 3026 2161 3095 jam

573 3133 641 3190 de
669 3133 764 3190 illo
802 3131 999 3188 saeculo
1042 3129 1221 3184 dicere
1263 3125 1560 3196 incipiens:
1593 3123 1662 3178 Et
1686 3123 1810 3196 quid
1847 3121 2050 3188 mirum,
2081 3120 2165 3175 in-

573 3227 707 3298 quit,
734 3225 780 3280 si
803 3225 859 3278 in
891 3223 1125 3296 prwsenti
1151 3220 1336 3276 saeculo
1359 3261 1372 3285 ,
1395 3219 1490 3272 nisi
1513 3217 1718 3288 quando
1748 3215 1884 3282 vult,
1912 3214 2164 3268 Dominus

572 3335 675 3374 non
698 3317 895 3372 videtur
916 3317 940 3370 ?
968 3313 1036 3368 In
1060 3315 1173 3385 ipsa
1195 3327 1388 3382 quoque
1407 3308 1767 3364 resurrectione
1797 3323 1897 3360 non
1921 3305 2071 3378 facile
2092 3313 2165 3359 est

575 3409 742 3466 Deum
761 3409 949 3475 videre,
967 3406 1064 3461 nisi
1093 3406 1154 3460 iis
1174 3405 1259 3475 qui
1279 3402 1466 3456 mundo
1486 3402 1584 3456 sint
1600 3400 1750 3454 corde
1770 3409 1847 3454 :et
1863 3399 1975 3452 ideo
1994 3416 2012 3449 ι
2036 3396 2167 3450 beati

576 3499 767 3556 mundo
785 3498 974 3563 corde;
995 3497 1094 3568 ipsi
1113 3495 1248 3550 enim
1268 3492 1440 3547 Deum
1455 3491 1705 3546 videbunt.
1737 3509 1757 3542 ι
1788 3489 1978 3556 Qantos
2001 3487 2170 3543 beatos

580 3594 687 3646 iam
713 3597 1058 3644 numeraverat
1077 3629 1092 3654 ,
1119 3594 1167 3642 et
1195 3595 1360 3639 tamen
1385 3584 1463 3637 his
1499 3581 1702 3636 videndi
1731 3580 1899 3636 Deum
1925 3596 2027 3634 non
2053 3593 2172 3650 pro-

581 3683 784 3738 miserat
813 3677 1143 3752 facultatem!
1181 3676 1240 3732 Si
1278 3692 1395 3747 ergo
1424 3675 1462 3727 ii
1495 3673 1582 3743 qui
1618 3671 1808 3726 mundo
1841 3680 1959 3726 sunt
1996 3669 2168 3736 corde,

585 3773 750 3828 Deum
787 3771 1054 3834 videbunt;
1091 3769 1262 3836 utique
1297 3766 1387 3820 alii
1420 3781 1519 3819 non
1556 3763 1813 3819 videbunt.
1839 3761 2016 3832 Neque
2039 3763 2173 3819 enim

584 3863 782 3934 indigni
803 3861 971 3917 Deum
992 3859 1262 3924 videbunt;
1293 3872 1447 3924 neque
1471 3856 1514 3910 is
1543 3856 1630 3926 qui
1653 3853 1816 3907 Deum
1837 3853 2001 3907 videre
2027 3853 2174 3907 nolu-

585 3959 700 4023 erit,
746 3963 908 4026 potest
950 3952 1115 4007 Deum
1147 3951 1330 4006 videre.
1364 3949 1550 4004 Cernis
1593 3962 1750 4026 quam
1789 3945 2174 4015 circﬂnspecte

586 4023 832 4120 loquatur
866 4045 974 4117 jam
1017 4044 1086 4100 de
1131 4043 1196 4098 iis
1243 4042 1330 4112 qui
1377 4041 1429 4096 in
1471 4023 1648 4094 futuro
1687 4038 1884 4092 saeculo
1924 4037 2177 4091 videbunt

590 4139 757 4195 Deum
784 4157 796 4193 :
831 4151 1002 4206 neque
1027 4135 1167 4190 enim
1198 4147 1416 4196 omnes,
1448 4130 1542 4186 sed
1572 4130 1660 4200 qui
1691 4129 1832 4199 digni
1863 4136 2006 4184 sunt.
2065 4128 2174 4184 Re-

589 4239 806 4300 surgent
820 4228 963 4284 enim
984 4237 1042 4282 et
1065 4226 1207 4297 digni
1235 4233 1290 4279 et
1316 4223 1515 4294 indigni
1544 4237 1709 4293 regno
1734 4221 1822 4275 illo
1856 4221 1948 4277 ubi
1973 4221 2176 4276 videbi-

593 4331 681 4379 tur
706 4323 845 4377 Deus
871 4339 884 4374 :
913 4321 1162 4391 quoniam
1190 4334 1360 4372 omnes
1389 4317 1474 4386 qui
1493 4317 1546 4372 in
1573 4315 1904 4370 monumentis
1923 4323 2058 4381 sunt,
2084 4331 2177 4368 au-

594 4417 729 4471 dient
763 4431 933 4470 vocem
966 4415 1077 4486 ejus
1099 4421 1148 4466 et
1185 4410 1451 4480 precedent
1473 4425 1492 4474 ;
1517 4408 1612 4464 sed
1640 4423 1760 4462 cum
1799 4423 1986 4478 magna
2025 4405 2179 4462 diffe-

598 4509 766 4563 rentia
791 4526 805 4563 :
837 4523 957 4562 nam
983 4506 1067 4577 qui
1099 4505 1221 4559 bene
1245 4507 1488 4576 fecerunt,
1510 4503 1564 4557 in
1599 4503 2008 4558 resurrectionem
2030 4503 2180 4567 vita;

597 4599 683 4671 qui
704 4613 814 4652 vero
837 4598 966 4652 male
984 4603 1208 4668 egerunt,
1221 4595 1275 4648 in
1295 4594 1704 4649 resurrectionem
1723 4593 1900 4660 iudicii
1921 4593 2098 4660 (Joan.
2122 4608 2176 4660 v,

597 4691 845 4762 28.29).
895 4691 990 4746 llic
1023 4689 1278 4760 judicium
1331 4702 1541 4757 [mitam
1589 4694 1841 4741 aeternam
1884 4685 2177 4756 signiﬁcat:

597 4785 737 4841 sicut
759 4784 917 4840 etiam
945 4782 1072 4838 illud
1093 4782 1291 4837 dictum
1321 4789 1422 4846 est,
1455 4778 1554 4845 Qui
1582 4794 1681 4832 non
1703 4779 1879 4845 credit,
1897 4779 2010 4850 jam
2036 4778 2184 4849 judi-

605 4890 740 4936 catus
768 4886 839 4934 est
859 4876 969 4950 (Id.
996 4893 1074 4944 ιιι,
1103 4876 1229 4948 18).

673 4971 764 5028 25.
807 4969 958 5039 Quod
986 4985 1115 5041 ergo
1140 4968 1215 5022 ait
1242 4973 1455 5022 sanctus
1480 4965 1811 5029 Ambrosius,
1846 4981 2003 5034 neque
2029 4964 2072 5018 is
2098 4963 2186 5032 qui

602 5062 766 5119 Deum
785 5063 948 5117 videre
967 5061 1200 5124 noluerit,
1227 5066 1386 5130 potest
1409 5056 1576 5112 Deum
1588 5055 1913 5126 videre.quid
1939 5054 2079 5110 aliud
2108 5055 2188 5110 in-

604 5155 768 5226 telligi
793 5154 991 5221 voluit,
1024 5154 1122 5208 nisi
1153 5154 1278 5224 quia
1305 5152 1348 5208 is
1375 5152 1464 5222 qui
1495 5148 1798 5206 mundando
1828 5147 1975 5204 cordi
2004 5162 2186 5203 curam

606 5255 768 5302 tanta
791 5247 868 5302 rei
899 5245 1110 5316 dignam
1132 5261 1237 5300 non
1264 5245 1374 5300 vult
1401 5243 1727 5314 impendere,
1752 5259 1857 5297 non
1883 5243 1995 5298 vult
2023 5243 2186 5298 Deum

607 5340 810 5397 videre?
831 5339 962 5395 Vide
979 5339 1198 5409 proinde
1219 5337 1344 5409 quid
1361 5338 1608 5408 adjungat
1624 5354 1638 5391 :
1657 5336 1767 5390 Nec
1783 5337 1835 5390 in
1853 5337 1984 5402 loco,
1999 5338 2184 5407 inquit,

613 5431 745 5486 Deus
756 5431 970 5496 videtur,
988 5431 1076 5485 sed
1092 5430 1278 5485 mundo
1293 5427 1603 5496 corde.Quid
1619 5428 1935 5490 evidentius,
1949 5428 2072 5498 quid
2092 5444 2191 5484 ex-

610 5524 844 5594 pressius
863 5523 964 5579 dici
988 5523 1199 5595 potuit?
1234 5523 1316 5577 Ab
1338 5521 1438 5576 hac
1460 5521 1620 5592 igitur
1637 5523 1844 5576 visione
1872 5520 2110 5576 diabolus
2139 5529 2193 5578 et

611 5615 781 5684 angeli
811 5615 944 5685 ejus,
975 5624 1028 5669 et
1053 5629 1239 5670 omnes
1267 5629 1387 5668 eum
1418 5613 1495 5668 eis
1527 5613 1693 5682 impii.
1726 5612 1840 5666 sine
1870 5612 1970 5666 ulla
2003 5613 2191 5668 nebula

613 5705 954 5763 dubitationis
987 5708 1184 5762 exclusi
1214 5717 1333 5763 sunt
1359 5724 1374 5774 ;
1403 5706 1651 5777 quoniam
1675 5707 1872 5762 mundo
1896 5706 2057 5762 corde
2089 5724 2192 5762 non

612 5809 766 5855 sunt:
787 5815 849 5855 ac
871 5817 962 5870 per
983 5799 1082 5855 hoc
1101 5800 1239 5868 quod
1256 5801 1511 5870 scriptum
1529 5808 1610 5854 est
1628 5799 1679 5853 in
1703 5798 1964 5863 libroJob,
1985 5800 2194 5855 venisse

613 5892 848 5962 Angelos
886 5893 938 5948 in
976 5901 1320 5965 conspectum
1348 5893 1440 5949 Dei
1465 5932 1482 5960 ,
1503 5901 1560 5949 et
1583 5894 1794 5949 venisse
1824 5907 1950 5949 cum
1974 5893 2053 5949 eis
2076 5892 2194 5949 dia-

1771 432 1830 491 Β.
1869 427 2242 491 AUGUSTINI
2277 427 2582 486 EPISGOPI

2230 540 2412 597 bolum
2435 539 2575 613 (Job.
2594 556 2634 609 ι,
2655 541 2710 607 6,
2733 549 2781 595 et
2805 555 2865 608 ιι,
2883 539 2942 612 i)
2959 580 2978 609 ,
3009 554 3116 596 non
3142 539 3264 596 ideo
3283 537 3528 596 diabolus
3553 538 3719 596 Deum
3747 542 3825 596 vi-

2231 635 2376 691 disse
2407 634 2705 690 credendus
2732 644 2838 691 est.
2866 632 2972 705 Ipsi
3010 634 3154 690 enim
3190 632 3316 689 dicti
3355 640 3482 689 sunt
3523 633 3732 689 venisse
3760 636 3814 690 in

2233 736 2577 799 conspectum
2623 726 2750 793 Det,
2785 741 2891 780 non
2940 725 3082 782 Deus
3129 725 3184 780 in
3221 733 3570 796 conspectum
3609 739 3819 780 eorum.

2244 819 2471 877 Veniunt
2495 827 2673 874 autem
2701 818 2753 872 in
2781 827 3126 888 conspectum
3154 825 3394 872 nostrum
3421 832 3541 887 quae
3561 817 3828 884 videmus,

2238 925 2343 964 non
2370 925 2398 963 a
2425 909 2615 980 quibus
2639 908 2900 964 videmur.
2933 909 3209 964 Venerunt
3229 924 3378 980 ergo,
3401 909 3537 964 sicut
3565 909 3619 963 in
3649 909 3833 966 multis

2239 1002 2509 1058 codicibus
2537 1003 2748 1074 legitur,
2768 1012 2826 1058 ut
2848 1004 3158 1058 assisterent
3181 1018 3360 1059 coram
3376 1003 3503 1066 Deo,
3532 1018 3641 1056 non
3670 1012 3726 1056 ut
3744 1017 3834 1056 co-

2241 1110 2353 1148 ram
2371 1095 2496 1164 ipsis
2525 1095 2681 1148 Deus.
2704 1093 2815 1150 Nec
2839 1103 2921 1149 est
2946 1109 3082 1166 opus
3106 1094 3645 1158 hocloeoinnnorari,
3662 1104 3723 1148 ut
3741 1107 3836 1163 pro

2243 1186 2440 1241 viribus
2458 1187 2653 1241 nostris
2667 1202 2924 1241 conemur
2935 1186 3221 1242 ostendere
3237 1184 3506 1257 quomodo
3529 1195 3584 1241 et
3598 1187 3698 1239 hoc
3712 1194 3839 1240 tem-

2245 1278 2497 1348 poraliter
2517 1280 2627 1345 liat,
2647 1293 2767 1332 cum
2793 1279 2845 1332 in
2863 1279 2953 1333 Dei
2967 1286 3256 1348 conspectu
3279 1279 3384 1332 sint
3407 1277 3585 1332 ouinia
3601 1291 3836 1346 semper.

2314 1369 2406 1424 26.
2450 1369 2600 1424 Nunc
2640 1373 2782 1426 enim
2811 1371 3067 1440 quzeritur
3093 1371 3358 1440 quomodo
3387 1370 3630 1424 videatur
3659 1370 3838 1435 Deus;

2249 1479 2353 1517 non
2383 1479 2442 1518 ea
2481 1465 2658 1536 specie
2683 1479 2785 1534 qua
2813 1475 2864 1518 et
2895 1464 2945 1518 in
2980 1464 3080 1518 isto
3105 1464 3303 1518 saeculo
3328 1464 3645 1532 quibus-dan.
3679 1462 3844 1516 voluit

2249 1571 2534 1626 apparere,
2566 1555 2777 1626 quando
2809 1570 2913 1608 non
2955 1555 3128 1608 solum
3171 1569 3292 1609 cum
3324 1555 3589 1608 Abraham
3619 1555 3847 1623 aliisque

2245 1646 2424 1716 justis,
2438 1661 2619 1701 verum
2633 1648 2790 1702 etiam
2805 1662 2923 1700 cum
2937 1645 3065 1701 Cain
3085 1645 3346 1700 fratricida
3371 1647 3573 1699 locutus
3590 1655 3673 1699 est
3688 1643 3846 1715 (Gen.

2251 1755 2404 1806 xvm,
2423 1741 2534 1805 l,et
2556 1755 2631 1806 IV,
2659 1739 2817 1808 6-15)
2837 1759 2848 1793 :
2871 1741 2964 1793 sed
2994 1739 3262 1809 quomodo
3293 1739 3534 1793 videatur
3561 1739 3614 1791 in
3644 1738 3737 1792 illo
3765 1752 3854 1793 re-

2253 1847 2378 1902 gno,
2408 1831 2494 1885 ubi
2512 1847 2633 1886 eum
2653 1832 2907 1886 videbunt
2929 1831 3020 1884 lilii
3047 1831 3160 1900 ejus
3178 1830 3334 1884 sicuti
3351 1841 3452 1886 est.
3488 1831 3633 1883 'I'unc
3649 1831 3854 1898 quippe

2257 1924 2532 1979 satiabitur
2558 1924 2611 1976 in
2641 1924 2794 1978 bonis
2829 1923 3150 1978 desiderium
3181 1938 3363 1977 eorum
3390 1940 3402 1975 :
3435 1936 3540 1991 quo
3578 1921 3852 1975 de~iderio

2259 2015 2510 2085 ﬂagrabat
2531 2014 2758 2082 Moyses,
2773 2016 2855 2069 cui
2877 2015 3016 2084 loqui
3035 2015 3098 2068 ad
3120 2015 3282 2068 Demn
3297 2015 3429 2067 facie
3445 2014 3510 2066 ad
3528 2013 3716 2066 faciem
3743 2027 3851 2066 non

2259 2123 2318 2164 Su
2325 2108 2628 2174 fﬁtziebat,ct
2640 2108 2866 2172 dicebat,
2876 2107 3092 2161 Ostende
3103 2106 3226 2159 mihi
3234 2106 3554 2175 temetipsum
3566 2105 3851 2174 manifeste,

2260 2207 2315 2250 ut
2337 2199 2529 2251 videam
2549 2207 2595 2251 te
2615 2197 2809 2267 (Exod.
2833 2212 3017 2262 xxxtu,
3040 2196 3150 2266 i5);
3172 2195 3660 2265 tanquamdieeret,
3705 2192 3857 2264 quod

2261 2291 2313 2346 in
2358 2291 2568 2346 Psalmo
2592 2307 2656 2345 ex
2682 2291 2872 2345 eodem
2901 2289 3172 2344 desiderio
3200 2288 3438 2353 canitur,
3474 2285 3714 2341 Satiabor
3742 2302 3859 2338 cum

2261 2384 2660 2453 manifestabitur
2677 2382 2842 2454 gloria
2871 2391 2958 2436 tua
2984 2379 3158 2454 (Psal.
3184 2397 3297 2444 XVI,
3322 2379 3431 2449 15).
3453 2379 3569 2446 Quo
3589 2377 3862 2432 desiderio

2261 2477 2482 2531 ardebat
2507 2486 2560 2531 et
2591 2476 2896 2545 Philippus,
2925 2484 2980 2530 et
3007 2475 3084 2529 sic
3107 2473 3289 2528 satiari
3315 2472 3589 2541 cupiebat,
3619 2472 3809 2525 dicens
3833 2489 3847 2523 :

2267 2569 2484 2624 Ostende
2512 2569 2653 2623 nobis
2681 2567 2910 2631 Patrem,
2937 2577 2983 2622 et
3012 2567 3194 2637 sufﬁcit
3223 2565 3364 2619 nobis
3394 2563 3582 2635 (Joan.
3619 2580 3735 2626 xtv,
3767 2564 3861 2633 8).

2265 2663 2342 2718 De
2368 2661 2466 2716 hac
2487 2662 2690 2717 visione
2722 2662 2944 2732 loquens
2972 2660 3088 2730 ejus
3117 2659 3276 2713 etiam
3307 2658 3420 2727 ipse
3448 2665 3655 2709 amator
3679 2664 3737 2710 et
3766 2655 3866 2709 de-

2265 2754 2526 2810 siderator
2554 2754 2906 2810 Ambrosius:
2944 2751 3064 2805 Non
3096 2752 3149 2804 in
3181 2750 3308 2812 loco,
3344 2749 3532 2818 inquit,
3565 2746 3704 2801 Deus
3728 2747 3871 2800 vide-

2266 2854 2365 2910 tur,
2392 2847 2527 2900 sicut
2555 2846 2620 2900 ad
2646 2846 2820 2899 ilicem
2845 2843 3098 2906 Mambre,
3125 2842 3262 2895 sicut
3293 2839 3344 2893 in
3379 2848 3557 2893 monte
3585 2837 3747 2897 Sina;
3781 2837 3870 2892 sed

2266 2937 2453 2992 mundo
2465 2939 2630 2992 corde.
2650 2937 2715 2992 Et
2730 2935 2990 3006 sequitur,
3012 2934 3186 2988 sciens
3206 2931 3330 3001 quid
3360 2929 3650 2996 desideret,
3665 2938 3723 2983 et
3742 2929 3869 2999 quid

2268 3037 2475 3097 aestuet,
2499 3037 2551 3084 et
2575 3028 2700 3098 quid
2728 3035 2934 3097 speret:
2962 3025 3070 3079 Nec
3092 3021 3455 3090 corporalibus,
3483 3022 3671 3090 inquit,
3697 3021 3863 3073 oculis

2269 3120 2406 3176 Deus
2425 3121 2685 3188 quaeritur,
2708 3120 2897 3188 quibus
2912 3115 3211 3172 seostendit
3225 3113 3471 3175 Abralue,
3494 3110 3658 3170 Isaac.
3675 3108 3870 3175 Jacob,

2270 3213 2453 3268 etaliis
2482 3213 2536 3266 in
2563 3212 2662 3266 hoc
2688 3209 2884 3264 smculo
2904 3224 3021 3272 ;nec
3053 3205 3479 3260 circumscribitur
3497 3203 3626 3264 visu,
3646 3210 3876 3271 prepter

2274 3303 2402 3358 illud
2427 3301 2566 3374 quod
2592 3302 2793 3356 dictum
2820 3309 2902 3354 est
2921 3341 2934 3364 ,
2967 3297 3258 3352 Posteriora
3285 3312 3394 3349 mea
3433 3293 3621 3347 videbis
3651 3293 3671 3363 (
3698 3291 3872 3346 Exod.

2275 3414 2462 3465 χχχιιι,
2492 3394 2598 3467 25)
2625 3413 2640 3460 ;
2667 3412 2756 3448 nec
2782 3403 2915 3447 tactu
2947 3401 3158 3455 tenetur,
3190 3389 3328 3443 sicut
3350 3389 3576 3442 luctatus
3601 3386 3770 3438 etiam
3794 3390 3877 3438 est
3916 3399 3918 3402 '

2274 3506 2395 3547 cum
2411 3489 2574 3546 Jacob
2592 3485 2740 3562 (Gen.
2764 3501 2932 3548 χχχιι,
2949 3483 3135 3553 24-50)
3158 3498 3172 3547 ;
3203 3497 3292 3534 nec
3318 3479 3522 3533 auditur
3535 3475 3725 3543 affatu,
3738 3475 3876 3530 sicut

2276 3600 2382 3640 non
2411 3582 2583 3638 solum
2621 3595 2650 3634 a
2687 3587 2768 3633 tot
2804 3577 3038 3642 sanctis,
3069 3589 3254 3628 verum
3285 3571 3446 3627 etiam
3474 3586 3504 3624 a
3534 3567 3754 3623 diabolo
3782 3582 3878 3622 aus

2277 3674 2420 3730 ditus
2445 3680 2565 3739 est;
2595 3686 2686 3725 nec
2705 3667 2916 3723 sentitur
2937 3667 3132 3720 incessu
3152 3705 3167 3730 ,
3194 3663 3332 3718 sicut
3360 3659 3644 3732 aliquando
3669 3673 3799 3714 eum
3825 3658 3878 3713 in

2279 3763 2524 3836 paradiso
2545 3760 2910 3816 deambularet
2936 3756 3004 3814 ad
3030 3771 3307 3825 veSperam
3339 3752 3450 3826 (Id.
3477 3767 3558 3820 ιιι,
3585 3749 3666 3823 8).

2349 3857 2439 3910 27.
2492 3855 2653 3910 Vides
2704 3849 3150 3931 quemadmodum
3200 3848 3282 3903 vir
3345 3856 3561 3902 sanctus
3633 3845 3871 3900 enitatur

2282 3958 2492 4005 nostras
2516 3955 2722 4002 mentes
2738 3945 2804 4000 ab
2824 3943 3072 3999 omnibus
3099 3941 3276 3996 carnis
3309 3939 3557 3996 sensibus
3585 3951 3867 4002 sevocare,

2282 4052 2340 4097 ut
2362 4051 2512 4112 aptas
2552 4039 2711 4094 faciat
2739 4037 2806 4094 ad
2835 4036 3120 4092 videndum
3171 4035 3360 4088 Deum.
3409 4033 3474 4086 Et
3521 4040 3700 4085 tamen
3753 4027 3879 4100 quid

2282 4135 2389 4207 agit
2417 4134 2536 4189 talis
2564 4132 2894 4187 extrinsecus
2920 4129 3186 4199 plantator
3210 4134 3265 4181 et
3291 4125 3512 4194 rigator,
3549 4122 3651 4176 nisi
3678 4121 3879 4176 intrin-

2284 4241 2438 4281 secus
2469 4233 2721 4293 0peretur
2749 4221 2836 4292 qui
2863 4219 2956 4275 dat
2986 4221 3372 4274 incrementum
3402 4215 3540 4268 Deus
3564 4211 3618 4283 (l
3647 4209 3776 4266 Cor.
3799 4228 3876 4278 ιιι,

2286 4319 2376 4390 7)?
2410 4318 2541 4385 Quis
2573 4316 2716 4370 enim
2760 4313 2873 4368 sine
2911 4310 3176 4380 adjutorio
3212 4309 3442 4380 Spiritus
3499 4307 3591 4362 Dei
3640 4306 3881 4377 cogitare

2285 4409 2455 4464 valeat
2500 4422 2620 4462 esse
2651 4405 2868 4475 aliquid,
2902 4402 3176 4474 magisque
3204 4418 3322 4456 esse
3350 4416 3508 4471 quam
3551 4399 3736 4453 omnia
3765 4412 3881 4469 qua:

2288 4517 2384 4573 per
2407 4513 2604 4569 corpus
2630 4497 2950 4562 sentiuntur,
2979 4493 3121 4566 quod
3150 4507 3249 4548 nec
3273 4493 3328 4546 in
3356 4491 3474 4546 loco
3495 4489 3763 4550 videatur,
3789 4502 3885 4544 nec

2288 4589 2632 4662 qumrendum
2660 4589 2729 4642 sit
2757 4587 2953 4654 oculis,
2983 4600 3083 4641 nec
3105 4584 3352 4639 audiatur
3377 4581 3539 4638 affatu
3559 4622 3574 4646 ,
3606 4596 3710 4635 nec
3743 4588 3885 4635 tactu

2294 4691 2560 4748 teneatur,
2609 4695 2708 4735 nec
2755 4680 3013 4734 sentiatur
3039 4678 3271 4741 incessu,
3302 4685 3355 4731 et
3387 4673 3626 4728 videatur
3655 4681 3844 4727 tamen
3869 4708 3886 4737 ,

2290 4776 2384 4833 sed
2410 4774 2609 4832 mundo
2632 4771 2828 4829 corde?
2853 4771 3038 4841 Neque
3067 4771 3208 4826 enim
3237 4769 3305 4825 de
3332 4769 3428 4822 liae
3452 4769 3556 4822 vita
3584 4767 3672 4822 ille
3700 4768 3882 4836 loqueo

2290 4870 2464 4935 batur,
2495 4882 2614 4922 cum
2657 4867 2758 4921 hoc
2797 4865 3028 4928 diceret;
3054 4860 3484 4933 quandoquidem
3529 4860 3595 4914 ab
3635 4860 3747 4916 hoc
3789 4873 3885 4913 sa:-

2291 4959 2432 5026 eulo,
2475 4960 2527 5013 in
2571 4973 2676 5029 quo
2724 4957 2864 5012 Deus
2907 4955 3181 5026 apparuit,
3214 4970 3318 5008 non
3363 4953 3518 5008 sicuti
3550 4961 3664 5019 est,
3709 4950 3809 5006 sed
3838 4950 3887 5004 in

2291 5051 2469 5121 specie
2511 5064 2612 5120 qua
2646 5048 2841 5115 voluit,
2885 5047 3077 5118 quibus
3118 5045 3316 5111 voluit,
3349 5044 3481 5099 satis
3501 5043 3762 5098 discrevit
3789 5058 3888 5098 saa-

2293 5143 2397 5198 culi
2445 5141 2605 5198 futuri
2653 5141 2848 5206 vitam,
2896 5125 3218 5195 discretione
3260 5137 3614 5207 apertissima,
3643 5136 3742 5191 ubi
3773 5137 3889 5190 ait.

2300 5237 2368 5292 Et
2399 5237 2520 5306 quid
2545 5234 2729 5288 mirum
2757 5233 2801 5288 si
2828 5235 2882 5286 in
2914 5231 3147 5303 presenti
3172 5231 3377 5296 seculo,
3408 5229 3505 5284 nisi
3530 5227 3741 5300 quando
3769 5229 3889 5291 vult,

2297 5329 2546 5384 Dominus
2575 5344 2674 5382 non
2703 5326 2933 5381 videtur?
2959 5323 3025 5378 In
3048 5326 3158 5396 ipsa
3185 5341 3380 5396 quoque
3403 5323 3769 5378 resurrectione
3798 5337 3894 5375 non

2299 5421 2450 5496 facile
2487 5431 2558 5477 est
2601 5421 2766 5474 Deum
2805 5419 2991 5484 videre,
3019 5419 3115 5472 nisi
3139 5419 3202 5472 iis
3231 5419 3317 5489 qui
3347 5416 3498 5471 corde
3526 5416 3720 5470 mundo
3750 5415 3852 5469 sint
3878 5429 3895 5466 :

2299 5527 2346 5575 et
2365 5517 2477 5570 ideo
2503 5534 2520 5567 ι
2555 5513 2688 5569 beati
2711 5511 2900 5566 mundo
2935 5511 3120 5576 corde;
3149 5511 3385 5582 quoniam
3414 5508 3514 5580 ipsi
3551 5506 3716 5561 Deum
3759 5505 3894 5560 uide-

2301 5612 2442 5665 bunt.
2485 5628 2505 5662 s
2534 5607 2666 5663 Hinc
2692 5607 2800 5676 jam
2846 5603 2914 5660 de
2943 5605 3032 5659 illo
3076 5604 3273 5658 satculo
3301 5602 3478 5659 dicere
3524 5615 3754 5656 exorsus
3793 5607 3893 5662 est,

2305 5704 2392 5758 ubi
2439 5704 2605 5757 Deum
2634 5698 2907 5761 Videbunt,
2941 5712 3046 5752 non
3076 5687 3264 5752 omnes
3303 5694 3391 5765 qui
3437 5701 3720 5764 resurgent
3743 5735 3760 5759 ,
3807 5691 3898 5747 sed

2303 5797 2392 5869 qui
2445 5802 2721 5864 resurgent
2769 5792 2834 5846 ad
2877 5792 3038 5850 vitam
3077 5799 3329 5844 mternam
3366 5806 3378 5841 :
3411 5801 3520 5841 non
3568 5785 3796 5855 indigni,
3835 5783 3900 5838 de

2307 5889 2498 5962 quibus
2525 5887 2725 5944 dictum
2753 5893 2855 5952 est,
2885 5881 3122 5940 Tollatur
3159 5879 3367 5952 impius,
3398 5895 3462 5934 ne
3490 5878 3657 5934 videat
3685 5875 3906 5932 clas-itan.
