4154 6354
365 541 464 586 tem
503 525 713 580 Domini
755 521 917 593 (lsai.
959 535 1105 586 xxvr,
1143 518 1231 586 l0,
1273 533 1384 575 sec.
1425 516 1626 590 LXX);
1664 519 1755 575 sed
1782 518 1948 591 digni,

365 624 430 679 de
470 621 716 694 qualibus
756 616 887 672 dixit
929 616 1040 683 ipse
1084 614 1370 679 Dominus,
1416 629 1537 669 cum
1578 629 1815 685 prtesens
1842 628 1951 669 non

364 713 665 777 videretur,
702 709 801 777 Qui
845 707 1009 778 diligit
1054 724 1151 773 me,
1182 708 1423 762 mandata
1461 724 1572 761 mea
1602 707 1948 774 custodit;et,

364 808 462 875 Qui
501 806 666 877 diligit
711 821 789 857 me
810 844 823 866 ,
846 802 1085 873 diligetur
1117 818 1148 854 a
1180 800 1335 855 Patre
1374 818 1502 865 meo,
1545 809 1592 855 et
1614 815 1707 872 ego
1743 800 1953 871 diligam

368 917 515 961 eum,
546 908 593 952 et
633 895 894 950 ostendam
933 894 1177 963 meipsum
1200 893 1278 947 illi
1311 891 1489 966 (Joan.
1518 908 1624 960 xlv,
1663 892 1767 959 21,
1819 893 1949 963 25):

358 1008 457 1045 nec
508 990 542 1045 ii
596 989 787 1057 quibus
833 988 1036 1042 dicetur
1064 1028 1080 1052 ,
1129 984 1210 1041 Ite
1249 986 1303 1040 in
1347 987 1512 1057 ignem
1553 995 1813 1051 aeternum,
1866 986 1954 1057 qui

365 1092 682 1153 praeparatus
713 1091 782 1135 est
814 1078 1015 1133 diabolo
1049 1088 1094 1133 et
1137 1077 1329 1149 angelis
1371 1079 1513 1149 ejus;
1552 1077 1644 1133 sed
1690 1078 1725 1132 ii
1761 1078 1951 1148 quibus

362 1174 588 1237 dicetur,
626 1170 819 1234 Venite,
845 1170 1086 1224 benedicti
1121 1169 1289 1224 Patris
1312 1170 1443 1235 mei;
1478 1169 1717 1240 percipite
1737 1185 1952 1240 regnum

360 1267 495 1335 quod
525 1265 660 1319 vobis
692 1272 1033 1333 prteparatum
1055 1271 1127 1315 est
1155 1260 1217 1314 ab
1244 1261 1387 1315 initio
1418 1260 1611 1314 mundi.
1645 1259 1735 1314 Illi
1758 1260 1951 1330 quippe

360 1358 501 1411 ibunt
535 1357 588 1410 in
626 1356 986 1410 ambustionem
1028 1364 1306 1419 attentam;
1343 1354 1471 1424 justi
1510 1362 1674 1406 autem
1710 1353 1763 1405 in
1797 1353 1950 1406 vitam

358 1461 598 1504 eternam
643 1448 864 1519 (Matth.
894 1463 1019 1513 xxv,
1048 1447 1136 1510 41,
1178 1446 1266 1509 54,
1297 1445 1408 1516 46).
1442 1444 1509 1499 Ει
1544 1462 1661 1515 qua:
1711 1454 1793 1499 est
1842 1445 1949 1499 vita

360 1556 584 1606 :eterna,
614 1542 712 1595 nisi
741 1539 881 1610 quod
911 1540 1022 1608 ipsa
1053 1538 1165 1592 Vita
1195 1537 1317 1592 alibi
1346 1537 1491 1603 dicit,
1532 1535 1654 1590 Ha’c
1687 1546 1758 1591 est
1783 1547 1950 1590 autem

360 1637 460 1688 vita
484 1645 696 1698 (eterna,
718 1643 767 1685 ut
789 1641 1090 1702 cognoscant
1112 1639 1159 1684 te
1177 1647 1332 1683 unum
1351 1628 1514 1683 Deum
1531 1646 1721 1693 verum,
1741 1639 1784 1682 et
1804 1646 1949 1699 quem

359 1730 543 1783 misisti
566 1728 744 1781 Jesum
772 1725 1026 1783 Christum
1069 1724 1254 1795 (Joan.
1289 1740 1416 1787 xvn,
1453 1722 1505 1793 5)
1526 1723 1548 1776 ?
1573 1722 1665 1778 sed
1711 1722 1789 1777 sic
1816 1737 1948 1792 quo-

361 1823 522 1877 modo
555 1820 797 1890 promisit
826 1828 1169 1875 ostensurum
1196 1816 1428 1887 seipsum
1470 1816 1811 1872 dilectoribus
1837 1816 1948 1871 suis

363 1932 485 1970 cum
516 1917 672 1970 Patre
700 1931 859 1968 unum
892 1913 1080 1979 Deum,
1121 1927 1225 1965 non
1251 1909 1516 1981 quomodo
1545 1910 1594 1964 in
1622 1909 1728 1965 hoc
1753 1910 1947 1965 sarculo

360 2015 414 2069 in
441 2028 666 2083 corpore
695 2012 838 2064 visus
868 2018 949 2064 est
976 2024 1006 2063 a
1036 2008 1189 2062 bonis
1218 2016 1271 2061 et
1294 2022 1323 2061 a
1354 2006 1527 2061 malis.

433 2105 524 2161 28.
558 2105 623 2159 Et
651 2105 701 2158 in
727 2102 928 2173 judicio
956 2100 1098 2156 enim
1130 2100 1324 2166 futuro,
1348 2114 1453 2170 quo
1481 2098 1557 2153 sic
1586 2105 1838 2153 venturus
1866 2106 1949 2152 est

360 2196 631 2268 quomodo
659 2196 801 2249 visus
828 2204 909 2249 est
926 2178 1053 2248 iens
1079 2194 1129 2247 in
1158 2194 1349 2248 coelum
1368 2234 1382 2258 ,
1416 2192 1518 2247 hoc
1547 2201 1629 2246 est
1666 2193 1718 2246 in
1758 2191 1945 2247 eadem

360 2290 529 2344 forma
560 2289 647 2343 ﬁlii
674 2287 925 2355 hominis,
953 2286 1194 2342 eamdem
1213 2285 1434 2341 formam
1459 2285 1730 2350 videbunt,
1755 2284 1946 2355 quibus

358 2382 599 2437 dicturus
636 2391 749 2449 est,
783 2380 1009 2444 Esurivi,
1038 2390 1085 2434 et
1114 2397 1213 2433 non
1256 2379 1464 2433 dedistis
1492 2379 1615 2433 mihi
1640 2380 1948 2433 manducare

360 2476 576 2551 (Matth.
606 2492 732 2541 xxv,
757 2475 845 2547 42)
879 2475 1029 2545 (quia
1051 2483 1104 2528 et
1128 2472 1293 2527 Judaei
1315 2472 1568 2527 videbunt
1591 2473 1640 2526 in
1668 2487 1823 2542 quem
1853 2488 1946 2540 pu-

360 2576 625 2641 pugerunt
651 2566 833 2638 (Zach.
877 2582 970 2631 xu,
1001 2565 1122 2635 10);
1158 2580 1263 2619 non
1300 2564 1442 2619 illam
1476 2563 1570 2618 Dei
1608 2562 1861 2629 formam,
1892 2561 1945 2617 in

362 2680 465 2734 qua
513 2678 619 2717 non
664 2662 902 2731 rapinam
945 2659 1229 2713 arbitratus
1275 2665 1357 2713 est.
1399 2671 1517 2713 esse
1566 2655 1785 2726 aequalis
1839 2655 1946 2710 Deo

366 2755 623 2826 (Philipp.
672 2769 755 2816 ιι,
797 2752 871 2823 6).
922 2751 975 2805 In
1023 2751 1110 2805 illa
1150 2749 1240 2804 Dei
1290 2747 1459 2802 forma
1515 2757 1641 2802 tunc
1693 2746 1947 2802 videbunt

364 2863 511 2914 eum,
555 2846 644 2917 qui
686 2844 940 2899 videbunt
976 2859 1095 2897 eum
1129 2840 1280 2895 sicuti
1321 2850 1421 2895 est.
1470 2839 1579 2895 Nec
1625 2838 1746 2894 ideo
1795 2838 1946 2893 vidc-

361 2938 523 3001 bunt,
581 2938 702 3006 quia
759 2950 1015 3006 pauperes
1054 2933 1241 3002 spiritu
1282 2932 1336 2985 in
1390 2931 1488 2985 hac
1533 2931 1635 2984 vita
1692 2930 1944 2995 fuerunt,

360 3032 482 3102 quia
528 3030 718 3095 mites,
764 3028 887 3096 quia
940 3027 1205 3097 lugentes,
1256 3024 1376 3094 quia
1420 3024 1716 3079 esurientes
1768 3031 1820 3077 et
1875 3021 1948 3077 si-

362 3124 554 3179 tientcs
576 3121 851 3190 justitiam,
907 3120 1028 3189 quia
1069 3116 1443 3178 misericordes
1473 3158 1486 3177 ,
1524 3116 1644 3185 quia
1697 3114 1942 3183 paciﬁci,

359 3217 483 3287 quia
516 3214 937 3286 persecutionem
968 3210 1110 3282 passi
1156 3218 1372 3280 propter
1394 3207 1674 3278 justitiam,
1707 3206 1946 3276 quamvis

358 3320 417 3367 et
462 3310 581 3365 haec
608 3309 785 3364 omnia
828 3306 989 3362 iidem
1020 3305 1119 3375 ipsi
1151 3306 1289 3368 sint;
1321 3301 1415 3358 sed
1448 3302 1569 3372 quia
1596 3299 1794 3356 mundo
1822 3306 1946 3353 sunt

355 3402 545 3457 corde.
572 3400 696 3457 Ideo
718 3402 912 3471 quippe
931 3399 1072 3455 inter
1097 3398 1215 3451 illas
1237 3395 1612 3461 beatitudines,
1631 3409 1751 3447 cum
1769 3392 1945 3447 omnia

355 3493 564 3548 faciant
589 3492 676 3563 qui
705 3506 796 3546 cor
820 3491 1075 3545 mundum
1107 3488 1325 3552 habent,
1360 3503 1465 3541 non
1508 3494 1591 3542 est
1629 3495 1804 3539 tamen
1850 3484 1947 3539 ali-

355 3587 479 3642 cubi
511 3586 759 3657 positum,
794 3586 956 3639 Deum
982 3582 1249 3651 videbunt,
1298 3582 1398 3636 nisi
1449 3582 1535 3636 ubi
1579 3580 1780 3635 dictum
1824 3586 1941 3644 est,

285 3731 299 3755 \
356 3676 501 3732 Beati
528 3678 717 3731 mundo
743 3677 933 3741 corde;
961 3677 1208 3746 quoniam
1250 3675 1447 3729 mundo
1490 3673 1652 3729 corde
1684 3673 1944 3727 videbitur

353 3772 445 3843 qui
474 3785 571 3826 nec
591 3771 645 3825 in
678 3772 792 3824 loco
825 3770 1050 3835 videtur,
1086 3784 1186 3824 nec
1209 3768 1376 3823 oculis
1405 3767 1771 3837 corporalibus
1795 3783 1944 3838 qua:-

354 3865 510 3929 ritur,
536 3879 635 3919 nec
659 3862 1111 3919 circumscribitur
1136 3861 1269 3925 visu,
1295 3876 1393 3915 nec
1422 3869 1560 3914 tactu
1585 3870 1815 3923 tenetur,
1848 3875 1945 3914 nec

354 3957 569 4011 auditur
594 3955 776 4021 aifatu,
808 3969 905 4010 nec
929 3954 1154 4007 sentitur
1184 3955 1411 4008 incessu.
1442 3952 1607 4005 Deum
1629 3952 1771 4007 enim
1798 3967 1944 4006 nemo

358 4050 484 4103 vidit
514 4065 758 4119 unquam,
790 4048 869 4101 vel
899 4048 947 4100 in
977 4046 1075 4100 hac
1098 4046 1226 4112 vita,
1254 4046 1389 4099 sicut
1416 4046 1524 4113 ipse
1552 4054 1653 4110 cst,
1673 4044 1754 4097 vel
1786 4045 1942 4098 etiam

354 4138 884 4210 iuAngelorumvita,
903 4137 1038 4191 sicut
1053 4136 1279 4190 visibilia
1310 4137 1404 4189 ista
1436 4152 1553 4205 qua:
1583 4135 1842 4205 corporali
1864 4134 1945 4187 vi-

353 4232 505 4287 sione
529 4243 856 4295 cernuntur;
890 4231 1008 4299 quia
1039 4230 1319 4298 unigenitus
1346 4228 1530 4290 Filius,
1555 4231 1641 4299 qui
1659 4240 1732 4282 est
1759 4230 1810 4282 in
1832 4230 1946 4283 sinu

360 4322 553 4389 Patris,
583 4324 689 4393 ipse
717 4322 957 4376 narravit.
996 4320 1144 4375 Unde
1186 4336 1288 4374 non
1331 4320 1395 4374 ad
1447 4320 1719 4374 oeulorutn
1749 4335 1944 4389 corpo-

353 4417 569 4482 ralium,
601 4416 694 4471 sed
720 4416 786 4470 ad
818 4416 1071 4471 mentium
1103 4414 1362 4469 visionem
1407 4413 1606 4467 dictum
1645 4423 1727 4468 est
1776 4414 1943 4483 perti-

353 4525 487 4566 nere
511 4511 652 4580 quod
682 4519 881 4563 narrat.

430 4600 656 4656 (LAPUT
688 4599 800 4655 XII.
820 4630 890 4639 —
909 4599 998 4655 29.
1042 4598 1146 4655 Sed
1183 4613 1367 4653 rursus
1397 4614 1462 4653 ne
1486 4597 1806 4653 desiderium
1845 4614 1946 4652 no-

358 4703 529 4749 Strum
579 4708 607 4746 a
653 4694 895 4762 corporis
938 4707 1096 4746 scnsu
1136 4691 1201 4746 ad
1241 4692 1400 4745 alium
1447 4692 1685 4760 corporis
1728 4707 1944 4746 sensum

355 4784 628 4851 migraret,
660 4782 759 4837 hoc
783 4793 864 4838 est
888 4783 954 4837 ad
985 4797 1143 4838 aures
1172 4783 1239 4836 ab
1259 4782 1455 4844 oculis;
1488 4782 1606 4836 ideo
1631 4798 1750 4838 cum
1777 4783 1946 4837 dixis-

356 4884 475 4941 εει,
526 4873 637 4928 Nec
671 4875 1015 4944 corporalibus
1059 4874 1196 4929 Deus
1234 4874 1392 4929 oculis
1421 4876 1677 4945 quan-itur.
1718 4891 1807 4929 nec
1844 4876 1947 4929 cir-

355 4968 706 5022 cumscribitur
748 4969 875 5031 visu,
921 4986 1011 5023 nec
1050 4978 1184 5023 tactu
1239 4979 1465 5035 tenetur;
1510 4968 1704 5023 addidit
1751 4969 1944 5034 etiam,

357 5077 447 5115 nec
475 5061 683 5116 auditur
710 5061 872 5129 aifatu
904 5077 923 5116 :
953 5068 1039 5123 ut,
1070 5063 1113 5116 si
1158 5076 1469 5132 possumus,
1508 5062 1831 5132 unigenitum
1861 5061 1947 5115 Fi-

356 5150 511 5217 lium,
537 5154 624 5222 qui
641 5163 721 5207 est
738 5153 788 5206 in
807 5154 925 5207 sinu
945 5153 1134 5215 Patris,
1150 5154 1597 5224 sicintelligamus
1617 5165 1943 5223 narrantem,

356 5245 628 5313 quomodo
643 5254 696 5299 et
708 5244 946 5300 Verbum
963 5256 1063 5306 est,
1080 5262 1183 5299 non
1206 5259 1368 5299 sonus
1383 5247 1599 5300 auribus
1622 5247 1943 5317 instrepens,

357 5336 450 5389 sed
476 5338 650 5406 imago
667 5339 931 5394 mentibus
952 5338 1311 5400 innotescens,
1328 5346 1384 5391 ut
1402 5337 1507 5390 illic
1526 5338 1729 5392 interna
1743 5348 1795 5393 et
1811 5340 1945 5395 inel-

356 5428 518 5484 ﬁ'abili
536 5429 653 5485 luce
665 5432 1072 5503 clarescattjuod
1088 5431 1286 5487 dictum
1314 5440 1418 5497 est,
1446 5431 1548 5493 Qui
1574 5449 1650 5486 me
1663 5432 1807 5500 vidit,
1826 5434 1950 5488 vidit

358 5530 406 5576 et
430 5520 641 5577 Patrem
663 5524 841 5598 (Joan.
869 5541 980 5591 xlv,
1002 5524 1082 5596 9);
1110 5523 1251 5596 quod
1278 5523 1364 5578 hic
1388 5522 1631 5594 Philippo
1650 5524 1944 5594 dicebatur,

360 5618 577 5688 quando
609 5618 840 5684 videbat,
870 5628 924 5674 et
950 5634 1055 5674 non
1086 5618 1314 5675 videbat.
1347 5615 1597 5687 Sequitur
1622 5618 1763 5673 enim
1792 5618 1949 5690 hujus

358 5712 587 5767 visionis
626 5711 855 5767 eximius
896 5712 1206 5783 concupitor
1255 5711 1588 5777 Ambrosius,
1629 5710 1852 5766 dicens:
1886 5711 1950 5765 Et

360 5823 483 5863 cum
510 5810 689 5866 absens
716 5819 942 5881 putatur,
973 5810 1201 5874 videtur;
1226 5817 1272 5864 et
1313 5824 1427 5862 cum
1458 5824 1676 5878 praesens
1711 5815 1807 5874 est,
1847 5823 1949 5862 non

357 5902 579 5961 uidetur.
608 5901 726 5960 Non
752 5901 905 5973 dixit,
929 5902 1061 5958 Cum
1088 5901 1283 5959 absens
1302 5910 1423 5973 est;
1456 5899 1552 5959 sed
1568 5942 1584 5974 ,
1610 5917 1724 5957 cum
1766 5897 1944 5960 absens

1551 396 2030 458 EPISTOLARUII
2066 397 2345 461 CLASSIS
2382 403 2470 460 Ill.

3540 421 3648 481 610

2059 527 2271 587 putatur
2310 537 2330 576 :
2371 538 2633 595 nusquam
2675 526 2817 583 enim
2858 527 3051 586 absens
3095 540 3180 590 est
3218 534 3310 606 qui
3360 536 3554 594 emtum
3593 548 3648 597 et

2058 617 2253 665 terram
2271 612 2485 684 implet;
2506 631 2604 672 nec
2625 618 2811 688 spatiis
2840 620 3125 678 includitur
3146 627 3344 695 parvis,
3374 631 3646 700 magnist

2057 700 2390 773 ditl‘unditur,
2424 708 2517 763 sed
2561 711 2756 783 ubique
2788 724 2929 773 totus
2954 725 3058 784 est,
3089 726 3144 773 et
3173 720 3318 774 nullo
3344 723 3647 781 continetur

2057 794 2194 851 loco.
2228 796 2340 854 Hoc
2364 800 2453 871 qui
2474 803 2767 862 excedente
2795 817 2970 865 mente
2997 810 3262 883 intelligit,
3285 814 3429 871 videt
3456 817 3643 887 Deum,

2057 895 2253 945 etcum
2281 891 2474 948 absens
2505 906 2737 965 putatur.
2778 899 2876 967 Qui
2906 911 3084 959 autem
3128 903 3231 960 hoc
3276 923 3378 961 non
3424 918 3643 979 potest,

2057 989 2176 1036 oret
2227 990 2282 1038 et
2324 994 2445 1054 agat
2493 995 2553 1042 ut
2593 1004 2753 1060 posse
2796 1005 3094 1062 mereatur;
3133 1013 3232 1054 nec
3269 1001 3334 1054 ad
3374 1000 3643 1059 hominem

2056 1071 2438 1144 disputaturum
2470 1080 2661 1148 pulset,
2694 1091 2754 1139 ut
2781 1087 2923 1155 quod
2963 1104 3067 1143 non
3114 1090 3239 1161 legit
3265 1092 3424 1163 legat,
3451 1094 3545 1150 sed
3574 1094 3643 1151 ad

2057 1164 2223 1221 Deum
2265 1167 2619 1238 Salvatorem,
2668 1184 2724 1230 ut
2764 1178 2907 1246 quod
2945 1196 3049 1235 non
3092 1183 3234 1238 valet
3259 1186 3453 1241 valeat.
3495 1186 3644 1244 Unde

2054 1270 2231 1314 autem
2253 1260 2472 1329 dixerit,
2494 1273 2543 1319 et
2570 1282 2685 1320 cum
2712 1286 2935 1340 praesens
2968 1283 3041 1328 est
3067 1291 3167 1329 non
3198 1277 3417 1345 videtur,
3450 1294 3642 1337 conse-

2054 1363 2279 1419 quenter
2309 1365 2546 1424 aperuit,
2582 1357 2763 1416 dicens
2796 1379 2808 1414 :
2844 1362 3068 1436 Denique
3095 1384 3186 1421 nec
3214 1369 3441 1440 Apostoli
3472 1388 3645 1430 omnes

2056 1441 2311 1499 Christum
2355 1450 2622 1517 videbant;
2663 1463 2708 1507 et
2754 1454 2869 1509 ideo
2909 1458 3001 1523 ait,
3050 1477 3069 1510 ι
3106 1460 3270 1516 Tanto
3296 1472 3516 1534 tempore
3551 1481 3637 1521 vo-

2056 1536 2243 1591 biscum
2266 1557 2398 1605 sum,
2426 1552 2472 1596 et
2491 1544 2661 1598 adhuc
2686 1564 2765 1601 me
2791 1565 2891 1603 non
2931 1552 3268 1622 cognovistis.’
3299 1575 3317 1608 ι
3344 1557 3481 1613 Ecce
3505 1572 3641 1628 quo-

2054 1631 2214 1686 modo
2238 1633 2376 1689 Deus
2402 1651 2637 1705 praesens
2665 1648 2780 1694 erat
2810 1651 2863 1696 et
2890 1658 2997 1697 non
3026 1644 3321 1700 videbatur.

2126 1724 2216 1779 50.
2259 1724 2364 1781 Sed
2405 1743 2569 1798 quare
2616 1747 2720 1786 non
2751 1748 2914 1789 ausus
2938 1744 3019 1791 est
3047 1736 3244 1805 dicere,
3278 1739 3514 1812 Denique
3542 1757 3643 1798 nec

2052 1815 2292 1886 Apostoli
2339 1818 2609 1877 Christum
2647 1824 2936 1895 videbant,
2992 1828 3084 1884 sed
3124 1831 3235 1897 ait,
3281 1848 3370 1887 nec
3411 1832 3643 1904 Apostoli

2052 1924 2240 1976 omnes,
2268 1920 2515 1983 tanquam
2563 1916 2724 1987 aliqui
2770 1928 2893 1974 tunc
2931 1921 3175 1979 viderent
3226 1940 3288 1980 ea
3336 1925 3540 1982 visione
3584 1927 3640 1983 in

2051 2016 2152 2072 qua
2186 2003 2297 2073 ipse
2334 2014 2389 2061 et
2416 2005 2575 2062 Pater
2601 2025 2761 2064 unum
2793 2014 2954 2067 sunt?
2980 2014 3059 2068 Au
3092 2015 3228 2072 forte
3258 2017 3386 2073 illud
3417 2020 3643 2076 attendit

2052 2095 2193 2161 quod
2241 2110 2360 2150 cum
2406 2098 2596 2155 Petrus
2631 2100 2868 2165 dixisset,
2902 2103 2981 2157 Tu
3013 2123 3064 2159 es
3094 2106 3321 2163 Christus
3351 2108 3517 2164 Filius
3547 2110 3642 2165 Dei

2051 2185 2182 2251 vivi;
2222 2202 2535 2258 responsum
2567 2194 2790 2263 accepit,
2826 2193 3014 2249 Beatus
3041 2215 3090 2252 es
3122 2198 3301 2253 Simon
3332 2200 3437 2255 Bar
3462 2203 3599 2257 Jona
3623 2246 3638 2273 ,

2050 2278 2166 2347 quia
2196 2295 2296 2333 non
2323 2280 2408 2333 tibi
2436 2284 2669 2337 reuelauit
2704 2302 2822 2339 caro
2847 2295 2891 2339 et
2919 2290 3145 2358 sanguis,
3177 2290 3267 2343 sed
3309 2289 3465 2345 Pater
3505 2310 3643 2349 meus

2050 2368 2138 2437 qui
2166 2369 2219 2422 in
2242 2371 2379 2424 cretis
2395 2374 2503 2427 est?
2523 2376 2763 2443 quamvis
2782 2377 2869 2431 illa
2892 2378 3144 2433 revelatio
3164 2376 3454 2452 utrtun‘per
3476 2384 3635 2439 tidem

2052 2467 2212 2514 tantm
2242 2461 2320 2517 rei
2351 2463 2595 2530 credita},
2631 2481 2698 2521 an
2742 2482 2837 2537 per
2882 2468 3138 2525 visionem
3178 2486 3473 2542 conspecta:
3503 2477 3640 2530 facta

2053 2552 2105 2607 in
2132 2554 2248 2625 ejus
2275 2565 2452 2613 mente
2478 2557 2654 2627 luerit,
2684 2576 2787 2613 non
2820 2562 2948 2615 mihi
2982 2563 3220 2619 videatur
3244 2566 3483 2633 elucere;
3516 2583 3640 2623 cum

2053 2654 2107 2701 et
2132 2646 2244 2717 ipse
2272 2648 2459 2704 Petrus
2486 2658 2592 2704 tam
2625 2653 2897 2721 parvulum
2931 2671 2989 2709 se
3014 2655 3189 2711 adhuc
3220 2658 3293 2711 illi
3323 2659 3637 2727 ostenderit,

2053 2746 2111 2793 ut
2138 2738 2349 2797 timeret
2388 2758 2455 2798 ne
2482 2746 2750 2800 amitteret
2778 2748 3115 2814 morientem,
3145 2765 3303 2819 quem
3332 2749 3522 2805 Filium
3546 2750 3641 2806 Dei

2052 2831 2176 2895 vivi,
2210 2832 2312 2888 hoc
2340 2844 2423 2889 est
2452 2835 2573 2889 vitae
2605 2824 2800 2891 fontem
2830 2837 3002 2893 fuerat
3032 2840 3192 2908 paulo
3216 2850 3339 2896 ante
3365 2840 3641 2897 confessus

2055 2922 2267 2996 (Matth.
2294 2944 2402 2992 xvi,
2438 2929 2524 2994 16,
2556 2930 2650 2995 17,
2682 2930 2771 2997 21,
2804 2931 2917 3002 22).

2123 3015 2348 3075 CAPUT
2372 3019 2683 3078 Xlll.—3l.
2710 3023 2911 3079 Deinde
2938 3034 3114 3094 potest
3140 3043 3355 3084 movere
3371 3029 3640 3099 quomodo

2046 3110 2156 3179 jam
2181 3111 2291 3180 ipsa
2318 3113 2408 3167 Dei
2432 3114 2724 3169 substantia
2751 3116 2914 3171 videri
2943 3119 3171 3187 potuerit
3188 3135 3215 3172 a
3238 3120 3552 3189 quibusdam
3580 3128 3633 3177 in

2054 3201 2152 3257 hac
2162 3205 2265 3257 vita
2286 3204 2709 3275 positis,propter
2722 3207 2846 3262 illud
2859 3208 3000 3278 quod
3013 3209 3209 3264 dictum
3228 3221 3309 3265 est
3323 3212 3387 3266 ad
3401 3212 3635 3284 Moysen,

2055 3294 2220 3349 Nemo
2236 3305 2393 3368 potest
2409 3298 2589 3363 facient
2610 3315 2771 3353 meam
2783 3300 2969 3367 videre,
2986 3311 3033 3355 et
3047 3303 3204 3356 vivere
3225 3302 3397 3374 (Exod
3404 3345 3416 3357 .
3438 3320 3470 3359 x
3480 3321 3635 3375 xxm,

2051 3384 2271 3459 20):nisi
2288 3389 2407 3459 quia
2424 3391 2843 3460 potesthumana
2862 3409 3012 3448 mens
3036 3394 3290 3451 divinitus
3314 3397 3427 3467 rapi
3449 3413 3513 3453 ex
3541 3398 3640 3455 bac

2051 3478 2157 3533 vita
2185 3480 2250 3535 ad
2277 3483 2566 3553 angelicam
2597 3483 2777 3552 vitam,
2802 3494 3082 3556 antequam
3104 3503 3200 3557 per
3225 3490 3376 3543 istam
3398 3504 3637 3547 commu-

2053 3590 2174 3628 nem
2207 3584 2433 3631 mortem
2460 3592 2619 3632 carne
2644 3578 2897 3634 solvatur.
2926 3578 3014 3635 Sic
3048 3581 3191 3635 enim
3231 3592 3413 3652 raptus
3441 3592 3524 3638 est
3546 3584 3638 3654 qui

2053 3666 2253 3721 audivit
2280 3668 2388 3723 illic
2427 3668 2711 3724 inetl‘abilia
2759 3672 2919 3725 verba
2963 3687 3083 3742 qua:
3127 3687 3231 3727 non
3276 3674 3399 3728 licet
3437 3674 3637 3729 homini

2049 3759 2225 3830 loqui:
2246 3760 2335 3816 ubi
2364 3778 2528 3833 usque
2545 3762 2678 3817 adeo
2704 3762 2840 3818 facta
2868 3773 2949 3818 est
2974 3765 3040 3818 ab
3065 3764 3220 3835 hujus
3249 3766 3369 3820 vita:
3395 3767 3641 3824 sensibus

2050 3853 2291 3923 quaedam
2331 3854 2636 3910 intentionis
2678 3857 2905 3923 aversio,
2936 3865 2993 3912 ut
3019 3858 3129 3912 sive
3154 3858 3209 3912 in
3246 3873 3489 3928 corpore,
3529 3860 3641 3914 sive

2050 3956 2198 4000 extra
2226 3962 2419 4017 corpus
2445 3948 2621 4014 fuerit,
2648 3949 2696 4002 id
2725 3958 2827 4013 est,
2855 3960 3053 4017 utrum,
3084 3951 3217 4005 sicut
3240 3952 3377 4005 solet
3401 3951 3452 4005 in
3475 3951 3639 4007 vehe-

2052 4040 2299 4093 mentiori
2342 4042 2555 4104 ecstasi,
2604 4057 2755 4097 mens
2799 4042 2865 4096 ab
2897 4042 2995 4096 hac
3038 4044 3141 4096 vita
3189 4043 3240 4096 in
3285 4043 3428 4097 illam
3474 4044 3636 4098 vitam

2051 4129 2209 4185 fuerit
2236 4131 2485 4197 alienata,
2521 4142 2768 4186 manente
2798 4135 3036 4201 Corporis
3068 4135 3294 4200 vinculo,
3324 4152 3392 4189 an
3421 4135 3638 4190 omnino

2050 4225 2305 4280 resolutio
2336 4225 2474 4280 facta
2506 4226 2692 4292 fuerit,
2738 4229 2910 4297 qualis
2952 4231 3000 4282 in
3037 4230 3189 4299 plena
3222 4240 3392 4286 morte
3424 4233 3635 4287 contin-

2050 4315 2144 4385 git,
2177 4318 2381 4371 nescire
2410 4333 2468 4373 se
2498 4317 2701 4372 diceret
2727 4324 2742 4388 (
2764 4318 2801 4371 ll
2822 4317 2938 4373 Cor.
2971 4337 3066 4385 xu,
3109 4321 3247 4391 2-4).
3292 4322 3363 4377 Ita
3405 4324 3463 4378 ﬁt
3492 4333 3547 4378 ut
3584 4333 3638 4379 et

2052 4409 2178 4462 illud
2209 4426 2391 4465 verum
2418 4412 2506 4479 sit,
2538 4412 2676 4483 quod
2708 4412 2904 4467 dictum
2941 4424 3042 4482 est,
3078 4414 3241 4468 Nemo
3271 4426 3429 4486 potest
3457 4418 3638 4490 faciem

2052 4518 2217 4557 meam
2256 4504 2443 4572 videre,
2483 4515 2530 4560 et
2574 4506 2769 4570 vivere;
2798 4507 2919 4577 quia
2954 4523 3174 4564 necesse
3201 4520 3277 4565 est
3309 4511 3542 4566 abstrahi
3572 4513 3638 4568 ab

2052 4595 2153 4651 hac
2208 4596 2313 4651 vita
2354 4606 2609 4663 mentem,
2665 4600 2879 4669 quando
2940 4601 2991 4655 in
3037 4602 3175 4657 illius
3222 4604 3638 4663 ineliabilitatem

2052 4688 2272 4745 visionis
2300 4692 2617 4758 assumitur;
2651 4701 2704 4746 et
2732 4708 2834 4747 non
2876 4694 2945 4748 sit
2987 4694 3295 4751 incredibile
3323 4697 3637 4767 quibusdam

2052 4783 2253 4835 sanctis
2280 4783 2512 4837 nondum
2542 4785 2612 4837 ita
2644 4784 2930 4852 defunctis,
2964 4796 3019 4840 ut
3049 4788 3350 4857 sepelienda
3382 4790 3638 4845 cadavera

2053 4882 2412 4937 remanerent,
2461 4874 2623 4928 etiam
2672 4875 2825 4931 istam
2877 4879 3246 4934 excellentiam
3299 4882 3636 4938 revelationis

2053 4963 2215 5019 fuisse
2243 4980 2576 5021 concessam.
2616 4968 2767 5035 Quod
2798 4971 3046 5026 existimo
3076 4974 3338 5043 cogitasse
3364 4974 3514 5029 illum
3547 4976 3638 5046 qui

2054 5059 2224 5113 noluit
2265 5058 2463 5126 dicere,
2502 5060 2612 5117 Nec
2652 5063 2891 5132 Apostoli
2915 5063 3187 5120 Christum
3218 5066 3497 5132 videbant;
3543 5066 3638 5124 sed

2053 5151 2145 5216 ait,
2178 5168 2269 5206 nec
2303 5153 2532 5224 Apostoli
2578 5172 2749 5210 omnes
2786 5157 3041 5212 Christum
3088 5159 3319 5214 videbant
3358 5176 3377 5216 :
3414 5161 3639 5217 credens

2051 5245 2369 5314 quibusdam
2398 5263 2580 5302 eorum
2625 5248 2913 5305 divinitatis
2954 5266 3163 5322 quoque
3189 5252 3353 5321 ipsius
3380 5254 3637 5309 visionem

2053 5338 2120 5393 de
2146 5354 2249 5409 qua
2276 5340 2610 5409 loquebatur,
2641 5341 2800 5397 etiam
2829 5351 2954 5398 tunc
2983 5344 3219 5414 potuisse
3243 5344 3464 5414 donari;
3495 5353 3640 5403 certe

2054 5439 2271 5502 propter
2299 5431 2509 5487 beatum
2548 5432 2770 5489 Paulum
2791 5476 2807 5501 ,
2836 5436 2959 5507 quia
2981 5445 3035 5491 et
3054 5437 3167 5508 ipse
3193 5438 3432 5508 quamvis
3457 5438 3638 5494 novis-

2054 5524 2244 5589 simus,
2267 5524 2448 5595 utique
2474 5527 2749 5596 apostolus
2774 5537 2908 5596 erat,
2935 5530 3023 5600 qui
3051 5529 3118 5585 de
3145 5545 3237 5585 sua
3266 5530 3355 5590 illa
3385 5530 3638 5589 ineﬂ'abili

2056 5615 2381 5672 revelatione
2404 5633 2507 5673 non
2536 5620 2715 5676 tacuit.

2127 5710 2216 5766 32.
2240 5710 2553 5783 Quanquam
2579 5721 2633 5768 ct
2657 5712 2731 5768 illi
2749 5713 3059 5771 ﬁdelissimo
3077 5717 3294 5789 antiquo
3318 5715 3516 5774 famulo
3543 5716 3637 5775 Dei

2056 5802 2247 5874 Moysi,
2278 5803 2469 5860 mirum
2491 5804 2594 5860 nisi
2624 5806 2675 5861 in
2706 5805 2813 5862 hac
2835 5816 2976 5863 terra
2998 5807 3324 5877 laboratum,
3349 5808 3633 5882 populum-

2057 5914 2165 5968 que
2190 5900 2341 5960 illum
2365 5902 2539 5961 adhuc
2558 5914 2791 5976 recturo,
2817 5919 3129 5964 concessum
3155 5914 3239 5965 est
3259 5904 3401 5981 quod
3428 5906 3633 5983 petivit.
