4154 6354
537 415 636 472 θιι

541 542 596 586 ιιι
633 533 929 588 claritatem
974 531 1183 588 Domini
1219 530 1445 595 videret,
1472 530 1562 601 qui
1589 528 1801 584 dixerat
1825 546 1840 583 :
1867 528 1928 584 Si
1952 529 2118 583 intimi

537 627 752 697 gratiam
792 637 908 680 ante
948 635 1032 692 te,
1077 625 1282 679 ostende
1325 623 1447 678 mihi
1483 622 1800 691 temetipsum
1838 621 2118 690 manifeste.

537 717 755 784 Accepit
801 719 939 771 enim
993 718 1045 772 in
1096 717 1376 787 praesentia
1425 731 1716 785 congruum
1763 727 2120 785 responsum,

537 810 678 880 quod
708 810 893 865 l‘aeiem
924 811 1016 866 Dei
1047 811 1228 865 videre
1255 825 1358 865 non
1384 820 1580 880 posset,
1608 824 1766 879 quam
1795 820 1952 863 nemo
1977 807 2121 862 vide-

539 915 639 967 ret,
666 913 717 958 et
745 904 980 969 viveret;
1011 904 1112 958 hoc
1131 902 1291 957 modo
1313 901 1642 972 signiﬁcante
1662 901 1772 955 Deo
1791 900 2009 954 alterius
2031 913 2124 969 po.

540 995 690 1048 tioris
715 995 832 1050 vitae
861 996 1002 1049 illam
1033 1011 1150 1050 esse
1172 996 1450 1050 visionem.
1487 995 1686 1048 Deinde
1713 993 1766 1048 in
1797 993 1972 1048 verbis
2007 993 2118 1059 Dei,

540 1085 737 1141 futurae
783 1086 980 1141 Christi
1045 1087 1296 1142 Ecclesia:
1325 1087 1636 1158 mysterium
1694 1085 1970 1155 ﬁguratum
2018 1094 2120 1139 εει.

541 1179 779 1234 Gestavit
804 1182 998 1250 quippe
1035 1180 1242 1252 Moyses
1281 1190 1464 1251 typum
1497 1179 1672 1249 populi
1701 1177 2037 1243 Iudaeorum,
2069 1176 2120 1230 iu

537 1271 802 1324 Christum
836 1287 1046 1340 passum
1097 1282 1277 1340 postea
1321 1270 1608 1335 credituri;
1653 1269 1772 1324 ideo
1813 1269 2012 1323 dictum
2040 1276 2123 1322 est

537 1349 632 1423 illi,
663 1359 790 1416 Cum
835 1363 1077 1416 transiero
1098 1404 1112 1423 ,
1147 1365 1422 1432 posteriora
1451 1377 1564 1415 mea
1593 1359 1780 1414 videbis
1808 1375 1828 1414 :
1852 1370 1903 1414 et
1928 1369 2121 1413 caetera

537 1471 654 1524 quae
701 1457 770 1509 ibi
815 1455 1079 1519 dicuntur,
1117 1456 1341 1509 mirabili
1383 1462 1720 1509 sacramento
1769 1451 2123 1522 praenuntiant

538 1531 828 1600 Ecclesium
884 1555 1005 1617 post
1053 1544 1314 1610 futuram,
1376 1545 1514 1600 unde
1567 1545 1730 1601 tnodo
1771 1547 1983 1615 longum
2041 1551 2123 1597 est

534 1639 821 1708 disputare.
855 1640 1006 1706 Quod
1035 1649 1212 1694 autem
1252 1640 1431 1694 dicere
1458 1639 1787 1693 institueram
1812 1680 1824 1702 ,
1854 1637 2121 1692 desiderio

533 1732 649 1806 ejus
679 1733 836 1786 etiam
867 1732 993 1786 illud
1023 1732 1162 1802 quod
1193 1733 1437 1802 petierat,
1483 1729 1645 1784 fuisse
1673 1744 1988 1784 concessum
2008 1766 2024 1795 ,
2068 1729 2118 1782 in

531 1821 667 1876 libro
696 1817 1042 1877 Numerorum
1076 1832 1256 1892 postea
1287 1821 1711 1876 demonstratum
1751 1832 1864 1885 est;
1900 1821 1986 1874 ubi
2017 1821 2120 1873 Do-

531 1915 706 1967 minus
734 1915 905 1985 arguit
931 1914 1318 1967 contumaciam
1341 1913 1545 1967 sororis
1567 1913 1752 1983 ipsius,
1775 1921 1827 1967 et
1850 1912 1981 1966 dicit
2005 1912 2122 1964 aliis

530 1987 813 2072 i’rOphetis
845 2007 894 2060 in
927 2007 1130 2061 visione
1159 2023 1215 2059 se
1252 2020 1513 2076 apparere
1551 2014 1603 2059 et
1641 2005 1690 2059 in
1720 2018 1929 2069 sonmo,
1957 2004 2122 2074 Moysi

530 2108 704 2152 autem
737 2115 832 2169 per
861 2101 1114 2168 speciem,
1143 2115 1244 2152 non
1277 2115 1370 2166 per
1391 2099 1668 2168 aenigmata
1696 2116 1707 2151 :
1736 2099 1824 2152 ubi
1847 2100 2008 2152 etiam
2029 2097 2125 2150 ad-

531 2190 658 2245 didit
682 2193 864 2245 (llCCllS
892 2210 905 2246 :
936 2192 1000 2244 Et
1026 2192 1241 2263 gloriam
1273 2191 1478 2244 Domini
1502 2190 1624 2244 vidit
1646 2181 1835 2260 (Num.
1865 2206 1958 2256 xu,
1979 2188 2118 2260 6-8).

531 2282 667 2348 Quid
695 2297 822 2350 ergo
854 2291 934 2335 est
959 2283 1099 2351 quod
1125 2298 1244 2338 eum
1273 2282 1350 2335 sic
1377 2281 1498 2336 fecit
1522 2291 1823 2350 exceptum,
1861 2280 1959 2334 nisi
1987 2281 2122 2334 forte

531 2377 653 2446 quia
697 2376 782 2429 illa
827 2376 1274 2443 contemplatione
1311 2375 1527 2446 dignum
1571 2377 1732 2430 etiam
1775 2384 1900 2428 tunc
1940 2375 2124 2428 habuit

532 2467 711 2538 populi
739 2468 819 2520 sui
850 2468 1005 2522 talem
1038 2479 1322 2534 rectorem,
1348 2479 1400 2522 et
1429 2468 1723 2522 ministrum
1751 2467 1804 2521 in
1829 2476 1935 2521 tota
1961 2468 2121 2522 dtnno

531 2573 624 2615 Sua
660 2559 892 2626 ﬁdelem,
926 2568 983 2614 ut
1011 2560 1456 2631 quemadmodum
1481 2562 1879 2630 concupiverat,
1918 2559 2122 2616 videret

532 2652 696 2706 Deum
722 2653 871 2706 sicuti
890 2663 1004 2720 est;
1025 2669 1143 2724 qua:
1158 2654 1538 2723 contemplatio
1564 2654 1769 2708 cunctis
1796 2654 1915 2708 ﬁliis
1940 2654 1992 2708 in
2017 2653 2121 2708 ﬁne

530 2745 892 2818 promittitur?

600 2834 826 2890 CAPUT
862 2835 1314 2892 XlV.—55.lsta
1346 2837 1505 2892 credo
1541 2837 1886 2893 considerans
1919 2837 2000 2891 vir
2033 2837 2122 2892 ille

530 2935 746 2981 sanctus
773 2926 923 2997 cujus
952 2929 1111 2982 verba
1142 2939 1429 2984 traCtamus
1449 2970 1463 2994 ,
1497 2945 1586 2983 nec
1613 2929 1869 2998 Apostoli,
1919 2929 2115 2999 inquit,

530 3036 700 3072 omnes
725 3018 980 3074 Christum
1011 3020 1243 3075 videbant
1266 3063 1281 3087 ,
1312 3023 1562 3091 quoniam
1590 3023 1722 3076 forte
1748 3021 1910 3092 aliqui
1936 3038 2119 3077 eorum

530 3113 689 3167 etiam
741 3113 856 3182 ipso
903 3123 1144 3183 tempore
1198 3114 1474 3181 viderant,
1526 3115 1816 3170 secundum
1863 3115 1962 3170 ista
2004 3131 2122 3185 qua:

529 3203 656 3259 dixi.
684 3205 758 3260 Ut
779 3215 956 3261 autem
983 3205 1232 3276 probaret
1259 3206 1399 3277 quod
1427 3205 1580 3274 dixit,
1626 3206 1749 3277 quia
1791 3221 1894 3262 non
1937 3221 2124 3261 omnes

536 3295 822 3363 videbant,
867 3297 1119 3352 continuo
1155 3297 1382 3367 subjecit
1421 3314 1434 3350 :
1473 3295 1541 3350 Et
1575 3297 1686 3351 ideo
1737 3298 1839 3364 ait,
1888 3315 1910 3349 ‹
1957 3295 2122 3352 Tanto

541 3397 761 3457 tempore
790 3388 1039 3442 vobiscum
1083 3405 1194 3442 sum
1225 3399 1269 3442 et
1303 3388 1472 3442 adhuc
1499 3405 1578 3442 me
1603 3406 1703 3442 non
1741 3389 2044 3459 cognovistis
2097 3407 2116 3442 ι

539 3479 741 3534 Deinde
771 3481 1094 3550 subjungcns
1123 3498 1151 3534 a
1182 3482 1425 3551 qualibus
1447 3483 1583 3536 Deus
1601 3482 1843 3536 videatur
1874 3484 1962 3538 illa
1990 3498 2120 3537 con-

530 3572 877 3638 templationc
907 3572 1060 3626 siculi
1089 3582 1171 3627 est
1195 3591 1207 3626 :
1239 3572 1337 3638 Qui
1368 3574 1500 3626 enim
1520 3574 1766 3644 cognovit,
1794 3574 1984 3643 inquit,
2011 3590 2124 3644 qua:

528 3664 591 3718 sit
619 3664 858 3730 latitudo,
889 3674 933 3717 et
963 3665 1246 3735 longitudo,
1279 3675 1326 3718 et
1351 3665 1586 3731 altitudo,
1630 3675 1676 3718 et
1713 3665 2045 3737 profundunt,
2073 3676 2117 3718 et

529 3756 979 3824 superemineatth
1028 3756 1250 3810 scientia:
1298 3756 1592 3811 charitatem
1644 3755 1864 3824 Christi,
1917 3756 2038 3809 vidit
2076 3765 2124 3809 et

533 3845 821 3913 Christum,
863 3848 983 3902 vidit
1011 3859 1055 3901 et
1092 3846 1314 3902 Putrem.

575 3941 685 4000 54.
721 3940 831 4009 Ego
879 3942 990 3994 haec
1035 3941 1193 3996 verba
1241 3941 1465 4010 apostoli
1509 3941 1653 3994 Pauli
1702 3939 1778 3994 sic
1822 3940 2124 4010 intelligere

528 4033 676 4093 soleo
708 4051 719 4086 :
753 4034 804 4088 in
835 4035 1130 4099 latitudine,
1158 4033 1296 4088 bona
1325 4049 1483 4103 opera
1525 4033 1830 4097 eharitatis;
1870 4035 1918 4086 in
1951 4034 2120 4102 longi-

530 4128 725 4192 tudine,
754 4129 1198 4196 perseverantiam
1231 4142 1397 4196 usque
1437 4127 1487 4180 in
1535 4125 1724 4190 ﬁnem;
1757 4125 1808 4178 in
1825 4125 2121 4191 altitudine,

528 4234 675 4288 Spem
689 4222 979 4275 coalestium
1002 4221 1369 4289 pragmiorum;
1397 4221 1446 4273 in
1467 4220 1745 4289 profundo,
1764 4218 2123 4274 inscrutabilia

527 4310 718 4380 judicia
742 4312 850 4372 Dei.
877 4312 1014 4366 unde
1040 4312 1137 4366 ista
1165 4312 1332 4382 gratia
1361 4313 1411 4365 in
1445 4313 1688 4366 homines
1711 4313 1853 4365 venit
1875 4330 1888 4365 :
1911 4322 1963 4366 et
1986 4309 2125 4365 hunc

529 4403 851 4457 intellectum
871 4415 1116 4473 coaptare
1135 4407 1292 4458 etiam
1321 4415 1653 4460 sacramento
1677 4405 1869 4471 crucis;
1892 4416 1945 4458 ut
1972 4405 2022 4458 in
2043 4404 2122 4457 la-

533 4493 750 4546 titudine
782 4494 1060 4563 accipiatur
1086 4505 1443 4549 transversum
1471 4497 1668 4564 lignum
1696 4513 1800 4565 quo
1828 4497 2123 4552 extendun-

531 4594 615 4638 tur
642 4602 850 4653 rnunus,
884 4597 1096 4655 propter
1121 4604 1341 4655 operum
1383 4587 1855 4658 signiﬁcationem;
1881 4590 1932 4642 in
1957 4589 2122 4660 longi-

534 4675 739 4742 tudine,
791 4677 857 4730 al)
912 4679 1026 4746 ipso
1053 4694 1219 4747 Usque
1259 4679 1309 4732 in
1356 4689 1569 4743 terram,
1609 4679 1692 4733 tibi
1727 4689 1895 4733 totum
1932 4696 2123 4749 corpus

534 4767 876 4845 cruciﬁxum‘
919 4777 1060 4822 stare
1087 4769 1309 4834 videtur,
1353 4769 1490 4839 quod
1530 4770 1789 4838 signiﬁcat
1817 4772 2120 4840 persistere,

533 4855 632 4913 hoc
657 4870 737 4914 est
757 4860 1122 4930 longanimiter
1145 4877 1484 4930 permanere;
1515 4863 1569 4917 in
1597 4863 1892 4927 altitudine,
1918 4865 1985 4918 ab
2009 4865 2124 4934 ipso

532 4951 834 5004 transverso
870 4953 1006 5022 ligno
1033 4967 1240 5006 sursum
1265 4969 1447 5007 versus
1477 4955 1615 5024 quod
1637 4955 1702 5009 ad
1721 4967 1878 5025 caput
1904 4957 2119 5023 eminet,

530 5059 746 5114 propter
770 5046 1216 5115 exspectationem
1239 5061 1614 5117 supernorum,
1637 5064 1702 5102 ne
1728 5049 1811 5101 illa
1840 5048 1977 5104 bona
1995 5064 2124 5117 ope-

532 5153 589 5192 ra
617 5148 774 5208 atque
794 5139 842 5191 in
860 5139 935 5192 eis
956 5139 1368 5207 perseverantia,
1391 5150 1608 5210 propter
1627 5140 1880 5195 beneﬁcia
1900 5141 1990 5193 Dei
2019 5150 2126 5195 ter-

529 5244 658 5283 rena
687 5238 843 5298 atque
875 5231 1204 5298 temporalia,
1257 5230 1495 5286 facienda
1542 5233 1847 5298 credantur,
1891 5231 1987 5287 sed
2027 5248 2122 5303 po.

527 5317 632 5373 tius
674 5330 886 5390 propter
932 5320 1056 5375 illud
1093 5321 1233 5392 quod
1263 5322 1489 5392 desuper
1515 5323 1894 5392 sempiternum
1943 5332 2122 5394 sperat

530 5407 682 5480 ﬁdes,
710 5407 826 5484 quae
857 5429 950 5483 per
972 5413 1312 5469 dilectionem
1335 5424 1614 5484 operatur;
1649 5418 1698 5469 in
1722 5414 1985 5485 profundo
2019 5431 2119 5470 au-

529 5511 655 5571 tem,
686 5520 807 5575 pars
836 5505 920 5559 illa
956 5505 1083 5576 ligni
1122 5521 1238 5576 qua:
1272 5507 1321 5560 iu
1356 5518 1510 5561 terrae
1552 5507 1732 5560 abdito
1766 5507 1936 5562 deﬁxa
1969 5507 2118 5576 latet,

530 5591 626 5648 sed
659 5590 782 5650 inde
825 5595 1094 5666 consurgit
1126 5613 1282 5650 omne
1312 5597 1435 5650 illud
1463 5597 1602 5667 quod
1633 5599 1852 5666 eminet,
1892 5599 2030 5653 sicut
2053 5614 2122 5654 ex

527 5685 732 5741 occulta
759 5686 854 5742 Dei
880 5688 1150 5743 voluntate
1170 5698 1383 5743 vocatur
1400 5688 1558 5743 homo
1577 5689 1642 5743 ad
1665 5689 2118 5761 participationem

592 5802 762 5876 tonus
778 5803 980 5876 ‘e‘vatic.
1006 5811 1128 5853 δίειμι
1144 5802 1210 5854 ab
1229 5801 1334 5876 ipso
1346 5809 1628 5876 transverso
1640 5803 1774 5876 tigno
1788 5818 1936 5869 usque
1951 5818 2004 5857 tn
2023 5812 2122 5858 ta-

525 5872 647 5924 rum,
678 5861 756 5913 ubi
772 5869 919 5913 totum
936 5877 1107 5927 corpus
1127 5861 1356 5929 cruciﬁxi
1377 5870 1509 5916 stare
1521 5861 1726 5917 videtui'.

1776 409 1835 466 S.
1870 402 2237 468 Αυρυιετικι
2277 405 2579 467 ΕΡΙΒὶὊΡΙ

2223 526 2386 582 tantae
2420 521 2636 598 gratia,
2684 521 2818 582 suos
2854 527 2966 594 sic;
3009 527 3145 581 alius
3169 519 3345 581 autem
3367 525 3486 581 sic:
3521 527 3823 596 superemi-

3709 405 3819 469 812

2229 632 2446 678 rientem
2472 633 2601 676 vero
2625 621 2861 675 scientia:
2889 617 3202 675 cliaritatem
3245 617 3463 686 Christi,
3496 635 3614 677 eam
3649 621 3822 691 profe-

2227 726 2315 771 cto
2329 714 2416 770 ubi
2433 715 2518 770 illa
2534 723 2617 770 eSt
2631 727 2730 785 pax
2747 727 2867 785 quae
2883 713 3137 783 praecellit
3151 721 3366 768 omnem
3382 713 3704 770 intellectum
3719 716 3820 788 (a).

2227 807 2333 864 Sed
2377 808 2490 864 sive
2520 809 2625 862 hoc
2654 808 2704 861 in
2737 808 2840 862 illis
2869 805 3172 876 apostolicis
3197 807 3374 862 verbis
3400 808 3559 862 etiam
3589 803 3674 863 ille
3701 825 3826 865 seu-

2229 899 2360 954 serit
2384 901 2718 970 evangelleus
2739 899 3053 969 disputator;
3086 901 3198 955 sive
3217 899 3360 955 aliud
3379 900 3577 972 aliquid
3599 902 3824 960 fortasse

2228 993 2642 1062 congruentius;
2677 992 2824 1047 vides
2844 1001 3021 1048 tamen
3049 993 3211 1049 etiam
3241 993 3361 1062 hoc,
3391 995 3444 1050 ni
3473 993 3646 1062 fallor,
3669 1011 3701 1052 a
3732 1013 3822 1054 re-

2227 1084 2351 1156 gula
2381 1085 2498 1142 ﬁdei
2524 1101 2627 1140 non
2654 1081 2961 1141 abhorrere.

2300 1179 2389 1234 35.
2423 1178 2572 1233 Unde
2616 1190 2793 1234 autem
2839 1194 2977 1232 nunc
3020 1179 3225 1250 agimus
3267 1189 3484 1251 propter
3525 1185 3822 1241 contuitum

2228 1269 2576 1341 spiritualcm,
2606 1286 2724 1326 cum
2752 1272 2992 1337 dixisset,
3022 1272 3122 1337 Qui
3149 1273 3380 1344 cognorit
3405 1289 3519 1345 quae
3542 1275 3605 1329 sit
3643 1275 3820 1330 latitu-

2227 1363 2315 1430 do,
2347 1374 2393 1417 et
2415 1364 2695 1434 longitudo,
2721 1372 2767 1417 et
2783 1363 3016 1428 altitudo,
3043 1372 3086 1416 et
3109 1364 3443 1434 profundum,
3474 1374 3520 1418 et
3542 1367 3819 1437 superemi-

2235 1467 2435 1509 nentem
2472 1456 2696 1511 scientiae
2731 1456 3024 1510 charitatem
3073 1456 3278 1522 Christi,
3310 1459 3432 1511 vidit
3471 1468 3516 1512 et
3543 1458 3817 1528 Christum,

2225 1553 2349 1605 vidit
2372 1561 2415 1605 ct
2436 1551 2676 1618 Patrem;
2703 1568 2769 1606 ne
2785 1551 2942 1606 alicui
2963 1551 3263 1606 tardissimo
3285 1553 3352 1608 de
3376 1553 3636 1625 corpOrali
3661 1556 3823 1611 visio-

2227 1657 2295 1698 ne
2325 1644 2505 1698 dicere
2547 1644 2839 1712 videretur,
2872 1643 2981 1698 Nos
3000 1644 3152 1709 enim,
3182 1644 3374 1715 inquit,
3403 1645 3517 1716 jam
3551 1647 3824 1701 secundum

2229 1753 2432 1790 carnem
2462 1753 2561 1792 non
2588 1738 2816 1792 novimus
2844 1737 3118 1804 Christum,
3145 1741 3233 1793 se'd
3261 1739 3535 1793 secundum
3561 1741 3819 1811 spiritum.

2229 1827 2456 1898 Spiritus
2485 1831 2614 1882 enim
2645 1840 2760 1883 ante
2785 1831 2967 1898 faciem
3006 1841 3230 1884 nostram
3270 1828 3504 1886 Christus
3551 1829 3821 1887 Dominus.

2227 1921 2378 1988 Quod
2407 1922 2479 1975 ait
2507 1920 2611 1976 hoc
2652 1923 2788 1988 loco,
2832 1922 3082 1988 novimus,
3131 1922 3422 1977 Secundum
3465 1920 3620 1977 ﬁdem
3666 1923 3821 1991 dixit,

2228 2031 2345 2084 quae
2377 2031 2515 2068 nunc
2536 2024 2646 2079 est;
2676 2031 2780 2068 non
2813 2015 3103 2070 secundum
3130 2015 3660 2085 contemplationem,
3701 2031 3822 2086 qua:

2229 2116 2354 2160 tunc
2382 2107 2484 2160 erit
2513 2123 2526 2160 :
2555 2108 2676 2176 quia
2703 2115 2756 2162 et
2799 2107 2928 2162 illud
2973 2109 3216 2163 novimus
3258 2107 3512 2178 quidquid
3562 2108 3666 2164 ﬁde
3711 2123 3821 2164 non

2227 2198 2368 2261 ﬁcta,
2418 2195 2627 2252 etiamsi
2675 2198 2909 2252 nondum
2937 2209 3032 2268 per
3071 2199 3302 2268 speciem
3347 2199 3669 2266 continendo,
3710 2199 3821 2268 jam

2228 2296 2406 2342 tamen
2449 2289 2766 2344 inconcusse
2793 2290 3063 2345 credendo
3092 2291 3404 2345 retinemus.
3435 2289 3674 2361 Denique
3698 2299 3820 2346 cum

2226 2381 2467 2447 dixisset,
2495 2381 2603 2452 jam
2634 2397 2740 2436 non
2769 2395 2829 2437 se
2855 2383 3142 2436 secundum
3163 2391 3380 2438 carnem
3400 2382 3663 2438 Christum
3692 2395 3820 2440 nos-

2227 2491 2306 2542 se,
2337 2476 2472 2530 sicut
2499 2476 2784 2546 Apostolus
2813 2477 2920 2543 ait;
2951 2485 3006 2530 et
3038 2477 3329 2531 addidisset
3366 2477 3724 2532 testimonium
3751 2477 3821 2534 de

2227 2567 2505 2636 propheta,
2540 2565 2765 2637 Spiritus
2802 2569 2933 2620 enim
2963 2576 3079 2622 ante
3120 2569 3300 2638 faciem
3330 2565 3554 2622 nostram
3589 2566 3820 2624 Christus

2226 2657 2498 2725 Dominus,
2528 2660 2780 2714 continuo
2802 2660 3027 2729 subjecit
3051 2677 3064 2712 :
3093 2659 3192 2724 Qui
3231 2675 3321 2715 nos
3347 2660 3401 2714 in
3425 2669 3627 2714 onmem
3659 2661 3822 2730 pleni-

2227 2751 2448 2810 tudinem
2482 2750 2576 2804 Dei
2603 2753 2948 2806 misericordia
2992 2767 3086 2806 sua
3129 2753 3339 2822 implere
3370 2753 3624 2825 dignetur,
3653 2761 3709 2807 ut
3745 2751 3821 2808 oi-

2227 2843 2337 2896 deri
2355 2845 2512 2913 possit
2539 2861 2571 2896 a
2598 2843 2758 2897 nobis.
2790 2842 2949 2899 Certe
2980 2843 3316 2898 manifestum
3360 2851 3447 2901 est
3487 2844 3627 2916 quod
3674 2844 3817 2898 illam

2227 2938 2490 3002 notitiam,
2520 2937 2606 2992 ubi
2641 2937 2868 3001 dixerat,
2895 2939 3141 2999 novimus,
3174 2951 3238 2992 ex
3266 2938 3368 2993 ﬁde
3395 2938 3587 3008 posuit,
3622 2953 3685 2993 ex
3714 2952 3819 3008 qua

2228 3030 2390 3084 modo
2427 3031 2601 3099 justus
2630 3031 2760 3083 vivit
2788 3028 2983 3102 (Hebr.
3007 3043 3062 3093 ι,
3096 3029 3234 3100 58);
3269 3039 3374 3083 non
3401 3044 3464 3084 ex
3489 3029 3816 3098 contempla-

2229 3123 2392 3188 tione,
2425 3137 2527 3192 qua
2561 3121 2726 3177 Deum
2753 3122 3048 3176 videbimus
3070 3122 3222 3176 sicuti
3255 3132 3356 3177 est.
3391 3123 3537 3176 Hane
3557 3110 3698 3176 enim
3717 3121 3817 3176 sibi

2227 3225 2283 3270 ct
2305 3215 2458 3269 nobis
2483 3224 2870 3285 consequenter
2887 3215 3106 3284 optavit,
3125 3215 3458 3284 futuramque
3477 3213 3816 3284 signiﬁcavit,

2229 3307 2496 3364 dicendo:
2527 3308 2626 3374 Qui
2664 3325 2756 3362 nos
2795 3308 2848 3361 in
2889 3323 3087 3362 omnem
3112 3305 3475 3378 plenitudinem
3512 3306 3608 3360 Dei
3626 3305 3820 3360 miseri-

2228 3399 2402 3453 cordia
2425 3415 2519 3453 sua
2542 3400 2747 3469 implere
2772 3398 3027 3468 dignetur,
3055 3408 3108 3452 ut
3132 3399 3292 3452 videri
3322 3399 3480 3469 possit
3505 3411 3538 3449 η
3562 3398 3723 3451 nobis.

2298 3493 2652 3548 CAPUTXV.
2682 3524 2749 3534 —-
2776 3494 2863 3548 56.
2898 3494 3043 3548 Hanc
3061 3492 3440 3562 plenitudinem
3485 3493 3574 3547 Del
3605 3491 3817 3562 quidam

2231 3586 2281 3640 in
2321 3600 2569 3641 sermone
2621 3589 2860 3658 Apostoli
2901 3589 2979 3643 sic
3021 3587 3431 3652 intellexerunt,
3475 3594 3535 3640 ut
3570 3593 3820 3656 putarent

2231 3693 2328 3734 nos
2371 3678 2472 3734 hoc
2510 3678 2717 3733 futuros
2755 3681 2972 3733 omnino
3017 3679 3158 3748 quod
3199 3679 3339 3733 Deus
3365 3687 3465 3733 est.
3510 3678 3631 3732 Hac
3673 3677 3819 3732 enim

2229 3771 2422 3834 verba,
2467 3771 2602 3826 sicut
2643 3774 3019 3841 recognoscis,
3071 3767 3352 3839 Apostolus
3395 3769 3568 3840 posuit
3616 3770 3686 3823 ita
3735 3769 3818 3822 lo-

2229 3877 2397 3931 quens
2423 3880 2435 3915 :
2466 3861 2771 3932 Cognoscere
2796 3864 2944 3915 etiam
2971 3863 3422 3932 sttpereminentem
3448 3860 3670 3915 scientiae
3693 3860 3819 3913 cha-

2229 3957 2423 4009 ritatem
2461 3956 2664 4022 Christi,
2702 3965 2754 4008 ut
2792 3955 3103 4026 impleamini
3138 3956 3190 4008 in
3227 3969 3424 4008 onmem
3457 3952 3820 4022 plenitudinem

2236 4047 2330 4101 1)ρὶ
2363 4049 2575 4120 (Ephcs.
2603 4064 2678 4112 tu,
2712 4048 2822 4119 19).
2848 4049 3211 4117 Quapmpter,
3240 4048 3522 4118 inquiunt,
3551 4047 3597 4100 si
3623 4045 3818 4114 aliquid

2233 4141 2404 4194 minus
2441 4155 2598 4212 quam
2639 4142 2776 4195 Deus
2807 4140 3136 4204 habebimus,
3161 4149 3213 4193 et
3263 4139 3314 4193 in
3359 4140 3534 4208 aliquo
3585 4139 3821 4193 minores

2232 4234 2450 4297 erimus,
2483 4233 2749 4302 quoniodo
2772 4231 3107 4301 implebimur
3126 4232 3174 4283 iu
3198 4245 3411 4285 omnem
3436 4229 3818 4299 plenitudinem

2230 4325 2361 4379 Dei?
2424 4326 2518 4380 sed
2570 4326 2819 4395 quoniam
2869 4321 3246 4392 implebimur,
3314 4319 3549 4390 profecto
3617 4321 3820 4373 erimus

2231 4418 2480 4488 :equalcs.
2533 4417 2811 4472 Aversaris
2854 4417 3011 4470 istum
3066 4417 3249 4484 utique
3298 4423 3354 4468 et
3394 4412 3675 4468 detestaris
3719 4411 3823 4466 hu-
3899 4414 3918 4416 “

2230 4525 2399 4562 mame
2445 4510 2634 4563 mentis
2675 4523 2933 4575 errorem,
2975 4507 3105 4570 scio,
3137 4515 3191 4562 et
3227 4515 3369 4561 recte
3403 4504 3823 4574 facis.Sedquo-

2231 4601 2390 4654 modo
2430 4600 2765 4670 intelligenda
2811 4600 2878 4654 sit
2911 4601 3006 4653 ista
3046 4597 3336 4668 plenitudo,
3372 4612 3472 4666 qua
3511 4595 3710 4650 dictum
3737 4603 3822 4650 est

2232 4692 2530 4764 implendos
2547 4707 2643 4747 nos
2659 4707 2778 4748 esse
2809 4691 2859 4746 in
2885 4705 3096 4745 omnem
3118 4687 3496 4759 plenitudinem
3524 4688 3638 4753 Dei,
3670 4694 3820 4756 post-

2231 4801 2313 4840 ea.
2336 4786 2379 4839 si
2399 4785 2539 4840 Deus
2569 4784 2814 4850 voluerit,
2837 4798 2934 4851 pro
2951 4783 3150 4836 viribus
3175 4796 3307 4851 quas
3330 4781 3556 4848 dederit,
3588 4779 3820 4834 dissere-

2229 4893 2389 5002 m‘ll’f'i.
2417 4947 2568 5001 Nunc
2601 4957 2776 5001 autem
2807 4944 2947 5014 quod
2979 4943 3106 4998 mihi
3149 4956 3522 5014 proposueras,
3552 4950 3606 4995 et
3628 4939 3693 4994 ad
3722 4955 3818 4994 ex-

2234 5040 2532 5110 plieaudmn
2567 5039 2784 5093 difﬁcile
2811 5038 3107 5104 videbatur,
3153 5047 3330 5092 utrum
3363 5036 3681 5106 explicatum
3726 5035 3816 5100 sit,

2230 5134 2510 5204 diligenter
2534 5132 2751 5188 attende
2777 5131 3059 5187 recoleudo
3083 5147 3199 5201 qua:
3225 5130 3362 5184 dicta
3392 5138 3532 5183 sunt.
3581 5125 3636 5183 Si
3675 5126 3816 5183 enim

2231 5227 2424 5296 quaeris
2453 5235 2627 5281 utrum
2655 5226 2819 5295 possit
2851 5225 2989 5280 Deus
3025 5223 3221 5288 videri;
3254 5221 3550 5292 respondeo
3575 5235 3588 5274 :
3619 5227 3814 5288 potest.

2228 5317 2282 5373 Si
2310 5318 2502 5388 quaeris
2527 5317 2668 5372 unde
2697 5318 2892 5380 sciam;
2918 5315 3212 5385 respondeo
3232 5330 3244 5369 :
3263 5313 3385 5384 quia
3408 5313 3459 5367 in
3479 5308 3817 5366 voracissima

2227 5411 2500 5481 Scriptura
2553 5411 2770 5480 legitur,
2808 5409 2950 5462 Beati
2989 5409 3178 5462 mundo
3219 5407 3400 5471 corde;
3439 5404 3675 5476 quoniam
3719 5401 3821 5471 ipsi

2228 5501 2391 5557 Deum
2439 5503 2709 5569 videbunt;
2753 5510 2810 5558 et
2837 5509 3029 5556 cmtera
3061 5501 3203 5555 talia.
3237 5501 3290 5556 Si
3322 5499 3516 5570 quaeris
3549 5493 3820 5566 quomodo

2228 5594 2400 5650 dictus
2424 5594 2493 5649 sit
2517 5591 2814 5659 invisibilis,
2843 5593 2890 5648 si
2911 5594 3072 5648 videri
3105 5601 3307 5662 potest;
3336 5588 3634 5660 respondeo
3677 5585 3816 5641 invi.

2225 5687 2434 5743 sibilem
2450 5701 2570 5742 esse
2590 5695 2795 5753 natura,
2818 5686 2983 5741 videri
3008 5694 3185 5740 autem
3201 5700 3321 5739 cum
3344 5684 3473 5750 vult,
3501 5682 3640 5740 sicut
3664 5681 3779 5739 vult
3799 5697 3817 5737 :

2291 5862 2368 5927 (tt)
2390 5861 2494 5914 vid.
2514 5861 2659 5929 epist.
2681 5862 2788 5925 140,
2805 5875 2850 5914 c.
2870 5861 2950 5924 36,
2970 5876 3021 5914 n.
3041 5861 3208 5912 62-64.
