4112 6346
505 325 612 384 613

507 439 619 494 sive
649 447 708 494 ut
733 438 845 509 ipsa
874 447 1049 510 potius
1073 439 1246 505 nosti,
1289 439 1488 512 aliquid
1513 442 1758 514 ambigis.
1789 444 1951 502 Vides
1989 447 2092 502 ita-

505 545 609 601 que
637 528 796 585 ﬁdem
825 540 988 595 tuam,
1018 530 1166 587 vides
1191 531 1572 588 dubitationem
1602 544 1766 601 tuam,
1793 534 1944 591 vides
1973 545 2090 592 stu-

507 621 650 677 dium
687 631 833 676 tuum
855 622 1286 695 voluntatemque
1321 624 1600 692 discendi;
1643 634 1836 682 etcum
1858 628 2092 683 auctori-

506 701 611 770 tate
654 713 832 770 divioa
876 718 1140 773 movearis
1184 717 1253 772 ad
1295 718 1561 775 credenda
1608 736 1726 790 qua:
1771 736 1877 776 non
1907 721 2095 788 vides.

504 809 621 866 ha‘c
650 819 702 866 te
737 821 910 866 tamen
939 811 1158 867 credere
1187 812 1554 868 incunctanter
1583 811 1732 868 vides
1760 831 1774 867 :
1819 812 2093 870 distribuis

501 913 556 959 et
584 903 846 960 discernis
869 906 983 961 haec
1005 907 1207 961 omnia.

573 997 798 1054 CAPUT
831 997 1158 1054 Μαι-41.
1189 998 1324 1054 Num
1352 1015 1480 1071 ergo
1508 999 1571 1055 iis
1599 1001 1769 1057 oculis
1794 1001 1969 1056 cordis
1995 1002 2089 1068 tui,

502 1089 694 1159 quibus
723 1089 835 1144 lucc
860 1091 1041 1146 omnia
1080 1107 1206 1146 vera
1232 1099 1288 1147 et
1314 1099 1461 1146 certa
1486 1106 1602 1146 esse
1629 1093 1899 1148 contueris
1919 1133 1932 1155 ,
1972 1091 2092 1147 tibi-

504 1199 608 1254 que
637 1185 916 1254 praesentia
945 1184 1278 1239 invisibiliter
1302 1186 1480 1240 cernis
1497 1195 1654 1257 atque
1674 1187 1954 1250 discernis,
1983 1187 2093 1242 ullo

503 1274 663 1330 modo
708 1290 998 1346 corporeos
1037 1277 1222 1332 oculos
1249 1278 1630 1347 comparabis?
1679 1293 1800 1333 cum
1831 1279 1993 1334 etiam
2023 1279 2091 1333 de

500 1368 630 1437 ipsis
657 1369 816 1424 rebus
840 1369 1135 1423 visibilibus
1163 1385 1280 1440 qua:
1301 1370 1653 1438 corporalium
1678 1370 1950 1425 oculorum
1977 1370 2092 1424 acie

498 1459 892 1531 quodammodo
920 1460 1222 1526 radiantur,
1265 1469 1321 1517 et
1364 1461 1429 1517 de
1457 1462 1585 1533 ipsis
1613 1463 1889 1532 corporeis
1917 1463 2090 1518 oculis

496 1567 788 1625 eorumque
813 1554 928 1611 acie
945 1597 960 1622 ,
987 1555 1387 1626 qualiscumque
1429 1565 1484 1610 et
1526 1565 1954 1628 quantacumque
1981 1558 2086 1625 sit,

495 1656 751 1716 quantum
778 1645 937 1702 distet
961 1647 1028 1702 ab
1054 1647 1405 1702 invisibilibus
1428 1690 1443 1713 ,
1475 1663 1578 1702 non
1599 1648 2085 1717 excellentioribus,

494 1740 688 1809 quibus
705 1741 864 1796 etiam
892 1742 908 1773 ¹
940 1757 1042 1796 non
1070 1741 1197 1797 visis
1221 1741 1378 1796 ﬁdem
1406 1741 1573 1798 debes
1592 1785 1605 1806 ,
1636 1743 1733 1797 sed
1764 1743 1837 1798 ab
1877 1743 1941 1797 iis
1969 1758 2088 1813 qua:

496 1834 946 1901 commemoravi,
988 1849 1108 1905 quae
1136 1851 1239 1888 non
1271 1834 1446 1890 credis
1486 1835 1730 1891 absentia
1755 1878 1772 1903 ,
1813 1836 1907 1890 sed
1954 1851 2090 1906 pra:-

495 1925 669 1980 sentia
698 1935 875 1980 mente
897 1924 1188 1989 conlueris,
1219 1941 1323 1981 non
1345 1925 1532 1982 iisdem
1556 1927 1685 1996 ipsis
1704 1929 1878 1981 carnis
1896 1927 2085 1995 oculis,

493 2017 588 2074 sed
632 2018 740 2074 illis
785 2019 1126 2076 interioribus
1163 2019 1393 2087 judices.
1447 2020 1580 2074 Cum
1623 2035 1750 2091 ergo
1799 2019 2083 2076 interiores

493 2110 636 2167 oculi
670 2109 879 2180 judices
916 2110 1023 2168 siut
1049 2111 1329 2166 oculorum
1359 2111 1686 2166 exteriorum
1711 2151 1728 2179 ,
1780 2111 1866 2165 isti
1909 2120 2087 2167 autem

493 2200 600 2256 illis
628 2201 856 2270 quodam
885 2202 1062 2256 ollicio
1086 2202 1363 2256 nuntiandi
1391 2211 1445 2258 et
1477 2202 1774 2258 ministerio
1821 2201 2083 2258 famulen-

495 2305 602 2361 tur,
627 2295 895 2365 multaque
916 2295 988 2349 illi
1008 2295 1221 2350 videant
1235 2311 1352 2366 qum
1371 2296 1454 2350 isti
1473 2311 1580 2352 non
1598 2296 1809 2363 vident,
1835 2296 1966 2350 ttihil
1999 2296 2086 2352 isti

493 2385 749 2452 videant,
789 2384 932 2440 unde
977 2401 1082 2440 non
1115 2386 1191 2441 illi
1236 2397 1482 2457 tanquam
1529 2387 2082 2459 prazsidesjudicent;

494 2479 614 2548 quis
657 2494 762 2534 non
801 2479 923 2534 illos
961 2479 1077 2535 istis
1113 2479 1514 2552 incomparabili
1557 2481 1914 2539 aestimatione
1945 2498 2083 2552 pra:-

495 2571 690 2642 ponat?

503 2696 505 2698 -
564 2661 653 2716 42.
688 2660 817 2728 Quae
843 2677 965 2718 cum
993 2663 1064 2718 ita
1103 2665 1242 2730 sint,
1271 2665 1496 2721 obsecro
1526 2675 1612 2731 te,
1655 2681 1777 2722 cum
1819 2667 1992 2738 agitur
2030 2667 2084 2722 in

494 2755 660 2826 teipsa
687 2756 791 2813 hoc
814 2765 921 2812 tam
947 2757 1148 2828 grande
1170 2760 1473 2830 negotium;
1501 2775 1622 2816 cum
1647 2762 1714 2815 ab
1729 2760 2086 2816 exterioribus

493 2847 748 2909 interiora
775 2849 1086 2922 distinguis,
1115 2860 1274 2922 atque
1304 2851 1392 2907 illa
1419 2853 1534 2908 istis
1563 2852 1905 2908 ineﬁ'abiliter
1933 2860 2086 2909 ante-

492 2942 685 3013 ponis;
716 2958 946 3014 cumque
975 2944 1093 3000 istis
1118 2943 1250 2999 foris
1273 2945 1503 3013 relictis,
1537 2945 1590 3000 in
1617 2946 1723 3000 illis
1763 2946 2085 3002 intrinsecus

496 3034 821 3103 demoraris,
850 3043 906 3092 et
929 3051 990 3092 ea
1019 3037 1132 3093 suis
1159 3037 1473 3109 quibusdam
1507 3038 1932 3108 incorporalibns
1962 3037 2084 3093 lini-

493 3125 594 3182 bus
614 3127 881 3183 metiendo
906 3127 1112 3198 iudicas
1130 3171 1145 3195 ,
1179 3130 1230 3183 in
1258 3130 1399 3184 nulla
1427 3139 1479 3186 te
1508 3139 1661 3201 putas
1681 3173 1696 3196 ,
1725 3147 1792 3186 an
1825 3130 1880 3185 in
1906 3131 2082 3202 aliqua

495 3216 616 3276 luce
645 3221 881 3275 versari?
925 3220 1037 3292 Ego
1076 3222 1216 3278 enim
1247 3221 1496 3278 existimo
1520 3223 1662 3294 quod
1703 3233 1847 3279 tanta
1889 3224 1985 3280 tibi
2027 3232 2085 3280 et

497 3315 650 3383 talia,
697 3324 805 3371 tam
851 3331 1017 3383 vera,
1057 3327 1164 3372 tam
1201 3318 1380 3384 clara,
1418 3326 1528 3374 tam
1564 3327 1710 3375 certa
1753 3320 1925 3375 videri
1969 3321 2085 3376 sine

418 3450 420 3452 τ
494 3408 615 3464 luce
640 3423 748 3463 non
776 3419 1018 3479 possunt.
1048 3409 1220 3480 Ipsam
1261 3411 1422 3481 igitur
1458 3411 1635 3466 lucem
1661 3410 1715 3466 in
1759 3427 1861 3482 qua
1891 3419 2082 3468 cuncta

494 3497 582 3554 illa
613 3499 869 3569 perspicis
890 3540 907 3565 ,
953 3499 1189 3566 intuere;
1238 3509 1293 3555 et
1318 3499 1438 3555 vide
1462 3510 1638 3555 utrum
1666 3500 1730 3556 ad
1757 3517 1875 3556 eam
1915 3501 2084 3571 possit

495 3590 750 3648 accedere
767 3593 908 3648 ullus
923 3607 1300 3662 corporeorum
1319 3592 1501 3650 radius
1516 3593 1790 3649 oculorum
1811 3612 1823 3647 :
1844 3594 2084 3663 profecto

494 3699 602 3740 non
628 3691 822 3755 potest.
847 3685 1074 3741 Attende
1099 3686 1256 3740 etiam
1278 3703 1292 3750 ;
1320 3695 1373 3741 ct
1397 3695 1572 3740 tttrum
1596 3689 1648 3741 in
1677 3702 1737 3742 ea
1761 3687 1946 3741 videas
1977 3687 2083 3740 ulla

493 3775 736 3832 locorum
759 3776 927 3846 spatia
947 3776 1031 3831 vel
1060 3776 1655 3846 intervalla,responde.
1681 3776 1822 3832 Nihil
1855 3776 1924 3831 ibi
1952 3777 2079 3844 tale,

493 3879 551 3925 ut
577 3868 836 3937 arbitror,
869 3869 1106 3936 invenis,
1149 3869 1197 3924 si
1224 3869 1504 3940 vigilanter
1529 3869 1697 3940 abigis
1749 3870 1817 3924 ab
1858 3877 2084 3940 aspectu

493 3962 682 4018 intimo
699 3961 952 4033 quidquid
977 3962 1264 4034 imaginum
1293 3961 1650 4032 corporalium
1678 3960 1958 4016 exterioris
1985 3960 2080 4015 ho-

492 4056 653 4112 minis
681 4070 869 4113 seusus
909 4056 1108 4112 invexit
1141 4073 1154 4110 :
1187 4054 1278 4110 sed
1328 4054 1464 4110 forte
1509 4054 1724 4110 dil'licile
1767 4063 1868 4110 est.
1920 4053 2080 4110 irruit

494 4148 637 4202 enim
661 4148 729 4203 de
749 4148 1132 4204 consuetudine
1156 4147 1386 4203 carnalis
1413 4147 1532 4202 vita:
1553 4189 1568 4214 ,
1612 4147 1663 4201 in
1698 4147 1841 4217 ipsos
1868 4161 2078 4216 quoque

495 4239 782 4296 interiores
809 4240 996 4295 oculos
1026 4239 1176 4295 turba
1202 4239 1631 4308 pbantasmatum
1678 4238 1734 4293 in
1777 4238 2082 4294 similitudi—

490 4333 648 4387 nibus
672 4346 954 4401 corporum
982 4350 996 4388 :
1021 4334 1107 4387 cui
1132 4332 1384 4388 resistere
1414 4342 1658 4396 conatus,
1687 4331 1873 4386 saltem
1903 4341 2083 4386 aucto-

494 4426 653 4480 ritate
681 4424 856 4479 divina
885 4425 1212 4493 exclamavi,
1237 4425 1426 4480 dolens
1454 4426 1506 4480 in
1531 4426 1617 4480 illa
1641 4425 1785 4480 brevi
1816 4424 2075 4495 epistola,

493 4525 550 4571 et
578 4515 687 4570 dixi
718 4533 732 4569 :
764 4514 954 4570 Audiat
995 4531 1116 4570 caro
1152 4515 1440 4570 carnalibus
1485 4516 1866 4587 cogitationibus
1912 4515 2076 4585 ebria,

498 4627 517 4663 ι
540 4610 765 4682 Spiritus
779 4621 850 4666 est
871 4609 1045 4666 Deus:
1080 4609 1269 4683 (Epist.
1298 4611 1386 4675 92,
1420 4627 1475 4665 η.
1501 4609 1579 4682 5).
1609 4610 1792 4681 Neque
1819 4612 1959 4666 enim
1981 4627 2079 4666 cu-

491 4701 741 4773 jusquam
771 4703 939 4773 magis
969 4717 1126 4772 quam
1153 4702 1308 4756 etiam
1335 4702 1503 4772 ipsam
1548 4717 1720 4755 meam
1753 4711 1982 4756 mentem
2013 4703 2080 4757 ab

494 4795 796 4865 bujusmodi
827 4796 1058 4850 vanitate
1077 4836 1093 4861 ,
1120 4795 1209 4850 illa
1238 4795 1598 4864 increpatione
1627 4795 1950 4866 compescui.
1978 4793 2078 4848 Fa-

492 4889 644 4943 cilius
669 4888 864 4958 quippe
891 4889 1208 4944 inelinamur
1235 4887 1303 4944 ad
1331 4889 1526 4956 solita',
1559 4896 1612 4944 et
1637 4890 1864 4943 amicum
1886 4897 1969 4943 est
1994 4889 2077 4943 in-

493 4981 731 5036 ﬁrmitati
761 4982 1006 5036 humanae
1033 4982 1227 5037 animm
1255 4983 1589 5053 corporalem
1619 4983 2078 5038 conversationem

492 5073 759 5131 introrsus
781 5075 866 5132 vel
886 5076 1099 5133 mittere
1121 5076 1207 5131 vel
1235 5077 1533 5142 admittere,
1559 5092 1662 5131 non
1689 5077 1776 5132 ubi
1792 5091 1921 5131 sana
1947 5092 2080 5132 con-

492 5169 675 5234 sistat,
707 5169 802 5226 sed
834 5169 920 5226 ubi
966 5170 1213 5243 languida
1255 5169 1644 5244 quodammodo
1686 5181 1777 5226 aut
1811 5170 2082 5226 incumbat

490 5271 581 5316 aut
607 5261 801 5334 jaceat.

567 5355 656 5410 45.
697 5355 926 5412 Proinde
959 5355 1004 5410 si
1031 5372 1137 5412 non
1178 5365 1325 5426 potes
1350 5356 1516 5411 aciem
1546 5359 1739 5411 mentis
1767 5364 1870 5410 tum
1897 5370 1926 5409 a
1957 5370 2078 5410 cor-

494 5461 779 5518 porearum
807 5447 1208 5504 similitudinum
1238 5449 1388 5518 quasi
1421 5447 1598 5502 nubilo
1629 5447 1908 5517 perspicue
1937 5462 2080 5504 sere-

491 5555 656 5610 nare,
695 5556 788 5598 eas
811 5543 953 5614 ipsas
978 5543 1116 5615 apud
1141 5543 1364 5612 teipsam
1384 5543 1664 5614 vigilanter
1695 5542 1912 5599 attende
1946 5561 1960 5598 :
1994 5542 2079 5598 in-

493 5641 646 5690 tuere
659 5635 854 5692 cclum
871 5647 926 5692 et
943 5646 1135 5692 terram
1151 5635 1454 5708 cogitando,
1476 5637 1611 5691 sicut
1626 5637 1792 5692 oculis
1807 5638 2080 5708 corporeis

554 5768 648 5840 ‘19
682 5768 892 5834 manus
925 5771 1153 5840 ιιαδρμπ.
1190 5769 1362 5840 σαίρω
1395 5769 1698 5840 Mrem
1719 5784 1814 5823 non
1838 5773 1966 5827 υεεεεο
1991 5779 2080 5824 ει-

488 5832 749 5896 punximus
767 5830 937 5886 vocem
956 5833 1108 5898 nobis,
1131 5830 1242 5898 Quae
1264 5835 1405 5888 abes
1425 5833 1488 5885 ab
1509 5830 1692 5899 aliquot
1710 5841 1816 5885 Mss.

1719 329 1779 386 Β.
1817 330 2185 391 AUGUSTlNl
2222 333 2522 391 EPISCOPI

3679 343 3784 400 6l6

2203 449 2472 505 cernendo
2512 452 2809 518 consuesti;
2849 467 3047 524 easque
3089 451 3346 524 imagines
3373 453 3496 510 casti
3529 463 3584 511 et
3629 465 3786 515 terra:

2200 554 2317 609 quae
2342 549 2466 596 ante
2498 542 2682 597 oculos
2711 543 3044 614 cogitationis
3071 545 3339 614 productae
3380 554 3535 612 sunt,
3560 547 3682 605 vide
3711 551 3784 605 si-

2198 632 2524 688 militudines
2564 649 2851 705 corporum
2891 652 3040 703 esse,
3087 651 3189 691 non
3227 652 3473 708 corpora.
3527 638 3617 695 Sic
3661 657 3790 712 ergo

2197 724 2376 795 judica
2407 738 2592 784 contra
2620 730 2840 800 teipsam
2871 746 2966 800 pro
2994 736 3160 802 teipsa
3182 773 3197 797 ,
3227 732 3272 786 si
3304 749 3409 786 non
3438 741 3586 803 potes
3611 737 3790 790 omni-

2196 815 2383 872 furiam
2413 821 2770 890 corporalium
2802 822 3112 893 qualitatum
3143 824 3482 894 imaginarius
3503 823 3703 881 formas
3723 827 3793 882 ab

2195 910 2309 966 acie
2334 917 2440 966 tuae
2466 913 2660 968 mentis
2685 914 2926 985 abigere;
2963 923 3014 970 et
3046 908 3187 970 unde
3215 917 3442 971 vinceris
3463 958 3479 982 ,
3504 917 3626 972 inde
3655 933 3790 972 con-

2195 1003 2368 1058 vince.
2414 1003 2594 1076 Neque
2623 1007 2766 1061 enim
2812 1017 2924 1072 est,
2954 1016 3012 1061 ut
3039 1008 3263 1076 opinor,
3311 1008 3590 1078 quisquam
3620 1010 3786 1063 etiam

2199 1094 2394 1150 talibus
2419 1094 2884 1167 imaginationibus
2917 1097 2987 1152 ita
3011 1098 3221 1153 deditus
3243 1140 3257 1163 ,
3289 1109 3345 1152 Ill
3369 1101 3552 1153 credat
3570 1100 3648 1153 sic
3672 1115 3796 1155 esse

2199 1185 2250 1241 itt
2299 1189 2552 1242 memoria
2593 1204 2686 1244 sua
2711 1231 2724 1254 ,
2758 1191 2838 1246 vel
2870 1191 2922 1244 in
2958 1190 3072 1259 ipso
3117 1201 3404 1261 conspectu
3450 1191 3796 1260 cogitationis

2194 1296 2306 1334 sua:
2326 1320 2343 1346 ,
2377 1281 2545 1336 solem
2565 1322 2581 1349 ,
2614 1281 2791 1335 lunam
2811 1325 2824 1348 ,
2855 1283 3058 1347 stellas,
3091 1298 3297 1348 amnes,
3328 1283 3493 1336 maria
3515 1324 3529 1345 ,
3553 1293 3793 1346 montes,

2195 1373 2390 1440 colles,
2423 1374 2601 1437 urbes,
2621 1375 2852 1445 parietes
2878 1375 3107 1444 denique
3127 1374 3317 1429 domus
3342 1389 3451 1428 sua:
3474 1416 3489 1439 ,
3523 1375 3608 1428 vel
3627 1376 3795 1429 etiam

2194 1467 2420 1524 cubiculi
2448 1469 2562 1536 sui,
2590 1478 2644 1522 et
2670 1468 2920 1539 quidquid
2953 1484 3048 1538 per
3075 1468 3256 1523 ocuIOs
3285 1466 3530 1533 corporis
3555 1464 3669 1520 tale
3696 1481 3792 1519 co-

2191 1561 2374 1631 gnovit
2411 1572 2465 1616 et
2501 1569 2683 1625 tenet,
2733 1575 2787 1615 ut
2817 1562 3051 1616 locorum
3083 1561 3268 1630 spatiis
3309 1570 3466 1631 atque
3497 1559 3797 1614 intervallis

2193 1652 2306 1708 sive
2335 1661 2506 1720 stent,
2530 1655 2642 1708 sive
2667 1662 2999 1710 moveantur.
3035 1653 3200 1708 Porro
3226 1651 3270 1706 si
3297 1668 3358 1706 ea
3388 1667 3505 1720 qum.
3535 1651 3586 1704 in
3609 1650 3796 1704 animo

2195 1754 2377 1800 nostro
2423 1756 2546 1801 sunt
2573 1748 2885 1816 corporibus
2930 1747 3168 1816 locisque
3209 1745 3510 1811 simillima,
3563 1761 3671 1798 non
3707 1753 3791 1798 ta—

2193 1854 2313 1894 men
2343 1839 2580 1894 locorum
2606 1839 2790 1908 spatiis
2817 1851 2976 1909 atque
3022 1840 3217 1894 ﬁnibus
3254 1837 3628 1900 continentur,
3686 1851 3794 1891 nec

2193 1930 2486 1987 intervallis
2530 1931 2788 1986 localibus
2814 1931 2866 1985 in
2909 1939 3089 1985 nostra
3135 1928 3390 1984 memoria
3423 1936 3790 1996 reponuntur;

2193 2032 2392 2093 quanto
2420 2023 2586 2095 magis
2615 2023 2702 2079 illa
2747 2039 2865 2094 quae
2907 2023 3104 2076 nullam
3148 2030 3338 2092 gerunt
3381 2019 3792 2074 similitudinem

2191 2130 2508 2186 corporum,
2541 2115 2776 2170 charitas
2801 2157 2816 2182 ,
2857 2114 3105 2185 gaudium
3133 2153 3148 2175 ,
3200 2113 3607 2182 longanimitas,
3639 2125 3742 2180 pax
3769 2150 3786 2176 ,

2192 2209 2508 2279 benignitas,
2533 2209 2740 2263 bonitas
2762 2251 2776 2273 ,
2809 2208 2970 2271 ﬁdes,
3004 2207 3359 2262 mansuetudo
3379 2247 3394 2271 ,
3427 2205 3785 2271 continentia,

2191 2302 2333 2357 nulla
2363 2303 2600 2357 locorum
2629 2302 2799 2371 spatia
2836 2309 3051 2362 tenent,
3095 2299 3236 2354 nulla
3277 2298 3674 2368 intercapedine
3699 2313 3789 2353 se-

2192 2405 2475 2465 parantur,
2518 2405 2608 2449 aut
2651 2395 2826 2465 aliqua
2858 2395 2995 2448 oculi
3030 2393 3245 2458 cordis,
3297 2409 3403 2463 quo
3431 2392 3608 2447 radios
3656 2406 3788 2446 suos

2189 2487 2402 2541 mittant
2429 2495 2482 2541 et
2508 2502 2570 2541 ea
2601 2486 2846 2550 videant,
2897 2485 3177 2540 intervalla
3206 2484 3556 2554 conquirunt!
3595 2482 3790 2538 Nonne

2187 2579 2366 2633 omnia
2402 2578 2453 2632 in
2483 2593 2588 2633 uno
2630 2586 2755 2633 sunt
2797 2578 2912 2633 sine
2940 2577 3180 2648 angnsna
3201 2617 3214 2640 ,
3257 2584 3312 2632 et
3351 2577 3462 2630 suis
3489 2576 3504 2606 ¹
3539 2575 3790 2630 terminis

2188 2678 2312 2724 nota
2351 2677 2502 2737 sunt,
2542 2671 2659 2724 sine
2696 2668 2920 2724 circuitu
2965 2665 3281 2736 regionum?
3321 2670 3426 2719 Aut
3454 2666 3540 2720 dic
3581 2667 3630 2718 in
3673 2681 3788 2736 quo

2188 2761 2308 2817 loco
2329 2761 2512 2816 videas
2531 2761 2842 2816 charitatem
2867 2776 2882 2826 ;
2913 2776 3032 2830 qua:
3063 2768 3238 2813 tamen
3267 2759 3318 2812 in
3344 2765 3546 2811 tantum
3566 2757 3654 2811 tibi
3681 2771 3788 2810 co-

2187 2854 2331 2924 gnita
2352 2863 2452 2916 est,
2474 2852 2525 2906 in
2547 2862 2801 2923 quantum
2825 2867 2942 2906 eam
2976 2858 3130 2920 potes
3156 2849 3349 2905 mentis
3375 2849 3488 2903 acie
3503 2847 3784 2903 contueri:

2189 2959 2347 3016 quam
2371 2959 2477 2999 non
2510 2944 2629 2998 ideo
2654 2958 2899 3014 magnam
2925 2943 3084 3006 nosti,
3115 2941 3233 3012 quia
3263 2941 3528 3011 ingentem
3546 2939 3789 3008 aliquam

2190 3036 2384 3090 molem
2411 3033 2791 3105 conspiciendo
2815 3033 3053 3088 lustrasti
3078 3047 3093 3098 ;
3136 3046 3234 3087 nec
3263 3046 3383 3087 cum
3405 3031 3501 3086 tibi
3529 3030 3668 3085 intus
3698 3031 3788 3085 lo-

2187 3128 2384 3198 quitur,
2417 3137 2473 3181 ut
2501 3117 2789 3181 secundum
2815 3141 2934 3182 eam
2953 3125 3116 3191 vivas,
3148 3123 3272 3178 ullis
3291 3123 3571 3193 perstrepit
3598 3123 3783 3189 sonis;

2189 3235 2287 3275 nec
2316 3227 2375 3274 ut
2411 3235 2529 3274 eam
2553 3233 2744 3274 cernas
2762 3259 2778 3285 ,
2812 3217 3172 3288 corporalium
3207 3215 3385 3272 lumen
3413 3216 3575 3285 erigis
3598 3215 3787 3269 oculo-

2188 3329 2342 3380 rum;
2385 3328 2486 3369 nec
2516 3322 2575 3368 ut
2603 3328 2720 3368 eam
2752 3311 2962 3368 fortiter
2990 3321 3211 3377 teneas,
3253 3312 3606 3382 corporalium
3639 3311 3787 3366 vires

2187 3420 2456 3476 przeparas
2488 3406 2834 3471 lacertorum;
2865 3420 2966 3460 nec
2987 3419 3110 3459 cum
3132 3404 3227 3459 tibi
3256 3403 3403 3459 venit
3424 3402 3479 3456 in
3506 3411 3739 3458 mentem
3763 3441 3782 3468 ,

2187 3499 2354 3554 sentis
2379 3499 2495 3569 ejus
2520 3500 2804 3556 incessum.

2260 3592 2348 3645 44.
2378 3591 2516 3646 Ecce
2540 3592 2698 3647 etiam
2725 3592 2959 3646 charitas
2989 3589 3472 3661 quantulacumque
3513 3589 3565 3643 in
3592 3596 3782 3643 nostra

2188 3686 2458 3741 voluntate
2493 3687 2770 3753 consistit,
2811 3685 3072 3755 nobisque
3097 3684 3386 3754 conspicua
3421 3691 3534 3747 est,
3577 3696 3678 3737 nec
3719 3681 3782 3736 in

2189 3777 2306 3832 loco
2339 3778 2583 3841 videtur,
2631 3792 2736 3832 nec
2775 3776 3140 3848 corporalibus
3170 3776 3339 3831 oculis
3365 3775 3646 3844 quaeritur,
3679 3788 3784 3828 nec

2187 3873 2640 3928 circumscribitur
2674 3872 2786 3926 visu
2807 3911 2822 3937 ,
2857 3887 2960 3925 nec
2987 3879 3127 3924 tactu
3159 3877 3395 3932 tenetur,
3438 3882 3537 3922 nec
3565 3866 3782 3920 auditur

2186 3967 2366 4034 affatu,
2397 3981 2496 4022 nec
2519 3965 2744 4021 sentitur
2765 3967 2972 4020 incessu
2999 3981 3010 4016 :
3042 3971 3239 4032 quanto
3267 3959 3432 4030 magis
3459 3959 3600 4014 Deus
3624 3959 3737 4029 ipse
3758 3999 3776 4024 ,

2186 4061 2338 4130 cujus
2370 4060 2470 4114 hoc
2505 4059 2693 4129 pignus
2717 4056 2771 4112 iu
2803 4057 2957 4110 nobis
2985 4053 3098 4110 est!
3141 4052 3270 4108 Nam
3298 4053 3342 4105 si
3370 4051 3590 4106 interior
3611 4049 3782 4103 homo

2187 4161 2398 4219 noster,
2429 4149 2914 4222 quantulacumque
2942 4147 3119 4217 imago
3146 4144 3261 4215 ejus
3283 4185 3299 4210 ,
3333 4157 3435 4196 non
3464 4142 3531 4196 de
3561 4140 3651 4195 illo
3676 4155 3764 4211 ge-

2186 4243 2295 4298 nita
2313 4285 2326 4308 ,
2357 4242 2450 4298 sed
2479 4242 2546 4296 ab
2571 4241 2662 4296 illo
2681 4248 2857 4294 creata
2883 4279 2897 4302 ,
2927 4237 3170 4308 quamvis
3196 4235 3370 4290 adhuc
3396 4239 3682 4289 renovetur
3706 4232 3778 4288 de

2185 4335 2271 4390 die
2299 4337 2351 4389 in
2377 4335 2517 4389 diem
2538 4375 2552 4400 ,
2576 4333 2686 4403 jam
2717 4342 2891 4386 tamen
2919 4330 2970 4384 in
3002 4331 3088 4384 tali
3119 4329 3239 4386 luce
3262 4328 3464 4384 habitat
3481 4367 3498 4395 ,
3524 4341 3630 4399 quo
3655 4326 3778 4381 nul-

2185 4427 2265 4482 lus
2290 4427 2562 4481 oculorum
2590 4425 2946 4493 corporalium
2983 4439 3173 4479 sensus
3198 4423 3434 4488 accedit;
3481 4423 3524 4476 si
3564 4437 3625 4476 ea
3653 4435 3777 4491 qua

2186 4521 2240 4575 in
2286 4520 2371 4574 illa
2405 4521 2522 4574 luce
2549 4518 2729 4574 cordis
2772 4519 2941 4574 oculis
2972 4518 3272 4581 intuemur,
3317 4525 3373 4570 et
3400 4515 3777 4569 discernuntur

2185 4613 2323 4669 inter
2342 4628 2421 4678 se,
2453 4621 2507 4668 et
2533 4612 2693 4667 nullis
2716 4612 2954 4666 locorum
2985 4611 3169 4681 spatiis
3187 4618 3501 4679 separantur
3532 4625 3547 4663 :
3573 4617 3777 4677 quanto

2187 4706 2354 4775 magis
2382 4705 2552 4769 Deus,
2579 4705 2669 4775 qui
2709 4704 2880 4758 lucem
2923 4702 3126 4757 habitat
3169 4700 3622 4766 inaccessibilem,
3650 4715 3774 4754 cor-

2186 4797 2332 4867 poris
2358 4796 2604 4852 sensibus
2624 4837 2638 4862 ,
2670 4809 2776 4865 quo
2803 4811 2902 4850 nec
2930 4793 3092 4865 ipsius
3119 4792 3221 4846 nisi
3243 4790 3427 4846 mundi
3455 4798 3628 4860 potest
3655 4805 3777 4846 esse

2184 4888 2360 4944 cordis
2381 4887 2660 4943 accessus!
2691 4885 2821 4940 Cum
2860 4885 3016 4956 igitur
3042 4885 3210 4939 lucem
3238 4883 3392 4938 istam
3419 4882 3562 4936 omni
3585 4897 3774 4952 corpo-

2186 4983 2282 5038 rali
2333 4981 2481 5048 luci,
2532 4995 2636 5035 non
2683 4981 2854 5034 solum
2898 4977 3102 5047 judicio
3131 4976 3385 5041 rationis,
3438 4974 3534 5030 sed
3575 4976 3777 5030 amoris

2186 5091 2396 5147 quoque
2441 5073 2680 5146 appetitu
2725 5069 3210 5142 praeposuerimus;
3263 5077 3462 5139 quanto
3506 5067 3560 5121 id
3607 5067 3777 5137 magis

2183 5171 2505 5236 valebimus,
2539 5175 2688 5223 tanto
2731 5164 2922 5220 melius
2953 5163 3277 5226 valebimus,
3312 5162 3482 5217 donec
3518 5169 3779 5216 sanentur

2183 5281 2370 5322 omnes
2409 5264 2692 5334 languores
2717 5258 2912 5316 animae
2941 5267 3138 5312 nostra:
3172 5255 3241 5311 ab
3266 5255 3360 5311 illo
3387 5254 3478 5326 qui
3513 5253 3779 5326 propitius

2184 5358 2245 5414 ﬁt
2267 5355 2516 5414 omnibus
2545 5351 2911 5425 iniquitatibus
2956 5349 3172 5406 nostris.
3216 5347 3273 5402 In
3317 5346 3417 5401 hac
3443 5347 3586 5402 enim
3629 5345 3780 5400 viva-

2183 5453 2328 5509 ciore
2355 5451 2462 5506 vita
2505 5449 2627 5505 lacti
2658 5447 2990 5520 spirituales,
3038 5444 3330 5516 poterimus
3369 5440 3544 5496 omnia
3579 5438 3767 5509 dijudi-

2182 5560 2340 5608 care;
2371 5545 2470 5614 ipsi
2514 5557 2643 5598 vero
2666 5556 2699 5597 a
2727 5540 2941 5596 nemine
2968 5536 3265 5608 dijudicari.
3311 5532 3569 5590 Animalis
3593 5541 3780 5588 autem

2185 5637 2346 5692 homo
2389 5649 2495 5692 non
2535 5634 2762 5706 percipit
2802 5648 2922 5703 quae
2947 5640 3074 5688 sunt
3115 5630 3334 5702 spiritus
3379 5629 3471 5684 Dei
3503 5645 3518 5681 :
3549 5627 3780 5682 stultitia

2181 5774 2363 5887 natasic
2386 5781 2492 5824 Mss.
2511 5783 2700 5822 omnes.
2729 5775 2784 5820 At
2805 5767 2974 5820 excusi
2995 5765 3205 5819 habent:
3232 5769 3289 5816 Et
3305 5764 3406 5816 sine
3421 5761 3644 5815 terminis
3663 5766 3779 5813 nuc
