4154 6354
404 416 505 475 617

400 536 543 590 enim
571 542 652 592 est
676 536 786 603 illi;
819 545 1004 596 etnon
1041 550 1214 613 potest
1241 546 1408 618 scire,
1436 555 1683 623 quoniam
1723 560 1975 630 spiritua-

400 624 519 681 liter
543 626 861 697 dijudicatur
888 630 945 704 (l
973 632 1092 691 Cor.
1122 653 1192 704 ιι,
1223 640 1310 707 14,
1337 641 1447 715 15).

466 718 693 778 CAPUT
718 721 901 781 XV’IlI.
928 728 1105 783 —45.
1134 730 1287 798 Quod
1329 734 1377 790 si
1422 738 1654 796 nondum
1698 758 1979 813 possumus

396 808 653 879 praeferre
686 813 856 870 lucem
894 818 1218 887 judicantem
1251 826 1299 880 ei
1325 827 1426 882 luci
1456 829 1521 885 de
1548 846 1650 901 qua
1673 808 1971 907 jiidicatur,

395 906 646 976 praeferre
682 910 840 967 vitam
886 913 1265 989 intelligentem
1294 924 1418 979 vita:
1454 935 1818 990 tantummodo
1843 906 1972 993 sen-

395 998 577 1067 tienti,
608 999 857 1070 praeferre
890 1017 1129 1064 naturam
1154 1027 1259 1069 non
1297 1016 1421 1071 alibi
1449 1016 1549 1075 hoc
1578 1024 1770 1079 etalibi
1791 1026 1967 1096 aliud,

394 1087 488 1142 sed
518 1090 691 1144 omnia
721 1107 838 1162 qua:
880 1093 1041 1153 habet
1072 1100 1123 1154 in
1159 1118 1264 1159 uno
1289 1105 1445 1161 simul
1472 1107 1748 1167 habentem
1769 1154 1783 1180 ,
1815 1087 1969 1171 sicuti

392 1189 472 1235 est
502 1189 679 1237 nostra
706 1183 817 1253 ipsa
845 1187 1189 1260 intelligentia
1209 1234 1225 1261 ,
1253 1195 1302 1249 ei
1331 1205 1535 1253 natura:
1568 1217 1686 1272 quae
1711 1204 1780 1258 ita
1807 1207 1970 1275 parti-

391 1270 489 1327 bus
513 1283 747 1340 constat,
797 1286 852 1333 ut
891 1281 1067 1337 minor
1105 1285 1172 1340 sit
1200 1286 1416 1343 dimidia
1446 1270 1602 1362 quani
1642 1304 1782 1363 tota,
1807 1270 1965 1356 sicuti

391 1374 473 1418 est
501 1381 657 1421 omne
682 1382 912 1438 corpus;
944 1374 1212 1444 superﬂuo
1236 1378 1303 1435 de
1330 1382 1488 1438 rebus
1507 1384 1665 1441 tantis
1689 1402 1753 1442 ac
1774 1390 1964 1446 talibus

387 1453 735 1525 disputamus.
783 1458 837 1515 Si
881 1472 1055 1519 autem
1104 1465 1205 1523 hoc
1246 1468 1355 1539 jam
1402 1488 1717 1543 possumus;
1762 1480 1961 1551 aliquid

385 1546 577 1601 melius
610 1565 766 1619 quam
803 1553 1127 1612 intellectum
1157 1569 1396 1617 nostrum
1427 1567 1591 1621 Deum
1631 1585 1749 1625 esse
1777 1572 1960 1629 creda-

383 1650 533 1703 mus,
564 1647 620 1693 ut
645 1654 743 1708 pax
783 1642 897 1713 ejus
923 1660 1041 1716 quin
1072 1652 1328 1719 praiccllit
1355 1670 1564 1711 omnem
1597 1659 1954 1732 intellectum,

382 1731 645 1787 custodiat
686 1736 844 1790 corda
894 1749 1077 1795 nostra
1123 1752 1177 1797 et
1228 1744 1599 1818 intelligelltias
1644 1762 1855 1810 nostras
1902 1731 1955 1812 in

379 1820 593 1878 Christo
610 1824 736 1881 Jesu
757 1825 1011 1902 (Philipp.
1039 1850 1112 1902 iv,
1144 1835 1221 1908 7).
1247 1836 1362 1907 Ipsa
1391 1841 1531 1895 enim
1561 1858 1660 1912 pax
1680 1860 1798 1915 quae
1821 1862 1955 1917 prin-

376 1914 521 1970 cellit
545 1931 754 1973 omnem
797 1921 1156 1995 intellectum,
1202 1944 1308 1984 non
1335 1940 1416 1986 est
1442 1934 1620 2005 utique
1658 1914 1835 1993 minor
1857 1954 1951 1995 no-

373 2014 486 2060 stro
528 2007 825 2078 intellectu,
874 2022 935 2069 ut
977 2031 1096 2071 cum
1136 2018 1237 2075 iste
1278 2021 1346 2076 sit
1382 2024 1551 2080 oculis
1589 2030 1951 2098 corporalibus

373 2096 684 2167 invisibilis,
733 2103 822 2158 illa
862 2114 1076 2176 putetur
1117 2125 1235 2168 esse
1262 2113 1501 2171 visibilis.
1545 2118 1627 2174 An
1668 2096 1810 2177 aliud
1849 2140 1949 2194 pax

370 2188 499 2255 Dei,
541 2191 682 2246 aliud
717 2195 969 2263 splendor
1012 2200 1140 2255 Dei?
1186 2204 1304 2258 c‘um
1335 2205 1474 2261 idem
1506 2208 1619 2279 ipse
1648 2211 1718 2265 sit
1760 2188 1946 2284 unus-

368 2281 506 2335 nitus
547 2282 742 2352 Filius,
787 2288 938 2359 cujus
966 2298 1021 2346 et
1048 2292 1135 2348 illa
1164 2294 1399 2352 charitas
1434 2315 1552 2370 qua:
1590 2281 1947 2373 supereminet

364 2375 597 2432 scientiae
611 2417 627 2444 ,
656 2379 807 2451 cujus
826 2384 1126 2455 cognitione
1146 2389 1540 2459 implebimurin
1559 2411 1769 2453 omnem
1787 2400 1947 2469 pleni-

365 2467 598 2525 tudinem
630 2470 743 2539 Dei,
764 2489 868 2530 non
890 2486 971 2532 est
995 2488 1190 2535 nostra:
1208 2485 1400 2539 mentis
1420 2485 1537 2543 luce
1558 2488 1795 2556 inferior,
1823 2508 1942 2565 qua:

362 2557 447 2613 illa
474 2560 800 2621 illuminante
816 2566 1077 2624 tribuitur.
1093 2570 1259 2627 Porro
1279 2573 1323 2629 si
1344 2575 1441 2631 ista
1464 2578 1842 2637 inaccessibilis
1860 2594 1942 2640 est

359 2653 526 2710 oculis
554 2657 762 2725 carnis;
794 2670 992 2730 quanto
1020 2665 1186 2735 magis
1216 2666 1303 2721 illa
1324 2709 1341 2737 ,
1388 2668 1512 2727 huic
1547 2673 1938 2745 incomparabi-

358 2740 478 2798 liter
517 2750 946 2817 supereminens!
976 2769 1039 2809 ac
1064 2770 1161 2825 per
1199 2757 1299 2815 hoc
1325 2774 1445 2815 cum
1486 2765 1558 2818 sit
1593 2764 1791 2836 aliquid
1831 2783 1934 2823 no-

358 2846 525 2893 strum
555 2839 763 2898 visibile
781 2885 797 2911 ,
824 2845 961 2900 sicut
988 2847 1089 2903 hoc
1111 2864 1303 2921 corpus
1320 2893 1335 2919 ,
1362 2853 1560 2924 aliquid
1590 2871 1721 2914 vero
1750 2858 1937 2916 invisi-

356 2925 487 2993 bile,
515 2930 652 2986 sicut
679 2932 839 2991 homo
863 2936 1114 3006 interior;
1144 2951 1200 2996 et
1224 2957 1345 2998 cum
1373 2946 1630 3015 optimum
1654 2959 1894 3009 nostrum
1914 2994 1932 3021 ,

355 3017 454 3075 hoc
479 3030 563 3076 est
588 3039 737 3080 mens
765 3035 925 3098 atque
953 3029 1300 3103 intelligentia
1320 3078 1336 3103 ,
1366 3037 1633 3097 invisibile
1660 3042 1730 3098 sit
1766 3017 1935 3102 oculis

350 3114 621 3181 corporis;
650 3120 916 3188 quomodo
937 3122 990 3177 id
1014 3124 1155 3194 quod
1175 3138 1257 3183 est
1288 3130 1480 3187 melius
1506 3132 1708 3203 optimo
1726 3148 1929 3207 nostro,

354 3202 560 3260 visibile
586 3208 688 3262 erit
720 3208 958 3267 inferiori
995 3218 1223 3272 nostro?

416 3293 646 3355 CAPUT
673 3300 815 3358 XIX.
840 3334 914 3345 —
930 3307 1019 3361 46.
1043 3308 1288 3366 Arbitror
1312 3320 1364 3369 te
1379 3312 1488 3383 jam
1510 3318 1823 3388 concedere,
1847 3322 1930 3380 his

346 3388 594 3445 omnibus
619 3393 995 3465 consideratis,
1052 3409 1195 3457 recte
1222 3402 1423 3459 dictum
1474 3422 1592 3464 esse
1620 3411 1761 3480 quod
1790 3413 1929 3470 Deus

344 3494 450 3534 nec
470 3480 522 3535 in
550 3482 667 3539 loco
693 3485 896 3543 videtur
916 3530 932 3554 ,
953 3489 1046 3545 sed
1083 3493 1281 3549 mundo
1311 3496 1511 3565 corde;
1552 3515 1652 3554 nec
1679 3516 1930 3572 corpora-

343 3570 483 3628 libus
518 3576 686 3631 oculis
709 3580 995 3648 quazritur,
1028 3598 1126 3639 nec
1154 3585 1607 3645 circumscribitur
1642 3592 1757 3647 visu
1776 3633 1793 3659 ,
1824 3610 1925 3652 nec

343 3672 482 3720 tactu
512 3675 736 3734 tenetur,
762 3686 861 3727 nec
880 3674 1090 3731 auditur
1117 3676 1296 3745 aifatu,
1322 3696 1422 3735 nec
1446 3684 1671 3738 sentitur
1688 3685 1919 3745 incessu.

340 3751 408 3808 Et
433 3756 477 3810 si
503 3757 631 3826 quid
672 3760 723 3814 in
756 3761 820 3817 iis
857 3764 1033 3820 minus
1074 3765 1444 3840 intelligimus,
1474 3773 1559 3829 vel
1602 3775 1756 3831 aliter
1780 3778 1921 3848 sapi-

338 3860 476 3913 mus,
510 3849 563 3903 id
590 3867 800 3923 quoque
821 3856 974 3912 nobis
1005 3859 1141 3914 Deus
1169 3863 1450 3932 revelabit,
1479 3866 1526 3921 si
1551 3866 1603 3921 in
1630 3869 1770 3939 quod
1799 3886 1920 3941 per-

339 3940 669 4009 venimus,in
698 3960 764 4001 eo
791 3948 1121 4006 ambulemus
1152 3952 1411 4027 (Philipp.
1430 3973 1511 4025 ιιι,
1536 3959 1622 4024 15,
1651 3940 1915 4033 i6).Per—

338 4034 581 4090 venimus
625 4047 800 4094 autem
833 4051 887 4096 ιιι
913 4042 1196 4101 credamus
1226 4047 1391 4102 Deum
1412 4064 1520 4105 non
1540 4066 1732 4122 corpus
1760 4068 1910 4121 esse,

335 4124 430 4179 sed
477 4126 718 4196 Spiritum
748 4131 926 4202 (Joan.
958 4149 1029 4201 iv,
1058 4134 1151 4208 24)
1198 4153 1212 4192 :
1261 4143 1602 4208 pervenimus
1643 4144 1804 4200 etiam
1857 4154 1912 4201 ut

333 4216 613 4274 credamus
627 4222 763 4290 quod
794 4223 957 4279 Deum
988 4241 1147 4283 nemo
1178 4228 1305 4284 vidit
1334 4246 1565 4301 unquam
1594 4233 1705 4303 (Id.
1734 4251 1769 4301 I,
1796 4237 1908 4309 18);

330 4316 381 4361 et
408 4310 549 4378 quod
576 4311 714 4366 Deus
737 4313 823 4369 lux
853 4325 968 4381 est,
996 4327 1048 4372 et
1078 4319 1313 4382 tenebrm
1340 4321 1394 4376 in
1420 4337 1486 4377 eo
1512 4339 1619 4379 non
1642 4335 1766 4381 sunt
1786 4328 1909 4384 ulla;

332 4398 387 4466 (l
423 4396 581 4454 Joan.
609 4418 648 4468 ι,
678 4404 757 4471 5);
786 4414 840 4460 et
864 4407 1005 4477 quod
1031 4409 1173 4478 apud
1202 4410 1369 4466 Deum
1412 4428 1521 4477 non
1559 4425 1642 4470 est
1665 4431 1906 4473 commu-

331 4492 480 4559 latio,
511 4509 607 4548 nec
628 4498 877 4553 momenti
904 4499 1241 4556 obumbratio
1266 4501 1525 4574 (Jacobil,
1552 4506 1661 4576 l7);
1691 4516 1744 4563 et
1765 4510 1906 4579 quod

327 4580 499 4638 lucem
531 4584 729 4642 habitat
756 4589 1209 4659 inaccessibilem,
1252 4611 1408 4665 quem
1437 4612 1601 4654 nemo
1629 4600 1903 4659 hominum

326 4676 487 4743 vidit,
522 4694 619 4734 nec
658 4681 837 4738 videre
865 4694 1040 4755 potest
1066 4686 1120 4758 (Ι
1146 4685 1281 4741 Tim.
1312 4704 1385 4757 VI,
1421 4690 1532 4764 l6);
1560 4701 1617 4748 et
1640 4695 1779 4764 quod
1804 4695 1904 4751 Pa-

325 4776 407 4824 ter
432 4779 486 4825 et
512 4770 677 4827 Filius
702 4782 756 4829 ct
788 4774 1016 4845 Spiritus
1054 4789 1268 4835 sanctus
1296 4797 1430 4838 unus
1462 4784 1599 4840 Deus
1626 4793 1737 4853 est,
1786 4787 1901 4845 sine

325 4860 432 4915 ulla
461 4861 770 4921 diversitate
798 4876 851 4921 et
875 4869 1211 4939 separatione
1236 4882 1440 4929 natura:
1466 4874 1520 4945 (I
1547 4873 1704 4931 Joan.
1733 4893 1789 4942 v,
1822 4880 1897 4952 7);

320 4961 375 5007 et
397 4953 541 5023 quod
562 4954 744 5011 mundi
770 4957 960 5013 cordes
987 4975 1107 5015 eum
1132 4961 1388 5019 videbunt
1410 4964 1623 5035 (Matth.
1655 4984 1710 5035 v,
1741 4968 1817 5043 8);
1846 4980 1901 5027 et

317 5045 461 5116 quod
490 5047 691 5104 similes
714 5049 763 5104 ei
786 5049 983 5105 erimus
1005 5091 1022 5118 ,
1053 5054 1301 5123 quoniam
1326 5055 1621 5113 videbimus
1645 5075 1764 5115 eum
1789 5061 1897 5118 sic-

318 5139 392 5194 uti
439 5148 523 5195 est
550 5140 570 5211 (
587 5138 783 5196 IJoan.
814 5158 892 5209 ιιι,
921 5141 998 5215 2);
1031 5156 1085 5200 et
1108 5148 1248 5217 quod
1279 5148 1417 5203 Deus
1440 5151 1670 5207 cliaritas
1694 5162 1775 5209 est
1796 5194 1811 5221 ,
1843 5163 1899 5211 et

318 5230 407 5299 qui
436 5241 618 5287 manet
650 5234 704 5287 in
728 5234 987 5291 charitate
1016 5236 1069 5291 in
1109 5239 1218 5293 Deo
1243 5248 1455 5307 manet,
1481 5251 1537 5298 et
1560 5244 1699 5301 Deus
1722 5246 1774 5301 in
1803 5247 1895 5303 illo

315 5332 497 5377 manet
521 5322 634 5396 (Id.
657 5341 730 5391 lv,
760 5326 871 5399 I6);
902 5336 956 5383 et
981 5328 1121 5399 quod
1149 5345 1331 5400 pacem
1351 5340 1404 5387 et
1422 5335 1893 5395 sanctiﬁcationem

312 5413 511 5468 sectari
537 5414 822 5483 debemus,
853 5417 971 5473 sine
1001 5435 1101 5488 qua
1132 5435 1288 5475 nemo
1315 5424 1506 5491 poterit
1525 5426 1707 5483 videre
1727 5429 1894 5487 Deum

314 5502 503 5575 (Hebr.
538 5520 637 5571 ιιι,
665 5504 753 5579 14)
780 5523 801 5573 ;
832 5517 887 5563 et
911 5508 1052 5579 quod
1076 5511 1420 5581 corruptibile
1448 5514 1549 5571 hoc
1574 5525 1630 5573 et
1670 5521 1893 5578 mortale

310 5609 509 5666 corpus
553 5606 794 5654 nostrum
818 5639 834 5666 ,
878 5600 930 5655 in
982 5604 1368 5659 resurrectione
1396 5610 1804 5666 commutabitur
1838 5621 1892 5669 et

309 5686 499 5744 induet
526 5688 974 5760 incorruptionem
1005 5702 1161 5764 atque
1183 5697 1663 5767 immortalitatem;
1690 5711 1746 5757 et
1768 5705 1891 5773 quia

309 5778 607 5837 seminatur
646 5796 842 5853 corpus
892 5784 1154 5855 animale,
1202 5798 1443 5861 resurget
1484 5807 1677 5864 corpus
1729 5796 1889 5865 spiri-

309 5871 455 5929 tnale
483 5871 543 5945 (l
569 5871 688 5930 Cor.
720 5891 812 5943 xv,
838 5876 927 5943 53,
956 5879 1070 5951 44),
1090 5880 1493 5955 transﬁgurante
1518 5885 1742 5945 Domino
1769 5904 1888 5946 cor-

475 5967 702 6037 Bucr.
754 5973 1029 6037 Aoccsr.
1077 5977 1155 6040 II.

1554 437 2029 505 EPISTOLARUM
2066 450 2337 517 CLASSIS
2375 461 2464 523 III.

3556 506 3657 566 618

2084 571 2532 690 p'ushilmilitatis
2574 593 2804 659 nostrae,
2853 600 2911 648 ut
2936 596 3213 659 conforme
3252 605 3407 666 iaciat
3444 620 3654 690 corpori

2082 659 2263 764 gloriae
2300 682 2416 766 suae
2437 671 2692 748 (Philipp.
2716 694 2804 750 nl,
2829 682 2940 756 21);
2972 696 3026 744 et
3050 693 3192 762 quod
3223 659 3653 766 Deusdedit-lit:

2081 753 2279 810 minem
2306 758 2371 815 ad
2400 761 2685 837 imaginem
2710 781 2764 828 et
2798 753 3196 841 similitudinem
3225 802 3373 845 suam
3401 793 3552 866 (Gen.
3592 753 3646 870 ἶ,

2081 843 2202 870 om-
2240 858 2285 870 -ι
2334 854 2464 870 μη-
2897 869 2905 870 ί

2079 843 2203 918 2ης
2233 858 2288 905 et
2324 854 2464 923 quod
2513 859 2699 929 spiritu
2744 869 2937 924 mentis
2983 884 3180 931 nostra:
3230 843 3547 943 renovamur
3591 843 3649 948 il;

2076 940 2398 1007 agnitionem
2422 947 2535 1015 Dei,
2566 956 2854 1012 secundum
2878 960 3155 1034 imaginem
3187 970 3302 1039 ejus
3329 976 3416 1045 qui
3446 983 3647 1039 creavit

2076 1044 2175 1087 nos
2197 1033 2411 1105 (Coloss.
2447 1055 2528 1106 ιιι,
2555 1043 2665 1116 10).
2689 1044 2745 1100 In
2776 1047 2860 1106 bis
2884 1033 3041 1125 atque
3070 1033 3369 1130 hujus-modi
3407 1033 3643 1142 δετεριῷ

2075 1136 2253 1180 rarum
2282 1140 2581 1189 sanctarum
2619 1142 3018 1203 auctoritatibus
3047 1167 3143 1220 per
3171 1154 3325 1212 iidem
3367 1136 3644 1221 ambulan-

2072 1221 2186 1283 tes,
2228 1219 2316 1288 qui
2355 1221 2479 1277 dato
2499 1224 2582 1281 vel
2610 1228 2860 1288 divinitus
2882 1219 3063 1309 adjuto
3088 1244 3360 1305 intellectu
3390 1219 3642 1323 spiritua-

2070 1306 2193 1363 liter
2208 1313 2561 1386 profecerunt,
2584 1329 2638 1377 et
2652 1325 2941 1392 spiritualia
2958 1333 3315 1401 spiritualibus
3331 1306 3639 1415 comparare

2069 1406 2385 1472 potuerunt,
2418 1407 2661 1467 viderunt
2696 1416 2885 1473 melius
2920 1420 3085 1478 videri
3118 1439 3293 1485 mente
3321 1450 3476 1503 quam
3517 1455 3637 1494 cor-

2067 1504 2230 1559 pore;
2280 1504 2336 1551 et
2375 1513 2436 1554 ea
2478 1502 2646 1559 videri
2702 1518 2880 1566 mente
2928 1528 3049 1584 quin
3077 1534 3180 1574 non
3238 1502 3635 1587 continerentur

2064 1580 2229 1652 locis,
2262 1602 2361 1644 nec
2386 1591 2525 1648 inter
2552 1610 2613 1651 se
2640 1598 2877 1657 locorum
2906 1604 3198 1667 intervallis
3223 1630 3629 1694 separarentur,

2061 1687 2162 1730 nec
2187 1677 2390 1735 minora
2420 1695 2597 1740 essent
2622 1688 2676 1743 in
2715 1701 2864 1760 parte
2888 1712 3043 1764 quam
3072 1700 3122 1754 in
3150 1677 3301 1758 toto:
3480 1753 3484 1758 .
3610 1677 3641 1778 ν,

2129 1766 2219 1821 47.
2260 1769 2394 1827 Hinc
2431 1785 2513 1829 est
2553 1779 2693 1848 quod
2727 1781 3041 1844 ﬁducialiter
3070 1791 3157 1847 ille
3182 1793 3340 1864 dicit,
3373 1802 3510 1869 quod
3541 1820 3633 1859 nec

2058 1856 2110 1912 in
2135 1858 2243 1914 loco
2265 1861 2401 1919 Deus
2424 1867 2631 1937 videtur,
2655 1874 2745 1927 sed
2762 1879 2949 1946 mundo
2970 1883 3119 1938 corde
3141 1901 3161 1939 :
3179 1904 3267 1942 nec
3287 1895 3631 1961 corporalibus

2056 1950 2213 2005 oculis
2237 1956 2501 2023 queritur,
2531 1977 2620 2015 nec
2644 1964 3063 2026 circumscribitur
3085 1977 3213 2044 visu,
3232 1996 3322 2034 nec
3339 1991 3473 2036 tactu
3495 1994 3631 2040 tene-

2056 2046 2152 2106 tur,
2174 2058 2262 2096 nec
2277 2047 2480 2101 auditur
2497 2049 2676 2118 aifatu,
2697 2072 2786 2109 nec
2806 2061 3016 2115 sentitur
3034 2065 3249 2121 incessu.
3269 2069 3418 2128 Unde
3430 2075 3549 2143 Quia
3571 2086 3626 2132 et

2053 2129 2332 2190 invisibilis
2362 2138 2413 2191 in
2441 2140 2723 2210 Scripturis
2752 2151 2947 2205 sanctis
2990 2153 3104 2223 ejus
3146 2129 3627 2220 substantia'com-

2051 2221 2351 2293 mendatur,
2377 2237 2431 2283 et
2458 2231 2601 2287 visus
2625 2249 2744 2291 esse
2768 2252 2799 2293 a
2824 2221 3067 2308 plurimis
3095 2261 3188 2315 per
3211 2264 3404 2320 corpus
3426 2263 3479 2308 et
3503 2270 3625 2311 cor-
3674 2289 3684 2304 ς

2050 2312 2317 2378 poralihus
2343 2316 2474 2373 locis
2502 2322 2554 2375 in
2576 2324 2774 2380 eisdem
2799 2312 3196 2392 auctoritatibus
3222 2312 3504 2410 invenitur,
3531 2356 3625 2402 aut

2047 2401 2255 2471 spiritu,
2284 2421 2389 2476 quo
2416 2414 2719 2481 corporales
2747 2431 3035 2477 cernuntur
3059 2425 3316 2498 imagines
3336 2471 3354 2497 ,
3396 2448 3488 2503 per
3526 2436 3626 2491 ali-

2046 2509 2203 2563 quam
2233 2497 2355 2554 licet
2384 2502 2767 2578 incorpoream,
2804 2521 2979 2570 tamen
3008 2517 3405 2579 similitudinem
3432 2542 3624 2599 corpo-

2044 2585 2154 2653 ris,
2180 2589 2315 2644 sicut
2358 2592 2410 2646 in
2451 2598 2653 2653 somnis
2687 2602 2769 2656 vel
2796 2603 2851 2657 in
2888 2608 3112 2676 ecstasi;
3144 2615 3371 2669 secrevit
3408 2616 3494 2671 ille
3538 2619 3621 2675 vir

2043 2686 2256 2735 sanctus
2284 2681 2375 2737 Dei
2401 2696 2639 2743 naturam
2668 2685 2739 2745 ab
2764 2695 3067 2765 liujusmodi
3090 2703 3399 2771 visionibus,
3420 2722 3619 2779 easque

2041 2766 2175 2825 dixit
2203 2787 2320 2828 esse
2338 2816 2353 2839 ,
2379 2792 2509 2847 quas
2536 2780 2626 2837 Dei
2663 2785 2903 2845 voluntas
2929 2790 3207 2862 elegisset,
3234 2813 3339 2852 non
3367 2814 3497 2870 quas
3523 2818 3619 2858 na-

2041 2865 2156 2915 tura
2181 2861 2480 2923 formasset.
2505 2870 2652 2929 Facit
2674 2878 2812 2931 enim
2839 2879 2979 2936 Deus
3010 2861 3137 2939 istas
3160 2888 3369 2956 quibus,
3383 2861 3455 2946 ἰιι
3480 2894 3613 2964 vult,

2039 2955 2122 3009 cui
2152 2957 2283 3026 vult,
2314 2963 2523 3029 quando
2546 2967 2688 3033 vult,
2718 2983 2997 3041 appareat,
3031 2990 3125 3031 sua
3155 2955 3350 3035 latente
3373 2991 3531 3055 atque
3558 2955 3616 3043 ιιί

2036 3058 2094 3101 se
2119 3047 2618 3113 incommutabiliter
2646 3074 2891 3120 manente
2916 3068 3229 3125 substantia.
3262 3073 3319 3129 Si
3342 3047 3487 3132 enim
3514 3094 3584 3134 vo

2035 3137 2211 3196 luntas
2236 3154 2415 3201 nostra
2440 3150 2581 3218 apud
2622 3166 2681 3208 se
2720 3170 2942 3213 manens
2977 3169 3031 3215 et
3057 3161 3224 3219 latens
3252 3166 3367 3222 sine
3393 3169 3497 3224 ulla
3523 3171 3612 3229 sui

2031 3238 2462 3307 commutatione,
2487 3257 2583 3312 per
2609 3260 2741 3315 quas
2766 3262 2824 3303 se
2852 3259 3135 3322 utcumque
3163 3258 3409 3313 ostendat
3426 3262 3609 3331 exprio

2032 3325 2127 3378 mit
2150 3341 2341 3395 voces;
2369 3343 2566 3401 quanto
2593 3334 2801 3393 facilius
2824 3339 2964 3395 Deus
3006 3349 3374 3415 omnipotens,
3402 3325 3609 3407 sua—la-

2033 3426 2175 3474 tente
2200 3428 2357 3491 atque
2386 3423 2888 3487 incommutabiliter
2911 3444 3158 3491 manente
3183 3447 3389 3508 natura,
3421 3442 3474 3497 in
3500 3460 3607 3513 qua

2026 3507 2254 3564 voluerit
2276 3514 2483 3582 specie,
2510 3526 2714 3586 potest,
2760 3523 2844 3576 cui
2891 3524 3147 3593 voluerit,
3182 3507 3474 3600 apparere,
3514 3507 3607 3605 qui

2026 3612 2090 3651 ex
2116 3599 2280 3658 nihilo
2317 3611 2518 3662 creavit
2545 3613 2718 3667 omnia
2737 3653 2753 3679 ,
2778 3624 2937 3687 atque
2963 3618 3018 3673 in
3041 3634 3101 3675 se
3130 3636 3354 3680 manens
3380 3625 3599 3683 innovat

2024 3691 2221 3747 omnia.
3476 3751 3480 3755 .

2093 3782 2317 3841 CAPUT
2344 3787 2537 3844 XX.—
2551 3793 2639 3849 48.
2668 3795 2749 3851 Ad
2774 3813 2889 3853 eam
2911 3816 3038 3857 vero
3057 3803 3313 3862 visionem
3335 3823 3437 3879 qua
3452 3809 3601 3867 vide—

2020 3871 2194 3930 bimus
2218 3877 2380 3933 Deum
2411 3882 2565 3938 sicuti
2589 3895 2704 3952 est,
2735 3892 3033 3949 mundanda
3062 3897 3221 3953 corda
3251 3904 3596 3958 commonuit.

2020 3961 2152 4031 Quia
2202 3970 2342 4025 enim
2389 3988 2613 4045 corpora
2655 3985 3035 4042 consuetudine
3078 3989 3325 4059 loquendi
3372 3994 3598 4050 visibilia

2018 4057 2397 4128 nominantur,
2452 4076 2729 4135 pr0pterea
2770 4072 2906 4128 Deus
2950 4057 3226 4135 invisibilis
3270 4082 3480 4151 dicitur,
3525 4100 3595 4141 ne

2016 4161 2209 4217 corpus
2255 4166 2372 4207 esse
2415 4156 2827 4215 credaturznon
2875 4166 2995 4230 quia
3042 4170 3202 4223 corda
3244 4173 3437 4228 munda
3480 4189 3593 4232 sum

2015 4240 2323 4298 substantiae
2363 4250 2807 4320 contemplatione
2847 4254 3144 4327 fraudabit;
3176 4277 3295 4318 cum
3341 4264 3453 4321 haec
3478 4283 3594 4323 ma-

2013 4347 2111 4401 gna
2139 4342 2195 4389 et
2216 4349 2421 4392 summa
2442 4353 2646 4395 merces
2666 4343 2831 4398 Deum
2860 4348 3154 4407 colentibus
3179 4362 3232 4408 et
3255 4354 3591 4426 diligentibus

2013 4423 2369 4494 promittatur,
2395 4427 2603 4486 dicente
2637 4433 2752 4503 ipso
2788 4436 3033 4507 Domino,
3059 4444 3269 4512 quando
3294 4423 3588 4518 corporali-

2009 4512 2110 4568 bus
2139 4516 2310 4571 oculis
2328 4518 2605 4576 visibiliter
2628 4527 2932 4595 apparebat,
2956 4539 3010 4585 et
3033 4531 3349 4591 invisibilem
3374 4512 3432 4593 se
3451 4554 3586 4597 con-

2010 4608 2261 4663 tuendum
2292 4612 2499 4668 mundis
2518 4616 2766 4674 cordibus
2788 4622 3147 4691 promittebat,
3175 4627 3273 4693 Qui
3290 4630 3456 4701 diligit
3480 4650 3579 4701 me,

2007 4697 2244 4769 diligetur
2269 4718 2301 4755 a
2326 4700 2482 4758 Patre
2531 4722 2675 4773 meo;
2713 4718 2760 4763 et
2794 4727 2884 4781 ego
2922 4712 3130 4785 diligam
3176 4733 3319 4787 eum,
3417 4697 3585 4777 esten;

2005 4788 2123 4843 dam
2146 4793 2390 4862 meipsum
2416 4795 2494 4849 illi
2528 4795 2701 4869 (Joan.
2730 4815 2840 4867 nv,
2871 4802 2986 4876 2i).
3024 4805 3148 4863 Haec
3172 4811 3366 4882 quippe
3394 4824 3583 4871 natura

2003 4879 2119 4949 ejus
2161 4884 2434 4952 aequaliter
2468 4900 2589 4941 cum
2618 4889 2781 4953 lintre»
2815 4893 3111 4964 invisibilis,
3138 4879 3276 4955 sicut
3303 4879 3583 4973 aequaliter

2002 4969 2413 5044 incorruptibilis
2437 4985 2517 5031 est
2543 4994 2717 5048 :quae,
2749 4982 2886 5037 sicut
2910 5000 3066 5056 supra
3096 4990 3294 5046 dictum
3320 4969 3423 5062 est,
3450 5010 3579 5052 con-

2004 5061 2246 5119 tinuatim
2273 5066 2560 5135 Apostolus
2584 5070 2791 5139 posuit;
2816 5073 3048 5132 divinam
3075 5079 3445 5151 substantiam,
3472 5103 3577 5158 qua

2000 5157 2170 5224 potuit
2210 5156 2509 5215 hominibus
2534 5162 2907 5230 praedicatione
2923 5208 2940 5232 ,
2964 5173 3344 5230 commendans
3370 5176 3417 5249 (Ι
3437 5156 3572 5236 Tim.

2000 5260 2052 5313 ι,
2085 5246 2196 5317 17).
2227 5248 2393 5315 Quam
2416 5250 2463 5304 si
2488 5253 2627 5307 oculi
2649 5257 2952 5326 corporales
2977 5260 3029 5315 in
3051 5246 3434 5323 resurrectione
3454 5286 3575 5325 mu-

1998 5348 2105 5396 tata
2128 5356 2409 5412 corporum
2438 5345 2689 5415 qualitate
2714 5350 3072 5421 conspicient,
3107 5355 3333 5413 viderint
3355 5361 3446 5431 qui
3471 5360 3577 5418 hoc

1996 5443 2221 5504 possunt
2251 5435 2527 5493 adstruere
2551 5457 2565 5494 :
2589 5454 2676 5496 me
2720 5441 2841 5510 plus
2879 5454 3055 5502 movet
3100 5448 3240 5504 illius
3280 5454 3573 5523 sententia,

1996 5524 2086 5594 qui
2110 5542 2210 5582 nec
2234 5527 2288 5582 in
2315 5528 2427 5599 ipsa
2452 5534 2842 5591 resurrectione
2870 5534 2973 5593 hoc
2995 5541 3360 5610 corporalibus
3378 5546 3566 5615 oculis,

1996 5615 2093 5671 sed
2118 5617 2332 5674 mundis
2361 5621 2610 5678 cordibus
2638 5625 2840 5681 tribuit.

2064 5706 2288 5765 CAPUT
2310 5710 2622 5770 XXI.—49.
2639 5717 2704 5771 Et
2719 5717 2785 5773 de
2804 5719 3089 5788 Spiritnalis
3104 5724 3314 5795 quidem
3330 5731 3572 5801 corporis

1995 5798 2266 5868 qualitate,
2303 5804 2445 5874 quod
2467 5810 2840 5865 resurrecturis
2879 5814 3220 5885 promittitur,
3250 5819 3337 5875 vel
3361 5798 3573 5880 discere

1996 5893 2194 5966 aliquid
2219 5897 2425 5970 adhuc,
2454 5902 2537 5973 vel
2565 5919 2801 5972 quaerere
2829 5923 2938 5961 non
2965 5923 3155 5967 recuso
3182 5928 3194 5965 :
3230 5912 3273 5968 si
3302 5921 3477 5972 tamen
3501 5915 3573 5975 de

2089 6050 2178 6067 -.μ
2208 6046 2245 6079 ν.
2714 5999 3005 6082 (νέηαι.)
