4112 6346
542 381 647 441 619

538 495 640 550 hac
668 509 724 549 re
750 493 1076 563 disputantes
1121 489 1223 547 illis
1264 490 1405 545 vitiis
1448 503 1632 545 carere
1659 486 1955 558 possimus,
1993 499 2113 559 quae

537 588 852 661 plerumque
882 584 1071 657 studiis
1094 582 1336 637 humanis
1373 589 1427 637 et
1459 565 1936 636 concertationibus
1965 578 2113 632 exci-

539 684 738 741 tantur,
758 674 884 729 dum
914 687 1070 743 supra
1097 686 1253 739 quam
1279 671 1533 741 scriptum
1561 677 1643 724 est
1671 683 1806 723 unus
1826 682 1923 739 pro
1945 668 2115 722 altero

536 767 752 831 inﬂetur
777 766 1032 822 adversus
1059 764 1283 819 alterum
1309 781 1322 817 :
1348 777 1417 819 ne
1440 762 1565 817 dum
1588 750 1895 818 altercando
1916 761 2115 830 qumri-

536 874 657 914 mus
683 858 997 926 investigare
1017 854 1281 925 quomodo
1326 852 1491 924 possit
1525 851 1693 908 videri
1733 851 1904 916 Deus,
1936 832 2113 920 ipsam

540 963 724 1020 pacem
753 944 1331 1016 sanctificationemque
1357 942 1657 1014 perdamus,
1691 932 1804 997 sine
1824 950 1925 1012 qua
1957 952 2113 994 nemo

539 1040 731 1113 poterit
774 1039 954 1094 videre
999 1038 1199 1102 Deum;
1240 1034 1381 1107 quod
1424 1026 1536 1105 ipse
1571 1041 1773 1088 avertat
1800 1048 1828 1086 a
1863 1032 2113 1088 cordibus

536 1134 755 1199 nostris,
776 1141 831 1188 ut
850 1146 914 1188 ea
933 1145 1042 1185 suae
1067 1128 1501 1199 contemplationi
1529 1127 1722 1182 munda
1749 1126 1935 1181 reddat
1954 1133 2112 1196 atque

536 1223 818 1281 custodiat.
858 1221 993 1278 Illud
1021 1234 1199 1277 tamen
1224 1221 1345 1291 quia
1375 1234 1479 1274 non
1507 1216 1709 1280 dubito,
1741 1231 1844 1271 non
1866 1206 2109 1286 requiro,

537 1318 678 1388 quod
697 1319 789 1374 Dei
811 1326 998 1373 natura
1019 1330 1285 1386 nunquam
1311 1313 1553 1367 videatur
1571 1311 1623 1365 in
1643 1310 1780 1367 loco.
1799 1308 1915 1364 Jam
1936 1293 2112 1362 utrum

537 1411 706 1481 possit
746 1409 902 1480 hujus
940 1409 1180 1478 corporis
1222 1405 1388 1460 oculis
1430 1402 1595 1457 videri
1634 1398 1832 1471 aliquid
1874 1398 2013 1470 quod
2061 1398 2113 1452 in

539 1504 655 1557 loco
699 1516 804 1555 non
844 1499 1074 1561 videtur,
1104 1497 1172 1551 ab
1208 1497 1288 1555 eis
1321 1495 1410 1565 qui
1452 1490 1556 1548 hoc
1592 1492 1770 1547 valent
1803 1489 2114 1546 disserendo

536 1600 857 1657 monstrare,
882 1606 1002 1646 cum
1045 1603 1173 1659 pace
1214 1586 1513 1642 dilectionis
1530 1582 1715 1638 audire
1739 1591 1949 1653 paratus
1971 1594 2110 1647 sum,

536 1695 592 1743 et
617 1685 760 1757 quod
785 1698 872 1740 me
896 1691 1074 1738 movet
1103 1682 1157 1735 in
1183 1690 1466 1735 commune
1504 1675 1773 1733 conferre.
1805 1674 1941 1731 Sunt
1974 1674 2114 1727 enini

536 1777 780 1849 quidam,
809 1776 898 1848 qui
938 1775 1101 1830 Deum
1145 1774 1319 1844 ipsum
1359 1769 1578 1825 omnino
1613 1781 1808 1838 corpus
1835 1780 1952 1822 εεδε
1981 1780 2114 1834 ιιι-ἐε-

536 1877 786 1933 sumunt,
810 1875 1055 1938 putantes
1097 1862 1350 1936 quidquid
1394 1876 1586 1934 corpus
1629 1875 1734 1916 non
1772 1866 1888 1926 est,
1917 1857 2112 1912 nullam

539 1973 757 2029 prorsus
784 1970 902 2015 esse
939 1955 1288 2012 substantiam
1331 1970 1347 2010 :
1388 1954 1520 2008 istos
1562 1951 1709 2007 omni
1753 1949 1912 2005 modo
1957 1962 2113 2004 aver-

536 2048 732 2109 sandes
750 2064 967 2105 censeo.
995 2051 1132 2104 Sunt
1153 2056 1328 2102 autem
1356 2044 1481 2111 alii,
1511 2045 1675 2098 Deum
1702 2042 1914 2113 quidem
1943 2042 2114 2110 ipsum

536 2156 741 2212 corpus
757 2157 861 2198 non
885 2154 1006 2195 esse
1030 2139 1250 2193 minime
1273 2137 1606 2201 dubitantes;
1628 2128 1725 2189 sed
1761 2133 1880 2188 ideo
1906 2120 1998 2186 eos
2027 2130 2115 2202 qui

537 2233 605 2289 ad
633 2234 792 2288 vitam
820 2244 1075 2291 ateruam
1103 2237 1403 2298 rcsurgent,
1426 2227 1585 2282 etiam
1616 2238 1710 2296 per
1739 2238 1931 2294 corpus
1951 2222 2115 2276 Deum

536 2324 747 2377 visuros
775 2318 978 2392 putant,
1001 2318 1430 2391 quoniam‘talem
1451 2308 1666 2386 sperant
1689 2313 1975 2383 spiritualis
1997 2327 2117 2393 cor-

536 2416 680 2486 poris
705 2414 1006 2484 qualitatem
1026 2455 1040 2478 ,
1071 2421 1128 2467 ut
1154 2412 1312 2467 etiam
1345 2411 1453 2480 ipsa
1482 2412 1598 2479 Quae
1625 2422 1750 2462 caro
1778 2405 1981 2470 fuerat,
2008 2404 2117 2474 spi-

536 2508 669 2571 ritus
708 2507 818 2562 tiat.
849 2507 999 2575 Quod
1025 2507 1068 2561 si
1100 2507 1169 2559 ita
1201 2513 1301 2570 est,
1331 2510 1583 2573 quantum
1616 2501 1775 2555 distet
1800 2515 1828 2552 a
1856 2496 2115 2567 superiori

537 2599 807 2668 Opinione,
829 2608 885 2653 et
909 2612 1064 2667 quam
1095 2595 1197 2650 hoc
1221 2596 1289 2649 sit
1311 2593 1637 2648 tolerabilius
1657 2632 1669 2656 ,
1698 2580 1907 2645 etianisi
1926 2586 2112 2643 verum

538 2703 643 2743 non
671 2690 760 2755 sit,
792 2697 916 2758 puto
944 2686 1189 2741 facillime
1214 2675 1458 2755 iudicari.
1482 2683 1661 2738 Primo
1683 2722 1698 2748 ,
1724 2681 1848 2751 quia
1892 2679 2112 2733 multum

538 2779 758 2833 interest
803 2787 978 2833 utrum
1009 2778 1076 2834 de
1103 2777 1357 2832 Creatore
1385 2768 1450 2830 an
1482 2775 1549 2829 de
1575 2782 1815 2829 creatura
1846 2772 2000 2827 aliter
2023 2771 2117 2825 ali-

538 2869 662 2939 quid
700 2870 958 2926 sentiatur
991 2884 1146 2939 quam
1178 2870 1375 2924 veritas
1415 2867 1591 2923 habet.
1624 2866 1851 2933 Deinde,
1875 2864 1995 2935 quia
2026 2879 2117 2919 co-

538 2972 693 3017 natus
720 2964 911 3018 mentis
940 2972 1223 3031 utcumque
1250 2960 1498 3016 ferendus
1523 2970 1604 3016 est
1623 3002 1636 3024 ,
1665 2960 1891 3014 volentis
1918 2972 2115 3027 corpus

538 3063 846 3109 convertere
873 3054 923 3108 in
952 3054 1212 3123 Spiritum,
1247 3069 1348 3109 non
1382 3053 1433 3106 in
1464 3066 1657 3121 corpus
1688 3051 1872 3105 Deum.
1897 3050 2112 3105 Postre-

538 3163 648 3215 mo,
675 3149 795 3217 quia
826 3146 877 3201 id
908 3146 1048 3216 quod
1073 3162 1171 3216 ego
1198 3146 1250 3200 in
1280 3146 1366 3200 illa
1388 3144 1607 3214 epistola
1637 3158 1751 3198 mea
1781 3143 1888 3197 dixi
1915 3143 1981 3197 de
2003 3143 2115 3197 istis

538 3246 735 3299 nostra:
754 3237 931 3292 carnis
955 3238 1139 3302 oculis,
1172 3238 1490 3306 quia.neqne
1519 3249 1659 3291 nunc
1683 3241 1920 3304 possunt,
1946 3247 2115 3302 neque

539 3337 666 3381 tunc
709 3336 957 3396 poterunt
1005 3328 1173 3382 Deum
1211 3327 1393 3381 videre
1436 3324 1623 3397 (Epist.
1653 3325 1742 3390 ΟΞ,
1766 3342 1818 3379 n.
1849 3326 1927 3395 ὃ),
1955 3326 2113 3378 etiam

537 3418 616 3472 sic
638 3433 820 3477 verum
857 3427 1103 3471 estznon
1144 3416 1285 3471 enim
1324 3417 1519 3469 dictum
1563 3424 1644 3471 est
1692 3416 1792 3470 nisi
1834 3415 1902 3471 de
1947 3415 2116 3469 oculis

539 3509 944 3576 corporalibus,
972 3508 1113 3577 quod
1139 3517 1265 3562 tunc
1294 3522 1399 3562 non
1430 3514 1586 3561 erunt
1622 3509 1666 3562 si
1709 3521 1902 3575 corpus
1942 3507 2113 3575 ipsum

538 3598 931 3665 spiritus'erit;
973 3614 1039 3653 ac
1081 3614 1175 3668 per
1234 3599 1334 3654 hoc
1388 3598 1630 3664 corporei
1672 3598 1810 3652 oculi
1849 3611 2114 3665 nunquam

540 3689 706 3744 Deum
729 3689 1143 3759 videbunt,quia
1172 3705 1290 3744 cum
1311 3690 1589 3755 videbitur,
1612 3690 1828 3760 spiritus
1854 3704 1992 3751 eum,
2010 3703 2113 3742 non

538 3796 734 3851 corpus
754 3782 971 3837 videbit.

609 3874 697 3931 50.
728 3874 858 3929 Tota
907 3875 1066 3945 igitur
1101 3874 1325 3944 quaestio
1361 3873 1471 3944 jam
1516 3874 1772 3928 remansit
1798 3872 1867 3927 de
1896 3887 2118 3949 corpore

538 3965 801 4036 spirituali
827 4006 841 4031 ,
886 3975 1151 4036 quatenus
1192 3963 1378 4018 induat
1424 3962 1870 4033 incorruptionem
1920 3971 1975 4018 et
2019 3956 2121 4017 im;

540 4057 910 4113 mortalitatem
945 4058 1047 4111 hoc
1068 4056 1411 4126 corruptibile
1435 4065 1594 4124 atque
1622 4055 1844 4110 mortale
1863 4096 1877 4121 ,
1909 4064 1962 4109 et
1989 4071 2120 4126 qua—

539 4160 693 4206 tenus
721 4166 786 4205 ex
811 4150 1029 4205 animali
1069 4150 1121 4205 in
1158 4148 1432 4219 spirituale
1460 4155 1713 4203 mutetur.
1742 4147 1871 4214 Quae
1896 4147 2118 4216 diligen-

540 4243 643 4298 tius
663 4242 1040 4314 sollicitiusque
1070 4240 1339 4298 tractanda
1367 4246 1481 4306 est;
1509 4240 1736 4296 maxime
1761 4247 1975 4310 propter
1998 4256 2118 4296 cor-

537 4348 638 4406 pus
663 4334 824 4403 ipsius
855 4333 1081 4399 Domini,
1111 4335 1202 4404 qui
1225 4332 1561 4403 transiigurat
1586 4346 1778 4403 corpus
1807 4331 2118 4386 humilitatis

539 4433 758 4492 nostra,
784 4425 1053 4480 conforme
1067 4427 1276 4494 corpori
1293 4425 1478 4494 gloriae
1501 4439 1612 4479 sua:
1632 4424 1886 4495 (Philipp.
1901 4438 1979 4489 ιιι,
1998 4423 2113 4497 21),

540 4526 599 4570 ιιι
615 4518 776 4585 possit
799 4516 897 4570 sibi
919 4516 1180 4585 subjicere
1197 4518 1395 4572 omnia.
1408 4514 1545 4571 Cum
1564 4516 1706 4570 enim
1728 4504 1781 4570 ct
1804 4516 1945 4570 Deus
1958 4515 2118 4570 Pater

539 4606 719 4662 videat
736 4604 945 4673 Filium,
965 4616 1019 4663 et
1036 4607 1204 4662 Filius
1225 4608 1467 4673 Patrem;
1491 4604 1849 4677 proculdubio
1868 4623 1973 4663 non
1994 4617 2118 4663 sunt

538 4698 785 4753 audiendi
817 4699 905 4768 qui
931 4700 1189 4754 visionem
1219 4699 1652 4755 noluuttribuere
1669 4699 1768 4753 nisi
1785 4692 2113 4769 Corporibus.

536 4789 720 4862 Neque
744 4792 884 4849 enim
913 4790 1015 4847 dici
1046 4794 1124 4845 fas
1164 4800 1245 4847 est
1287 4792 1423 4861 quod
1462 4786 1647 4846 Filium
1678 4776 1852 4846 ‘Pater
1896 4807 2000 4846 non
2039 4792 2118 4869 vii-

536 4881 692 4950 deat;
724 4892 813 4941 aut
837 4925 852 4950 ,
897 4892 951 4939 et
997 4892 1055 4937 ut
1081 4884 1194 4953 ipse
1234 4883 1447 4950 videat,
1474 4898 1697 4953 corpore
1742 4883 1953 4938 indutus
1993 4893 2112 4952 est,

534 4975 579 5030 si
627 4976 840 5031 nonnisi
893 4976 959 5030 ad
1004 4989 1198 5044 corpus
1244 4975 1472 5055 pertinet
1549 4976 1708 5030 visus.
1786 4973 1922 5043 Quid
1975 4974 2115 5046 quod

534 5067 588 5122 in
632 5068 751 5138 ipso
794 5068 975 5123 mundi
1013 5067 1250 5133 exordio,
1296 5068 1579 5137 antequam
1609 5082 1638 5121 a
1680 5067 1823 5122 Filio‘
1839 5076 1973 5122 esset
2010 5067 2115 5123 ulla

504 5158 706 5215 -forma
742 5150 885 5217 servi
928 5169 1206 5231 suscepta,
1235 5159 1367 5216 vidit
1414 5161 1552 5237 Deus
1588 5161 1765 5216 lucem
1808 5163 1928 5232 quia
1979 5162 2113 5237 bona

533 5261 664 5318 est;
713 5259 767 5307 et
818 5240 1204 5307 firmamentum
1240 5294 1255 5319 ,
1305 5261 1360 5308 et
1410 5236 1594 5321 mare,
1657 5260 1711 5308 et
1773 5236 2023 5318 aridam,
2063 5261 2117 5308 et

534 5354 692 5398 omne
730 5344 939 5407 fenumc,
987 5352 1147 5415 atque
1186 5360 1346 5402 omne
1392 5338 1619 5416 lignum,
1666 5347 1872 5414 solem,
1900 5337 2145 5414 lunam',‘

535 5430 742 5501 stellas,
790 5437 995 5506 reptilia
1050 5437 1344 5493 animarum
1392 5439 1647 5502 vivarum,
1678 5439 1908 5493 volatilia
1938 5428 2111 5504 'coeli,

532 5526 764 5581 anitham
802 5527 977 5582 vivam
1019 5545 1034 5581 :
1076 5538 1344 5599 postremo
1400 5528 1533 5583 vidit
1592 5528 1731 5585 Deus
1778 5526 1954 5585 omnia
1997 5530 2116 5600 quae

535 5614 690 5683 fecit;
716 5626 771 5674 et
800 5634 924 5676 ecce
963 5620 1098 5676 bona
1137 5620 1288 5676 valde
1317 5619 1466 5692 (Gen.
1496 5612 1533 5687 ι,
1557 5620 1743 5691 4-5i)?
1790 5621 1941 5689 Quod
1992 5602 2114 5678 c'u'm

536 5722 633 5780 per
688 5726 924 5784 quasque
976 5704 1244 5770 creatures
1291 5714 1559 5785 Scriptura
1609 5715 1762 5771 toties
1811 5710 2111 5787 repetisset,

535 5801 704 5858 miror
751 5803 891 5860 unde
943 5812 1066 5861 nata
1132 5805 1285 5862 fuerit
1346 5807 1431 5863 illa
1479 5808 1658 5880 opinio
1707 5823 1809 5880 qua
1873 5800 2112 5881 putatum

1749 372 1805 431 s.
1843 369 2205 457 aucusruvt
2240 371 2537 451 EPISCOPI

3686 382 3794 444 63.0

2224 497 2305 579 est
2356 497 2552 579 tantum
2604 491 2667 546 ad
2720 507 2940 564 corpora
3007 497 3279 569 pertinere
3328 498 3605 577 visionem.
3661 500 3792 579 Quas!

2219 576 2396 649 opinio
2420 570 2488 636 de
2508 570 2837 656 quocumque
2857 586 3100 672 loquendi
3129 604 3276 645 more
3299 602 3410 669 orta
3438 570 3790 672 δεμδςτῖρῳξ

2217 687 2292 761 rze
2319 680 2492 728 tamen
2516 684 2708 731 sancte
2737 691 2839 763 non
2870 677 2945 737 sic
2971 670 3111 749 loqui
3146 681 3351 767 solent;
3379 697 3495 759 quin
3642 721 3660 765 ,
3678 670 3788 764 qun

2219 770 2418 857 tantum
2436 766 2861 835 corpori,verum
2900 770 3055 824 etiam
3087 771 3311 840 spiritui,
3340 766 3613 857 pingisqpe
3634 773 3789 855 spiri-

2212 853 2291 908 tui
2315 871 2469 924 quam
2496 857 2701 927 corpori
2730 859 3017 941 tribuerent
3037 858 3288 951 visionem
3313 853 3460 951 ,nop
3493 853 3788 949 Prophetas

2218 948 2427 1017 proprie
2465 946 2696 1003 Videntes
2718 950 2760 1021 (l
2794 932 2916 1025 Rep.
2944 968 3016 1035 is,
3122 922 3548 1035 appellavissent,
3569 922 3661 1025 qui
3684 926 3788 1023 non

2215 1053 2438 1109 corpore
2467 1040 2558 1094 sed
2584 1040 2767 1109 spiritu
2795 1043 2952 1098 etiam
2978 1040 3150 1115 futura
3180 1043 3447 1115 viderunt.

2285 1124 2509 1185 CAPUT
2533 1130 2696 1217 XXII.
2718 1161 2789 1173 ——
2810 1132 2897 1187 5!.
2924 1126 3027 1189 Sed
3057 1122 3393 1219 cogitandum
3434 1143 3516 1219 est
3556 1150 3627 1219 pc
3664 1135 3789 1219 quid

2210 1218 2504 1275 insolenter
2533 1211 2822 1276 audeamus
2841 1266 2855 1290 ,
2884 1223 2927 1277 si
2954 1224 3241 1299 dixerimus
3264 1214 3455 1297 corpus
3484 1206 3587 1309 pen
3614 1206 3788 1315 solum

2216 1309 2585 1365 mortalitatem
2626 1319 2679 1366 et
2711 1313 3227 1397 corruptibilitatem,
3261 1332 3442 1397 verum
3485 1318 3647 1397 etiam
3694 1309 3792 1393 hoc

2216 1394 2386 1473 ipsum
2430 1400 2569 1471 quod
2624 1388 2941 1476 corpus'cst
2984 1391 3080 1497 "pei-
3121 1384 3341 1483 gloriam
3383 1386 3791 1497 resurrectionis

2216 1491 2477 1557 amittere,
2504 1502 2556 1547 et
2575 1494 2815 1563 spiritum
2846 1482 3088 1552 ﬁeri.'Eo
3111 1482 3267 1554 modo
3297 1482 3512 1579 quippe,
3537 1482 3788 1583 autem);

2217 1581 2567 1659 duplicabitur
2607 1586 2895 1641 substantia
2939 1576 3172 1665 spiritus,
3197 1589 3239 1663 si
3266 1590 3327 1645 et'
3344 1576 3534 1673 cpt-pus
3554 1576 3792 1673 spiritus

2216 1676 2346 1737 erit;
2375 1683 2465 1729 aut
2490 1674 2536 1731 si
2563 1691 2697 1731 unus
2722 1677 2823 1732 erit
2851 1679 3064 1767 spiritus
3089 1672 3337 1755 hominis,
3371 1658 3440 1761 ita
3468 1691 3524 1773 ut
3549 1658 3792 1769 coniugii:~

2219 1770 2324 1818 tato
2344 1773 2397 1820 et
2420 1781 2675 1822 converso
2702 1768 2753 1822 in
2787 1770 3025 1838 spiritum
3061 1786 3284 1851 corpore
3304 1815 3317 1837 ,
3346 1768 3515 1851 neque
3547 1768 3789 1851 gemina-

2218 1854 2359 1911 tione
2375 1871 2547 1926 neque
2563 1854 2889 1914 incremento
2909 1848 3325 1941 conduplicctur,
3470 1848 3688 1941 omnino
3716 1848 3794 1941 ul:

2218 1945 2318 2001 lius
2337 1961 2550 2003 accessu
2566 1951 2872 2020 quantitatis
2885 1932 3167 2025 augeatur;
3183 1932 3620 2021 metuenduinest
3636 1975 3707 2014 ne
3724 1932 3795 2019 ni;

2216 2033 2293 2090 hil
2317 2038 2455 2093 aliud
2479 2038 2581 2095 dici
2610 2030 2871 2109 videatur,
2894 2058 3049 2113 quam
3079 2060 3298 2117 corpora
3338 2062 3440 2103 non
3482 2048 3567 2102 illa
3614 2059 3793 2104 muta-

2221 2129 2362 2185 tione
2389 2131 2705 2187 immortalia
2734 2149 2980 2189 mansura
3002 2122 3136 2201 ,ἐρα
3165 2139 3300 2215 nulla
3331 2140 3503 2211 potius
3528 2128 3712 2211 futura
3743 2152 3797 2217 et

2218 2223 2435 2278 omnino
2461 2224 2713 2311 peritura.
2743 2224 3074 2311 Quapropter
3100 2226 3270 2311 donec
3296 2230 3531 2305 diligenti
3566 2214 3796 2303 inquisita

2220 2314 2391 2395 tione,
2433 2312 2477 2369 si
2523 2307 2783 2371 Dominus“
2810 2308 3099 2387 adjuverit,
3131 2307 3421 2397 reperiatur
3443 2321 3567 2397 quid
3598 2338 3795 2397 secun-

2217 2406 2344 2460 dum
2372 2406 2677 2476 Scripturas
2703 2407 2772 2464 de
2800 2409 3058 2478 spirituali
3082 2394 3304 2480 corpore
3329 2411 3468 2483 quod
3488 2394 3564 2469 "in
3605 2394 3793 2469 resur-

2218 2499 2450 2552 rectione
2490 2500 2830 2568 promittitur,
2866 2488 3187 2579 probabilius
3226 2486 3558 2579 septientlum
3586 2484 3798 2572 sit,’in-

2220 2590 2372 2643 terim
2399 2590 2552 2647 nobis
2576 2591 2807 2647 sufﬁciat
2835 2580 2979 2663 quod
3003 2576 3521 2679 unigenitusilj‘ilius,
3547 2589 3798 2673 idemque

2217 2681 2475 2736 mediator
2517 2682 2608 2737 Dei
2646 2690 2700 2736 et
2738 2674 3217 2741 hominumﬂbo‘mo
3259 2674 3499 2769 gliristus
3542 2687 3695 2742 Jesus
3741 2688 3801 2769 (ζ

2222 2769 2350 2823 Tim.
2397 2787 2468 2838 ιι,
2498 2770 2553 2845 5)
2592 2773 2662 2826 ita
2695 2763 2839 2827 videt
2876 2764 3116 2841 Patrem,
3149 2762 3527 2832 sicut-videtur
3550 2793 3577 2833 a
3608 2762 3794 2853 Patre.

2220 2861 2328 2916 Nos
2358 2873 2532 2918 autem
2562 2863 2627 2919 ad
2654 2864 2795 2918 illam
2823 2866 3076 2921 visionem
3110 2866 3202 2922 Dei
3234 2855 3366 2938 quae
3411 2860 3557 2945 nobis
3597 2870 3649 2945 in
3700 2886 3798 2926 re-

2220 2956 2545 3011 surrectione
2591 2957 2944 3027 promittitur,
2991 2948 3095 3014 non
3145 2948 3208 3014 ex
3256 2946 3358 3014 hoc
3395 2940 3795 3016 mundolistam

2218 3050 2695 3119 concupiscentiam
2737 3052 3006 3105 oculorum
3051 3050 3339 3106 transferre
3380 3066 3651 3119 conemur,
3697 3036 3799 3127 sed

2219 3140 2533 3195 mundandis
2558 3140 2803 3196 cordibus
2830 3142 2915 3213 pio
2941 3143 3244 3197 Studeamus
3272 3130 3458 3207 affectu
3490 3162 3505 3199 :
3534 3159 3630 3199 nec
3668 3124 3800 3198 cor:

2176 3280 2186 3288 .
2221 3235 2450 3302 poralem
2477 3234 2659 3289 faciem
2688 3237 2979 3307 cogitemus
2998 3279 3012 3303 ,
3040 3252 3160 3291 cum
3189 3222 3315 3292 dicit
3346 3218 3660 3315 Apostolus,
3708 3237 3803 3293 Vi-

2219 3324 2393 3380 demus
2436 3342 2569 3380 nunc
2611 3344 2701 3398 per
2740 3326 2998 3397 speculum
3043 3329 3095 3382 in
3138 3332 3435 3402 (enigmata;
3466 3338 3583 3384 tunc
3628 3339 3800 3408 autem

2219 3417 2348 3486 [acie
2370 3418 2437 3470 ad
2469 3419 2686 3490 faciem;
2712 3423 3005 3491 praesertim
3025 3423 3145 3493 quia
3178 3406 3461 3492 Apostolus
3489 3406 3800 3497 expreSsius

2218 3508 2378 3576 dixit,
2408 3508 2561 3563 Nunc
2584 3512 2685 3565 scio
2711 3526 2774 3566 ea:
2802 3523 2973 3582 parte;
3012 3524 3128 3567 tunc
3156 3522 3323 3568 autem
3346 3532 3640 3586 cognoscam
3664 3519 3802 3572 sicut

2219 3608 2263 3653 et
2290 3600 2514 3672 cognitus
2532 3618 2642 3655 sum
2669 3600 2711 3676 (l
2740 3598 2857 3659 Cor.
2887 3620 2996 3670 xm,
3018 3600 3125 3677 12).
3160 3605 3215 3660 Si
3230 3594 3366 3677 ergo
3387 3615 3511 3660 tunc
3532 3586 3801 3677 corporali

2221 3694 2383 3747 Deum
2405 3693 2535 3748 facie
2553 3709 2953 3765 cognoscemus,
2968 3684 3229 3767 corporali
3253 3699 3367 3767 ejus
3393 3713 3529 3752 nunc
3554 3695 3687 3750 facie
3704 3713 3806 3753 co-

2218 3783 2347 3852 gniti
2373 3782 2739 3839 sumus:Tunc
2768 3788 2907 3841 enim
2939 3803 3253 3859 cognoscam,
3273 3787 3459 3857 inquit,
3489 3789 3615 3841 sicut
3636 3797 3683 3841 et
3711 3805 3805 3842 co-

2218 3878 2387 3948 gnitus
2410 3894 2540 3933 sum.
2557 3878 2706 3955 Unde
2721 3880 2838 3951 quis
2864 3896 2983 3935 eum
3010 3895 3117 3935 non
3148 3881 3481 3951 mtelligateo
3498 3860 3615 3935 loco
3632 3882 3799 3935 etiam

2221 3980 2455 4025 nostram
2482 3969 2670 4026 faciem
2700 3972 2842 4027 illam
2869 3964 3165 4044 significare
3195 3972 3451 4037 voluisse,
3482 3971 3549 4026 de
3572 3988 3674 4042 qua
3723 3971 3807 4026 di-

2221 4062 2291 4116 cit
2315 4062 2418 4116 alio
2444 4060 2563 4117 loco
2582 4102 2598 4130 ,
2628 4058 2738 4118 Nos
2764 4073 2934 4118 autem
2957 4064 3172 4118 revelata
3200 4064 3326 4134 {acie
3349 4060 3561 4136 gloriam
3592 4046 3806 4116 Domini

2220 4137 2573 4221 speculantes,
2616 4153 2668 4207 in
2706 4157 2928 4208 eamdem
2966 4138 3234 4226 imaginem
3256 4140 3704 4224 ~transformamur
3743 4153 3807 4209 de

2219 4240 2380 4314 gloria
2420 4245 2474 4299 in
2517 4238 2771 4317 gloriam,
2807 4254 3043 4314 tanquam
3090 4261 3119 4298 α
3161 4244 3365 4298 Domini
3409 4245 3593 4316 spiritu
3626 4230 3804 4313 (Ibid.

2221 4348 2297 4399 ιιι,
2326 4332 2418 4408 18)
2439 4351 2453 4399 ;
2478 4332 2547 4389 de
2568 4334 2732 4404 gloria
2760 4335 2963 4390 Scilicet
2993 4333 3114 4391 fidei
3143 4336 3194 4390 in
3219 4336 3438 4405 gloriam
3468 4339 3831 4406 coutetnpla-‘

2221 4420 2379 4478 tionis
2417 4422 2672 4479 aeterne?
2701 4422 2813 4479 Hoc
2855 4424 3047 4496 quippe
3086 4423 3192 4495 agit
3228 4422 3342 4481 haec
3379 4424 3805 4492 transformatio,

2220 4532 2323 4586 qua
2370 4514 2594 4571 interior
2618 4517 2778 4571 homo
2810 4508 3093 4573 renovatur
3117 4516 3182 4572 de
3206 4517 3291 4573 die
3329 4517 3379 4571 in
3425 4516 3564 4571 diem
3590 4517 3656 4588 (il
3683 4516 3807 4573 Cor.

2219 4624 2293 4675 tv,
2324 4608 2413 4680 i6)
2435 4622 2450 4661 :
2473 4607 2540 4664 de
2568 4624 2673 4679 quo
2702 4618 2756 4664 ct
2779 4600 3047 4681 apostolus
3072 4608 3276 4671 Petrus,
3309 4623 3428 4663 cum
3455 4594 3576 4663 eum
3611 4625 3807 4664 mone-

2220 4706 2302 4756 ret
2326 4701 2537 4767 ornari,
2567 4700 2687 4756 Non
2716 4710 2828 4772 qua!
2853 4703 3011 4773 aforis
3034 4743 3048 4769 ,
3079 4700 3275 4772 inquit,
3306 4690 3550 4755 ornentur
3577 4686 3836 4770 capita);

2217 4811 2331 4850 rttm
2356 4793 2815 4865 incrispationibus,
2846 4803 2931 4848 aut
2952 4788 3094 4860 auro,
3118 4804 3205 4847 aut
3229 4784 3533 4865 margaritis,
3564 4795 3645 4848 vel
3672 4778 3811 4849 ueste

2219 4887 2469 4953 pretiosa;
2490 4885 2578 4940 sed
2602 4882 2686 4939 ille
2713 4883 3031 4939 absconditus
3063 4884 3227 4938 cordis
3261 4883 3441 4950 homo,
3472 4886 3557 4953 qui
3587 4895 3661 4955 est
3690 4897 3813 4938 nate

2219 4978 2381 5030 Deum
2408 4977 2542 5030 dives
2571 4966 2615 5043 (l
2640 4972 2779 5051 Patr.
2812 4990 2889 5043 ιιι,
2918 4970 2996 5047 3).
3041 4975 3094 5028 In
3140 4990 3240 5045 qua
3288 4962 3443 5029 enim'
3478 4968 3615 5029 facie
3662 4976 3808 5057 vein-

2218 5081 2338 5123 men
2370 5066 2564 5122 habent
2588 5060 2753 5122 Judaei
2782 5081 2886 5121 non
2917 5058 3237 5121 transeundo
3262 5060 3325 5119 ad
3348 5066 3642 5147 Christum,
3667 5083 3814 5137 quo-

2219 5152 2361 5235 niam
2404 5154 2523 5213 eum
2566 5159 2831 5213 transierit
2856 5148 3081 5228 quisque
3113 5158 3179 5211 ad
3219 5140 3817 5235 Christum’a'uferctur

2218 5233 2481 5314 velamen,
2512 5262 2574 5327 ea
2611 5240 2710 5304 nos
2732 5242 2867 5304 facie
2893 5250 3121 5305 revelata
3150 5250 3202 5302 in
3226 5247 3469 5329 eamdem
3514 5250 3815 5329 imaginem

2222 5322 2680 5398 transformamur.
2707 5343 3053 5412 Apertissime
3070 5351 3247 5398 autem
3269 5322 3416 5409 dicit,
3442 5316 3693 5431 ’νεᾷιξιιιτὶι
3718 5362 3815 5398 su-

2220 5452 2307 5507 per
2329 5434 2484 5490 corda
2512 5452 2683 5492 eorum
2707 5430 3023 5507 positum'est
3061 5428 3125 5509 (ll
3153 5424 3268 5517 Cor.
3299 5418 3699 5517 ιιιλὸτιξὶίῖὒῖ
3730 5425 3818 5517 est

2220 5528 2376 5599 igitur
2401 5527 2581 5596 facies,
2604 5543 2707 5600 qua
2742 5528 2975 5585 revelata
2995 5571 3010 5598 ,
3044 5545 3182 5585 nunc
3206 5516 3258 5584 in
3287 5514 3410 5597 fide,
3434 5514 3820 5600 q‘tiaiiivis'gfer

2220 5612 2488 5691 speculum
2523 5628 2576 5678 et
2607 5620 2660 5675 in
2687 5620 2964 5693 aenigmate
2991 5612 3339 5688 contuemur;
3367 5606 3489 5677 tun‘c
3518 5606 3706 5690 autem
3735 5608 3821 5680 fa;

2219 5712 2301 5771 cie
2325 5715 2391 5770 ad
2418 5710 2623 5771 faciem.
2666 5704 2671 5710 ’
3228 5699 3241 5709 ’
3534 5699 3585 5713 ’“’
3696 5700 3709 5711 ’
3742 5696 3795 5715 Α

2288 5806 2514 5868 CAPUT
2553 5805 2934 5899 XXlll.-—52.
2974 5805 3105 5895 Qnte
3141 5805 3187 5862 si
3216 5803 3509 5901 approbas,
3532 5815 3661 5897 gf.le
3700 5826 3827 5893 [τιφῖ
