4112 6346
516 583 943 641 commutabilem
964 590 1018 638 et
1045 580 1427 651 incorporalem
1447 578 1688 649 Spiritum
1707 578 1900 649 ubique
1924 586 2094 632 totum

514 694 637 735 esse
663 676 907 741 credens,
946 676 991 731 si
1021 685 1219 732 tantam
1247 674 1523 745 quisquam
1569 672 1913 727 mutationem
1941 670 2098 740 hujus

513 768 756 840 corporis
803 766 1029 823 futuram
1057 775 1222 839 putat,
1251 781 1371 821 cum
1401 780 1468 821 ex
1508 764 1721 819 animali
1761 763 1917 819 fuerit
1945 763 2101 834 spiri-

516 861 677 928 tualc,
710 870 765 915 ut
793 860 951 917 etiam
978 860 1326 915 substantiam
1380 858 1786 928 incorporalem,
1819 872 1926 912 non
1954 856 2100 911 loco-

516 971 631 1010 rum
663 954 953 1009 intervallis
977 952 1062 1008 vel
1082 953 1272 1026 spatiis
1296 950 1726 1019 divisibilem,vel
1749 949 1907 1005 etiam
1929 962 2099 1003 mem-

516 1045 729 1101 brorum
753 1045 1085 1102 lineamentis
1105 1060 1167 1101 ac
1188 1045 1380 1100 ﬁnibus
1401 1044 1760 1110 terminatam,
1775 1040 1868 1097 sed
1900 1039 2097 1111 ubique

513 1147 697 1205 tutam,
726 1153 823 1208 per
850 1138 954 1194 tale
1003 1152 1197 1208 corpus
1223 1137 1403 1193 videre
1441 1136 1735 1207 possimus;
1776 1134 1898 1189 volo
1923 1143 1982 1188 ut
2009 1147 2097 1188 me

512 1228 717 1293 doceat,
750 1229 794 1284 si
816 1245 1000 1285 verum
1017 1230 1155 1300 sapit
1186 1247 1197 1283 :
1222 1229 1267 1284 si
1289 1240 1463 1284 autem
1487 1228 1541 1282 in
1564 1227 1666 1282 hoc
1691 1225 1881 1281 falsum
1911 1224 2092 1290 sentit,

512 1322 665 1391 longe
688 1322 1011 1377 tolerabilius
1041 1329 1124 1378 est
1163 1323 1376 1393 corpori
1406 1320 1604 1393 aliquid
1632 1335 1903 1392 arrogare,
1936 1333 2093 1390 quam

510 1412 621 1467 Deo
648 1412 927 1484 derogare.
960 1414 1027 1468 Et
1067 1414 1112 1470 si
1152 1429 1277 1469 vera
1302 1421 1385 1470 est
1420 1414 1517 1468 ista
1548 1413 1830 1479 sententia,
1861 1426 1967 1467 non
1993 1411 2097 1467 erit

507 1503 774 1561 contraria
798 1505 973 1560 verbis
992 1504 1146 1569 meis,
1166 1520 1283 1575 qua:
1310 1505 1361 1559 in
1390 1504 1475 1559 illa
1490 1503 1711 1574 epistola
1738 1502 1910 1573 posui.
1938 1500 2095 1557 Istius

510 1609 741 1666 namque
766 1597 1011 1667 corporis
1040 1597 1226 1652 oculos
1254 1596 1362 1651 dixi
1392 1611 1497 1651 non
1531 1595 1739 1650 visuros
1760 1595 1960 1659 Deum;
1993 1595 2095 1650 hoc

505 1685 739 1752 intuens,
782 1687 926 1757 quod
963 1687 1115 1743 istius
1142 1687 1385 1757 corporis
1409 1686 1548 1744 oculi
1588 1687 1806 1741 omnino
1835 1701 1939 1740 non
1966 1699 2093 1757 pos-

515 1785 642 1832 sunt
665 1793 887 1834 cernere
916 1778 1020 1834 nisi
1049 1794 1272 1849 corpora
1315 1793 1433 1849 quae
1458 1778 1525 1833 ab
1567 1778 1644 1833 eis
1677 1778 1855 1849 aliquo
1877 1777 1979 1833 loci
2007 1777 2093 1832 in-

507 1868 728 1923 tervallo
754 1877 995 1939 separata
1046 1878 1170 1925 sunt
1202 1887 1214 1922 :
1244 1884 1367 1924 nam
1421 1869 1468 1925 si
1514 1869 1721 1924 nullum
1755 1869 2093 1925 intervallum

502 1959 594 2027 sit,
637 1975 737 2016 nec
760 1961 873 2033 ipsa
902 1976 1125 2032 corpora
1155 1978 1252 2033 per
1276 1977 1370 2018 eos
1407 1961 1667 2018 videmus.

575 2053 629 2109 ὅ.
669 2053 837 2109 Porro
858 2064 1035 2111 autem
1078 2056 1124 2110 si
1170 2056 1221 2111 in
1251 2065 1449 2112 tantam
1498 2057 1580 2111 sui
1608 2056 2093 2112 dissimilitudinem

503 2154 685 2200 nostra
728 2162 952 2217 corpora
995 2149 1360 2217 mutabuntur,
1412 2159 1471 2205 ut
1510 2151 1693 2207 oculos
1718 2151 1963 2216 habeant,
1999 2166 2094 2221 per

504 2253 637 2307 quos
665 2238 905 2294 videatur
952 2240 1043 2296 illa
1073 2241 1365 2297 substantia
1394 2257 1517 2312 qua:
1568 2258 1675 2297 non
1723 2258 1821 2313 per
1852 2243 2091 2298 locorum

501 2329 671 2398 spatia
701 2329 785 2385 vel
814 2329 1125 2387 diffunditur
1153 2332 1236 2387 vel
1281 2333 1482 2399 linitur,
1530 2333 1656 2389 alibi
1705 2333 1906 2388 habens
1931 2334 2088 2388 aliam

500 2430 726 2490 partem,
755 2422 883 2477 alibi
911 2423 1090 2491 aliam,
1126 2424 1177 2479 in
1208 2425 1413 2480 minore
1443 2426 1562 2481 loco
1587 2425 1870 2491 minorem,
1898 2426 1951 2480 in
1970 2440 2093 2479 ma-

498 2512 617 2583 jore
640 2514 915 2583 majorem,
944 2514 1036 2570 sed
1052 2515 1249 2587 ubique
1274 2516 1675 2588 incorporaliter
1698 2525 1805 2571 tota
1832 2526 1946 2583 est;
1974 2518 2092 2572 lon-

500 2622 565 2675 ge
591 2606 732 2661 aliud
776 2617 930 2663 erunt
979 2607 1096 2665 haec
1142 2624 1384 2680 corpora,
1416 2617 1471 2664 et
1496 2625 1602 2665 non
1627 2618 1782 2667 erunt
1806 2609 1948 2680 ipsa;
1990 2623 2090 2665 nec

498 2698 610 2753 sola
641 2698 877 2755 detracta
904 2700 1225 2757 mortalitate
1251 2709 1413 2772 atque
1436 2700 1773 2772 corruptione
1803 2710 1858 2756 et
1884 2700 2087 2771 ponde-

499 2790 574 2844 ris
591 2790 851 2861 gravitate
877 2791 1021 2847 aliud
1050 2799 1227 2860 erunt,
1260 2792 1356 2849 sed
1386 2793 1437 2848 in
1460 2794 1707 2848 virtutem
1738 2793 1902 2865 ipsius
1932 2808 2087 2848 men-

500 2883 567 2936 tis
594 2882 990 2953 quodammodo
1006 2893 1399 2951 convertentur,
1420 2885 1463 2939 si
1490 2884 1669 2940 videre
1689 2894 1938 2956 poterunt
1958 2900 2090 2954 quo-

497 2974 657 3028 modo
687 2984 813 3031 tunc
847 2976 1033 3043 menti,
1077 2992 1220 3032 nunc
1248 2984 1424 3032 autem
1456 2992 1555 3032 nec
1580 2977 1680 3047 ipsi
1710 2977 1873 3031 menti
1904 2976 2088 3037 videre

497 3084 809 3125 concessum
836 3078 937 3125 est.
966 3069 1022 3125 Si
1051 3071 1191 3126 enim
1226 3073 1442 3125 mutatis
1472 3070 1708 3125 moribus
1732 3069 1957 3125 dicimus
1984 3068 2086 3122 ho-

496 3160 697 3216 minem
728 3177 831 3215 non
863 3176 983 3217 esse
997 3162 1085 3233 qui
1116 3162 1232 3229 fuit,
1263 3162 1307 3216 si
1334 3162 1562 3233 denique
1595 3162 1810 3217 mutatis
1838 3162 2087 3217 :etatibus

495 3252 667 3323 ipsum
695 3269 889 3324 corpus
917 3254 1143 3311 dicimus
1172 3272 1279 3310 non
1304 3271 1424 3310 esse
1444 3255 1585 3326 quod
1604 3256 1701 3310 fuit
1726 3272 1739 3308 :
1767 3265 1965 3326 quanto
1982 3271 2087 3310 ma-

492 3347 575 3416 gis
621 3347 794 3417 ipsum
838 3362 944 3403 non
973 3348 1094 3413 erit,
1132 3356 1275 3403 tanta
1323 3347 1673 3403 conversione
1715 3356 1996 3411 mutatum,
2028 3355 2089 3402 ut

494 3456 603 3496 non
631 3441 803 3496 solum
842 3440 1219 3497 immortaliter
1242 3442 1409 3505 vivat,
1437 3456 1622 3497 verum
1653 3440 1813 3495 etiam
1843 3439 2085 3495 invisibi-

492 3532 601 3587 lem
617 3532 831 3587 videat?
858 3534 1192 3603 Quapropter
1218 3533 1265 3588 si
1292 3532 1546 3587 videbunt
1576 3532 1764 3597 Deum,
1796 3546 1903 3585 non
1930 3531 2086 3588 istius

492 3623 732 3693 corporis
759 3623 897 3678 oculi
923 3624 1204 3689 videbunt;
1235 3625 1355 3693 quia
1378 3633 1431 3679 et
1451 3624 1504 3677 in
1527 3623 1629 3679 hoc
1654 3639 1757 3677 non
1790 3623 1890 3677 erit
1912 3623 2083 3692 ipsum

490 3728 686 3784 corpus
736 3729 905 3785 usque
934 3714 986 3768 in
1036 3713 1180 3768 illam
1209 3714 1315 3769 vim
1350 3715 1745 3785 potentiamque
1774 3722 2036 3769 mutatum
2065 3732 2081 3770 :

489 3812 548 3859 et
573 3819 678 3859 non
722 3813 806 3860 est
851 3806 1113 3861 contraria
1140 3806 1237 3861 ista
1284 3805 1464 3875 opinio
1492 3807 1595 3860 illis
1636 3806 1811 3861 verbis
1840 3807 2081 3878 epistola:

490 3910 646 3952 meae.
690 3895 745 3952 Si
762 3905 937 3952 autem
985 3897 1242 3953 hactenus
1271 3912 1376 3951 non
1406 3898 1507 3952 erit
1534 3898 1727 3967 ipsum,
1769 3899 1893 3969 quia
1940 3915 2082 3956 nunc

488 3987 736 4055 mortale,
779 3996 905 4044 tunc
933 3989 1262 4055 immortale;
1316 4004 1457 4045 nunc
1486 4005 1779 4061 aggravans
1822 3992 2077 4061 animam,

489 4087 616 4133 tunc
636 4079 781 4136 nullo
800 4080 1036 4151 pondere
1060 4080 1126 4136 ad
1148 4097 1360 4137 onmem
1383 4092 1583 4137 motum
1598 4083 1698 4137 erit
1723 4081 2035 4139 facillimum
2060 4101 2076 4140 :

487 4172 553 4227 ad
582 4173 806 4229 videnda
834 4189 960 4230 vero
985 4189 1047 4230 ea
1096 4190 1214 4245 qua:
1255 4174 1492 4230 locorum
1538 4176 1722 4245 spatiis
1753 4176 2077 4232 intervallis-

487 4280 590 4335 que
607 4274 916 4334 cernuntur,
945 4266 992 4323 si
1013 4281 1118 4321 non
1148 4267 1289 4321 aliud
1320 4282 1475 4337 quam
1501 4267 1673 4337 ipsum
1698 4268 2079 4331 erit,substan-

488 4355 616 4409 tiam
647 4355 1034 4427 incorporalem
1062 4365 1118 4411 et
1142 4358 1335 4427 ubique
1362 4366 1527 4412 totam
1567 4358 1716 4412 nullo
1745 4358 1903 4412 modo
1930 4357 2077 4414 vide-

486 4447 585 4503 bit.
613 4447 735 4504 Sive
772 4465 900 4519 ergo
948 4448 1071 4516 hoc,
1116 4451 1229 4505 sive
1256 4450 1383 4504 illud
1422 4466 1606 4505 verum
1652 4450 1738 4514 sit,
1782 4450 2074 4505 secundum

491 4551 774 4611 utrumque
800 4556 985 4596 verum
1010 4551 1091 4596 est
1128 4541 1268 4612 quod
1300 4542 1450 4596 istius
1480 4543 1719 4611 corporis
1744 4543 1882 4597 oculi
1908 4543 2074 4598 Deum

488 4649 596 4688 non
622 4633 894 4689 videbunt.
924 4634 1032 4689 Aut
1048 4634 1188 4688 enim
1205 4633 1356 4688 istius
1374 4644 1550 4702 erunt,
1575 4643 1628 4690 et
1648 4651 1753 4689 non
1784 4635 2069 4691 videbunt:

486 4734 578 4781 aut
602 4740 707 4781 non
736 4736 893 4782 erunt
918 4726 1088 4793 istius,
1112 4726 1158 4782 si
1175 4726 1458 4793 videbunt;
1481 4728 1729 4798 quoniam
1758 4736 1900 4783 tanta
1920 4743 2070 4785 com-

487 4818 782 4874 mutatione
810 4818 967 4890 longe
986 4818 1206 4874 alterius
1230 4821 1475 4889 corporis
1504 4829 1680 4877 erunt.

556 4910 612 4966 4.
640 4910 745 4967 Sed
774 4920 987 4982 paratus
1014 4927 1154 4980 sum,
1194 4911 1240 4967 si
1273 4912 1401 4982 quid
1427 4912 1493 4967 de
1527 4913 1623 4969 hac
1657 4930 1716 4970 re
1744 4914 1935 4972 melius
1968 4932 2069 4972 no-

482 5001 561 5057 vit
591 5001 677 5058 hic
704 5002 890 5071 frater,
918 5004 1003 5059 vel
1031 5004 1099 5058 ab
1124 5004 1269 5074 ipso,
1305 5006 1386 5059 vel
1426 5006 1496 5060 ab
1528 5006 1618 5061 illo
1652 5023 1680 5061 a
1718 5024 1823 5078 quo
1847 5008 2065 5078 didicit,

488 5094 715 5151 discere.
756 5095 909 5163 Quod
955 5096 1001 5151 si
1030 5096 1315 5152 irridenter
1345 5097 1579 5154 dicerem
1604 5141 1618 5163 ,
1648 5101 1807 5156 etiam
1837 5102 1964 5157 illud
2000 5103 2069 5159 de

485 5187 596 5243 Deo
622 5189 886 5259 corporali
910 5190 1268 5262 membrisque
1290 5206 1386 5261 per
1406 5191 1518 5247 loca
1539 5192 1808 5261 divisibili,
1833 5195 2067 5252 dicerem

482 5290 724 5351 paratum
754 5298 842 5338 me
875 5296 995 5339 esse
1017 5282 1225 5340 discere
1252 5301 1266 5338 :
1297 5285 1438 5355 quod
1470 5301 1573 5341 non
1613 5286 1733 5341 dico
1754 5328 1768 5352 ,
1807 5289 1929 5359 quia
1960 5306 2063 5345 non

481 5372 769 5429 irridenter
798 5374 986 5446 loquor
1009 5416 1024 5440 ,
1050 5384 1105 5430 et
1145 5376 1300 5432 talem
1346 5376 1512 5431 Deum
1548 5392 1652 5431 non
1691 5392 1813 5433 esse
1848 5380 2065 5435 omnino

482 5480 589 5521 non
616 5465 828 5537 ambigo
847 5506 863 5533 ,
890 5475 945 5523 et
973 5482 1041 5522 ne
1067 5467 1187 5522 talis
1206 5484 1327 5524 esse
1350 5468 1681 5536 crederetur,
1705 5470 1848 5524 illam
1875 5471 2067 5541 episto-

480 5554 585 5611 lam
613 5558 823 5627 scripsi.
854 5555 910 5612 ln
941 5573 1043 5628 qua
1067 5558 1193 5613 dum
1223 5575 1395 5615 essem
1426 5560 1479 5614 in
1505 5560 1840 5617 admonendo
1864 5563 2065 5619 sollici-

484 5658 591 5716 tus,
616 5666 774 5720 quam
797 5650 1099 5705 nominibus
1120 5652 1291 5706 tacitis
1312 5652 1623 5722 conscripsi,
1653 5654 1704 5708 in
1724 5655 2064 5725 corripiendo

480 5740 679 5796 nimius
703 5748 862 5812 atque
883 5742 1208 5813 improvidus
1238 5742 1331 5812 fui,
1355 5759 1453 5800 nec
1479 5742 1762 5800 fraternam
1784 5755 1839 5802 et
1857 5747 2064 5817 episco-

478 5833 653 5903 palem
693 5848 973 5904 personam
1004 5837 1139 5893 sicut
1180 5837 1341 5895 frater
1375 5849 1429 5896 et
1466 5842 1743 5913 episcopus
1763 5886 1777 5910 ,
1810 5841 2063 5913 quemad-

482 5925 700 5984 modum
728 5926 902 5985 fuerat
936 5928 1150 6002 dignum
1173 5974 1187 6002 ,
1216 5933 1439 6005 cogitavi
1476 5954 1489 5991 :
1523 5938 1620 5991 hoc
1654 5954 1757 5993 non
1793 5936 2055 6009 tlclentlo,

1711 459 1768 515 S.
1796 454 2163 516 AUGUSTINI
2202 454 2502 514 EPISCOPI

3679 450 3788 513 sas

2206 576 2301 631 sed
2326 575 2696 647 reprehendo;
2729 575 2832 632 hoc
2860 590 2965 631 non
3004 587 3230 641 excuso,
3260 570 3354 628 sed
3382 582 3595 627 accuso.
3626 568 3783 642 igno-

2203 678 2382 723 scatur
2400 709 2415 734 ,
2448 677 2596 739 peto;
2625 668 2937 723 recordetur
2978 675 3210 722 nostram
3238 664 3579 719 dilectionem
3603 662 3785 734 pristi-

2204 775 2349 827 nam,
2372 768 2426 815 et
2452 760 2791 816 obliviscatur
2817 759 3161 815 offensionem
3188 771 3395 812 novam.
3431 753 3614 810 Faciat
3637 763 3787 811 certe

2202 854 2346 925 quod
2372 870 2459 910 me
2484 870 2589 910 non
2618 853 2810 911 fecisse
2840 851 3170 916 succensuit;
3202 850 3395 905 habeat
3423 849 3699 904 lenitatem
3730 847 3784 903 in

2202 946 2375 1003 danda
2419 948 2596 1015 venia,
2641 962 2799 1018 quam
2837 962 2935 1018 ego
2970 960 3074 1000 non
3120 943 3278 999 habui
3327 942 3380 997 in
3421 942 3510 997 illa
3556 939 3785 1012 epistola

2200 1039 2604 1095 conscribenda.
2644 1038 2756 1094 Hoc
2792 1055 2885 1110 per
2912 1047 3055 1093 tuam
3091 1036 3405 1093 charitatem
3446 1049 3575 1102 rogo
3596 1075 3611 1099 ,
3640 1032 3785 1104 quod

2202 1147 2437 1201 praesens
2457 1140 2772 1202 praesentem
2791 1144 2980 1202 rogare
2999 1129 3294 1193 volueram,
3323 1128 3368 1181 si
3392 1126 3506 1197 ejus
3528 1125 3785 1181 haberem

2200 1223 2427 1294 capiam.
2454 1223 2606 1291 Quod
2631 1239 2755 1280 cum
2781 1232 3002 1279 conatus
3027 1237 3221 1288 essem,
3254 1221 3523 1277 scribente
3551 1218 3620 1274 ad
3657 1234 3783 1275 eum

2200 1314 2315 1370 viro
2332 1315 2642 1382 venerabili,
2666 1315 2920 1386 nobisque
2934 1314 3181 1370 omnibus
3200 1312 3404 1368 honore
3424 1310 3779 1382 pmfcrendo,

2198 1408 2380 1463 venire
2404 1408 2575 1464 noluit
2594 1451 2609 1476 ,
2637 1407 2820 1464 dolum
2849 1407 3069 1463 forsitan
3098 1408 3151 1461 in
3179 1422 3323 1473 eum,
3355 1406 3491 1461 sicut
3528 1406 3783 1476 pleraque

2198 1499 2430 1555 humana
2459 1510 2615 1568 sunt,
2655 1510 2912 1572 quantum
2936 1501 3205 1567 existimo,
3246 1499 3578 1569 suspicatus;
3618 1514 3647 1553 a
3676 1516 3785 1571 quo

2198 1608 2285 1649 me
2312 1594 2469 1664 longe
2492 1593 2701 1658 abesse,
2732 1603 2787 1648 tu
2814 1594 2889 1648 illi
2914 1594 2996 1648 fac
3019 1592 3174 1649 ﬁdem
3202 1600 3459 1663 quantum
3484 1600 3660 1663 potes,
3689 1593 3781 1663 qui

2197 1700 2435 1755 prresens
2455 1684 2659 1739 facilius
2689 1693 2861 1755 potes.
2892 1684 3067 1739 Indica
3092 1685 3142 1739 ei
3171 1698 3294 1738 cum
3324 1692 3523 1754 quanto
3547 1693 3602 1738 et
3620 1699 3781 1753 quam

2198 1790 2326 1831 vero
2363 1775 2548 1831 dolore
2588 1775 2657 1831 de
2690 1775 2983 1831 offensione
3024 1776 3187 1830 animi
3227 1775 3343 1845 ejus
3379 1784 3552 1831 tecum
3589 1774 3784 1830 fuerim

2196 1867 2513 1922 collocutus.
2561 1866 2777 1923 Noverit
2813 1882 2971 1937 quam
3011 1882 3117 1922 non
3158 1883 3281 1922 eum
3326 1875 3701 1932 contemnam,
3729 1875 3786 1922 et

2195 1967 2449 2030 quantum
2478 1959 2531 2014 in
2561 1959 2652 2014 illo
2682 1960 2849 2015 Deum
2876 1960 3109 2026 timeam,
3141 1969 3196 2015 et
3222 1959 3449 2030 cogitem
3488 1967 3649 2030 caput
3676 1973 3780 2014 no-

2194 2063 2364 2107 strum
2404 2052 2457 2107 in
2492 2052 2644 2122 cujus
2681 2066 2907 2121 corpore
2933 2050 3128 2108 fratres
3163 2067 3370 2107 sumus.
3401 2050 3483 2106 Ad
3509 2051 3685 2106 locum
3726 2051 3784 2106 in

2195 2158 2300 2214 quo
2330 2141 2567 2210 habitat,
2600 2142 2720 2199 ideo
2748 2142 2878 2197 mihi
2920 2144 3096 2213 putavi
3140 2158 3247 2199 non
3274 2158 3393 2199 esse
3421 2142 3740 2198 veniendum
3762 2184 3781 2210 ,

2194 2250 2265 2291 ne
2290 2236 2653 2305 spectaculum
2684 2236 2976 2291 faceremus
3008 2236 3288 2292 ridendum
3316 2236 3505 2291 alienis
3524 2277 3537 2301 ,
3578 2237 3779 2292 nostris

2193 2326 2482 2383 dolendum
2508 2368 2524 2393 ,
2555 2326 2711 2382 nobis
2756 2327 3083 2398 pudendum.
3116 2328 3218 2383 Per
3259 2339 3402 2383 tuam
3444 2330 3782 2383 sanctitatem

2192 2427 2248 2473 et
2277 2419 2591 2474 charitatem
2619 2427 2788 2474 totum
2827 2429 2970 2475 recte
3003 2419 3086 2490 agi
3128 2427 3300 2491 potest
3331 2438 3343 2473 :
3371 2420 3441 2474 ab
3467 2420 3557 2475 illo
3585 2421 3785 2491 quippe

2192 2513 2398 2584 agitur,
2448 2513 2537 2583 qui
2570 2529 2663 2585 per
2707 2513 2866 2570 ﬁdem
2914 2528 3065 2567 suam
3112 2513 3315 2568 habitat
3352 2513 3406 2567 in
3444 2513 3609 2568 corde
3651 2523 3781 2580 tuo;

2192 2620 2349 2676 quem
2370 2604 2529 2660 credo
2550 2605 2689 2675 quod
2711 2620 2815 2659 non
2836 2606 3040 2675 spernit
3058 2605 3110 2660 in
3136 2614 3206 2670 te,
3229 2621 3350 2661 cum
3371 2606 3611 2677 agnoscit
3627 2606 3678 2659 in
3696 2620 3780 2661 se.

2263 2700 2315 2754 5.
2348 2699 2460 2769 Ego
2486 2707 2633 2754 certe
2658 2699 2711 2753 in
2740 2698 2839 2753 hac
2864 2714 3024 2754 causa
3050 2699 3175 2770 quid
3201 2699 3392 2754 melius
3420 2700 3649 2754 facerem
3670 2714 3785 2754 non

2192 2791 2393 2858 iuveni,
2426 2807 2582 2861 quam
2613 2802 2670 2845 ut
2694 2793 2902 2846 veniam
2930 2802 3167 2863 peterem
3196 2809 3227 2847 a
3252 2792 3439 2859 fratre,
3472 2794 3560 2864 qui
3590 2793 3786 2847 laesum

2193 2896 2252 2937 se
2283 2883 2577 2937 litterarum
2605 2899 2844 2938 mearum
2884 2885 3170 2954 asperitate
3195 2894 3516 2955 conquestus
3545 2892 3641 2939 est.
3674 2883 3787 2939 Fa—

2192 2972 2297 3027 ciet
2321 2984 2377 3028 et
2406 2974 2541 3043 ipse,
2572 2982 2632 3028 ut
2653 2989 2831 3044 spero,
2864 2974 3005 3044 quod
3034 2975 3135 3029 sibi
3166 2975 3419 3045 imperari
3445 2976 3587 3030 novit
3613 2975 3681 3030 ab
3710 2991 3786 3032 co

2190 3064 2279 3134 qui
2324 3080 2418 3133 per
2450 3065 2764 3134 Apostolum
2802 3066 3025 3135 loquens
3051 3068 3127 3121 ait
3156 3084 3170 3121 :
3205 3067 3464 3122 Donantes
3507 3068 3786 3123 vobismet-

2189 3155 2335 3227 ipsis,
2365 3157 2410 3212 si
2436 3159 2547 3227 quis
2586 3159 2824 3214 adversus
2850 3160 3067 3229 aliquem
3096 3161 3242 3215 habet
3269 3162 3548 3232 querelam,
3569 3164 3700 3216 sicut
3726 3172 3782 3217 et

2190 3246 2329 3302 Deus
2366 3250 2420 3302 in
2448 3248 2647 3304 Christo
2686 3251 2888 3305 donavit
2915 3253 3049 3307 vobis
3075 3251 3297 3323 (Coloss.
3329 3269 3421 3320 ιιι,
3455 3254 3568 3324 15).
3601 3252 3787 3310 Estote

2188 3356 2307 3412 ergo
2335 3343 2609 3399 imitatores
2636 3343 2731 3398 Dei
2750 3386 2766 3410 ,
2793 3345 2921 3399 sicut
2949 3346 3046 3415 ﬁlii
3081 3346 3391 3401 dilectissimi
3410 3389 3425 3414 ,
3451 3357 3499 3402 et
3526 3348 3787 3402 ambulate

2189 3433 2243 3488 in
2262 3434 2526 3500 charitate,
2553 3436 2681 3489 sicut
2702 3446 2748 3490 et
2769 3436 2999 3492 Christus
3019 3438 3194 3492 dilexit
3216 3455 3306 3493 nos
3332 3438 3493 3511 (Eph.
3522 3453 3557 3491 v
3577 3481 3591 3506 ,
3621 3440 3674 3505 1,
3694 3438 3780 3510 2).

2188 3524 2246 3580 In
2275 3526 2373 3581 hac
2400 3527 2657 3583 charitate
2685 3528 3055 3597 ambulantes,
3100 3530 3147 3585 si
3176 3531 3301 3602 quid
3327 3530 3629 3603 diligentius
3655 3547 3783 3601 pos-

2187 3635 2391 3682 sumus,
2428 3620 2495 3675 de
2533 3620 2793 3691 spirituali
2838 3637 3063 3694 corpore
3100 3622 3243 3693 quod
3289 3624 3342 3678 in
3387 3624 3785 3680 resurrectione

2187 3711 2499 3769 habebimus
2522 3754 2538 3780 ,
2567 3714 2903 3771 concorditer
2929 3715 3258 3786 inquiramus
3289 3733 3303 3768 :
3331 3715 3457 3786 quia
3494 3724 3544 3769 et
3570 3717 3613 3769 si
3643 3715 3785 3786 quid

2184 3805 2343 3861 aliter
2366 3806 2603 3876 sapimus
2624 3848 2638 3873 ,
2672 3806 2773 3862 hoc
2800 3822 3011 3878 quoque
3046 3807 3199 3862 nobis
3241 3807 3380 3862 Deus
3407 3806 3661 3863 revelabit
3679 3848 3694 3872 ,
3726 3807 3782 3862 si

2184 3899 2238 3953 in
2280 3899 2369 3952 illo
2413 3914 2722 3954 maneamus
2766 3899 3026 3971 (Philipp.
3068 3915 3162 3966 ιιι,
3198 3900 3293 3965 15,
3326 3899 3433 3969 16).
3468 3900 3568 3968 Qui
3593 3909 3781 3956 autem

2184 3998 2365 4044 manet
2394 3990 2446 4043 in
2471 3990 2760 4057 charitate,
2793 3991 2845 4045 in
2873 3991 2983 4046 Deo
3006 3999 3206 4057 manet,
3235 3999 3291 4046 et
3317 3992 3457 4047 Deus
3477 3992 3529 4045 in
3552 3991 3641 4046 illo
3666 4006 3782 4047 ma-

2184 4090 2276 4136 net
2307 4098 2320 4135 :
2352 4083 2474 4152 quia
2514 4082 2660 4138 Deus
2693 4082 2927 4137 charitas
2963 4091 3047 4138 est
3088 4083 3130 4155 (ι
3161 4080 3320 4137 Joan.
3363 4098 3453 4150 ιν,
3495 4082 3612 4155 16);
3655 4090 3781 4140 sive

2182 4182 2432 4245 tanquam
2473 4174 2590 4245 ejus
2630 4174 2747 4230 fons
2777 4175 3116 4230 inell'abiliter
3154 4175 3451 4241 existendo,
3485 4176 3597 4231 sive
3623 4175 3779 4232 illam

2184 4268 2340 4321 nobis
2379 4283 2475 4338 per
2510 4268 2762 4337 Spiritum
2803 4283 2957 4322 suum
3003 4268 3294 4339 largiendo.
3335 4269 3391 4324 Si
3423 4284 3551 4339 ergo
3584 4268 3776 4325 doceri

2178 4368 2355 4431 potest
2388 4359 2527 4429 quod
2553 4359 2784 4415 charitas
2809 4360 3173 4430 corporalibus
3198 4360 3365 4415 oculis
3387 4360 3669 4432 aliquando
3697 4361 3780 4417 vi-

2180 4449 2420 4517 debitur;
2476 4451 2669 4521 poterit
2712 4450 2953 4507 fortassis
2995 4460 3050 4507 et
3090 4451 3234 4507 Deus
3278 4470 3291 4507 :
3331 4466 3378 4506 St
3432 4463 3610 4507 autem
3664 4456 3771 4509 ista

2180 4557 2449 4613 nunquam
2478 4543 2708 4613 poterit;
2741 4544 2907 4599 multo
2932 4544 3106 4598 minus
3136 4545 3248 4613 ipse
3276 4543 3396 4599 fons
3423 4544 3541 4614 ejus
3561 4585 3576 4611 ,
3608 4544 3689 4599 vel
3716 4543 3767 4601 si

2178 4634 2303 4704 quid
2346 4634 2450 4690 dici
2483 4635 2829 4692 excellentius
2870 4646 2923 4692 et
2963 4637 3363 4693 convenientius
3405 4637 3473 4693 de
3516 4647 3660 4694 tanta
3701 4653 3768 4695 re

2177 4736 2371 4799 potest.

2246 4821 2473 4879 CAPUT
2494 4822 2555 4877 ll.
2581 4822 2716 4879 —6.
2747 4823 2923 4893 Magni
2951 4823 3165 4894 quidam
3184 4824 3285 4879 viri
3309 4832 3365 4880 et
3391 4824 3448 4879 in
3472 4823 3767 4895 Scripturis

2175 4915 2375 4970 sanctis
2400 4914 2727 4981 doctissimi,
2758 4915 2848 4985 qui
2888 4916 3169 4986 plurimum
3197 4915 3492 4971 Ecclesiam
3526 4924 3580 4971 et
3618 4915 3763 4971 bona

2175 5006 2347 5061 studia
2381 5005 2612 5061 ﬁdelium
2638 5006 2749 5061 suis
2773 5007 2963 5061 litteris
2989 5008 3307 5077 adjuverunt
3328 5049 3344 5075 ,
3375 5007 3465 5063 ubi
3492 5008 3569 5063 eis
3598 5021 3764 5063 occa-

2173 5100 2254 5153 sio
2282 5098 2401 5153 data
2426 5106 2534 5165 est,
2576 5097 2825 5153 dixerunt
2870 5099 3187 5154 invisibilem
3215 5100 3379 5155 Deum
3422 5100 3763 5156 invisibiliter

2171 5189 2371 5255 videri;
2396 5190 2495 5245 hoc
2520 5199 2602 5246 est
2628 5207 2721 5260 per
2741 5206 2860 5246 eam
2888 5200 3127 5246 naturam
3150 5208 3269 5262 qua:
3290 5192 3342 5247 in
3372 5192 3526 5247 nobis
3546 5208 3763 5263 quoque

2172 5281 2449 5338 invisibilis
2469 5290 2570 5347 est,
2595 5282 2789 5338 munda
2814 5283 3015 5339 scilicet
3042 5292 3219 5339 mente
3240 5285 3323 5338 vel
3350 5284 3532 5340 corde.
3562 5286 3763 5340 Beatus

2171 5374 2484 5429 Ambrosius
2511 5373 2578 5429 de
2600 5372 2815 5429 Christo
2835 5389 2957 5429 cum
2982 5382 3185 5445 ageret,
3225 5375 3517 5430 secundum
3540 5376 3589 5430 id
3612 5374 3762 5446 quod

2172 5465 2403 5521 Verbum
2431 5475 2512 5521 est
2530 5508 2545 5533 ,
2578 5464 2698 5520 Non
2724 5467 2853 5521 enim
2874 5466 3237 5539 corporalibus,
3270 5468 3455 5538 inquit,
3484 5469 3573 5522 sed
3598 5469 3764 5537 spiri—

2170 5558 2386 5614 tualibus
2406 5560 2565 5613 oculis
2590 5558 2627 5613 Ι
2630 5576 2741 5614 esus
2769 5560 2983 5614 videtur.
3014 5560 3082 5613 Et
3110 5561 3268 5630 paulo
3299 5568 3453 5629 post,
3486 5558 3607 5613 Non
3636 5576 3761 5613 eum

2168 5652 2415 5713 viderunt,
2447 5650 2633 5719 inquit,
2663 5650 2834 5704 Juda'i
2854 5668 2874 5716 ;
2901 5649 3203 5704 obcaecatum
3223 5665 3353 5704 enim
3380 5659 3484 5703 erat
3513 5649 3765 5721 insipiens

2169 5761 2256 5799 cor
2296 5761 2468 5798 eorum
2521 5742 2654 5816 (Lib.
2698 5744 2723 5797 1
2768 5743 2821 5797 in
2858 5742 2983 5797 Luc.
3015 5741 3053 5817 ι)
3085 5760 3097 5795 :
3130 5743 3253 5797 hinc
3290 5742 3579 5798 ostendens
3615 5743 3763 5800 unde

2169 5840 2424 5894 videatur.
2455 5837 2583 5892 item
2614 5852 2733 5891 cum
2762 5836 2829 5891 de
2858 5847 3041 5891 sancto
3077 5836 3275 5906 Spiritu
3313 5836 3637 5905 loqueretur,
3674 5835 3764 5892 in-

2138 6010 2143 6015 ,
2170 5934 2426 6006 terposuit
2455 5931 2616 5987 verba
2648 5930 2855 5986 Domini
2883 5931 3105 5997 dicentis
3143 5949 3153 5983 :
3187 5929 3392 6002 Rogabo
3422 5926 3633 5984 Patrem
3656 5970 3673 6000 ,
3714 5937 3766 5991 et
