4154 6354
426 328 530 389 625

421 445 580 501 alium
607 444 929 503 Paracletum
955 446 1094 505 dabit
1120 449 1285 520 vobis,
1314 452 1399 523 qui
1423 451 1675 507 vobiscum
1702 452 1767 509 sit
1790 452 1844 507 in
1869 460 2009 508 teter-

422 554 543 594 num
560 556 581 604 ;
606 539 856 611 Spiritum
890 542 1131 611 veritatis,
1161 560 1309 614 quem
1349 545 1431 599 hic
1462 546 1682 602 mundus
1710 564 1811 601 non
1848 556 2009 617 potest

420 631 669 703 accipere,
696 633 816 704 quia
844 650 943 688 non
968 634 1098 689 videt
1126 651 1262 704 eum,
1295 652 1383 691 nec
1406 639 1659 709 cognoscit
1686 654 1798 691 eum
1828 638 2004 710 (Joan.

420 738 551 794 ιιν,
583 725 682 793 16,
715 726 824 800 17).
860 727 1047 783 Merito
1076 745 1193 803 ergo
1230 748 1311 799 se,
1352 731 1549 804 inquit,
1588 732 1643 787 in
1671 748 1881 803 corpore
1915 735 2004 789 de-

421 824 745 889 monstravit,
774 825 1010 894 quoniam
1039 825 1091 880 in
1117 826 1391 882 divinitatis
1427 827 1706 881 substantia
1736 845 1836 882 non
1871 828 2007 883 vide-

418 923 519 968 tur.
563 912 792 971 Vidimus
822 914 1093 986 Spiritum,
1118 919 1205 973 sed
1230 918 1281 972 in
1309 919 1474 989 specie
1500 920 1753 991 corporali
1781 936 1800 975 :
1832 920 2005 975 videa-

418 1024 530 1063 mus
553 1018 601 1063 et
630 1006 869 1073 Patrem;
902 1010 988 1064 sed
1008 1011 1126 1083 quia
1159 1012 1322 1067 videre
1350 1029 1451 1067 non
1477 1030 1783 1083 possumus,
1818 1015 2001 1069 audia-

418 1118 549 1154 mus.
583 1100 649 1155 Et
685 1103 840 1171 paulo
872 1113 1019 1172 post,
1060 1103 1337 1159 Audiamus
1361 1121 1499 1177 ergo,
1529 1105 1719 1176 inquit,
1758 1106 2003 1174 Patrem;

416 1192 681 1247 invisibilis
709 1195 840 1247 enim
886 1194 1077 1262 Pater;
1114 1196 1202 1250 sed
1236 1207 1285 1252 et
1326 1196 1489 1252 Filius
1520 1199 1783 1253 invisibilis
1826 1216 2007 1253 secun-

415 1282 538 1335 dum
555 1283 902 1349 divinitatem;
924 1283 1083 1338 Deum
1100 1287 1229 1340 enim
1243 1304 1385 1342 nemo
1405 1289 1522 1342 vidit
1539 1306 1761 1360 unquam
1783 1288 1824 1362 (1
1841 1288 1998 1344 Joun.

415 1388 467 1427 tv
486 1414 502 1439 ,
534 1374 618 1445 12)
653 1391 666 1429 :
697 1393 807 1429 cum
833 1393 952 1447 ergo
982 1376 1147 1433 Filius
1184 1379 1247 1432 sit
1277 1378 1415 1432 Deus
1435 1421 1449 1445 ,
1494 1380 1545 1435 in
1585 1397 1642 1434 eo
1669 1382 1837 1450 utique
1867 1382 2002 1451 quod

416 1463 555 1519 Deus
581 1476 653 1520 est
684 1465 873 1535 Filius,
907 1485 1006 1524 non
1035 1468 1233 1523 videtur
1259 1470 1392 1539 (Lib.
1416 1470 1452 1525 2
1477 1472 1528 1525 in
1555 1470 1679 1525 Luc.
1706 1488 1781 1536 ιιι,
1812 1472 1926 1543 22).

488 1558 540 1614 7.
581 1560 805 1616 Sanctus
842 1572 1018 1617 autem
1059 1563 1415 1636 Hieronymus
1452 1565 1568 1619 ait:
1611 1565 1793 1621 Videre
1834 1565 2001 1621 Deum

411 1652 561 1707 sicuti
598 1662 668 1707 est
699 1654 753 1708 in
789 1664 973 1709 natura
1012 1673 1137 1723 sua,
1186 1659 1360 1712 oculus
1398 1658 1614 1712 hominis
1651 1676 1751 1712 non
1791 1668 1948 1730 potest
1981 1676 2000 1715 :

415 1762 516 1799 non
534 1746 698 1800 solum
716 1746 886 1812 homo,
909 1764 998 1802 nec
1015 1746 1218 1820 Angeli,
1238 1766 1327 1804 nec
1350 1748 1560 1817 Throni,
1587 1768 1676 1804 nec
1697 1750 1995 1817 Potestates,

415 1855 507 1893 nec
535 1838 944 1907 Dominationes,
988 1858 1078 1896 nec
1112 1859 1259 1897 omne
1286 1860 1465 1898 nomen
1504 1844 1640 1914 quod
1679 1846 1998 1911 nominatur;

414 1948 571 2000 neque
608 1933 739 1986 enim
775 1942 1004 1989 creatura
1045 1944 1205 2005 potest
1242 1936 1466 2006 aspicere
1502 1935 1789 1993 Creatorem
1826 1956 1993 1993 suum.

414 2023 506 2079 His
536 2026 713 2081 verbis
739 2026 819 2081 vir
857 2026 1196 2084 doctissimus
1238 2029 1366 2084 satis
1395 2030 1627 2084 ostendit
1668 2030 1792 2101 quid
1835 2033 1993 2087 etiam

412 2116 481 2171 de
509 2116 685 2171 futuro
710 2119 902 2173 saeculo
927 2120 1189 2185 senserit,
1220 2120 1360 2191 quod
1389 2120 1454 2175 ad
1484 2121 1620 2175 hanc
1646 2138 1757 2177 rem
1784 2125 1991 2179 attinet.

411 2208 805 2275 Quantumlibet
831 2212 971 2265 enim
1001 2212 1141 2267 oculi
1170 2215 1409 2283 corporis
1438 2213 1603 2268 nostri
1645 2223 1915 2270 mutentur
1942 2216 1995 2270 in

413 2304 639 2370 melius,
672 2305 994 2373 Angelorum
1022 2306 1192 2361 oculis
1215 2308 1581 2377 mquabuntur.
1614 2306 1713 2363 Hic
1737 2319 1912 2361 autem
1943 2318 1997 2363 et

412 2398 575 2468 ipsis,
606 2407 660 2453 et
689 2399 949 2453 universa:
974 2400 1191 2454 omnino
1230 2399 1433 2454 cwlesti
1466 2410 1723 2455 creatura:
1753 2401 1993 2455 invisibi-

412 2494 517 2545 lem
550 2500 790 2546 naturam
823 2492 953 2547 dixit
990 2506 1109 2548 esse
1136 2491 1425 2547 Creatoris.
1467 2493 1570 2546 Aut
1608 2492 1652 2546 si
1694 2500 1749 2547 et
1786 2492 1909 2546 hinc
1938 2492 1997 2546 fit

410 2586 658 2656 qumstio,
691 2595 745 2642 et
784 2586 1007 2641 infertur
1032 2586 1136 2640 ulla
1164 2585 1455 2652 dubitatio,
1487 2593 1662 2640 utrum
1694 2601 1797 2639 non
1828 2585 1995 2639 simus

409 2678 569 2732 futuri
600 2678 813 2748 Angelis
839 2678 1104 2748 potiores;
1134 2675 1301 2748 ipsius
1324 2677 1530 2732 Domini
1557 2685 1639 2731 est
1664 2675 1789 2731 hinc
1813 2686 1995 2746 aperta

410 2770 694 2836 sententia,
724 2770 811 2823 ubi
840 2770 914 2823 ait
940 2769 1009 2824 de
1040 2769 1418 2828 resurrecturis
1447 2770 1500 2827 in
1530 2784 1749 2842 regnum
1786 2786 1799 2826 :
1833 2766 1997 2821 Erunt

408 2863 627 2933 aequales
670 2862 873 2936 Angelis
910 2860 1004 2918 Dei
1050 2864 1196 2936 (Luc.
1236 2881 1330 2931 xx,
1357 2862 1469 2937 36).
1507 2863 1660 2920 Unde
1698 2864 1838 2919 idem
1882 2864 1995 2932 ipse

409 2966 625 3011 sanctus
666 2956 1017 3027 Hieronymus
1045 2957 1169 3011 alibi
1200 2957 1278 3011 sic
1314 2956 1439 3011 dicit
1468 2974 1483 3011 :
1518 2954 1685 3009 Homo
1715 2956 1870 3026 igitur
1897 2953 1996 3009 Dei

410 3050 588 3120 faciem
614 3049 780 3103 videre
804 3066 902 3102 non
930 3058 1125 3120 potest;
1156 3048 1335 3119 Angeli
1368 3058 1533 3102 autem
1574 3048 1723 3102 etiam
1756 3048 1994 3101 minimo-

408 3157 518 3193 rum
545 3142 597 3194 in
619 3140 848 3195 Ecclesia
874 3157 1067 3210 semper
1085 3140 1251 3194 vident
1273 3141 1453 3213 faciem
1480 3138 1574 3193 Dei
1603 3138 1814 3207 (Matth.
1845 3155 1991 3205 xvnt,

410 3234 521 3307 10).
544 3234 609 3288 Et
630 3235 832 3289 nuncin
859 3235 1062 3305 speculo
1087 3234 1331 3300 videmus,
1358 3234 1411 3287 in
1437 3233 1735 3303 aenigmate;
1766 3242 1883 3285 tunc
1909 3248 1996 3284 au-

408 3338 509 3385 tem
532 3331 659 3399 facie
683 3330 751 3383 ad
771 3332 949 3400 faciem
977 3330 1018 3401 (Ι
1038 3328 1157 3384 Cor.
1181 3344 1293 3395 xm,
1320 3328 1432 3398 12),
1463 3326 1665 3398 quando
1690 3327 1752 3381 de
1775 3325 1997 3379 homini-

412 3423 503 3477 bus
531 3424 583 3476 in
610 3423 823 3493 Angelos
849 3424 1208 3494 profecerimus
1227 3464 1242 3489 ,
1287 3432 1331 3476 et
1363 3421 1670 3490 potuerimus
1711 3436 1823 3474 cum
1856 3419 1998 3487 Apo-

407 3514 542 3567 stolo
572 3515 761 3580 dicere,
796 3534 813 3567 ε
847 3514 959 3569 Nos
984 3524 1151 3568 autem
1176 3529 1347 3567 omnes
1372 3512 1588 3566 revelata
1614 3512 1743 3584 facie
1779 3512 1995 3581 gloriam

408 3605 619 3660 Domini
650 3609 962 3677 speculantes
985 3649 999 3672 ,
1028 3608 1082 3661 in
1111 3606 1335 3661 eamdem
1364 3606 1633 3677 imaginem
1662 3608 1993 3672 transforma-

407 3714 523 3751 mur
553 3715 585 3751 a
622 3698 786 3768 gloria
817 3700 869 3753 in
907 3699 1151 3769 gloriam,
1173 3707 1462 3768 tanquama
1502 3697 1706 3751 Domini
1728 3695 1929 3767 Spiritu
1966 3715 1986 3749 ι

408 3790 476 3861 (ll
500 3789 621 3846 Cor.
650 3808 704 3846 ιιι
730 3833 743 3856 ,
772 3789 899 3864 18)1;
954 3792 1066 3845 licet
1112 3791 1291 3863 faciem
1330 3789 1427 3844 Dei
1477 3791 1629 3862 juxta
1668 3799 1864 3843 natura:
1886 3804 1995 3844 suta

407 3883 763 3954 praprietatem
792 3882 931 3936 nulla
955 3882 1119 3935 videat
1148 3891 1397 3945 creatura,
1422 3890 1467 3936 et
1487 3891 1604 3935 tunc
1630 3891 1792 3936 mente
1817 3897 1993 3935 cerna-

407 3983 511 4040 tur,
542 3974 745 4045 quando
767 3974 1031 4028 invisibilis
1052 3974 1272 4028 creditur
1300 3972 1439 4043 (Lib.
1474 3973 1499 4026 1
1534 3973 1587 4026 in
1613 3971 1741 4027 Isai.
1772 3970 1847 4044 1).

478 4064 533 4119 8.
560 4063 617 4119 In
656 4064 740 4119 his
767 4065 940 4119 verbis
970 4064 1199 4119 hominis
1234 4064 1358 4129 Dei,
1405 4063 1567 4117 multa
1606 4063 1987 4119 consideranda

405 4166 550 4212 sunt.
582 4157 839 4222 Primum,
871 4158 991 4228 quia
1019 4157 1309 4213 secundum
1344 4157 1732 4227 apertissimam
1779 4157 1989 4212 Domini

405 4253 727 4308 scutenﬁam
752 4253 911 4308 etiam
942 4253 1055 4322 ipse
1083 4252 1245 4306 sentit
1285 4259 1409 4304 tunc
1436 4265 1533 4304 nos
1562 4250 1770 4305 visuros
1799 4249 1987 4305 faciem

407 4341 538 4409 Dei,
565 4358 686 4398 cum
726 4343 779 4397 in
820 4342 1051 4413 Angelos
1080 4340 1464 4412 profecerimus
1482 4381 1497 4405 ,
1526 4339 1579 4394 id
1609 4349 1691 4394 est
1712 4380 1728 4405 ,
1756 4340 1986 4409 mquales

405 4434 624 4505 Angelis
653 4434 772 4489 facti
802 4434 1090 4499 fuerimus;
1124 4432 1263 4503 quod
1294 4432 1396 4487 erit
1421 4430 1602 4502 utique
1645 4431 1699 4485 in
1748 4446 1988 4486 resurre-

404 4527 586 4581 ctione
612 4532 961 4580 mortuorum.
987 4524 1186 4581 Deinde
1212 4522 1505 4593 apostolico
1536 4522 1837 4601 testimonio
1857 4524 1987 4576 satis

403 4618 615 4688 aperuit
655 4634 760 4672 non
789 4617 1068 4673 exterioris
1106 4616 1202 4672 sed
1233 4615 1499 4688 interioris
1525 4615 1757 4669 hominis
1794 4613 1984 4669 faciem

406 4711 837 4780 intelligendam,
878 4726 1000 4765 cum
1048 4709 1348 4765 videbimus
1389 4706 1524 4763 facie
1561 4707 1627 4761 ad
1656 4707 1844 4762 faciem
1876 4726 1890 4761 :
1918 4707 1987 4763 d'e

405 4805 537 4859 facie
565 4805 760 4874 quippe
796 4803 975 4858 cordis
1001 4803 1316 4873 loquebatur
1344 4801 1663 4871 Apostolus,
1697 4816 1816 4855 cum
1841 4801 1987 4856 dice-

404 4908 486 4953 ret
529 4897 670 4965 quod
710 4896 836 4952 hinc
881 4894 1358 4962 commemoravit,
1415 4894 1527 4949 Nos
1568 4903 1731 4949 autem
1770 4894 1987 4949 revelata

404 4989 536 5060 facie
563 4988 777 5060 gloriam
805 4988 1011 5043 Domini
1038 4988 1367 5058 speculantes,
1393 4988 1445 5041 in
1465 4988 1691 5042 eamdem
1719 4988 1987 5059 imaginem

404 5084 845 5151 transformamur.
873 5078 1024 5147 Quod
1050 5079 1094 5133 si
1122 5078 1398 5149 quisquam
1437 5077 1679 5145 dubitat,
1710 5087 1988 5133 recenseat

405 5170 650 5226 eumdem
683 5171 878 5233 locum,
909 5180 963 5226 et
987 5170 1225 5225 attendat
1248 5169 1387 5225 unde
1413 5170 1700 5240 Apostolus
1731 5172 1984 5242 loqueba-

405 5273 519 5330 tur;
546 5263 615 5320 de
641 5264 903 5320 velamine
935 5264 1139 5319 scilicet
1174 5263 1315 5334 quod
1342 5272 1524 5319 manet
1548 5265 1599 5319 in
1630 5264 1857 5321 lectione
1881 5266 1980 5323 Ve-

406 5358 536 5413 teris
573 5357 931 5425 Testamenti,
975 5357 1148 5412 donec
1183 5359 1407 5427 quisque
1452 5366 1689 5413 transeat
1721 5359 1789 5413 ad
1829 5358 1987 5415 Chri-

405 5459 568 5514 stum,
598 5459 656 5503 ut
679 5448 949 5504 auferatur
967 5448 1229 5503 velamen.
1260 5445 1333 5501 lbi
1358 5448 1553 5517 quippe
1578 5448 1726 5515 dicit,
1753 5449 1863 5505 Nos
1888 5468 1987 5505 au-

404 5549 502 5594 tem
546 5539 763 5593 revelata
811 5540 940 5608 facie
982 5539 1198 5610 gloriam
1238 5536 1444 5591 Domini
1482 5538 1827 5608 speculantes;
1869 5556 1988 5610 quae

408 5633 568 5688 facies
599 5634 649 5687 in
687 5632 886 5688 Iudaeis
916 5648 1021 5687 non
1062 5640 1176 5688 erat
1201 5631 1429 5686 revelata
1462 5648 1475 5684 :
1505 5630 1573 5686 de
1597 5630 1789 5702 quibus
1818 5632 1986 5702 dicit,

414 5723 653 5780 Velamen
680 5742 832 5794 super
850 5742 937 5780 cor
961 5741 1133 5779 eorum
1157 5724 1374 5795 positum
1399 5733 1491 5792 est,
1519 5732 1576 5779 ut
1596 5724 1846 5780 ostendat
1871 5741 1991 5781 cor-

409 5816 497 5891 dis
525 5816 716 5875 faciem
762 5818 914 5874 nobis
955 5831 1076 5874 esse
1119 5816 1409 5875 revelatam
1431 5856 1447 5883 ,
1478 5815 1745 5873 velamine
1788 5815 1983 5874 ablato.

1524 327 1947 388 EPISTULAItU
1960 328 2003 384 .ll
2051 327 2325 388 CLASSlS
2362 331 2428 392 ΙΙΙ

3588 354 3698 420 θα

2114 451 2414 547 Postremo,
2441 472 2509 514 ne
2527 474 2805 532 quisquam
2831 462 2931 520 ista
2951 462 3126 524 minus
3150 466 3385 539 intuens,
3411 472 3698 547 minusque

2113 545 2443 619 discernens,
2462 553 2723 611 visibilem
2743 559 2907 614 Deum
2919 560 3001 615 vel
3020 561 3239 633 Angelis
3258 564 3344 619 vel
3366 545 3691 637 hominibus,

2112 655 2234 696 cum
2259 643 2489 713 aequales
2518 647 2734 718 Angelis
2764 650 2884 706 facti
2916 650 3171 709 fuerimus
3194 695 3209 718 ,
3236 655 3349 711 sive
3377 672 3517 713 nunc
3548 673 3692 729 esse,

2111 731 2226 789 sive
2256 731 2489 791 futurum
2520 753 2639 794 esse
2677 741 2954 809 crederet,
2980 745 3382 805 evidentissime
3410 749 3536 820 quid
3566 767 3694 807 sen-

2112 824 2234 879 tiret
2257 829 2547 907 expressit,
2587 830 2769 887 dicens
2808 834 2949 905 quod
2980 837 3161 907 faciem
3189 836 3284 892 Dei
3323 840 3469 907 iuxta
3496 850 3694 897 natura

2109 933 2215 972 stite
2236 923 2591 991 praprietatem
2618 926 2759 979 nulla
2784 927 2949 982 videat
2986 939 3216 985 creatura
3237 971 3255 999 ,
3296 943 3342 987 et
3381 942 3500 988 tunc
3529 947 3692 991 menta

2106 1021 2359 1079 cernatur,
2390 1015 2589 1085 quando
2616 1016 2879 1074 invisibilis
2904 1022 3143 1077 creditur.
3176 1025 3329 1081 Unde
3362 1025 3691 1086 sufﬁcienter

2107 1105 2452 1176 significavit,
2485 1110 2695 1180 quando
2728 1113 2873 1167 visus
2906 1124 2988 1169 est
3016 1116 3082 1171 ab
3112 1116 3414 1173 hominibus
3442 1135 3536 1189 per
3563 1136 3692 1175 ocu-

2106 1199 2187 1255 los
2214 1204 2471 1271 corporis,
2505 1210 2754 1274 tanquam
2788 1207 2899 1276 ipse
2938 1223 3260 1279 corporeus,
3308 1227 3413 1266 non
3454 1228 3578 1269 eum
3606 1229 3691 1270 se-

2106 1292 2334 1347 cundum
2371 1303 2571 1349 natura:
2612 1312 2721 1350 sua:
2766 1298 3142 1368 proprietatem
3181 1303 3342 1357 fuisse
3378 1304 3546 1359 visum
3573 1346 3588 1370 ,
3634 1305 3687 1361 in

2106 1398 2206 1453 qua
2240 1393 2365 1439 tunc
2389 1396 2565 1441 mente
2594 1390 2847 1455 cernitur,
2880 1392 3094 1461 quando
3124 1392 3401 1452 invisibilis
3428 1397 3686 1453 creditur.

2105 1477 2307 1545 Quibus
2338 1480 2634 1548 invisibilis,
2663 1482 2765 1537 nisi
2798 1486 3097 1553 aspectibus
3131 1489 3497 1557 corporalibus
3524 1491 3685 1545 etiam

2102 1570 2444 1639 cmlestibus,
2490 1574 2626 1628 sicut
2668 1590 2828 1645 supra
2872 1576 2940 1631 de
2980 1578 3195 1648 Angelis
3233 1591 3287 1636 et
3328 1582 3686 1637 Potestatibus

2101 1670 2155 1718 et
2192 1663 2652 1721 Dominationibus
2680 1667 2853 1722 dixit?
2879 1678 3075 1738 quanto
3101 1672 3267 1741 magis
3307 1673 3680 1729 terrestribus!

2176 1757 2229 1811 9.
2263 1756 2413 1813 Unde
2440 1760 2547 1813 alio
2569 1761 2688 1815 loco
2710 1762 3007 1819 evidentius
3037 1763 3201 1829 dicit,
3237 1764 3357 1820 Non
3386 1766 3548 1820 solum
3577 1765 3685 1820 Pa-

2102 1848 2191 1903 tris
2220 1850 2549 1916 divinitatem,
2576 1853 2663 1906 sed
2693 1870 2783 1907 nec
2808 1853 2931 1910 Filii
2950 1856 3151 1925 quidem
3178 1867 3223 1911 et
3254 1857 3479 1927 Spiritus
3499 1859 3683 1925 sancti,

2100 1956 2213 2010 qua:
2240 1958 2341 1995 una
2380 1943 2431 1996 in
2476 1942 2724 1999 Trinitate
2752 1956 2935 2000 natura
2980 1958 3053 2001 est
3076 1988 3093 2015 ,
3136 1965 3281 2019 posse
3314 1951 3484 2004 oculos
3518 1949 3684 2003 carnis

2100 2036 2325 2105 aspicere
2347 2078 2361 2096 .
2391 2038 2479 2091 sed
2512 2039 2683 2093 oculos
2719 2041 2899 2094 mentis
2927 2056 2946 2094 :
2971 2040 3033 2093 de
3071 2041 3250 2110 quibus
3291 2043 3398 2113 ipse
3444 2041 3684 2097 Salvator

2099 2127 2209 2194 ait,
2251 2147 2269 2180 ‹
2310 2128 2449 2183 Beati
2484 2132 2669 2184 mundo
2710 2132 2890 2195 corde;
2933 2135 3169 2202 quoniam
3203 2134 3300 2202 ipsi
3343 2132 3507 2188 Deum
3545 2133 3686 2187 vide-

2099 2220 2222 2275 bunt
2251 2241 2269 2273 ι
2306 2221 2439 2293 (Lib.
2470 2222 2502 2275 5
2529 2223 2583 2275 in
2612 2221 2739 2276 lsai.
2761 2221 2834 2295 1).
2864 2223 3001 2290 Quid
3025 2225 3121 2277 bac
3146 2224 3571 2280 manifestatione
3604 2225 3685 2277 lu-

2099 2314 2304 2369 cidius?
2348 2313 2403 2368 Si
2444 2328 2585 2368 emm
2633 2314 2999 2368 tantummodo
3042 2314 3293 2381 dixisset,
3332 2316 3440 2371 Nec
3474 2316 3679 2381 Patris,

2100 2420 2199 2460 nec
2223 2405 2341 2459 Filii
2366 2447 2380 2471 ,
2424 2420 2521 2459 nec
2556 2405 2787 2474 Spiritus
2812 2406 2981 2461 sancti
3008 2405 3333 2461 divinitatem
3364 2421 3521 2477 posse
3550 2422 3684 2463 ocu-

2100 2496 2181 2551 los
2206 2497 2380 2551 carnis
2406 2497 2645 2567 aSpicere
2667 2539 2681 2565 ,
2711 2513 2808 2553 nec
2835 2497 3087 2569 deinceps
3114 2499 3423 2563 addidisset,
3451 2500 3540 2555 sed
3564 2516 3685 2554 ocu-

2100 2588 2176 2642 los
2210 2589 2420 2653 mentis;
2450 2587 2587 2644 forte
2626 2589 2892 2645 diceretur
2919 2605 3133 2645 carnem
3168 2592 3277 2659 jam
3308 2606 3415 2646 non
3440 2605 3557 2645 esse
3586 2606 3682 2660 ap—

2099 2681 2401 2752 pellandam
2427 2723 2441 2747 ,
2488 2698 2609 2736 cum
2653 2697 2845 2753 corpus
2890 2682 3050 2738 fuerit
3085 2684 3359 2754 spirituale
3392 2702 3405 2738 :
3434 2682 3681 2739 addendo

2098 2789 2259 2848 ergo,
2291 2783 2344 2830 et
2368 2774 2624 2835 dicendo.
2652 2776 2742 2829 sed
2768 2776 2939 2829 oculos
2962 2778 3171 2841 mentis,
3204 2776 3272 2831 ab
3312 2778 3453 2831 onmi
3484 2792 3683 2847 genere

2099 2866 2340 2940 corporis
2368 2867 2617 2941 alienavit
2639 2866 2942 2939 hujusmodi
2965 2868 3241 2923 visionem.
3264 2868 3341 2923 Ne
3364 2870 3483 2938 quis
3502 2878 3680 2924 autem

2098 2971 2309 3033 putaret
2349 2977 2471 3017 eum
2516 2970 2717 3015 tantum
2746 2960 2814 3015 de
2844 2961 3092 3030 praasenti
3131 2970 3368 3030 tempore
3399 2960 3633 3015 locutum
3661 3003 3677 3028 ,

2099 3053 2325 3123 subjecit
2373 3053 2536 3107 etiam
2585 3051 2794 3105 Domini
2840 3051 3221 3118 testimonium,
3269 3052 3451 3106 volens
3497 3061 3680 3107 osten—

2099 3145 2226 3201 dere
2276 3161 2412 3215 quos
2462 3144 2669 3200 dixerat
2711 3143 2896 3198 oculos
2943 3142 3174 3209 mentis;
3222 3159 3329 3214 quo
3377 3144 3683 3199 testimonio

2098 3253 2204 3293 non
2232 3238 2507 3307 praesentis
2534 3237 2628 3292 sed
2653 3236 2844 3291 futurae
2876 3236 3097 3291 visionis
3133 3237 3413 3307 promissio
3439 3237 3681 3293 declara-

2100 3341 2186 3385 tur
2214 3350 2225 3385 :
2259 3330 2401 3384 Beati
2428 3329 2614 3384 mundo
2643 3329 2830 3395 corde;
2856 3329 3095 3402 quoniam
3120 3330 3216 3400 ipsi
3259 3329 3420 3383 Deum
3448 3329 3682 3385 videbunt

2101 3422 2310 3496 (Matth.
2341 3440 2409 3488 ν,
2435 3422 2513 3495 8).

2171 3513 2257 3568 10.
2290 3512 2634 3568 Beatissimus
2657 3527 2868 3583 quoque
2901 3510 3219 3567 Athanasius
3243 3552 3259 3578 ,
3289 3511 3682 3567 Alexandrinus

2098 3605 2414 3675 episcopus,
2454 3620 2574 3660 cum
2618 3614 2799 3675 ageret
2835 3604 3089 3660 adversus
3124 3605 3384 3671 Arianos,
3423 3605 3512 3676 qui
3558 3613 3681 3659 tan-

2100 3696 2373 3751 tummodo
2416 3697 2582 3751 Deum
2623 3696 2832 3751 Patrem
2865 3695 3186 3750 invisibilem
3230 3696 3447 3761 dicunt,
3484 3696 3679 3750 Filium

2098 3803 2227 3843 vero
2254 3797 2309 3843 et
2335 3788 2588 3859 Spiritum
2619 3796 2861 3843 sanctum
2899 3787 3134 3842 visibiles
3167 3797 3349 3857 putant
3373 3828 3387 3852 ,
3419 3788 3677 3858 aequalem

2096 3882 2373 3938 Trinitatis
2438 3881 2851 3936 invisibilitatem
2918 3880 3311 3951 Scripturarum
3372 3890 3677 3936 sanctarum

2100 3974 2415 4030 testimoniis
2440 4015 2455 4039 ,
2487 3982 2542 4028 et
2568 3973 2838 4044 diligentia
2867 3990 2981 4028 sua:
3009 3974 3380 4043 disputationis
3408 3976 3674 4041 asseruit,

2096 4066 2479 4120 instantissime
2525 4064 2757 4120 suadens
2788 4065 2952 4119 Deum
2985 4081 3089 4119 non
3118 4080 3237 4120 esse
3262 4065 3435 4118 visum
3465 4064 3567 4118 nisi
3590 4080 3677 4119 as-

2093 4156 2393 4226 sumptione
2434 4167 2694 4212 creatura:
2724 4175 2738 4210 :
2769 4156 3062 4211 secundum
3104 4156 3320 4210 Deitatis
3361 4165 3535 4209 autem
3563 4171 3674 4210 suae

2093 4248 2470 4317 proprietatem
2508 4247 2727 4302 omnino
2762 4247 2927 4300 Deum
2970 4260 3088 4301 csse
3130 4246 3477 4312 invisibilem,
3512 4246 3562 4301 id
3591 4255 3675 4302 est

2093 4340 2325 4406 Patrem,
2360 4348 2412 4395 et
2436 4340 2661 4403 Filium,
2695 4347 2750 4394 et
2776 4338 3028 4409 Spiritum
3064 4348 3336 4407 sanctum,
3378 4340 3480 4396 nisi
3506 4356 3675 4411 quan-

2092 4439 2204 4486 tum
2246 4440 2423 4486 mente
2448 4446 2510 4485 ac
2540 4430 2727 4500 spiritu
2752 4429 2901 4485 nosci
2931 4439 3123 4499 potest.
3160 4429 3445 4501 Gregorius
3468 4431 3627 4485 etiam
3652 4473 3670 4498 ,

2091 4535 2304 4581 sanctus
2350 4525 2632 4593 episcopus
2673 4522 2957 4577 Orientalis
3008 4522 3119 4593 (a),
3166 4525 3502 4594 apertissime
3542 4524 3674 4580 dicit

2092 4617 2259 4672 Deum
2289 4626 2472 4669 natura
2504 4614 2819 4670 invisibilem
2841 4656 2854 4679 ,
2883 4615 3093 4685 quando
3119 4617 3357 4686 patribus
3378 4616 3523 4671 visus
3548 4627 3631 4671 est
3649 4657 3666 4683 ,

2090 4707 2228 4763 sicut
2247 4708 2434 4779 Moysi,
2461 4723 2581 4761 cum
2612 4723 2717 4776 quo
2743 4705 2879 4760 facie
2903 4706 2970 4760 ad
3000 4706 3187 4762 faciem
3214 4708 3549 4777 loquebatur,
3572 4708 3675 4762 ali-

2091 4799 2241 4870 cujus
2277 4799 2649 4869 conSpicabilis
2694 4799 2927 4853 materia:
2969 4799 3315 4869 dispositione
3358 4811 3667 4870 assumpta,

2091 4891 2236 4945 salva
2261 4904 2355 4945 sua
2394 4889 2752 4944 invisibilitate
2792 4889 2961 4945 videri
2989 4892 3243 4959 potuisse.
3274 4892 3385 4946 Hoc
3423 4902 3505 4947 est
3530 4892 3672 4962 quod

2091 4983 2251 5038 etiam
2280 4990 2461 5037 noster
2486 4982 2612 5036 dicit
2642 4982 2977 5049 Ambrosius,
3013 4993 3067 5036 et
3094 4984 3303 5038 Patrem
3331 4994 3384 5039 et
3404 4984 3595 5040 Filium
3619 4995 3675 5040 et
3764 5054 3767 5055 ν

2093 5074 2345 5145 Spiritum
2372 5082 2611 5128 sanctum
2637 5089 2699 5129 ea
2720 5074 2898 5144 specie
2922 5072 3089 5128 videri
3111 5089 3269 5144 quam
3298 5076 3543 5130 voluntas
3564 5076 3673 5131 ele-

2091 5169 2259 5239 gerit,
2306 5182 2413 5222 non
2454 5175 2642 5221 natura
2672 5164 2978 5220 formaverit
3016 5164 3105 5237 (In
3130 5164 3255 5220 Luc.
3283 5184 3329 5222 c.
3365 5183 3417 5235 ι,
3450 5168 3538 5238 11)
3572 5186 3585 5223 :
3618 5180 3676 5223 ut

2092 5272 2147 5317 et
2189 5260 2319 5317 illud
2359 5275 2541 5316 verum
2586 5259 2675 5325 sit,
2717 5258 2858 5330 quod
2901 5257 3067 5313 Deum
3114 5274 3257 5312 nemo
3294 5259 3414 5313 vidit
3451 5276 3674 5330 unquam

2094 5355 2275 5429 (Joan.
2311 5372 2346 5422 ι,
2372 5352 2501 5427 18),
2530 5368 2648 5424 qua:
2677 5367 2778 5407 vox
2804 5351 2968 5422 ipsius
2996 5352 3207 5407 Domini
3232 5351 3429 5407 Christi
3460 5362 3573 5417 est;
3601 5361 3675 5421 ct,

2157 5514 2229 5578 (a)
2248 5522 2298 5563 tn
2317 5512 2541 5578 omnibus
2559 5509 2945 5578 librishabetur,
2970 5506 3543 5578 0r_ientalis.__Quanquam
3567 5522 3679 5558 eru-

2094 5571 2303 5627 ditorum
2321 5575 2499 5639 judicio
2523 5571 2818 5639 probabilius
2838 5578 2915 5620 est
2929 5571 3197 5639 orationem
3216 5571 3359 5629 Illam,
3381 5571 3514 5639 inter
3530 5582 3679 5639 opera

2094 5630 2622 5702 Gregorii'p'aaianieni
2654 5634 3070 5702 quadragesimam
3102 5646 3301 5702 uenam,
3328 5630 3682 5702 quiehicﬂcits-

2095 5693 2326 5760 turfcsse
2350 5698 2482 5746 latini
2501 5693 2773 5760 scriptoris;
2794 5693 2977 5760 torteau
2989 5693 3203 5760 alterius
3221 5693 3435 5760 Gregiirii
3451 5696 3499 5743 iu
3518 5693 3684 5760 Hispa-

2095 5750 2192 5812 hn'
2220 5760 2433 5821 etiiscopi
2466 5750 2784 5823 ,Elibéritani',
2829 5756 2915 5823 qui
2957 5756 3153 5807 circiter
3191 5750 3405 5809 medium
3445 5750 3681 5810 saeculum

2096 5832 2321 5889 quartum
2341 5822 2563 5873 ﬂorebat.
