  <div class='ocr_page' id='page_1' title='image "/cluster/home/n/w/nwhite01/storage/ocr_20150623/33/hvd.32044015471451/319.png"; bbox 0 0 4154 6354; ppageno 0'>
   <div class='ocr_carea' id='block_1_1' title="bbox 440 460 542 517">
    <p class='ocr_par' dir='ltr' id='par_1_1' title="bbox 440 460 542 517">
     <span class='ocr_line' id='line_1_1' title="bbox 440 460 542 517; baseline -0.029 0"><span class='ocrx_word' id='word_1_1' title='bbox 440 460 542 517; x_wconf 72' lang='grc'><strong>62⁸1</strong></span> 
     </span>
    </p>
   </div>
   <div class='ocr_carea' id='block_1_2' title="bbox 443 557 2014 639">
    <p class='ocr_par' dir='ltr' id='par_1_2' title="bbox 443 557 2014 639">
     <span class='ocr_line' id='line_1_2' title="bbox 443 557 2014 639; baseline -0.012 -11"><span class='ocrx_word' id='word_1_2' title='bbox 443 572 606 639; x_wconf 67' lang='lat' dir='ltr'><strong>Quem</strong></span> <span class='ocrx_word' id='word_1_3' title='bbox 645 580 788 624; x_wconf 75' lang='lat' dir='ltr'><strong>nenia</strong></span> <span class='ocrx_word' id='word_1_4' title='bbox 829 569 1083 624; x_wconf 81' lang='lat' dir='ltr'><strong>heminam</strong></span> <span class='ocrx_word' id='word_1_5' title='bbox 1112 568 1232 621; x_wconf 81' lang='lat' dir='ltr'><strong>vidit</strong></span> <span class='ocrx_word' id='word_1_6' title='bbox 1253 608 1266 631; x_wconf 90' lang='lat'><strong>,</strong></span> <span class='ocrx_word' id='word_1_7' title='bbox 1309 559 1397 618; x_wconf 79' lang='lat' dir='ltr'><strong>nec</strong></span> <span class='ocrx_word' id='word_1_8' title='bbox 1425 563 1592 618; x_wconf 74' lang='lat' dir='ltr'><strong>videre</strong></span> <span class='ocrx_word' id='word_1_9' title='bbox 1623 572 1778 632; x_wconf 83' lang='lat' dir='ltr'><strong>potest</strong></span> <span class='ocrx_word' id='word_1_10' title='bbox 1810 558 1848 628; x_wconf 94' lang='grc' dir='ltr'><strong>(Ι</strong></span> <span class='ocrx_word' id='word_1_11' title='bbox 1882 557 2014 612; x_wconf 82' lang='lat' dir='ltr'><strong>Tim.</strong></span> 
     </span>
    </p>
   </div>
   <div class='ocr_carea' id='block_1_3' title="bbox 438 650 2018 730">
    <p class='ocr_par' dir='ltr' id='par_1_3' title="bbox 438 650 2018 730">
     <span class='ocr_line' id='line_1_3' title="bbox 438 650 2018 730; baseline -0.011 -11"><span class='ocrx_word' id='word_1_12' title='bbox 438 676 492 719; x_wconf 73' lang='lat' dir='ltr'><strong>vr</strong></span> <span class='ocrx_word' id='word_1_13' title='bbox 518 705 532 728; x_wconf 92' lang='lat'><strong>,</strong></span> <span class='ocrx_word' id='word_1_14' title='bbox 567 662 653 729; x_wconf 82' lang='grc'><strong>16)</strong></span> <span class='ocrx_word' id='word_1_15' title='bbox 680 679 693 728; x_wconf 81' lang='lat'><strong>,</strong></span> <span class='ocrx_word' id='word_1_16' title='bbox 723 675 843 730; x_wconf 76' lang='lat' dir='ltr'><strong>quze</strong></span> <span class='ocrx_word' id='word_1_17' title='bbox 872 671 972 713; x_wconf 76' lang='lat' dir='ltr'><strong>vox</strong></span> <span class='ocrx_word' id='word_1_18' title='bbox 1003 657 1236 728; x_wconf 75' lang='lat' dir='ltr'><strong>Aposloii</strong></span> <span class='ocrx_word' id='word_1_19' title='bbox 1259 699 1272 721; x_wconf 92' lang='lat'><strong>,</strong></span> <span class='ocrx_word' id='word_1_20' title='bbox 1306 657 1412 710; x_wconf 89' lang='lat' dir='ltr'><strong>imo</strong></span> <span class='ocrx_word' id='word_1_21' title='bbox 1446 655 1562 724; x_wconf 82' lang='lat' dir='ltr'><strong>eius</strong></span> <span class='ocrx_word' id='word_1_22' title='bbox 1588 663 1680 723; x_wconf 86' lang='lat' dir='ltr'><strong>per</strong></span> <span class='ocrx_word' id='word_1_23' title='bbox 1712 650 2018 721; x_wconf 76' lang='lat' dir='ltr'><strong>Apostolum</strong></span> 
     </span>
    </p>
   </div>
   <div class='ocr_carea' id='block_1_4' title="bbox 435 742 2017 820">
    <p class='ocr_par' dir='ltr' id='par_1_4' title="bbox 435 742 2017 820">
     <span class='ocr_line' id='line_1_4' title="bbox 435 742 2017 820; baseline -0.011 -7"><span class='ocrx_word' id='word_1_24' title='bbox 435 753 632 813; x_wconf 83' lang='lat' dir='ltr'><strong>Christi</strong></span> <span class='ocrx_word' id='word_1_25' title='bbox 659 765 774 820; x_wconf 86' lang='lat' dir='ltr'><strong>est;</strong></span> <span class='ocrx_word' id='word_1_26' title='bbox 813 761 866 808; x_wconf 88' lang='lat' dir='ltr'><strong>et</strong></span> <span class='ocrx_word' id='word_1_27' title='bbox 895 753 981 807; x_wconf 92' lang='grc'><strong>1110</strong></span> <span class='ocrx_word' id='word_1_28' title='bbox 1015 766 1118 804; x_wconf 87' lang='lat' dir='ltr'><strong>non</strong></span> <span class='ocrx_word' id='word_1_29' title='bbox 1167 748 1511 819; x_wconf 78' lang='lat' dir='ltr'><strong>repudientur</strong></span> <span class='ocrx_word' id='word_1_30' title='bbox 1547 745 1845 802; x_wconf 85' lang='lat' dir='ltr'><strong>testimonia</strong></span> <span class='ocrx_word' id='word_1_31' title='bbox 1871 742 2017 796; x_wconf 87' lang='lat' dir='ltr'><strong>Scri-</strong></span> 
     </span>
    </p>
   </div>
   <div class='ocr_carea' id='block_1_5' title="bbox 436 835 2021 918">
    <p class='ocr_par' dir='ltr' id='par_1_5' title="bbox 436 835 2021 918">
     <span class='ocr_line' id='line_1_5' title="bbox 436 835 2021 918; baseline -0.009 -16"><span class='ocrx_word' id='word_1_32' title='bbox 436 853 712 918; x_wconf 79' lang='lat' dir='ltr'><strong>pturarunt</strong></span> <span class='ocrx_word' id='word_1_33' title='bbox 753 845 940 916; x_wconf 87' lang='lat' dir='ltr'><strong>quibus</strong></span> <span class='ocrx_word' id='word_1_34' title='bbox 985 844 1124 896; x_wconf 90' lang='lat' dir='ltr'><strong>Deus</strong></span> <span class='ocrx_word' id='word_1_35' title='bbox 1149 835 1291 896; x_wconf 81' lang='lat' dir='ltr'><strong>visus</strong></span> <span class='ocrx_word' id='word_1_36' title='bbox 1318 855 1440 896; x_wconf 80' lang='lat' dir='ltr'><strong>esse</strong></span> <span class='ocrx_word' id='word_1_37' title='bbox 1483 843 1728 892; x_wconf 87' lang='lat' dir='ltr'><strong>narratur</strong></span> <span class='ocrx_word' id='word_1_38' title='bbox 1752 877 1767 903; x_wconf 96' lang='lat'><strong>,</strong></span> <span class='ocrx_word' id='word_1_39' title='bbox 1808 836 1929 907; x_wconf 91' lang='lat' dir='ltr'><strong>quia</strong></span> <span class='ocrx_word' id='word_1_40' title='bbox 1967 837 2021 888; x_wconf 90' lang='lat' dir='ltr'><strong>et</strong></span> 
     </span>
    </p>
   </div>
   <div class='ocr_carea' id='block_1_6' title="bbox 437 932 2018 1006">
    <p class='ocr_par' dir='ltr' id='par_1_6' title="bbox 437 932 2018 1006">
     <span class='ocr_line' id='line_1_6' title="bbox 437 932 2018 1006; baseline -0.011 -10"><span class='ocrx_word' id='word_1_41' title='bbox 437 939 718 996; x_wconf 79' lang='lat' dir='ltr'><strong>invisibilis</strong></span> <span class='ocrx_word' id='word_1_42' title='bbox 744 945 826 992; x_wconf 89' lang='lat' dir='ltr'><strong>est</strong></span> <span class='ocrx_word' id='word_1_43' title='bbox 858 945 950 1006; x_wconf 86' lang='lat' dir='ltr'><strong>per</strong></span> <span class='ocrx_word' id='word_1_44' title='bbox 974 936 1240 1006; x_wconf 82' lang='lat' dir='ltr'><strong>propriam</strong></span> <span class='ocrx_word' id='word_1_45' title='bbox 1278 932 1497 988; x_wconf 89' lang='lat' dir='ltr'><strong>Deitatis</strong></span> <span class='ocrx_word' id='word_1_46' title='bbox 1525 936 1791 995; x_wconf 88' lang='lat' dir='ltr'><strong>naturam,</strong></span> <span class='ocrx_word' id='word_1_47' title='bbox 1819 936 1874 983; x_wconf 89' lang='lat' dir='ltr'><strong>et</strong></span> <span class='ocrx_word' id='word_1_48' title='bbox 1898 934 2018 981; x_wconf 84' lang='lat' dir='ltr'><strong>cu‘m</strong></span> 
     </span>
    </p>
   </div>
   <div class='ocr_carea' id='block_1_7' title="bbox 437 1021 2014 1102">
    <p class='ocr_par' dir='ltr' id='par_1_7' title="bbox 437 1021 2014 1102">
     <span class='ocr_line' id='line_1_7' title="bbox 437 1021 2014 1102; baseline -0.008 -14"><span class='ocrx_word' id='word_1_49' title='bbox 437 1034 553 1089; x_wconf 74' lang='lat' dir='ltr'><strong>vult</strong></span> <span class='ocrx_word' id='word_1_50' title='bbox 576 1030 742 1087; x_wconf 83' lang='lat' dir='ltr'><strong>videri</strong></span> <span class='ocrx_word' id='word_1_51' title='bbox 775 1036 950 1102; x_wconf 77' lang='lat' dir='ltr'><strong>potest</strong></span> <span class='ocrx_word' id='word_1_52' title='bbox 981 1041 1074 1100; x_wconf 90' lang='lat' dir='ltr'><strong>per</strong></span> <span class='ocrx_word' id='word_1_53' title='bbox 1100 1031 1448 1097; x_wconf 79' lang='lat' dir='ltr'><strong>assumptum,</strong></span> <span class='ocrx_word' id='word_1_54' title='bbox 1480 1024 1617 1079; x_wconf 88' lang='lat' dir='ltr'><strong>sicut</strong></span> <span class='ocrx_word' id='word_1_55' title='bbox 1641 1022 1689 1078; x_wconf 90' lang='lat' dir='ltr'><strong>ei</strong></span> <span class='ocrx_word' id='word_1_56' title='bbox 1719 1021 2014 1096; x_wconf 88' lang='lat' dir='ltr'><strong>placuerit,</strong></span> 
     </span>
    </p>
   </div>
   <div class='ocr_carea' id='block_1_8' title="bbox 437 1135 757 1181">
    <p class='ocr_par' dir='ltr' id='par_1_8' title="bbox 437 1135 757 1181">
     <span class='ocr_line' id='line_1_8' title="bbox 437 1135 757 1181; baseline -0.009 0"><span class='ocrx_word' id='word_1_57' title='bbox 437 1135 757 1181; x_wconf 87' lang='lat' dir='ltr'><strong>creaturam.</strong></span> 
     </span>
    </p>
   </div>
   <div class='ocr_carea' id='block_1_9' title="bbox 509 1207 2020 1281">
    <p class='ocr_par' dir='ltr' id='par_1_9' title="bbox 509 1207 2020 1281">
     <span class='ocr_line' id='line_1_9' title="bbox 509 1207 2020 1281; baseline -0.007 -7"><span class='ocrx_word' id='word_1_58' title='bbox 509 1216 733 1274; x_wconf 76' lang='lat' dir='ltr'><strong>CAPUT</strong></span> <span class='ocrx_word' id='word_1_59' title='bbox 773 1215 859 1272; x_wconf 92' lang='lat' dir='ltr'><strong>Ill.</strong></span> <span class='ocrx_word' id='word_1_60' title='bbox 889 1245 961 1256; x_wconf 90' lang='lat'><strong>—</strong></span> <span class='ocrx_word' id='word_1_61' title='bbox 989 1215 1075 1271; x_wconf 84' lang='grc'><strong>11.</strong></span> <span class='ocrx_word' id='word_1_62' title='bbox 1106 1214 1272 1270; x_wconf 84' lang='lat' dir='ltr'><strong>Porro</strong></span> <span class='ocrx_word' id='word_1_63' title='bbox 1296 1212 1341 1268; x_wconf 81' lang='lat' dir='ltr'><strong>Si</strong></span> <span class='ocrx_word' id='word_1_64' title='bbox 1369 1215 1572 1267; x_wconf 67' lang='lat' dir='ltr'><strong>natura!</strong></span> <span class='ocrx_word' id='word_1_65' title='bbox 1595 1207 1758 1281; x_wconf 79' lang='lat' dir='ltr'><strong>ipsius</strong></span> <span class='ocrx_word' id='word_1_66' title='bbox 1783 1217 1863 1265; x_wconf 89' lang='lat' dir='ltr'><strong>est</strong></span> <span class='ocrx_word' id='word_1_67' title='bbox 1886 1208 2020 1263; x_wconf 87' lang='lat' dir='ltr'><strong>invi-</strong></span> 
     </span>
    </p>
   </div>
   <div class='ocr_carea' id='block_1_10' title="bbox 440 1296 2020 1377">
    <p class='ocr_par' dir='ltr' id='par_1_10' title="bbox 440 1296 2020 1377">
     <span class='ocr_line' id='line_1_10' title="bbox 440 1296 2020 1377; baseline -0.006 -12"><span class='ocrx_word' id='word_1_68' title='bbox 440 1309 663 1366; x_wconf 85' lang='lat' dir='ltr'><strong>sibilitas</strong></span> <span class='ocrx_word' id='word_1_69' title='bbox 691 1308 831 1364; x_wconf 83' lang='lat' dir='ltr'><strong>sicut</strong></span> <span class='ocrx_word' id='word_1_70' title='bbox 859 1296 1329 1377; x_wconf 87' lang='lat' dir='ltr'><strong>incorruptibilitas</strong></span> <span class='ocrx_word' id='word_1_71' title='bbox 1353 1347 1368 1373; x_wconf 92' lang='lat'><strong>,</strong></span> <span class='ocrx_word' id='word_1_72' title='bbox 1398 1319 1502 1360; x_wconf 91' lang='lat' dir='ltr'><strong>non</strong></span> <span class='ocrx_word' id='word_1_73' title='bbox 1531 1300 1820 1359; x_wconf 78' lang='lat' dir='ltr'><strong>mutabitur</strong></span> <span class='ocrx_word' id='word_1_74' title='bbox 1841 1300 2020 1371; x_wconf 88' lang='lat' dir='ltr'><strong>utique</strong></span> 
     </span>
    </p>
   </div>
   <div class='ocr_carea' id='block_1_11' title="bbox 439 1391 2020 1461">
    <p class='ocr_par' dir='ltr' id='par_1_11' title="bbox 439 1391 2020 1461">
     <span class='ocr_line' id='line_1_11' title="bbox 439 1391 2020 1461; baseline -0.007 -4"><span class='ocrx_word' id='word_1_75' title='bbox 439 1403 492 1457; x_wconf 88' lang='lat' dir='ltr'><strong>in</strong></span> <span class='ocrx_word' id='word_1_76' title='bbox 534 1401 712 1455; x_wconf 84' lang='lat' dir='ltr'><strong>futuro</strong></span> <span class='ocrx_word' id='word_1_77' title='bbox 738 1398 934 1454; x_wconf 57' lang='lat' dir='ltr'><strong>sacculo</strong></span> <span class='ocrx_word' id='word_1_78' title='bbox 973 1397 1058 1453; x_wconf 90' lang='lat' dir='ltr'><strong>illa</strong></span> <span class='ocrx_word' id='word_1_79' title='bbox 1089 1405 1272 1451; x_wconf 87' lang='lat' dir='ltr'><strong>natura</strong></span> <span class='ocrx_word' id='word_1_80' title='bbox 1297 1436 1312 1461; x_wconf 92' lang='lat'><strong>,</strong></span> <span class='ocrx_word' id='word_1_81' title='bbox 1341 1401 1398 1450; x_wconf 81' lang='lat' dir='ltr'><strong>tit</strong></span> <span class='ocrx_word' id='word_1_82' title='bbox 1423 1393 1494 1450; x_wconf 86' lang='lat' dir='ltr'><strong>de</strong></span> <span class='ocrx_word' id='word_1_83' title='bbox 1523 1393 1770 1448; x_wconf 89' lang='lat' dir='ltr'><strong>invisibili</strong></span> <span class='ocrx_word' id='word_1_84' title='bbox 1800 1391 2020 1447; x_wconf 75' lang='lat' dir='ltr'><strong>visibilis</strong></span> 
     </span>
    </p>
   </div>
   <div class='ocr_carea' id='block_1_12' title="bbox 439 1481 2021 1562">
    <p class='ocr_par' dir='ltr' id='par_1_12' title="bbox 439 1481 2021 1562">
     <span class='ocr_line' id='line_1_12' title="bbox 439 1481 2021 1562; baseline -0.007 -15"><span class='ocrx_word' id='word_1_85' title='bbox 439 1492 565 1557; x_wconf 82' lang='lat' dir='ltr'><strong>ﬁat;</strong></span> <span class='ocrx_word' id='word_1_86' title='bbox 597 1491 719 1562; x_wconf 87' lang='lat' dir='ltr'><strong>quia</strong></span> <span class='ocrx_word' id='word_1_87' title='bbox 752 1504 924 1559; x_wconf 87' lang='lat' dir='ltr'><strong>neque</strong></span> <span class='ocrx_word' id='word_1_88' title='bbox 948 1488 1140 1558; x_wconf 88' lang='lat' dir='ltr'><strong>poterit</strong></span> <span class='ocrx_word' id='word_1_89' title='bbox 1168 1487 1233 1542; x_wconf 90' lang='lat' dir='ltr'><strong>de</strong></span> <span class='ocrx_word' id='word_1_90' title='bbox 1263 1481 2021 1555; x_wconf 80' lang='lat' dir='ltr'><strong>lncorruptibilicorruptibilis</strong></span> 
     </span>
    </p>
   </div>
   <div class='ocr_carea' id='block_1_13' title="bbox 439 1577 2020 1648">
    <p class='ocr_par' dir='ltr' id='par_1_13' title="bbox 439 1577 2020 1648">
     <span class='ocr_line' id='line_1_13' title="bbox 439 1577 2020 1648; baseline -0.004 -9"><span class='ocrx_word' id='word_1_91' title='bbox 439 1584 556 1639; x_wconf 78' lang='lat' dir='ltr'><strong>fieri</strong></span> <span class='ocrx_word' id='word_1_92' title='bbox 588 1602 602 1639; x_wconf 89' lang='lat'><strong>:</strong></span> <span class='ocrx_word' id='word_1_93' title='bbox 631 1582 788 1638; x_wconf 88' lang='lat' dir='ltr'><strong>simul</strong></span> <span class='ocrx_word' id='word_1_94' title='bbox 832 1583 972 1638; x_wconf 89' lang='lat' dir='ltr'><strong>enim</strong></span> <span class='ocrx_word' id='word_1_95' title='bbox 1018 1588 1073 1636; x_wconf 90' lang='lat' dir='ltr'><strong>et</strong></span> <span class='ocrx_word' id='word_1_96' title='bbox 1121 1577 1564 1635; x_wconf 87' lang='lat' dir='ltr'><strong>incommutabilis</strong></span> <span class='ocrx_word' id='word_1_97' title='bbox 1601 1587 1701 1633; x_wconf 91' lang='lat' dir='ltr'><strong>est.</strong></span> <span class='ocrx_word' id='word_1_98' title='bbox 1746 1577 1810 1632; x_wconf 87' lang='lat' dir='ltr'><strong>Et</strong></span> <span class='ocrx_word' id='word_1_99' title='bbox 1842 1577 2020 1648; x_wconf 86' lang='lat' dir='ltr'><strong>utique</strong></span> 
     </span>
    </p>
   </div>
   <div class='ocr_carea' id='block_1_14' title="bbox 440 1668 2019 1744">
    <p class='ocr_par' dir='ltr' id='par_1_14' title="bbox 440 1668 2019 1744">
     <span class='ocr_line' id='line_1_14' title="bbox 440 1668 2019 1744; baseline -0.005 -14"><span class='ocrx_word' id='word_1_100' title='bbox 440 1675 686 1731; x_wconf 75' lang='lat' dir='ltr'><strong>naturam</strong></span> <span class='ocrx_word' id='word_1_101' title='bbox 713 1674 830 1744; x_wconf 79' lang='lat' dir='ltr'><strong>eius</strong></span> <span class='ocrx_word' id='word_1_102' title='bbox 873 1672 1262 1728; x_wconf 86' lang='lat' dir='ltr'><strong>commendavit</strong></span> <span class='ocrx_word' id='word_1_103' title='bbox 1286 1669 1571 1741; x_wconf 73' lang='lat' dir='ltr'><strong>Apostolus</strong></span> <span class='ocrx_word' id='word_1_104' title='bbox 1593 1708 1610 1736; x_wconf 86' lang='lat'><strong>,</strong></span> <span class='ocrx_word' id='word_1_105' title='bbox 1641 1683 1759 1724; x_wconf 88' lang='lat' dir='ltr'><strong>cmn</strong></span> <span class='ocrx_word' id='word_1_106' title='bbox 1788 1668 1894 1724; x_wconf 89' lang='lat' dir='ltr'><strong>duo</strong></span> <span class='ocrx_word' id='word_1_107' title='bbox 1923 1668 2019 1722; x_wconf 87' lang='lat' dir='ltr'><strong>ista</strong></span> 
     </span>
    </p>
   </div>
   <div class='ocr_carea' id='block_1_15' title="bbox 373 1761 2023 1838">
    <p class='ocr_par' dir='ltr' id='par_1_15' title="bbox 373 1761 2023 1838">
     <span class='ocr_line' id='line_1_15' title="bbox 373 1761 2023 1838; baseline -0.005 -15"><span class='ocrx_word' id='word_1_108' title='bbox 373 1767 378 1772; x_wconf 80' lang='grc'><em>’</em></span> <span class='ocrx_word' id='word_1_109' title='bbox 439 1769 594 1823; x_wconf 81' lang='lat' dir='ltr'><strong>simul</strong></span> <span class='ocrx_word' id='word_1_110' title='bbox 629 1777 850 1838; x_wconf 87' lang='lat' dir='ltr'><strong>poneret</strong></span> <span class='ocrx_word' id='word_1_111' title='bbox 872 1808 888 1833; x_wconf 89' lang='lat'><strong>,</strong></span> <span class='ocrx_word' id='word_1_112' title='bbox 919 1767 1101 1822; x_wconf 87' lang='lat' dir='ltr'><strong>dicens</strong></span> <span class='ocrx_word' id='word_1_113' title='bbox 1131 1781 1146 1822; x_wconf 91' lang='lat'><strong>:</strong></span> <span class='ocrx_word' id='word_1_114' title='bbox 1174 1763 1302 1836; x_wconf 82' lang='lat' dir='ltr'><strong>Regi</strong></span> <span class='ocrx_word' id='word_1_115' title='bbox 1339 1773 1508 1819; x_wconf 89' lang='lat' dir='ltr'><strong>autem</strong></span> <span class='ocrx_word' id='word_1_116' title='bbox 1533 1764 1829 1819; x_wconf 69' lang='lat' dir='ltr'><strong>sectatorum</strong></span> <span class='ocrx_word' id='word_1_117' title='bbox 1851 1761 2023 1816; x_wconf 82' lang='lat' dir='ltr'><strong>invisi-</strong></span> 
     </span>
    </p>
   </div>
   <div class='ocr_carea' id='block_1_16' title="bbox 444 1853 2022 1928">
    <p class='ocr_par' dir='ltr' id='par_1_16' title="bbox 444 1853 2022 1928">
     <span class='ocr_line' id='line_1_16' title="bbox 444 1853 2022 1928; baseline -0.005 -13"><span class='ocrx_word' id='word_1_118' title='bbox 444 1859 566 1926; x_wconf 87' lang='lat' dir='ltr'><strong>bili,</strong></span> <span class='ocrx_word' id='word_1_119' title='bbox 602 1858 970 1927; x_wconf 86' lang='lat' dir='ltr'><strong>incorruptibili</strong></span> <span class='ocrx_word' id='word_1_120' title='bbox 991 1893 1006 1923; x_wconf 86' lang='lat'><strong>,</strong></span> <span class='ocrx_word' id='word_1_121' title='bbox 1033 1858 1130 1911; x_wconf 86' lang='lat' dir='ltr'><strong>soli</strong></span> <span class='ocrx_word' id='word_1_122' title='bbox 1166 1856 1271 1911; x_wconf 82' lang='lat' dir='ltr'><strong>Deo</strong></span> <span class='ocrx_word' id='word_1_123' title='bbox 1299 1855 1460 1911; x_wconf 82' lang='lat' dir='ltr'><strong>honor</strong></span> <span class='ocrx_word' id='word_1_124' title='bbox 1498 1865 1543 1908; x_wconf 85' lang='lat' dir='ltr'><strong>et</strong></span> <span class='ocrx_word' id='word_1_125' title='bbox 1569 1853 1732 1928; x_wconf 77' lang='lat' dir='ltr'><strong>gloria</strong></span> <span class='ocrx_word' id='word_1_126' title='bbox 1761 1856 1812 1909; x_wconf 90' lang='lat' dir='ltr'><strong>in</strong></span> <span class='ocrx_word' id='word_1_127' title='bbox 1837 1855 2022 1910; x_wconf 62' lang='lat' dir='ltr'><strong>secula</strong></span> 
     </span>
    </p>
   </div>
   <div class='ocr_carea' id='block_1_17' title="bbox 438 1946 2021 2021">
    <p class='ocr_par' dir='ltr' id='par_1_17' title="bbox 438 1946 2021 2021">
     <span class='ocr_line' id='line_1_17' title="bbox 438 1946 2021 2021; baseline -0.005 -13"><span class='ocrx_word' id='word_1_128' title='bbox 438 1949 805 2021; x_wconf 71' lang='lat' dir='ltr'><strong>steculorumu</strong></span> <span class='ocrx_word' id='word_1_129' title='bbox 835 1948 967 2003; x_wconf 86' lang='lat' dir='ltr'><strong>Tim.</strong></span> <span class='ocrx_word' id='word_1_130' title='bbox 997 1965 1051 2016; x_wconf 88' lang='grc'><strong>1,</strong></span> <span class='ocrx_word' id='word_1_131' title='bbox 1085 1950 1190 2020; x_wconf 86' lang='grc'><strong>17).</strong></span> <span class='ocrx_word' id='word_1_132' title='bbox 1215 1947 1363 2003; x_wconf 87' lang='lat' dir='ltr'><strong>Unde</strong></span> <span class='ocrx_word' id='word_1_133' title='bbox 1383 1963 1482 2002; x_wconf 91' lang='lat' dir='ltr'><strong>non</strong></span> <span class='ocrx_word' id='word_1_134' title='bbox 1502 1947 1670 2002; x_wconf 84' lang='lat' dir='ltr'><strong>audeo</strong></span> <span class='ocrx_word' id='word_1_135' title='bbox 1692 1962 1789 2016; x_wconf 87' lang='lat' dir='ltr'><strong>ego</strong></span> <span class='ocrx_word' id='word_1_136' title='bbox 1820 1949 1886 2000; x_wconf 89' lang='lat' dir='ltr'><strong>ita</strong></span> <span class='ocrx_word' id='word_1_137' title='bbox 1914 1946 2021 2000; x_wconf 89' lang='lat' dir='ltr'><strong>dis-</strong></span> 
     </span>
    </p>
   </div>
   <div class='ocr_carea' id='block_1_18' title="bbox 440 2038 2021 2115">
    <p class='ocr_par' dir='ltr' id='par_1_18' title="bbox 440 2038 2021 2115">
     <span class='ocr_line' id='line_1_18' title="bbox 440 2038 2021 2115; baseline -0.005 -16"><span class='ocrx_word' id='word_1_138' title='bbox 440 2045 711 2115; x_wconf 84' lang='lat' dir='ltr'><strong>tinguere,</strong></span> <span class='ocrx_word' id='word_1_139' title='bbox 740 2052 797 2096; x_wconf 87' lang='lat' dir='ltr'><strong>ut</strong></span> <span class='ocrx_word' id='word_1_140' title='bbox 845 2041 1017 2095; x_wconf 87' lang='lat' dir='ltr'><strong>dicam</strong></span> <span class='ocrx_word' id='word_1_141' title='bbox 1051 2057 1063 2094; x_wconf 94' lang='lat'>:</span> <span class='ocrx_word' id='word_1_142' title='bbox 1098 2039 1488 2112; x_wconf 80' lang='lat' dir='ltr'><strong>incerruptibill</strong></span> <span class='ocrx_word' id='word_1_143' title='bbox 1515 2038 1726 2108; x_wconf 85' lang='lat' dir='ltr'><strong>quidem</strong></span> <span class='ocrx_word' id='word_1_144' title='bbox 1752 2039 1800 2092; x_wconf 92' lang='lat' dir='ltr'><strong>in</strong></span> <span class='ocrx_word' id='word_1_145' title='bbox 1830 2039 2021 2093; x_wconf 74' lang='lat' dir='ltr'><strong>smcula</strong></span> 
     </span>
    </p>
   </div>
   <div class='ocr_carea' id='block_1_19' title="bbox 441 2130 2022 2202">
    <p class='ocr_par' dir='ltr' id='par_1_19' title="bbox 441 2130 2022 2202">
     <span class='ocr_line' id='line_1_19' title="bbox 441 2130 2022 2202; baseline -0.004 -12"><span class='ocrx_word' id='word_1_146' title='bbox 441 2136 796 2202; x_wconf 66' lang='lat' dir='ltr'><strong>stimulorum;</strong></span> <span class='ocrx_word' id='word_1_147' title='bbox 849 2133 1094 2188; x_wconf 87' lang='lat' dir='ltr'><strong>invisibili</strong></span> <span class='ocrx_word' id='word_1_148' title='bbox 1135 2140 1311 2186; x_wconf 88' lang='lat' dir='ltr'><strong>autem</strong></span> <span class='ocrx_word' id='word_1_149' title='bbox 1358 2144 1464 2185; x_wconf 90' lang='lat' dir='ltr'><strong>non</strong></span> <span class='ocrx_word' id='word_1_150' title='bbox 1510 2130 1560 2184; x_wconf 92' lang='lat' dir='ltr'><strong>in</strong></span> <span class='ocrx_word' id='word_1_151' title='bbox 1611 2130 1805 2184; x_wconf 59' lang='lat' dir='ltr'><strong>sarcula</strong></span> <span class='ocrx_word' id='word_1_152' title='bbox 1851 2145 2022 2184; x_wconf 77' lang='lat' dir='ltr'><strong>smon-</strong></span> 
     </span>
    </p>
   </div>
   <div class='ocr_carea' id='block_1_20' title="bbox 440 2222 2026 2294">
    <p class='ocr_par' dir='ltr' id='par_1_20' title="bbox 440 2222 2026 2294">
     <span class='ocr_line' id='line_1_20' title="bbox 440 2222 2026 2294; baseline -0.003 -11"><span class='ocrx_word' id='word_1_153' title='bbox 440 2226 612 2283; x_wconf 91' lang='lat' dir='ltr'><strong>lorum</strong></span> <span class='ocrx_word' id='word_1_154' title='bbox 635 2270 649 2294; x_wconf 92' lang='lat'><strong>,</strong></span> <span class='ocrx_word' id='word_1_155' title='bbox 690 2227 782 2282; x_wconf 88' lang='lat' dir='ltr'><strong>sed</strong></span> <span class='ocrx_word' id='word_1_156' title='bbox 825 2237 1026 2281; x_wconf 90' lang='lat' dir='ltr'><strong>tantum</strong></span> <span class='ocrx_word' id='word_1_157' title='bbox 1056 2226 1106 2279; x_wconf 91' lang='lat' dir='ltr'><strong>in</strong></span> <span class='ocrx_word' id='word_1_158' title='bbox 1141 2227 1239 2278; x_wconf 90' lang='lat' dir='ltr'><strong>hoc</strong></span> <span class='ocrx_word' id='word_1_159' title='bbox 1267 2223 1481 2279; x_wconf 65' lang='lat' dir='ltr'><strong>smculo.</strong></span> <span class='ocrx_word' id='word_1_160' title='bbox 1532 2222 1729 2277; x_wconf 82' lang='lat' dir='ltr'><strong>Verum</strong></span> <span class='ocrx_word' id='word_1_161' title='bbox 1769 2222 1889 2292; x_wconf 87' lang='lat' dir='ltr'><strong>quia</strong></span> <span class='ocrx_word' id='word_1_162' title='bbox 1927 2238 2026 2278; x_wconf 90' lang='lat' dir='ltr'><strong>nec</strong></span> 
     </span>
    </p>
   </div>
   <div class='ocr_carea' id='block_1_21' title="bbox 442 2313 2024 2384">
    <p class='ocr_par' dir='ltr' id='par_1_21' title="bbox 442 2313 2024 2384">
     <span class='ocr_line' id='line_1_21' title="bbox 442 2313 2024 2384; baseline -0.006 -10"><span class='ocrx_word' id='word_1_163' title='bbox 442 2321 542 2375; x_wconf 86' lang='lat' dir='ltr'><strong>ista</strong></span> <span class='ocrx_word' id='word_1_164' title='bbox 602 2319 904 2374; x_wconf 79' lang='lat' dir='ltr'><strong>testimonia</strong></span> <span class='ocrx_word' id='word_1_165' title='bbox 964 2318 1091 2372; x_wconf 79' lang='lat' dir='ltr'><strong>falsa</strong></span> <span class='ocrx_word' id='word_1_166' title='bbox 1144 2329 1262 2370; x_wconf 85' lang='lat' dir='ltr'><strong>esse</strong></span> <span class='ocrx_word' id='word_1_167' title='bbox 1319 2323 1578 2384; x_wconf 83' lang='lat' dir='ltr'><strong>possunt,</strong></span> <span class='ocrx_word' id='word_1_168' title='bbox 1637 2313 1780 2368; x_wconf 86' lang='lat' dir='ltr'><strong>Beati</strong></span> <span class='ocrx_word' id='word_1_169' title='bbox 1835 2314 2024 2367; x_wconf 87' lang='lat' dir='ltr'><strong>mundo</strong></span> 
     </span>
    </p>
   </div>
   <div class='ocr_carea' id='block_1_22' title="bbox 442 2404 2026 2482">
    <p class='ocr_par' dir='ltr' id='par_1_22' title="bbox 442 2404 2026 2482">
     <span class='ocr_line' id='line_1_22' title="bbox 442 2404 2026 2482; baseline -0.004 -17"><span class='ocrx_word' id='word_1_170' title='bbox 442 2411 627 2476; x_wconf 86' lang='lat' dir='ltr'><strong>corde;</strong></span> <span class='ocrx_word' id='word_1_171' title='bbox 669 2411 908 2482; x_wconf 79' lang='lat' dir='ltr'><strong>quoniam</strong></span> <span class='ocrx_word' id='word_1_172' title='bbox 938 2409 1036 2482; x_wconf 87' lang='lat' dir='ltr'><strong>ipsi</strong></span> <span class='ocrx_word' id='word_1_173' title='bbox 1072 2406 1228 2462; x_wconf 88' lang='lat' dir='ltr'><strong>Deum</strong></span> <span class='ocrx_word' id='word_1_174' title='bbox 1257 2407 1523 2472; x_wconf 83' lang='lat' dir='ltr'><strong>videbunt;</strong></span> <span class='ocrx_word' id='word_1_175' title='bbox 1552 2415 1603 2460; x_wconf 91' lang='lat' dir='ltr'><strong>et</strong></span> <span class='ocrx_word' id='word_1_176' title='bbox 1623 2447 1638 2471; x_wconf 91' lang='lat'><strong>,</strong></span> <span class='ocrx_word' id='word_1_177' title='bbox 1682 2404 1885 2461; x_wconf 80' lang='lat' dir='ltr'><strong>Scimus</strong></span> <span class='ocrx_word' id='word_1_178' title='bbox 1909 2406 2026 2469; x_wconf 84' lang='lat' dir='ltr'><strong>quia</strong></span> 
     </span>
    </p>
   </div>
   <div class='ocr_carea' id='block_1_23' title="bbox 441 2497 2027 2573">
    <p class='ocr_par' dir='ltr' id='par_1_23' title="bbox 441 2497 2027 2573">
     <span class='ocr_line' id='line_1_23' title="bbox 441 2497 2027 2573; baseline -0.003 -17"><span class='ocrx_word' id='word_1_179' title='bbox 441 2517 556 2556; x_wconf 81' lang='lat' dir='ltr'><strong>cum</strong></span> <span class='ocrx_word' id='word_1_180' title='bbox 595 2501 928 2573; x_wconf 85' lang='lat' dir='ltr'><strong>apparuerit,</strong></span> <span class='ocrx_word' id='word_1_181' title='bbox 967 2501 1152 2554; x_wconf 79' lang='lat' dir='ltr'><strong>similes</strong></span> <span class='ocrx_word' id='word_1_182' title='bbox 1181 2499 1225 2553; x_wconf 83' lang='lat' dir='ltr'><strong>ei</strong></span> <span class='ocrx_word' id='word_1_183' title='bbox 1247 2499 1468 2563; x_wconf 89' lang='lat' dir='ltr'><strong>erimus;</strong></span> <span class='ocrx_word' id='word_1_184' title='bbox 1495 2497 1730 2568; x_wconf 88' lang='lat' dir='ltr'><strong>quoniam</strong></span> <span class='ocrx_word' id='word_1_185' title='bbox 1754 2498 2027 2552; x_wconf 80' lang='lat' dir='ltr'><strong>videbimus</strong></span> 
     </span>
    </p>
   </div>
   <div class='ocr_carea' id='block_1_24' title="bbox 446 2589 2028 2663">
    <p class='ocr_par' dir='ltr' id='par_1_24' title="bbox 446 2589 2028 2663">
     <span class='ocr_line' id='line_1_24' title="bbox 446 2589 2028 2663; baseline -0.002 -16"><span class='ocrx_word' id='word_1_186' title='bbox 446 2607 557 2647; x_wconf 81' lang='lat' dir='ltr'><strong>eum</strong></span> <span class='ocrx_word' id='word_1_187' title='bbox 588 2594 737 2647; x_wconf 85' lang='lat' dir='ltr'><strong>sicuti</strong></span> <span class='ocrx_word' id='word_1_188' title='bbox 765 2601 836 2648; x_wconf 82' lang='lat' dir='ltr'><strong>est</strong></span> <span class='ocrx_word' id='word_1_189' title='bbox 866 2591 907 2663; x_wconf 88' lang='lat' dir='ltr'><strong>(l</strong></span> <span class='ocrx_word' id='word_1_190' title='bbox 936 2591 1092 2646; x_wconf 78' lang='lat' dir='ltr'><strong>Joan.</strong></span> <span class='ocrx_word' id='word_1_191' title='bbox 1125 2602 1216 2656; x_wconf 92' lang='grc'><strong>111,</strong></span> <span class='ocrx_word' id='word_1_192' title='bbox 1247 2589 1304 2660; x_wconf 70' lang='grc'><strong>2)</strong></span> <span class='ocrx_word' id='word_1_193' title='bbox 1338 2603 1353 2643; x_wconf 89' lang='lat'><strong>:</strong></span> <span class='ocrx_word' id='word_1_194' title='bbox 1391 2600 1585 2660; x_wconf 85' lang='lat' dir='ltr'><strong>negare</strong></span> <span class='ocrx_word' id='word_1_195' title='bbox 1612 2604 1715 2642; x_wconf 91' lang='lat' dir='ltr'><strong>non</strong></span> <span class='ocrx_word' id='word_1_196' title='bbox 1744 2603 2028 2659; x_wconf 82' lang='lat' dir='ltr'><strong>possumus</strong></span> 
     </span>
    </p>
   </div>
   <div class='ocr_carea' id='block_1_25' title="bbox 445 2677 2027 2746">
    <p class='ocr_par' dir='ltr' id='par_1_25' title="bbox 445 2677 2027 2746">
     <span class='ocr_line' id='line_1_25' title="bbox 445 2677 2027 2746; baseline -0.004 -9"><span class='ocrx_word' id='word_1_197' title='bbox 445 2683 584 2738; x_wconf 82' lang='lat' dir='ltr'><strong>ﬁlios</strong></span> <span class='ocrx_word' id='word_1_198' title='bbox 606 2683 700 2738; x_wconf 87' lang='lat' dir='ltr'><strong>Dei</strong></span> <span class='ocrx_word' id='word_1_199' title='bbox 727 2684 932 2738; x_wconf 87' lang='lat' dir='ltr'><strong>visuros</strong></span> <span class='ocrx_word' id='word_1_200' title='bbox 961 2683 1145 2745; x_wconf 88' lang='lat' dir='ltr'><strong>Deum,</strong></span> <span class='ocrx_word' id='word_1_201' title='bbox 1179 2680 1269 2736; x_wconf 87' lang='lat' dir='ltr'><strong>sed</strong></span> <span class='ocrx_word' id='word_1_202' title='bbox 1301 2680 1436 2735; x_wconf 84' lang='lat' dir='ltr'><strong>sicut</strong></span> <span class='ocrx_word' id='word_1_203' title='bbox 1462 2679 1706 2735; x_wconf 88' lang='lat' dir='ltr'><strong>videntur</strong></span> <span class='ocrx_word' id='word_1_204' title='bbox 1727 2677 2027 2746; x_wconf 86' lang='lat' dir='ltr'><strong>invisibilia,</strong></span> 
     </span>
    </p>
   </div>
   <div class='ocr_carea' id='block_1_26' title="bbox 448 2769 2032 2843">
    <p class='ocr_par' dir='ltr' id='par_1_26' title="bbox 448 2769 2032 2843">
     <span class='ocr_line' id='line_1_26' title="bbox 448 2769 2032 2843; baseline -0.002 -15"><span class='ocrx_word' id='word_1_205' title='bbox 448 2774 584 2829; x_wconf 80' lang='lat' dir='ltr'><strong>sicut</strong></span> <span class='ocrx_word' id='word_1_206' title='bbox 610 2774 840 2843; x_wconf 87' lang='lat' dir='ltr'><strong>seipsum</strong></span> <span class='ocrx_word' id='word_1_207' title='bbox 869 2782 1206 2828; x_wconf 87' lang='lat' dir='ltr'><strong>ostensurum</strong></span> <span class='ocrx_word' id='word_1_208' title='bbox 1248 2770 1588 2842; x_wconf 83' lang='lat' dir='ltr'><strong>promittebat</strong></span> <span class='ocrx_word' id='word_1_209' title='bbox 1613 2771 1701 2840; x_wconf 90' lang='lat' dir='ltr'><strong>qui</strong></span> <span class='ocrx_word' id='word_1_210' title='bbox 1730 2769 2032 2825; x_wconf 91' lang='lat' dir='ltr'><strong>hominibus</strong></span> 
     </span>
    </p>
   </div>
   <div class='ocr_carea' id='block_1_27' title="bbox 452 2861 2033 2935">
    <p class='ocr_par' dir='ltr' id='par_1_27' title="bbox 452 2861 2033 2935">
     <span class='ocr_line' id='line_1_27' title="bbox 452 2861 2033 2935; baseline -0.003 -16"><span class='ocrx_word' id='word_1_211' title='bbox 452 2865 737 2935; x_wconf 78' lang='lat' dir='ltr'><strong>apparebat</strong></span> <span class='ocrx_word' id='word_1_212' title='bbox 768 2866 820 2919; x_wconf 92' lang='lat' dir='ltr'><strong>in</strong></span> <span class='ocrx_word' id='word_1_213' title='bbox 851 2880 1010 2920; x_wconf 87' lang='lat' dir='ltr'><strong>carne</strong></span> <span class='ocrx_word' id='word_1_214' title='bbox 1038 2862 1289 2930; x_wconf 81' lang='lat' dir='ltr'><strong>visibilis,</strong></span> <span class='ocrx_word' id='word_1_215' title='bbox 1334 2861 1546 2932; x_wconf 86' lang='lat' dir='ltr'><strong>quando</strong></span> <span class='ocrx_word' id='word_1_216' title='bbox 1569 2862 1810 2927; x_wconf 89' lang='lat' dir='ltr'><strong>dicebat,</strong></span> <span class='ocrx_word' id='word_1_217' title='bbox 1852 2861 1917 2914; x_wconf 74' lang='lat' dir='ltr'><strong>Et</strong></span> <span class='ocrx_word' id='word_1_218' title='bbox 1943 2877 2033 2932; x_wconf 84' lang='lat' dir='ltr'><strong>ego</strong></span> 
     </span>
    </p>
   </div>
   <div class='ocr_carea' id='block_1_28' title="bbox 449 2951 2029 3028">
    <p class='ocr_par' dir='ltr' id='par_1_28' title="bbox 449 2951 2029 3028">
     <span class='ocr_line' id='line_1_28' title="bbox 449 2951 2029 3028; baseline -0.004 -16"><span class='ocrx_word' id='word_1_219' title='bbox 449 2957 658 3028; x_wconf 80' lang='lat' dir='ltr'><strong>diligam</strong></span> <span class='ocrx_word' id='word_1_220' title='bbox 687 2961 822 3022; x_wconf 77' lang='lat' dir='ltr'><strong>eum,</strong></span> <span class='ocrx_word' id='word_1_221' title='bbox 850 2966 896 3010; x_wconf 87' lang='lat' dir='ltr'><strong>et</strong></span> <span class='ocrx_word' id='word_1_222' title='bbox 925 2956 1183 3010; x_wconf 75' lang='lat' dir='ltr'><strong>ostendant</strong></span> <span class='ocrx_word' id='word_1_223' title='bbox 1203 2955 1450 3025; x_wconf 80' lang='lat' dir='ltr'><strong>meipsitm</strong></span> <span class='ocrx_word' id='word_1_224' title='bbox 1470 2953 1546 3008; x_wconf 84' lang='lat' dir='ltr'><strong>illi</strong></span> <span class='ocrx_word' id='word_1_225' title='bbox 1576 2951 1753 3022; x_wconf 87' lang='lat' dir='ltr'><strong>(Joan.</strong></span> <span class='ocrx_word' id='word_1_226' title='bbox 1778 2969 1893 3016; x_wconf 80' lang='lat' dir='ltr'><strong>xw,</strong></span> <span class='ocrx_word' id='word_1_227' title='bbox 1915 2953 2029 3023; x_wconf 73' lang='lat' dir='ltr'><strong>2i),</strong></span> 
     </span>
    </p>
   </div>
   <div class='ocr_carea' id='block_1_29' title="bbox 447 3046 2030 3116">
    <p class='ocr_par' dir='ltr' id='par_1_29' title="bbox 447 3046 2030 3116">
     <span class='ocr_line' id='line_1_29' title="bbox 447 3046 2030 3116; baseline -0.004 -12"><span class='ocrx_word' id='word_1_228' title='bbox 447 3065 570 3104; x_wconf 89' lang='lat' dir='ltr'><strong>cum</strong></span> <span class='ocrx_word' id='word_1_229' title='bbox 631 3061 755 3106; x_wconf 83' lang='lat' dir='ltr'><strong>ante</strong></span> <span class='ocrx_word' id='word_1_230' title='bbox 797 3049 980 3104; x_wconf 86' lang='lat' dir='ltr'><strong>oculos</strong></span> <span class='ocrx_word' id='word_1_231' title='bbox 1024 3048 1294 3102; x_wconf 83' lang='lat' dir='ltr'><strong>hominum</strong></span> <span class='ocrx_word' id='word_1_232' title='bbox 1343 3046 1661 3116; x_wconf 72' lang='grc'><strong>0008010008</strong></span> <span class='ocrx_word' id='word_1_233' title='bbox 1708 3046 2030 3116; x_wconf 86' lang='lat' dir='ltr'><strong>loqueretur.</strong></span> 
     </span>
    </p>
   </div>
   <div class='ocr_carea' id='block_1_30' title="bbox 449 3138 2036 3206">
    <p class='ocr_par' dir='ltr' id='par_1_30' title="bbox 449 3138 2036 3206">
     <span class='ocr_line' id='line_1_30' title="bbox 449 3138 2036 3206; baseline -0.003 -7"><span class='ocrx_word' id='word_1_234' title='bbox 449 3143 606 3200; x_wconf 83' lang='grc'><strong>1111110</strong></span> <span class='ocrx_word' id='word_1_235' title='bbox 643 3151 823 3198; x_wconf 86' lang='lat' dir='ltr'><strong>autem</strong></span> <span class='ocrx_word' id='word_1_236' title='bbox 864 3142 1147 3198; x_wconf 84' lang='lat' dir='ltr'><strong>invisibilia</strong></span> <span class='ocrx_word' id='word_1_237' title='bbox 1173 3139 1452 3206; x_wconf 82' lang='lat' dir='ltr'><strong>videntur,</strong></span> <span class='ocrx_word' id='word_1_238' title='bbox 1499 3139 1601 3194; x_wconf 90' lang='lat' dir='ltr'><strong>nisi</strong></span> <span class='ocrx_word' id='word_1_239' title='bbox 1627 3139 1793 3194; x_wconf 85' lang='lat' dir='ltr'><strong>oculis</strong></span> <span class='ocrx_word' id='word_1_240' title='bbox 1817 3138 2036 3195; x_wconf 79' lang='lat' dir='ltr'><strong>cordis?</strong></span> 
     </span>
    </p>
   </div>
   <div class='ocr_carea' id='block_1_31' title="bbox 453 3231 2038 3306">
    <p class='ocr_par' dir='ltr' id='par_1_31' title="bbox 453 3231 2038 3306">
     <span class='ocr_line' id='line_1_31' title="bbox 453 3231 2038 3306; baseline -0.003 -16"><span class='ocrx_word' id='word_1_241' title='bbox 453 3234 520 3290; x_wconf 89' lang='lat' dir='ltr'><strong>de</strong></span> <span class='ocrx_word' id='word_1_242' title='bbox 563 3235 753 3306; x_wconf 87' lang='lat' dir='ltr'><strong>quibus</strong></span> <span class='ocrx_word' id='word_1_243' title='bbox 798 3234 954 3304; x_wconf 86' lang='lat' dir='ltr'><strong>paulo</strong></span> <span class='ocrx_word' id='word_1_244' title='bbox 992 3236 1112 3287; x_wconf 86' lang='lat' dir='ltr'><strong>ante</strong></span> <span class='ocrx_word' id='word_1_245' title='bbox 1138 3232 1246 3288; x_wconf 77' lang='lat' dir='ltr'><strong>dixi</strong></span> <span class='ocrx_word' id='word_1_246' title='bbox 1270 3231 1394 3303; x_wconf 89' lang='lat' dir='ltr'><strong>quid</strong></span> <span class='ocrx_word' id='word_1_247' title='bbox 1433 3231 1784 3303; x_wconf 81' lang='lat' dir='ltr'><strong>Hieronymus</strong></span> <span class='ocrx_word' id='word_1_248' title='bbox 1813 3231 2038 3286; x_wconf 81' lang='lat' dir='ltr'><strong>senserit</strong></span> 
     </span>
    </p>
   </div>
   <div class='ocr_carea' id='block_1_32' title="bbox 451 3323 1044 3380">
    <p class='ocr_par' dir='ltr' id='par_1_32' title="bbox 451 3323 1044 3380">
     <span class='ocr_line' id='line_1_32' title="bbox 451 3323 1044 3380; baseline -0.008 0"><span class='ocrx_word' id='word_1_249' title='bbox 451 3325 517 3380; x_wconf 84' lang='lat' dir='ltr'><strong>ad</strong></span> <span class='ocrx_word' id='word_1_250' title='bbox 547 3323 830 3380; x_wconf 85' lang='lat' dir='ltr'><strong>videndum</strong></span> <span class='ocrx_word' id='word_1_251' title='bbox 858 3325 1044 3380; x_wconf 90' lang='lat' dir='ltr'><strong>Deum.</strong></span> 
     </span>
    </p>
   </div>
   <div class='ocr_carea' id='block_1_33' title="bbox 526 3412 2035 3484">
    <p class='ocr_par' dir='ltr' id='par_1_33' title="bbox 526 3412 2035 3484">
     <span class='ocr_line' id='line_1_33' title="bbox 526 3412 2035 3484; baseline -0.001 -14"><span class='ocrx_word' id='word_1_252' title='bbox 526 3415 612 3470; x_wconf 67' lang='lat' dir='ltr'><strong>t2.</strong></span> <span class='ocrx_word' id='word_1_253' title='bbox 642 3416 774 3470; x_wconf 86' lang='lat' dir='ltr'><strong>Hinc</strong></span> <span class='ocrx_word' id='word_1_254' title='bbox 801 3425 884 3470; x_wconf 84' lang='lat' dir='ltr'><strong>est</strong></span> <span class='ocrx_word' id='word_1_255' title='bbox 912 3418 1070 3469; x_wconf 88' lang='lat' dir='ltr'><strong>etiam</strong></span> <span class='ocrx_word' id='word_1_256' title='bbox 1093 3413 1234 3484; x_wconf 89' lang='lat' dir='ltr'><strong>quod</strong></span> <span class='ocrx_word' id='word_1_257' title='bbox 1263 3421 1587 3468; x_wconf 82' lang='lat' dir='ltr'><strong>memoratus</strong></span> <span class='ocrx_word' id='word_1_258' title='bbox 1626 3412 2035 3469; x_wconf 73' lang='lat' dir='ltr'><strong>liletliolanensis</strong></span> 
     </span>
    </p>
   </div>
   <div class='ocr_carea' id='block_1_34' title="bbox 452 3504 2038 3582">
    <p class='ocr_par' dir='ltr' id='par_1_34' title="bbox 452 3504 2038 3582">
     <span class='ocr_line' id='line_1_34' title="bbox 452 3504 2038 3582; baseline -0.001 -20"><span class='ocrx_word' id='word_1_259' title='bbox 452 3509 732 3577; x_wconf 82' lang='lat' dir='ltr'><strong>episcopus</strong></span> <span class='ocrx_word' id='word_1_260' title='bbox 763 3509 814 3562; x_wconf 91' lang='lat' dir='ltr'><strong>in</strong></span> <span class='ocrx_word' id='word_1_261' title='bbox 849 3507 962 3578; x_wconf 78' lang='lat' dir='ltr'><strong>ipsa</strong></span> <span class='ocrx_word' id='word_1_262' title='bbox 984 3506 1373 3562; x_wconf 88' lang='lat' dir='ltr'><strong>resurrectione</strong></span> <span class='ocrx_word' id='word_1_263' title='bbox 1400 3504 1532 3582; x_wconf 84' lang='lat' dir='ltr'><strong>dixit</strong></span> <span class='ocrx_word' id='word_1_264' title='bbox 1577 3522 1680 3559; x_wconf 90' lang='lat' dir='ltr'><strong>non</strong></span> <span class='ocrx_word' id='word_1_265' title='bbox 1722 3504 1874 3560; x_wconf 82' lang='lat' dir='ltr'><strong>facile</strong></span> <span class='ocrx_word' id='word_1_266' title='bbox 1917 3519 2038 3561; x_wconf 86' lang='lat' dir='ltr'><strong>esse</strong></span> 
     </span>
    </p>
   </div>
   <div class='ocr_carea' id='block_1_35' title="bbox 454 3595 2038 3667">
    <p class='ocr_par' dir='ltr' id='par_1_35' title="bbox 454 3595 2038 3667">
     <span class='ocr_line' id='line_1_35' title="bbox 454 3595 2038 3667; baseline -0.002 -15"><span class='ocrx_word' id='word_1_267' title='bbox 454 3597 639 3652; x_wconf 89' lang='lat' dir='ltr'><strong>videre</strong></span> <span class='ocrx_word' id='word_1_268' title='bbox 667 3599 830 3653; x_wconf 89' lang='lat' dir='ltr'><strong>Deum</strong></span> <span class='ocrx_word' id='word_1_269' title='bbox 851 3638 868 3664; x_wconf 93' lang='lat'><strong>,</strong></span> <span class='ocrx_word' id='word_1_270' title='bbox 896 3597 996 3652; x_wconf 89' lang='lat' dir='ltr'><strong>nisi</strong></span> <span class='ocrx_word' id='word_1_271' title='bbox 1025 3598 1088 3652; x_wconf 90' lang='lat' dir='ltr'><strong>iis</strong></span> <span class='ocrx_word' id='word_1_272' title='bbox 1115 3597 1202 3667; x_wconf 90' lang='lat' dir='ltr'><strong>qui</strong></span> <span class='ocrx_word' id='word_1_273' title='bbox 1233 3595 1432 3652; x_wconf 88' lang='lat' dir='ltr'><strong>mundo</strong></span> <span class='ocrx_word' id='word_1_274' title='bbox 1467 3595 1628 3653; x_wconf 90' lang='lat' dir='ltr'><strong>corde</strong></span> <span class='ocrx_word' id='word_1_275' title='bbox 1665 3595 1806 3659; x_wconf 88' lang='lat' dir='ltr'><strong>sint;</strong></span> <span class='ocrx_word' id='word_1_276' title='bbox 1835 3605 1889 3651; x_wconf 90' lang='lat' dir='ltr'><strong>et</strong></span> <span class='ocrx_word' id='word_1_277' title='bbox 1917 3595 2038 3650; x_wconf 85' lang='lat' dir='ltr'><strong>ideo</strong></span> 
     </span>
    </p>
   </div>
   <div class='ocr_carea' id='block_1_36' title="bbox 456 3685 2038 3760">
    <p class='ocr_par' dir='ltr' id='par_1_36' title="bbox 456 3685 2038 3760">
     <span class='ocr_line' id='line_1_36' title="bbox 456 3685 2038 3760; baseline -0.004 -16"><span class='ocrx_word' id='word_1_278' title='bbox 456 3689 709 3756; x_wconf 86' lang='lat' dir='ltr'><strong>scriptum</strong></span> <span class='ocrx_word' id='word_1_279' title='bbox 727 3703 846 3742; x_wconf 89' lang='lat' dir='ltr'><strong>esse</strong></span> <span class='ocrx_word' id='word_1_280' title='bbox 874 3705 889 3743; x_wconf 86' lang='lat'><strong>:</strong></span> <span class='ocrx_word' id='word_1_281' title='bbox 911 3685 1059 3742; x_wconf 88' lang='lat' dir='ltr'><strong>Beati</strong></span> <span class='ocrx_word' id='word_1_282' title='bbox 1080 3689 1264 3742; x_wconf 90' lang='lat' dir='ltr'><strong>ntundo</strong></span> <span class='ocrx_word' id='word_1_283' title='bbox 1285 3687 1434 3742; x_wconf 87' lang='lat' dir='ltr'><strong>corde</strong></span> <span class='ocrx_word' id='word_1_284' title='bbox 1453 3730 1468 3754; x_wconf 91' lang='lat'><strong>,</strong></span> <span class='ocrx_word' id='word_1_285' title='bbox 1493 3687 1728 3760; x_wconf 82' lang='lat' dir='ltr'><strong>quoniam</strong></span> <span class='ocrx_word' id='word_1_286' title='bbox 1750 3687 1846 3756; x_wconf 87' lang='lat' dir='ltr'><strong>ipsi</strong></span> <span class='ocrx_word' id='word_1_287' title='bbox 1871 3685 2038 3739; x_wconf 89' lang='lat' dir='ltr'><strong>Deum</strong></span> 
     </span>
    </p>
   </div>
   <div class='ocr_carea' id='block_1_37' title="bbox 457 3777 2040 3849">
    <p class='ocr_par' dir='ltr' id='par_1_37' title="bbox 457 3777 2040 3849">
     <span class='ocr_line' id='line_1_37' title="bbox 457 3777 2040 3849; baseline -0.001 -17"><span class='ocrx_word' id='word_1_288' title='bbox 457 3778 713 3832; x_wconf 83' lang='lat' dir='ltr'><strong>videbunt.</strong></span> <span class='ocrx_word' id='word_1_289' title='bbox 743 3777 970 3842; x_wconf 84' lang='lat' dir='ltr'><strong>Quantos</strong></span> <span class='ocrx_word' id='word_1_290' title='bbox 996 3778 1189 3843; x_wconf 86' lang='lat' dir='ltr'><strong>beatos,</strong></span> <span class='ocrx_word' id='word_1_291' title='bbox 1229 3779 1413 3849; x_wconf 87' lang='lat' dir='ltr'><strong>inquit,</strong></span> <span class='ocrx_word' id='word_1_292' title='bbox 1440 3778 1553 3847; x_wconf 84' lang='lat' dir='ltr'><strong>jam</strong></span> <span class='ocrx_word' id='word_1_293' title='bbox 1583 3787 1954 3843; x_wconf 86' lang='lat' dir='ltr'><strong>numeraverat,</strong></span> <span class='ocrx_word' id='word_1_294' title='bbox 1991 3786 2040 3830; x_wconf 89' lang='lat' dir='ltr'><strong>et</strong></span> 
     </span>
    </p>
   </div>
   <div class='ocr_carea' id='block_1_38' title="bbox 461 3869 2040 3942">
    <p class='ocr_par' dir='ltr' id='par_1_38' title="bbox 461 3869 2040 3942">
     <span class='ocr_line' id='line_1_38' title="bbox 461 3869 2040 3942; baseline 0.002 -21"><span class='ocrx_word' id='word_1_295' title='bbox 461 3878 627 3923; x_wconf 87' lang='lat' dir='ltr'><strong>tamen</strong></span> <span class='ocrx_word' id='word_1_296' title='bbox 666 3870 736 3924; x_wconf 84' lang='lat' dir='ltr'><strong>eis</strong></span> <span class='ocrx_word' id='word_1_297' title='bbox 765 3871 964 3925; x_wconf 83' lang='lat' dir='ltr'><strong>videndi</strong></span> <span class='ocrx_word' id='word_1_298' title='bbox 1001 3870 1164 3940; x_wconf 83' lang='lat' dir='ltr'><strong>Deum</strong></span> <span class='ocrx_word' id='word_1_299' title='bbox 1217 3885 1317 3924; x_wconf 89' lang='lat' dir='ltr'><strong>non</strong></span> <span class='ocrx_word' id='word_1_300' title='bbox 1361 3871 1654 3942; x_wconf 79' lang='lat' dir='ltr'><strong>promiserat</strong></span> <span class='ocrx_word' id='word_1_301' title='bbox 1704 3869 2040 3940; x_wconf 73' lang='lat' dir='ltr'><strong>facultatem!</strong></span> 
     </span>
    </p>
   </div>
   <div class='ocr_carea' id='block_1_39' title="bbox 462 3961 2040 4035">
    <p class='ocr_par' dir='ltr' id='par_1_39' title="bbox 462 3961 2040 4035">
     <span class='ocr_line' id='line_1_39' title="bbox 462 3961 2040 4035; baseline 0 -19"><span class='ocrx_word' id='word_1_302' title='bbox 462 3961 665 4018; x_wconf 89' lang='lat' dir='ltr'><strong>Deinde</strong></span> <span class='ocrx_word' id='word_1_303' title='bbox 703 3963 940 4034; x_wconf 85' lang='lat' dir='ltr'><strong>adiungit</strong></span> <span class='ocrx_word' id='word_1_304' title='bbox 968 3975 1019 4020; x_wconf 90' lang='lat' dir='ltr'><strong>et</strong></span> <span class='ocrx_word' id='word_1_305' title='bbox 1057 3965 1182 4018; x_wconf 89' lang='lat' dir='ltr'><strong>dicit</strong></span> <span class='ocrx_word' id='word_1_306' title='bbox 1221 3981 1235 4019; x_wconf 90' lang='lat'><strong>:</strong></span> <span class='ocrx_word' id='word_1_307' title='bbox 1268 3964 1329 4019; x_wconf 86' lang='lat' dir='ltr'><strong>Si</strong></span> <span class='ocrx_word' id='word_1_308' title='bbox 1353 3979 1470 4035; x_wconf 86' lang='lat' dir='ltr'><strong>ergo</strong></span> <span class='ocrx_word' id='word_1_309' title='bbox 1501 3964 1538 4017; x_wconf 88' lang='lat' dir='ltr'><strong>ii</strong></span> <span class='ocrx_word' id='word_1_310' title='bbox 1569 3964 1657 4035; x_wconf 88' lang='lat' dir='ltr'><strong>qui</strong></span> <span class='ocrx_word' id='word_1_311' title='bbox 1699 3963 1886 4016; x_wconf 86' lang='lat' dir='ltr'><strong>nume</strong></span> <span class='ocrx_word' id='word_1_312' title='bbox 1923 3965 2040 4016; x_wconf 82' lang='lat' dir='ltr'><strong>sunt</strong></span> 
     </span>
    </p>
   </div>
   <div class='ocr_carea' id='block_1_40' title="bbox 463 4051 2040 4126">
    <p class='ocr_par' dir='ltr' id='par_1_40' title="bbox 463 4051 2040 4126">
     <span class='ocr_line' id='line_1_40' title="bbox 463 4051 2040 4126; baseline 0.001 -18"><span class='ocrx_word' id='word_1_313' title='bbox 463 4053 633 4123; x_wconf 83' lang='lat' dir='ltr'><strong>corde,</strong></span> <span class='ocrx_word' id='word_1_314' title='bbox 663 4051 826 4108; x_wconf 87' lang='lat' dir='ltr'><strong>Deum</strong></span> <span class='ocrx_word' id='word_1_315' title='bbox 861 4055 1121 4119; x_wconf 79' lang='lat' dir='ltr'><strong>videbunt,</strong></span> <span class='ocrx_word' id='word_1_316' title='bbox 1165 4055 1333 4126; x_wconf 80' lang='lat' dir='ltr'><strong>utique</strong></span> <span class='ocrx_word' id='word_1_317' title='bbox 1357 4055 1445 4109; x_wconf 85' lang='lat' dir='ltr'><strong>alii</strong></span> <span class='ocrx_word' id='word_1_318' title='bbox 1469 4071 1568 4108; x_wconf 88' lang='lat' dir='ltr'><strong>non</strong></span> <span class='ocrx_word' id='word_1_319' title='bbox 1591 4053 1844 4108; x_wconf 86' lang='lat' dir='ltr'><strong>videbunt.</strong></span> <span class='ocrx_word' id='word_1_320' title='bbox 1877 4053 1946 4108; x_wconf 87' lang='lat' dir='ltr'><strong>Et</strong></span> <span class='ocrx_word' id='word_1_321' title='bbox 1973 4068 2040 4110; x_wconf 82' lang='lat' dir='ltr'><strong>ne</strong></span> 
     </span>
    </p>
   </div>
   <div class='ocr_carea' id='block_1_41' title="bbox 461 4144 2042 4216">
    <p class='ocr_par' dir='ltr' id='par_1_41' title="bbox 461 4144 2042 4216">
     <span class='ocr_line' id='line_1_41' title="bbox 461 4144 2042 4216; baseline -0.001 -16"><span class='ocrx_word' id='word_1_322' title='bbox 461 4145 594 4200; x_wconf 82' lang='lat' dir='ltr'><strong>alios</strong></span> <span class='ocrx_word' id='word_1_323' title='bbox 623 4144 744 4200; x_wconf 87' lang='lat' dir='ltr'><strong>illos</strong></span> <span class='ocrx_word' id='word_1_324' title='bbox 769 4145 1130 4216; x_wconf 85' lang='lat' dir='ltr'><strong>acciperemus</strong></span> <span class='ocrx_word' id='word_1_325' title='bbox 1155 4187 1169 4210; x_wconf 90' lang='lat'><strong>,</strong></span> <span class='ocrx_word' id='word_1_326' title='bbox 1198 4145 1265 4200; x_wconf 87' lang='lat' dir='ltr'><strong>de</strong></span> <span class='ocrx_word' id='word_1_327' title='bbox 1292 4146 1483 4216; x_wconf 88' lang='lat' dir='ltr'><strong>quibus</strong></span> <span class='ocrx_word' id='word_1_328' title='bbox 1511 4145 1707 4199; x_wconf 89' lang='lat' dir='ltr'><strong>dictum</strong></span> <span class='ocrx_word' id='word_1_329' title='bbox 1737 4154 1818 4199; x_wconf 88' lang='lat' dir='ltr'><strong>est</strong></span> <span class='ocrx_word' id='word_1_330' title='bbox 1837 4187 1851 4211; x_wconf 93' lang='lat'><strong>,</strong></span> <span class='ocrx_word' id='word_1_331' title='bbox 1898 4144 2042 4199; x_wconf 85' lang='lat' dir='ltr'><strong>Beati</strong></span> 
     </span>
    </p>
   </div>
   <div class='ocr_carea' id='block_1_42' title="bbox 465 4235 2044 4306">
    <p class='ocr_par' dir='ltr' id='par_1_42' title="bbox 465 4235 2044 4306">
     <span class='ocr_line' id='line_1_42' title="bbox 465 4235 2044 4306; baseline 0.001 -16"><span class='ocrx_word' id='word_1_332' title='bbox 465 4251 739 4305; x_wconf 75' lang='lat' dir='ltr'><strong>pauperes,</strong></span> <span class='ocrx_word' id='word_1_333' title='bbox 797 4235 943 4290; x_wconf 83' lang='lat' dir='ltr'><strong>Beati</strong></span> <span class='ocrx_word' id='word_1_334' title='bbox 993 4237 1172 4301; x_wconf 87' lang='lat' dir='ltr'><strong>mites,</strong></span> <span class='ocrx_word' id='word_1_335' title='bbox 1225 4239 1477 4292; x_wconf 85' lang='lat' dir='ltr'><strong>continuo</strong></span> <span class='ocrx_word' id='word_1_336' title='bbox 1520 4236 1791 4305; x_wconf 86' lang='lat' dir='ltr'><strong>subiunxit</strong></span> <span class='ocrx_word' id='word_1_337' title='bbox 1822 4253 1838 4290; x_wconf 83' lang='lat'><strong>:</strong></span> <span class='ocrx_word' id='word_1_338' title='bbox 1869 4236 2044 4306; x_wconf 81' lang='lat' dir='ltr'><strong>Neque</strong></span> 
     </span>
    </p>
   </div>
   <div class='ocr_carea' id='block_1_43' title="bbox 465 4329 2044 4402">
    <p class='ocr_par' dir='ltr' id='par_1_43' title="bbox 465 4329 2044 4402">
     <span class='ocr_line' id='line_1_43' title="bbox 465 4329 2044 4402; baseline 0.002 -20"><span class='ocrx_word' id='word_1_339' title='bbox 465 4331 595 4383; x_wconf 87' lang='lat' dir='ltr'><strong>enim</strong></span> <span class='ocrx_word' id='word_1_340' title='bbox 638 4329 835 4402; x_wconf 85' lang='lat' dir='ltr'><strong>indigni</strong></span> <span class='ocrx_word' id='word_1_341' title='bbox 884 4329 1048 4384; x_wconf 82' lang='lat' dir='ltr'><strong>Deum</strong></span> <span class='ocrx_word' id='word_1_342' title='bbox 1096 4331 1346 4385; x_wconf 86' lang='lat' dir='ltr'><strong>videbunt.</strong></span> <span class='ocrx_word' id='word_1_343' title='bbox 1404 4329 1652 4401; x_wconf 83' lang='lat' dir='ltr'><strong>indignos</strong></span> <span class='ocrx_word' id='word_1_344' title='bbox 1701 4330 1879 4400; x_wconf 87' lang='lat' dir='ltr'><strong>utique</strong></span> <span class='ocrx_word' id='word_1_345' title='bbox 1925 4331 2044 4386; x_wconf 91' lang='lat' dir='ltr'><strong>illos</strong></span> 
     </span>
    </p>
   </div>
   <div class='ocr_carea' id='block_1_44' title="bbox 463 4420 2045 4491">
    <p class='ocr_par' dir='ltr' id='par_1_44' title="bbox 463 4420 2045 4491">
     <span class='ocr_line' id='line_1_44' title="bbox 463 4420 2045 4491; baseline 0.003 -19"><span class='ocrx_word' id='word_1_346' title='bbox 463 4420 648 4474; x_wconf 82' lang='lat' dir='ltr'><strong>volens</strong></span> <span class='ocrx_word' id='word_1_347' title='bbox 694 4421 959 4490; x_wconf 82' lang='lat' dir='ltr'><strong>intelligi,</strong></span> <span class='ocrx_word' id='word_1_348' title='bbox 999 4422 1086 4490; x_wconf 90' lang='lat' dir='ltr'><strong>qui</strong></span> <span class='ocrx_word' id='word_1_349' title='bbox 1135 4422 1255 4476; x_wconf 85' lang='lat' dir='ltr'><strong>licet</strong></span> <span class='ocrx_word' id='word_1_350' title='bbox 1299 4429 1615 4491; x_wconf 79' lang='lat' dir='ltr'><strong>resurgant,</strong></span> <span class='ocrx_word' id='word_1_351' title='bbox 1670 4421 1833 4475; x_wconf 87' lang='lat' dir='ltr'><strong>Deum</strong></span> <span class='ocrx_word' id='word_1_352' title='bbox 1861 4421 2045 4477; x_wconf 88' lang='lat' dir='ltr'><strong>videre</strong></span> 
     </span>
    </p>
   </div>
   <div class='ocr_carea' id='block_1_45' title="bbox 466 4511 2042 4582">
    <p class='ocr_par' dir='ltr' id='par_1_45' title="bbox 466 4511 2042 4582">
     <span class='ocr_line' id='line_1_45' title="bbox 466 4511 2042 4582; baseline 0.001 -18"><span class='ocrx_word' id='word_1_353' title='bbox 466 4525 570 4564; x_wconf 84' lang='lat' dir='ltr'><strong>non</strong></span> <span class='ocrx_word' id='word_1_354' title='bbox 604 4519 883 4579; x_wconf 64' lang='lat' dir='ltr'><strong>poterunt;</strong></span> <span class='ocrx_word' id='word_1_355' title='bbox 928 4513 1175 4582; x_wconf 89' lang='lat' dir='ltr'><strong>quoniam</strong></span> <span class='ocrx_word' id='word_1_356' title='bbox 1205 4512 1269 4565; x_wconf 87' lang='lat' dir='ltr'><strong>ad</strong></span> <span class='ocrx_word' id='word_1_357' title='bbox 1309 4511 1700 4566; x_wconf 81' lang='lat' dir='ltr'><strong>damnationem</strong></span> <span class='ocrx_word' id='word_1_358' title='bbox 1744 4521 2042 4582; x_wconf 79' lang='lat' dir='ltr'><strong>resurgent,</strong></span> 
     </span>
    </p>
   </div>
   <div class='ocr_carea' id='block_1_46' title="bbox 468 4601 2047 4672">
    <p class='ocr_par' dir='ltr' id='par_1_46' title="bbox 468 4601 2047 4672">
     <span class='ocr_line' id='line_1_46' title="bbox 468 4601 2047 4672; baseline 0.004 -20"><span class='ocrx_word' id='word_1_359' title='bbox 468 4601 586 4670; x_wconf 84' lang='lat' dir='ltr'><strong>quia</strong></span> <span class='ocrx_word' id='word_1_360' title='bbox 627 4616 719 4669; x_wconf 89' lang='lat' dir='ltr'><strong>per</strong></span> <span class='ocrx_word' id='word_1_361' title='bbox 758 4602 912 4656; x_wconf 87' lang='lat' dir='ltr'><strong>iidem</strong></span> <span class='ocrx_word' id='word_1_362' title='bbox 946 4619 1120 4656; x_wconf 81' lang='lat' dir='ltr'><strong>veram</strong></span> <span class='ocrx_word' id='word_1_363' title='bbox 1159 4619 1274 4672; x_wconf 71' lang='lat' dir='ltr'><strong>qua:</strong></span> <span class='ocrx_word' id='word_1_364' title='bbox 1307 4619 1399 4672; x_wconf 90' lang='lat' dir='ltr'><strong>per</strong></span> <span class='ocrx_word' id='word_1_365' title='bbox 1427 4602 1765 4658; x_wconf 88' lang='lat' dir='ltr'><strong>dilectionem</strong></span> <span class='ocrx_word' id='word_1_366' title='bbox 1795 4613 2047 4672; x_wconf 78' lang='lat' dir='ltr'><strong>operatur</strong></span> 
     </span>
    </p>
   </div>
   <div class='ocr_carea' id='block_1_47' title="bbox 469 4691 2049 4766">
    <p class='ocr_par' dir='ltr' id='par_1_47' title="bbox 469 4691 2049 4766">
     <span class='ocr_line' id='line_1_47' title="bbox 469 4691 2049 4766; baseline 0.003 -20"><span class='ocrx_word' id='word_1_367' title='bbox 469 4691 660 4761; x_wconf 74' lang='lat' dir='ltr'><strong>(Cu/ut.</strong></span> <span class='ocrx_word' id='word_1_368' title='bbox 695 4708 744 4758; x_wconf 83' lang='grc' dir='ltr'><strong>ν,</strong></span> <span class='ocrx_word' id='word_1_369' title='bbox 770 4694 846 4762; x_wconf 83' lang='grc' dir='ltr'><strong>ϐ),</strong></span> <span class='ocrx_word' id='word_1_370' title='bbox 879 4708 971 4748; x_wconf 83' lang='grc'><strong>001·</strong></span> <span class='ocrx_word' id='word_1_371' title='bbox 997 4695 1252 4748; x_wconf 89' lang='lat' dir='ltr'><strong>mundare</strong></span> <span class='ocrx_word' id='word_1_372' title='bbox 1281 4695 1580 4749; x_wconf 80' lang='lat' dir='ltr'><strong>noldernnt.</strong></span> <span class='ocrx_word' id='word_1_373' title='bbox 1631 4695 1696 4749; x_wconf 80' lang='lat' dir='ltr'><strong>Et</strong></span> <span class='ocrx_word' id='word_1_374' title='bbox 1724 4695 1842 4750; x_wconf 90' lang='lat' dir='ltr'><strong>ideo</strong></span> <span class='ocrx_word' id='word_1_375' title='bbox 1869 4697 2049 4766; x_wconf 88' lang='lat' dir='ltr'><strong>sequi-</strong></span> 
     </span>
    </p>
   </div>
   <div class='ocr_carea' id='block_1_48' title="bbox 471 4785 2048 4858">
    <p class='ocr_par' dir='ltr' id='par_1_48' title="bbox 471 4785 2048 4858">
     <span class='ocr_line' id='line_1_48' title="bbox 471 4785 2048 4858; baseline 0.005 -22"><span class='ocrx_word' id='word_1_376' title='bbox 471 4796 554 4852; x_wconf 83' lang='lat' dir='ltr'><strong>tur</strong></span> <span class='ocrx_word' id='word_1_377' title='bbox 577 4794 626 4838; x_wconf 81' lang='lat' dir='ltr'><strong>et</strong></span> <span class='ocrx_word' id='word_1_378' title='bbox 654 4785 781 4841; x_wconf 80' lang='lat' dir='ltr'><strong>dicit</strong></span> <span class='ocrx_word' id='word_1_379' title='bbox 815 4803 828 4840; x_wconf 92' lang='lat'><strong>:</strong></span> <span class='ocrx_word' id='word_1_380' title='bbox 862 4785 1040 4857; x_wconf 83' lang='lat' dir='ltr'><strong>Neque</strong></span> <span class='ocrx_word' id='word_1_381' title='bbox 1060 4787 1102 4840; x_wconf 88' lang='lat' dir='ltr'><strong>is</strong></span> <span class='ocrx_word' id='word_1_382' title='bbox 1131 4787 1216 4858; x_wconf 83' lang='lat' dir='ltr'><strong>qui</strong></span> <span class='ocrx_word' id='word_1_383' title='bbox 1245 4786 1407 4842; x_wconf 87' lang='lat' dir='ltr'><strong>Deum</strong></span> <span class='ocrx_word' id='word_1_384' title='bbox 1433 4789 1598 4841; x_wconf 80' lang='lat' dir='ltr'><strong>videre</strong></span> <span class='ocrx_word' id='word_1_385' title='bbox 1623 4788 1855 4854; x_wconf 83' lang='lat' dir='ltr'><strong>uoluerit,</strong></span> <span class='ocrx_word' id='word_1_386' title='bbox 1889 4798 2048 4858; x_wconf 80' lang='lat' dir='ltr'><strong>potest</strong></span> 
     </span>
    </p>
   </div>
   <div class='ocr_carea' id='block_1_49' title="bbox 469 4875 2049 4951">
    <p class='ocr_par' dir='ltr' id='par_1_49' title="bbox 469 4875 2049 4951">
     <span class='ocr_line' id='line_1_49' title="bbox 469 4875 2049 4951; baseline 0.006 -23"><span class='ocrx_word' id='word_1_387' title='bbox 469 4875 632 4929; x_wconf 56' lang='lat' dir='ltr'><strong>Dium</strong></span> <span class='ocrx_word' id='word_1_388' title='bbox 673 4877 858 4932; x_wconf 81' lang='lat' dir='ltr'><strong>videre.</strong></span> <span class='ocrx_word' id='word_1_389' title='bbox 911 4876 1109 4931; x_wconf 86' lang='lat' dir='ltr'><strong>Deinde</strong></span> <span class='ocrx_word' id='word_1_390' title='bbox 1149 4879 1268 4948; x_wconf 83' lang='lat' dir='ltr'><strong>quia</strong></span> <span class='ocrx_word' id='word_1_391' title='bbox 1309 4879 1619 4934; x_wconf 85' lang='lat' dir='ltr'><strong>occurrebat</strong></span> <span class='ocrx_word' id='word_1_392' title='bbox 1658 4881 1814 4935; x_wconf 85' lang='lat' dir='ltr'><strong>etiam</strong></span> <span class='ocrx_word' id='word_1_393' title='bbox 1856 4881 2049 4951; x_wconf 80' lang='lat' dir='ltr'><strong>impios</strong></span> 
     </span>
    </p>
   </div>
   <div class='ocr_carea' id='block_1_50' title="bbox 469 4963 2047 5041">
    <p class='ocr_par' dir='ltr' id='par_1_50' title="bbox 469 4963 2047 5041">
     <span class='ocr_line' id='line_1_50' title="bbox 469 4963 2047 5041; baseline 0.008 -25"><span class='ocrx_word' id='word_1_394' title='bbox 469 4963 655 5022; x_wconf 73' lang='grc'><strong>01111108</strong></span> <span class='ocrx_word' id='word_1_395' title='bbox 680 4967 813 5022; x_wconf 81' lang='lat' dir='ltr'><strong>velle</strong></span> <span class='ocrx_word' id='word_1_396' title='bbox 844 4967 1020 5021; x_wconf 80' lang='lat' dir='ltr'><strong>videre</strong></span> <span class='ocrx_word' id='word_1_397' title='bbox 1053 4969 1238 5032; x_wconf 87' lang='lat' dir='ltr'><strong>Deum,</strong></span> <span class='ocrx_word' id='word_1_398' title='bbox 1267 4970 1441 5022; x_wconf 82' lang='lat' dir='ltr'><strong>statim</strong></span> <span class='ocrx_word' id='word_1_399' title='bbox 1473 4981 1527 5025; x_wconf 88' lang='lat' dir='ltr'><strong>ut</strong></span> <span class='ocrx_word' id='word_1_400' title='bbox 1560 4971 1862 5026; x_wconf 86' lang='lat' dir='ltr'><strong>ostenderet</strong></span> <span class='ocrx_word' id='word_1_401' title='bbox 1885 4973 2047 5041; x_wconf 82' lang='lat' dir='ltr'><strong>quare</strong></span> 
     </span>
    </p>
   </div>
   <div class='ocr_carea' id='block_1_51' title="bbox 466 5055 2049 5132">
    <p class='ocr_par' dir='ltr' id='par_1_51' title="bbox 466 5055 2049 5132">
     <span class='ocr_line' id='line_1_51' title="bbox 466 5055 2049 5132; baseline 0.007 -24"><span class='ocrx_word' id='word_1_402' title='bbox 466 5057 694 5121; x_wconf 71' lang='lat' dir='ltr'><strong>dixerit,</strong></span> <span class='ocrx_word' id='word_1_403' title='bbox 744 5057 830 5127; x_wconf 86' lang='lat' dir='ltr'><strong>qui</strong></span> <span class='ocrx_word' id='word_1_404' title='bbox 866 5055 1030 5112; x_wconf 87' lang='lat' dir='ltr'><strong>Deum</strong></span> <span class='ocrx_word' id='word_1_405' title='bbox 1073 5061 1238 5113; x_wconf 77' lang='lat' dir='ltr'><strong>ridere</strong></span> <span class='ocrx_word' id='word_1_406' title='bbox 1281 5060 1532 5128; x_wconf 82' lang='lat' dir='ltr'><strong>noluerit,</strong></span> <span class='ocrx_word' id='word_1_407' title='bbox 1571 5062 1690 5132; x_wconf 89' lang='lat' dir='ltr'><strong>quia</strong></span> <span class='ocrx_word' id='word_1_408' title='bbox 1733 5063 1912 5132; x_wconf 90' lang='lat' dir='ltr'><strong>utique</strong></span> <span class='ocrx_word' id='word_1_409' title='bbox 1959 5064 2049 5119; x_wconf 92' lang='lat' dir='ltr'><strong>illo</strong></span> 
     </span>
    </p>
   </div>
   <div class='ocr_carea' id='block_1_52' title="bbox 469 5148 2052 5223">
    <p class='ocr_par' dir='ltr' id='par_1_52' title="bbox 469 5148 2052 5223">
     <span class='ocr_line' id='line_1_52' title="bbox 469 5148 2052 5223; baseline 0.005 -21"><span class='ocrx_word' id='word_1_410' title='bbox 469 5149 628 5203; x_wconf 86' lang='lat' dir='ltr'><strong>modo</strong></span> <span class='ocrx_word' id='word_1_411' title='bbox 655 5165 760 5204; x_wconf 89' lang='grc'><strong>11011</strong></span> <span class='ocrx_word' id='word_1_412' title='bbox 798 5148 1100 5205; x_wconf 74' lang='grc' dir='ltr'><strong>1111111)οι101</strong></span> <span class='ocrx_word' id='word_1_413' title='bbox 1132 5149 1313 5206; x_wconf 89' lang='lat' dir='ltr'><strong>videre</strong></span> <span class='ocrx_word' id='word_1_414' title='bbox 1341 5151 1532 5222; x_wconf 89' lang='lat' dir='ltr'><strong>impius</strong></span> <span class='ocrx_word' id='word_1_415' title='bbox 1557 5193 1573 5220; x_wconf 93' lang='lat'><strong>,</strong></span> <span class='ocrx_word' id='word_1_416' title='bbox 1616 5154 1737 5223; x_wconf 85' lang='lat' dir='ltr'><strong>quia</strong></span> <span class='ocrx_word' id='word_1_417' title='bbox 1775 5169 1868 5209; x_wconf 90' lang='lat' dir='ltr'><strong>cor</strong></span> <span class='ocrx_word' id='word_1_418' title='bbox 1895 5169 2052 5211; x_wconf 90' lang='lat' dir='ltr'><strong>mun-</strong></span> 
     </span>
    </p>
   </div>
   <div class='ocr_carea' id='block_1_53' title="bbox 469 5239 2047 5313">
    <p class='ocr_par' dir='ltr' id='par_1_53' title="bbox 469 5239 2047 5313">
     <span class='ocr_line' id='line_1_53' title="bbox 469 5239 2047 5313; baseline 0.004 -19"><span class='ocrx_word' id='word_1_419' title='bbox 469 5241 598 5296; x_wconf 88' lang='lat' dir='ltr'><strong>dare</strong></span> <span class='ocrx_word' id='word_1_420' title='bbox 627 5254 731 5296; x_wconf 90' lang='lat' dir='ltr'><strong>non</strong></span> <span class='ocrx_word' id='word_1_421' title='bbox 763 5239 911 5305; x_wconf 90' lang='lat' dir='ltr'><strong>vult,</strong></span> <span class='ocrx_word' id='word_1_422' title='bbox 949 5256 1054 5311; x_wconf 92' lang='lat' dir='ltr'><strong>quo</strong></span> <span class='ocrx_word' id='word_1_423' title='bbox 1084 5240 1176 5297; x_wconf 89' lang='lat' dir='ltr'><strong>ille</strong></span> <span class='ocrx_word' id='word_1_424' title='bbox 1217 5241 1384 5298; x_wconf 87' lang='lat' dir='ltr'><strong>videri</strong></span> <span class='ocrx_word' id='word_1_425' title='bbox 1420 5246 1648 5313; x_wconf 88' lang='lat' dir='ltr'><strong>poterit,</strong></span> <span class='ocrx_word' id='word_1_426' title='bbox 1695 5254 1911 5300; x_wconf 88' lang='lat' dir='ltr'><strong>secutus</strong></span> <span class='ocrx_word' id='word_1_427' title='bbox 1950 5246 2047 5300; x_wconf 86' lang='lat' dir='ltr'><strong>ad-</strong></span> 
     </span>
    </p>
   </div>
   <div class='ocr_carea' id='block_1_54' title="bbox 464 5332 2048 5406">
    <p class='ocr_par' dir='ltr' id='par_1_54' title="bbox 464 5332 2048 5406">
     <span class='ocr_line' id='line_1_54' title="bbox 464 5332 2048 5406; baseline 0.005 -19"><span class='ocrx_word' id='word_1_428' title='bbox 464 5333 641 5406; x_wconf 75' lang='lat' dir='ltr'><strong>iunxit</strong></span> <span class='ocrx_word' id='word_1_429' title='bbox 665 5343 719 5388; x_wconf 92' lang='lat' dir='ltr'><strong>et</strong></span> <span class='ocrx_word' id='word_1_430' title='bbox 744 5335 821 5391; x_wconf 86' lang='lat' dir='ltr'><strong>ait</strong></span> <span class='ocrx_word' id='word_1_431' title='bbox 847 5351 861 5391; x_wconf 91' lang='lat'><strong>:</strong></span> <span class='ocrx_word' id='word_1_432' title='bbox 892 5332 1007 5391; x_wconf 83' lang='lat' dir='ltr'><strong>Nec</strong></span> <span class='ocrx_word' id='word_1_433' title='bbox 1052 5334 1106 5390; x_wconf 88' lang='lat' dir='ltr'><strong>in</strong></span> <span class='ocrx_word' id='word_1_434' title='bbox 1133 5335 1244 5391; x_wconf 84' lang='lat' dir='ltr'><strong>loco</strong></span> <span class='ocrx_word' id='word_1_435' title='bbox 1281 5333 1421 5393; x_wconf 76' lang='lat' dir='ltr'><strong>Deus</strong></span> <span class='ocrx_word' id='word_1_436' title='bbox 1461 5339 1696 5405; x_wconf 84' lang='lat' dir='ltr'><strong>videtur,</strong></span> <span class='ocrx_word' id='word_1_437' title='bbox 1733 5339 1823 5394; x_wconf 83' lang='lat' dir='ltr'><strong>sed</strong></span> <span class='ocrx_word' id='word_1_438' title='bbox 1862 5341 2048 5395; x_wconf 84' lang='lat' dir='ltr'><strong>mundo</strong></span> 
     </span>
    </p>
   </div>
   <div class='ocr_carea' id='block_1_55' title="bbox 470 5426 2047 5500">
    <p class='ocr_par' dir='ltr' id='par_1_55' title="bbox 470 5426 2047 5500">
     <span class='ocr_line' id='line_1_55' title="bbox 470 5426 2047 5500; baseline 0.004 -22"><span class='ocrx_word' id='word_1_439' title='bbox 470 5426 658 5490; x_wconf 84' lang='lat' dir='ltr'><strong>corde;</strong></span> <span class='ocrx_word' id='word_1_440' title='bbox 696 5441 786 5480; x_wconf 81' lang='lat' dir='ltr'><strong>nec</strong></span> <span class='ocrx_word' id='word_1_441' title='bbox 812 5426 1161 5495; x_wconf 83' lang='lat' dir='ltr'><strong>corporalibus</strong></span> <span class='ocrx_word' id='word_1_442' title='bbox 1186 5428 1347 5482; x_wconf 85' lang='lat' dir='ltr'><strong>oculis</strong></span> <span class='ocrx_word' id='word_1_443' title='bbox 1372 5427 1507 5482; x_wconf 83' lang='lat' dir='ltr'><strong>Deus</strong></span> <span class='ocrx_word' id='word_1_444' title='bbox 1532 5430 1799 5500; x_wconf 73' lang='lat' dir='ltr'><strong>quazritur,</strong></span> <span class='ocrx_word' id='word_1_445' title='bbox 1827 5446 1916 5484; x_wconf 87' lang='lat' dir='ltr'><strong>nec</strong></span> <span class='ocrx_word' id='word_1_446' title='bbox 1943 5431 2047 5484; x_wconf 83' lang='lat' dir='ltr'><strong>cir-</strong></span> 
     </span>
    </p>
   </div>
   <div class='ocr_carea' id='block_1_56' title="bbox 466 5516 2046 5592">
    <p class='ocr_par' dir='ltr' id='par_1_56' title="bbox 466 5516 2046 5592">
     <span class='ocr_line' id='line_1_56' title="bbox 466 5516 2046 5592; baseline 0.004 -21"><span class='ocrx_word' id='word_1_447' title='bbox 466 5516 816 5573; x_wconf 82' lang='lat' dir='ltr'><strong>cumscribitur</strong></span> <span class='ocrx_word' id='word_1_448' title='bbox 841 5517 971 5587; x_wconf 78' lang='lat' dir='ltr'><strong>visst,</strong></span> <span class='ocrx_word' id='word_1_449' title='bbox 1001 5533 1094 5575; x_wconf 78' lang='lat' dir='ltr'><strong>nec</strong></span> <span class='ocrx_word' id='word_1_450' title='bbox 1117 5527 1253 5574; x_wconf 82' lang='lat' dir='ltr'><strong>tactu</strong></span> <span class='ocrx_word' id='word_1_451' title='bbox 1277 5517 1489 5588; x_wconf 78' lang='lat' dir='ltr'><strong>tenetur,</strong></span> <span class='ocrx_word' id='word_1_452' title='bbox 1522 5535 1611 5576; x_wconf 87' lang='lat' dir='ltr'><strong>nec</strong></span> <span class='ocrx_word' id='word_1_453' title='bbox 1636 5521 1840 5575; x_wconf 84' lang='lat' dir='ltr'><strong>auditur</strong></span> <span class='ocrx_word' id='word_1_454' title='bbox 1863 5521 2046 5592; x_wconf 80' lang='lat' dir='ltr'><strong>a/i&#39;atu,</strong></span> 
     </span>
    </p>
   </div>
   <div class='ocr_carea' id='block_1_57' title="bbox 467 5601 2048 5686">
    <p class='ocr_par' dir='ltr' id='par_1_57' title="bbox 467 5601 2048 5686">
     <span class='ocr_line' id='line_1_57' title="bbox 467 5601 2048 5686; baseline 0.005 -20"><span class='ocrx_word' id='word_1_455' title='bbox 467 5627 559 5666; x_wconf 84' lang='lat' dir='ltr'><strong>nec</strong></span> <span class='ocrx_word' id='word_1_456' title='bbox 581 5611 792 5668; x_wconf 79' lang='lat' dir='ltr'><strong>sentitur</strong></span> <span class='ocrx_word' id='word_1_457' title='bbox 825 5613 1023 5670; x_wconf 72' lang='lat' dir='ltr'><strong>incessit</strong></span> <span class='ocrx_word' id='word_1_458' title='bbox 1057 5609 1151 5686; x_wconf 85' lang='lat' dir='ltr'><strong>(In</strong></span> <span class='ocrx_word' id='word_1_459' title='bbox 1177 5609 1305 5669; x_wconf 77' lang='lat' dir='ltr'><strong>Luc.</strong></span> <span class='ocrx_word' id='word_1_460' title='bbox 1331 5629 1378 5669; x_wconf 85' lang='lat' dir='ltr'><strong>e.</strong></span> <span class='ocrx_word' id='word_1_461' title='bbox 1406 5628 1452 5680; x_wconf 90' lang='grc'><strong>1,</strong></span> <span class='ocrx_word' id='word_1_462' title='bbox 1486 5615 1599 5685; x_wconf 86' lang='grc'><strong>11).</strong></span> <span class='ocrx_word' id='word_1_463' title='bbox 1649 5614 1848 5680; x_wconf 84' lang='lat' dir='ltr'><strong>Quibus</strong></span> <span class='ocrx_word' id='word_1_464' title='bbox 1874 5601 2048 5674; x_wconf 79' lang='lat' dir='ltr'><strong>verbis</strong></span> 
     </span>
    </p>
   </div>
   <div class='ocr_carea' id='block_1_58' title="bbox 467 5704 2046 5778">
    <p class='ocr_par' dir='ltr' id='par_1_58' title="bbox 467 5704 2046 5778">
     <span class='ocr_line' id='line_1_58' title="bbox 467 5704 2046 5778; baseline 0.004 -18"><span class='ocrx_word' id='word_1_465' title='bbox 467 5704 654 5760; x_wconf 87' lang='lat' dir='ltr'><strong>beatus</strong></span> <span class='ocrx_word' id='word_1_466' title='bbox 685 5705 995 5762; x_wconf 80' lang='lat' dir='ltr'><strong>Ambrosius</strong></span> <span class='ocrx_word' id='word_1_467' title='bbox 1021 5704 1192 5763; x_wconf 86' lang='lat' dir='ltr'><strong>voluit</strong></span> <span class='ocrx_word' id='word_1_468' title='bbox 1217 5706 1505 5763; x_wconf 88' lang='lat' dir='ltr'><strong>admonere</strong></span> <span class='ocrx_word' id='word_1_469' title='bbox 1533 5707 1658 5778; x_wconf 92' lang='lat' dir='ltr'><strong>quid</strong></span> <span class='ocrx_word' id='word_1_470' title='bbox 1688 5708 1915 5766; x_wconf 88' lang='lat' dir='ltr'><strong>debeant</strong></span> <span class='ocrx_word' id='word_1_471' title='bbox 1944 5709 2046 5766; x_wconf 88' lang='lat' dir='ltr'><strong>ho-</strong></span> 
     </span>
    </p>
   </div>
   <div class='ocr_carea' id='block_1_59' title="bbox 469 5789 2046 5870">
    <p class='ocr_par' dir='ltr' id='par_1_59' title="bbox 469 5789 2046 5870">
     <span class='ocr_line' id='line_1_59' title="bbox 469 5789 2046 5870; baseline 0.005 -20"><span class='ocrx_word' id='word_1_472' title='bbox 469 5793 640 5850; x_wconf 88' lang='lat' dir='ltr'><strong>mines</strong></span> <span class='ocrx_word' id='word_1_473' title='bbox 686 5791 984 5868; x_wconf 71' lang='lat' dir='ltr'><strong>prmparare</strong></span> <span class='ocrx_word' id='word_1_474' title='bbox 1021 5797 1113 5869; x_wconf 89' lang='lat' dir='ltr'><strong>qui</strong></span> <span class='ocrx_word' id='word_1_475' title='bbox 1141 5789 1325 5854; x_wconf 87' lang='lat' dir='ltr'><strong>volunt</strong></span> <span class='ocrx_word' id='word_1_476' title='bbox 1358 5797 1526 5854; x_wconf 89' lang='lat' dir='ltr'><strong>Deum</strong></span> <span class='ocrx_word' id='word_1_477' title='bbox 1551 5799 1772 5868; x_wconf 78' lang='lat' dir='ltr'><strong>videre;</strong></span> <span class='ocrx_word' id='word_1_478' title='bbox 1804 5802 1904 5860; x_wconf 89' lang='lat' dir='ltr'><strong>hoc</strong></span> <span class='ocrx_word' id='word_1_479' title='bbox 1940 5811 2046 5870; x_wconf 82' lang='lat' dir='ltr'><strong>est,</strong></span> 
     </span>
    </p>
   </div>
   <div class='ocr_carea' id='block_1_60' title="bbox 466 5885 2045 5967">
    <p class='ocr_par' dir='ltr' id='par_1_60' title="bbox 466 5885 2045 5967">
     <span class='ocr_line' id='line_1_60' title="bbox 466 5885 2045 5967; baseline 0.004 -23"><span class='ocrx_word' id='word_1_480' title='bbox 466 5901 562 5944; x_wconf 89' lang='lat' dir='ltr'><strong>cor</strong></span> <span class='ocrx_word' id='word_1_481' title='bbox 589 5887 845 5958; x_wconf 80' lang='lat' dir='ltr'><strong>mundare</strong></span> <span class='ocrx_word' id='word_1_482' title='bbox 862 5899 963 5960; x_wconf 80' lang='lat' dir='ltr'><strong>per</strong></span> <span class='ocrx_word' id='word_1_483' title='bbox 982 5885 1144 5944; x_wconf 83' lang='lat' dir='ltr'><strong>ﬁdem</strong></span> <span class='ocrx_word' id='word_1_484' title='bbox 1166 5900 1288 5963; x_wconf 73' lang='lat' dir='ltr'><strong>qua:</strong></span> <span class='ocrx_word' id='word_1_485' title='bbox 1303 5902 1404 5964; x_wconf 81' lang='lat' dir='ltr'><strong>per</strong></span> <span class='ocrx_word' id='word_1_486' title='bbox 1420 5889 1755 5952; x_wconf 83' lang='lat' dir='ltr'><strong>dilectionem</strong></span> <span class='ocrx_word' id='word_1_487' title='bbox 1773 5902 2045 5967; x_wconf 84' lang='lat' dir='ltr'><strong>operatur,</strong></span> 
     </span>
    </p>
   </div>
   <div class='ocr_carea' id='block_1_61' title="bbox 1675 439 2466 500">
    <p class='ocr_par' dir='ltr' id='par_1_61' title="bbox 1675 439 2466 500">
     <span class='ocr_line' id='line_1_61' title="bbox 1675 439 2466 500; baseline -0.003 0"><span class='ocrx_word' id='word_1_488' title='bbox 1675 447 1730 500; x_wconf 83' lang='lat' dir='ltr'><strong>S.</strong></span> <span class='ocrx_word' id='word_1_489' title='bbox 1773 439 2133 500; x_wconf 72' lang='lat' dir='ltr'><strong>AUGUSTlNl</strong></span> <span class='ocrx_word' id='word_1_490' title='bbox 2173 439 2466 498; x_wconf 73' lang='lat' dir='ltr'><strong>EPISCOPI</strong></span> 
     </span>
    </p>
   </div>
   <div class='ocr_carea' id='block_1_62' title="bbox 3605 444 3706 502">
    <p class='ocr_par' dir='ltr' id='par_1_62' title="bbox 3605 444 3706 502">
     <span class='ocr_line' id='line_1_62' title="bbox 3605 444 3706 502; baseline 0.02 -2"><span class='ocrx_word' id='word_1_491' title='bbox 3605 444 3706 502; x_wconf 72' lang='lat'><strong>628</strong></span> 
     </span>
    </p>
   </div>
   <div class='ocr_carea' id='block_1_63' title="bbox 2125 542 3706 634">
    <p class='ocr_par' dir='ltr' id='par_1_63' title="bbox 2125 542 3706 634">
     <span class='ocr_line' id='line_1_63' title="bbox 2125 542 3706 634; baseline 0.003 -23"><span class='ocrx_word' id='word_1_492' title='bbox 2125 555 2265 612; x_wconf 83' lang='lat' dir='ltr'><strong>dono</strong></span> <span class='ocrx_word' id='word_1_493' title='bbox 2303 553 2528 628; x_wconf 80' lang='lat' dir='ltr'><strong>Spiritus</strong></span> <span class='ocrx_word' id='word_1_494' title='bbox 2565 559 2765 622; x_wconf 77' lang='lat' dir='ltr'><strong>sancti;</strong></span> <span class='ocrx_word' id='word_1_495' title='bbox 2817 547 2955 614; x_wconf 79' lang='lat' dir='ltr'><strong>unde</strong></span> <span class='ocrx_word' id='word_1_496' title='bbox 2996 555 3182 628; x_wconf 71' lang='lat' dir='ltr'><strong>pignus</strong></span> <span class='ocrx_word' id='word_1_497' title='bbox 3223 542 3556 627; x_wconf 64' lang='lat' dir='ltr'><strong>accepimus,</strong></span> <span class='ocrx_word' id='word_1_498' title='bbox 3601 551 3706 634; x_wconf 73' lang='lat' dir='ltr'><strong>quo</strong></span> 
     </span>
    </p>
   </div>
   <div class='ocr_carea' id='block_1_64' title="bbox 2125 641 3702 724">
    <p class='ocr_par' dir='ltr' id='par_1_64' title="bbox 2125 641 3702 724">
     <span class='ocr_line' id='line_1_64' title="bbox 2125 641 3702 724; baseline 0.003 -21"><span class='ocrx_word' id='word_1_499' title='bbox 2125 648 2266 704; x_wconf 87' lang='lat' dir='ltr'><strong>illam</strong></span> <span class='ocrx_word' id='word_1_500' title='bbox 2303 643 2559 706; x_wconf 78' lang='lat' dir='ltr'><strong>visionem</strong></span> <span class='ocrx_word' id='word_1_501' title='bbox 2591 643 2894 705; x_wconf 72' lang='lat' dir='ltr'><strong>deSidcrare</strong></span> <span class='ocrx_word' id='word_1_502' title='bbox 2926 641 3224 704; x_wconf 60' lang='lat' dir='ltr'><strong>noverimus</strong></span> <span class='ocrx_word' id='word_1_503' title='bbox 3255 650 3320 719; x_wconf 94' lang='lat' dir='ltr'><strong>(ll</strong></span> <span class='ocrx_word' id='word_1_504' title='bbox 3344 650 3458 705; x_wconf 85' lang='lat' dir='ltr'><strong>Cor.</strong></span> <span class='ocrx_word' id='word_1_505' title='bbox 3484 645 3539 719; x_wconf 75' lang='lat' dir='ltr'><strong>v,</strong></span> <span class='ocrx_word' id='word_1_506' title='bbox 3564 651 3702 724; x_wconf 66' lang='lat'><strong>4—8).</strong></span> 
     </span>
    </p>
   </div>
   <div class='ocr_carea' id='block_1_65' title="bbox 2194 739 3704 815">
    <p class='ocr_par' dir='ltr' id='par_1_65' title="bbox 2194 739 3704 815">
     <span class='ocr_line' id='line_1_65' title="bbox 2194 739 3704 815; baseline 0.003 -19"><span class='ocrx_word' id='word_1_507' title='bbox 2194 743 2418 800; x_wconf 79' lang='lat' dir='ltr'><strong>CAPUT</strong></span> <span class='ocrx_word' id='word_1_508' title='bbox 2450 739 2538 799; x_wconf 67' lang='lat' dir='ltr'><strong>IV;</strong></span> <span class='ocrx_word' id='word_1_509' title='bbox 2560 775 2631 784; x_wconf 91' lang='lat'><strong>——</strong></span> <span class='ocrx_word' id='word_1_510' title='bbox 2661 745 2745 798; x_wconf 81' lang='grc'><strong>15.</strong></span> <span class='ocrx_word' id='word_1_511' title='bbox 2775 743 2903 797; x_wconf 87' lang='lat' dir='ltr'><strong>Nam</strong></span> <span class='ocrx_word' id='word_1_512' title='bbox 2929 743 2996 798; x_wconf 88' lang='lat' dir='ltr'><strong>de</strong></span> <span class='ocrx_word' id='word_1_513' title='bbox 3023 743 3276 798; x_wconf 85' lang='lat' dir='ltr'><strong>membris</strong></span> <span class='ocrx_word' id='word_1_514' title='bbox 3323 743 3411 798; x_wconf 83' lang='lat' dir='ltr'><strong>Dei</strong></span> <span class='ocrx_word' id='word_1_515' title='bbox 3431 788 3443 808; x_wconf 93' lang='lat'><strong>,</strong></span> <span class='ocrx_word' id='word_1_516' title='bbox 3477 762 3593 815; x_wconf 73' lang='lat' dir='ltr'><strong>qua:</strong></span> <span class='ocrx_word' id='word_1_517' title='bbox 3619 762 3704 802; x_wconf 83' lang='lat' dir='ltr'><strong>as-</strong></span> 
     </span>
    </p>
   </div>
   <div class='ocr_carea' id='block_1_66' title="bbox 2124 833 3700 907">
    <p class='ocr_par' dir='ltr' id='par_1_66' title="bbox 2124 833 3700 907">
     <span class='ocr_line' id='line_1_66' title="bbox 2124 833 3700 907; baseline 0.004 -18"><span class='ocrx_word' id='word_1_518' title='bbox 2124 834 2272 890; x_wconf 85' lang='lat' dir='ltr'><strong>sidue</strong></span> <span class='ocrx_word' id='word_1_519' title='bbox 2298 835 2568 906; x_wconf 84' lang='lat' dir='ltr'><strong>Scriptura</strong></span> <span class='ocrx_word' id='word_1_520' title='bbox 2587 833 2987 900; x_wconf 83' lang='lat' dir='ltr'><strong>commemorat,</strong></span> <span class='ocrx_word' id='word_1_521' title='bbox 3022 851 3088 891; x_wconf 90' lang='grc'><strong>110</strong></span> <span class='ocrx_word' id='word_1_522' title='bbox 3113 835 3387 907; x_wconf 83' lang='lat' dir='ltr'><strong>quisquam</strong></span> <span class='ocrx_word' id='word_1_523' title='bbox 3410 835 3700 895; x_wconf 79' lang='lat' dir='ltr'><strong>Secundum</strong></span> 
     </span>
    </p>
   </div>
   <div class='ocr_carea' id='block_1_67' title="bbox 2123 916 3707 1000">
    <p class='ocr_par' dir='ltr' id='par_1_67' title="bbox 2123 916 3707 1000">
     <span class='ocr_line' id='line_1_67' title="bbox 2123 916 3707 1000; baseline 0.005 -18"><span class='ocrx_word' id='word_1_524' title='bbox 2123 929 2299 982; x_wconf 91' lang='lat' dir='ltr'><strong>carnis</strong></span> <span class='ocrx_word' id='word_1_525' title='bbox 2343 919 2496 998; x_wconf 88' lang='lat' dir='ltr'><strong>huius</strong></span> <span class='ocrx_word' id='word_1_526' title='bbox 2539 926 2762 983; x_wconf 79' lang='lat' dir='ltr'><strong>formam</strong></span> <span class='ocrx_word' id='word_1_527' title='bbox 2801 939 2853 984; x_wconf 89' lang='lat' dir='ltr'><strong>et</strong></span> <span class='ocrx_word' id='word_1_528' title='bbox 2895 929 3110 1000; x_wconf 80' lang='lat' dir='ltr'><strong>figurant</strong></span> <span class='ocrx_word' id='word_1_529' title='bbox 3163 944 3260 984; x_wconf 90' lang='lat' dir='ltr'><strong>nos</strong></span> <span class='ocrx_word' id='word_1_530' title='bbox 3306 916 3425 986; x_wconf 81' lang='lat' dir='ltr'><strong>esse</strong></span> <span class='ocrx_word' id='word_1_531' title='bbox 3465 932 3707 990; x_wconf 89' lang='lat' dir='ltr'><strong>crederet</strong></span> 
     </span>
    </p>
   </div>
   <div class='ocr_carea' id='block_1_68' title="bbox 2124 1009 3706 1092">
    <p class='ocr_par' dir='ltr' id='par_1_68' title="bbox 2124 1009 3706 1092">
     <span class='ocr_line' id='line_1_68' title="bbox 2124 1009 3706 1092; baseline 0.003 -17"><span class='ocrx_word' id='word_1_532' title='bbox 2124 1019 2325 1075; x_wconf 88' lang='lat' dir='ltr'><strong>similes</strong></span> <span class='ocrx_word' id='word_1_533' title='bbox 2369 1022 2477 1076; x_wconf 91' lang='lat' dir='ltr'><strong>Deo</strong></span> <span class='ocrx_word' id='word_1_534' title='bbox 2501 1064 2514 1086; x_wconf 89' lang='lat'><strong>,</strong></span> <span class='ocrx_word' id='word_1_535' title='bbox 2561 1031 2834 1092; x_wconf 86' lang='lat' dir='ltr'><strong>propterea</strong></span> <span class='ocrx_word' id='word_1_536' title='bbox 2867 1021 3049 1076; x_wconf 83' lang='lat' dir='ltr'><strong>eadem</strong></span> <span class='ocrx_word' id='word_1_537' title='bbox 3079 1009 3345 1091; x_wconf 87' lang='lat' dir='ltr'><strong>Scriptura</strong></span> <span class='ocrx_word' id='word_1_538' title='bbox 3377 1023 3428 1077; x_wconf 89' lang='lat' dir='ltr'><strong>ct</strong></span> <span class='ocrx_word' id='word_1_539' title='bbox 3456 1023 3568 1079; x_wconf 87' lang='lat' dir='ltr'><strong>alas</strong></span> <span class='ocrx_word' id='word_1_540' title='bbox 3608 1023 3706 1080; x_wconf 85' lang='lat' dir='ltr'><strong>ha-</strong></span> 
     </span>
    </p>
   </div>
   <div class='ocr_carea' id='block_1_69' title="bbox 2088 1111 3704 1187">
    <p class='ocr_par' dir='ltr' id='par_1_69' title="bbox 2088 1111 3704 1187">
     <span class='ocr_line' id='line_1_69' title="bbox 2088 1111 3704 1187; baseline 0.002 -19"><span class='ocrx_word' id='word_1_541' title='bbox 2088 1116 2091 1119; x_wconf 85' lang='grc'><em>’</em></span> <span class='ocrx_word' id='word_1_542' title='bbox 2122 1111 2250 1168; x_wconf 89' lang='lat' dir='ltr'><strong>bere</strong></span> <span class='ocrx_word' id='word_1_543' title='bbox 2275 1113 2439 1168; x_wconf 89' lang='lat' dir='ltr'><strong>Deum</strong></span> <span class='ocrx_word' id='word_1_544' title='bbox 2467 1112 2601 1168; x_wconf 82' lang='lat' dir='ltr'><strong>dixit</strong></span> <span class='ocrx_word' id='word_1_545' title='bbox 2631 1111 2800 1187; x_wconf 87' lang='lat' dir='ltr'><strong>(Psal.</strong></span> <span class='ocrx_word' id='word_1_546' title='bbox 2833 1128 2946 1178; x_wconf 75' lang='lat' dir='ltr'><strong>xvr,</strong></span> <span class='ocrx_word' id='word_1_547' title='bbox 2979 1113 3074 1184; x_wconf 91' lang='lat'><strong>8),</strong></span> <span class='ocrx_word' id='word_1_548' title='bbox 3103 1127 3234 1182; x_wconf 88' lang='lat' dir='ltr'><strong>quas</strong></span> <span class='ocrx_word' id='word_1_549' title='bbox 3262 1127 3360 1171; x_wconf 89' lang='lat' dir='ltr'><strong>nos</strong></span> <span class='ocrx_word' id='word_1_550' title='bbox 3388 1116 3567 1186; x_wconf 88' lang='lat' dir='ltr'><strong>utique</strong></span> <span class='ocrx_word' id='word_1_551' title='bbox 3600 1133 3704 1172; x_wconf 90' lang='lat' dir='ltr'><strong>non</strong></span> 
     </span>
    </p>
   </div>
   <div class='ocr_carea' id='block_1_70' title="bbox 2123 1203 3703 1278">
    <p class='ocr_par' dir='ltr' id='par_1_70' title="bbox 2123 1203 3703 1278">
     <span class='ocr_line' id='line_1_70' title="bbox 2123 1203 3703 1278; baseline 0.003 -18"><span class='ocrx_word' id='word_1_552' title='bbox 2123 1205 2402 1262; x_wconf 85' lang='lat' dir='ltr'><strong>habemus.</strong></span> <span class='ocrx_word' id='word_1_553' title='bbox 2434 1203 2579 1262; x_wconf 82' lang='lat' dir='ltr'><strong>Sicut</strong></span> <span class='ocrx_word' id='word_1_554' title='bbox 2609 1221 2735 1278; x_wconf 81' lang='lat' dir='ltr'><strong>ergo</strong></span> <span class='ocrx_word' id='word_1_555' title='bbox 2761 1207 2870 1262; x_wconf 89' lang='lat' dir='ltr'><strong>aias</strong></span> <span class='ocrx_word' id='word_1_556' title='bbox 2889 1221 3010 1262; x_wconf 90' lang='lat' dir='ltr'><strong>eum</strong></span> <span class='ocrx_word' id='word_1_557' title='bbox 3032 1205 3294 1271; x_wconf 89' lang='lat' dir='ltr'><strong>audimus,</strong></span> <span class='ocrx_word' id='word_1_558' title='bbox 3326 1211 3703 1277; x_wconf 88' lang='lat' dir='ltr'><strong>protectionem</strong></span> 
     </span>
    </p>
   </div>
   <div class='ocr_carea' id='block_1_71' title="bbox 2123 1297 3702 1370">
    <p class='ocr_par' dir='ltr' id='par_1_71' title="bbox 2123 1297 3702 1370">
     <span class='ocr_line' id='line_1_71' title="bbox 2123 1297 3702 1370; baseline 0.003 -18"><span class='ocrx_word' id='word_1_559' title='bbox 2123 1297 2466 1368; x_wconf 82' lang='lat' dir='ltr'><strong>intelligimus</strong></span> <span class='ocrx_word' id='word_1_560' title='bbox 2491 1316 2504 1353; x_wconf 89' lang='lat'><strong>:</strong></span> <span class='ocrx_word' id='word_1_561' title='bbox 2527 1299 2605 1354; x_wconf 91' lang='lat' dir='ltr'><strong>sic</strong></span> <span class='ocrx_word' id='word_1_562' title='bbox 2626 1307 2678 1354; x_wconf 93' lang='lat' dir='ltr'><strong>ct</strong></span> <span class='ocrx_word' id='word_1_563' title='bbox 2702 1314 2822 1356; x_wconf 92' lang='lat' dir='ltr'><strong>cum</strong></span> <span class='ocrx_word' id='word_1_564' title='bbox 2845 1299 3086 1353; x_wconf 88' lang='lat' dir='ltr'><strong>audimus</strong></span> <span class='ocrx_word' id='word_1_565' title='bbox 3104 1299 3308 1364; x_wconf 88' lang='lat' dir='ltr'><strong>manus,</strong></span> <span class='ocrx_word' id='word_1_566' title='bbox 3339 1303 3702 1370; x_wconf 80' lang='lat' dir='ltr'><strong>Operatinncm</strong></span> 
     </span>
    </p>
   </div>
   <div class='ocr_carea' id='block_1_72' title="bbox 2124 1381 3709 1463">
    <p class='ocr_par' dir='ltr' id='par_1_72' title="bbox 2124 1381 3709 1463">
     <span class='ocr_line' id='line_1_72' title="bbox 2124 1381 3709 1463; baseline 0.003 -21"><span class='ocrx_word' id='word_1_567' title='bbox 2124 1389 2419 1460; x_wconf 88' lang='lat' dir='ltr'><strong>intelligere</strong></span> <span class='ocrx_word' id='word_1_568' title='bbox 2463 1391 2753 1457; x_wconf 87' lang='lat' dir='ltr'><strong>debemus;</strong></span> <span class='ocrx_word' id='word_1_569' title='bbox 2797 1398 2850 1446; x_wconf 91' lang='lat' dir='ltr'><strong>et</strong></span> <span class='ocrx_word' id='word_1_570' title='bbox 2890 1385 3008 1446; x_wconf 80' lang='lat' dir='ltr'><strong>cum</strong></span> <span class='ocrx_word' id='word_1_571' title='bbox 3055 1381 3299 1448; x_wconf 84' lang='lat' dir='ltr'><strong>audimus</strong></span> <span class='ocrx_word' id='word_1_572' title='bbox 3339 1393 3525 1462; x_wconf 82' lang='lat' dir='ltr'><strong>pedes,</strong></span> <span class='ocrx_word' id='word_1_573' title='bbox 3577 1411 3709 1463; x_wconf 53' lang='lat' dir='ltr'><strong>prat-</strong></span> 
     </span>
    </p>
   </div>
   <div class='ocr_carea' id='block_1_73' title="bbox 2123 1472 3707 1558">
    <p class='ocr_par' dir='ltr' id='par_1_73' title="bbox 2123 1472 3707 1558">
     <span class='ocr_line' id='line_1_73' title="bbox 2123 1472 3707 1558; baseline 0.005 -24"><span class='ocrx_word' id='word_1_574' title='bbox 2123 1483 2508 1548; x_wconf 84' lang='lat' dir='ltr'><strong>sentationem;</strong></span> <span class='ocrx_word' id='word_1_575' title='bbox 2552 1493 2605 1537; x_wconf 87' lang='lat' dir='ltr'><strong>et</strong></span> <span class='ocrx_word' id='word_1_576' title='bbox 2632 1497 2751 1546; x_wconf 80' lang='lat' dir='ltr'><strong>eum</strong></span> <span class='ocrx_word' id='word_1_577' title='bbox 2781 1482 3025 1538; x_wconf 87' lang='lat' dir='ltr'><strong>audimus</strong></span> <span class='ocrx_word' id='word_1_578' title='bbox 3053 1484 3272 1552; x_wconf 79' lang='lat' dir='ltr'><strong>oculos,</strong></span> <span class='ocrx_word' id='word_1_579' title='bbox 3318 1472 3574 1541; x_wconf 83' lang='lat' dir='ltr'><strong>visionem</strong></span> <span class='ocrx_word' id='word_1_580' title='bbox 3606 1477 3707 1558; x_wconf 86' lang='lat' dir='ltr'><strong>qua</strong></span> 
     </span>
    </p>
   </div>
   <div class='ocr_carea' id='block_1_74' title="bbox 2123 1562 3708 1648">
    <p class='ocr_par' dir='ltr' id='par_1_74' title="bbox 2123 1562 3708 1648">
     <span class='ocr_line' id='line_1_74' title="bbox 2123 1562 3708 1648; baseline 0.004 -22"><span class='ocrx_word' id='word_1_581' title='bbox 2123 1573 2428 1642; x_wconf 87' lang='lat' dir='ltr'><strong>cognoscit;</strong></span> <span class='ocrx_word' id='word_1_582' title='bbox 2477 1584 2530 1628; x_wconf 91' lang='lat' dir='ltr'><strong>et</strong></span> <span class='ocrx_word' id='word_1_583' title='bbox 2557 1589 2676 1627; x_wconf 90' lang='lat' dir='ltr'><strong>cum</strong></span> <span class='ocrx_word' id='word_1_584' title='bbox 2706 1573 2949 1629; x_wconf 85' lang='lat' dir='ltr'><strong>audimus</strong></span> <span class='ocrx_word' id='word_1_585' title='bbox 2978 1568 3198 1642; x_wconf 80' lang='lat' dir='ltr'><strong>faciem,</strong></span> <span class='ocrx_word' id='word_1_586' title='bbox 3232 1562 3468 1630; x_wconf 87' lang='lat' dir='ltr'><strong>notitiam</strong></span> <span class='ocrx_word' id='word_1_587' title='bbox 3498 1593 3599 1648; x_wconf 89' lang='lat' dir='ltr'><strong>qua</strong></span> <span class='ocrx_word' id='word_1_588' title='bbox 3631 1578 3708 1632; x_wconf 89' lang='lat' dir='ltr'><strong>in-</strong></span> 
     </span>
    </p>
   </div>
   <div class='ocr_carea' id='block_1_75' title="bbox 2123 1663 3707 1736">
    <p class='ocr_par' dir='ltr' id='par_1_75' title="bbox 2123 1663 3707 1736">
     <span class='ocr_line' id='line_1_75' title="bbox 2123 1663 3707 1736; baseline 0.004 -20"><span class='ocrx_word' id='word_1_589' title='bbox 2123 1663 2389 1728; x_wconf 79' lang='lat' dir='ltr'><strong>notescit;</strong></span> <span class='ocrx_word' id='word_1_590' title='bbox 2421 1671 2473 1719; x_wconf 89' lang='lat' dir='ltr'><strong>et</strong></span> <span class='ocrx_word' id='word_1_591' title='bbox 2507 1665 2550 1719; x_wconf 93' lang='lat' dir='ltr'><strong>si</strong></span> <span class='ocrx_word' id='word_1_592' title='bbox 2588 1665 2709 1735; x_wconf 89' lang='lat' dir='ltr'><strong>quid</strong></span> <span class='ocrx_word' id='word_1_593' title='bbox 2739 1665 2879 1720; x_wconf 88' lang='lat' dir='ltr'><strong>aliud</strong></span> <span class='ocrx_word' id='word_1_594' title='bbox 2919 1667 3102 1721; x_wconf 86' lang='lat' dir='ltr'><strong>eadem</strong></span> <span class='ocrx_word' id='word_1_595' title='bbox 3133 1663 3402 1736; x_wconf 85' lang='lat' dir='ltr'><strong>Scriptura</strong></span> <span class='ocrx_word' id='word_1_596' title='bbox 3434 1667 3534 1723; x_wconf 88' lang='lat' dir='ltr'><strong>tale</strong></span> <span class='ocrx_word' id='word_1_597' title='bbox 3564 1685 3707 1723; x_wconf 88' lang='lat' dir='ltr'><strong>com-</strong></span> 
     </span>
    </p>
   </div>
   <div class='ocr_carea' id='block_1_76' title="bbox 2125 1755 3709 1827">
    <p class='ocr_par' dir='ltr' id='par_1_76' title="bbox 2125 1755 3709 1827">
     <span class='ocr_line' id='line_1_76' title="bbox 2125 1755 3709 1827; baseline 0.006 -19"><span class='ocrx_word' id='word_1_598' title='bbox 2125 1763 2404 1820; x_wconf 89' lang='lat' dir='ltr'><strong>memorat,</strong></span> <span class='ocrx_word' id='word_1_599' title='bbox 2435 1763 2562 1826; x_wconf 89' lang='lat' dir='ltr'><strong>puto</strong></span> <span class='ocrx_word' id='word_1_600' title='bbox 2587 1756 2936 1826; x_wconf 86' lang='lat' dir='ltr'><strong>spiritualiter</strong></span> <span class='ocrx_word' id='word_1_601' title='bbox 2957 1755 3373 1827; x_wconf 85' lang='lat' dir='ltr'><strong>intelligendum.</strong></span> <span class='ocrx_word' id='word_1_602' title='bbox 3404 1757 3584 1827; x_wconf 85' lang='lat' dir='ltr'><strong>Neque</strong></span> <span class='ocrx_word' id='word_1_603' title='bbox 3609 1760 3709 1817; x_wconf 88' lang='lat' dir='ltr'><strong>hoc</strong></span> 
     </span>
    </p>
   </div>
   <div class='ocr_carea' id='block_1_77' title="bbox 2125 1845 3707 1918">
    <p class='ocr_par' dir='ltr' id='par_1_77' title="bbox 2125 1845 3707 1918">
     <span class='ocr_line' id='line_1_77' title="bbox 2125 1845 3707 1918; baseline 0.006 -22"><span class='ocrx_word' id='word_1_604' title='bbox 2125 1859 2224 1914; x_wconf 80' lang='lat' dir='ltr'><strong>ego</strong></span> <span class='ocrx_word' id='word_1_605' title='bbox 2253 1852 2455 1898; x_wconf 90' lang='lat' dir='ltr'><strong>tantum</strong></span> <span class='ocrx_word' id='word_1_606' title='bbox 2474 1887 2486 1908; x_wconf 92' lang='lat'><strong>,</strong></span> <span class='ocrx_word' id='word_1_607' title='bbox 2515 1852 2611 1900; x_wconf 90' lang='lat' dir='ltr'><strong>aut</strong></span> <span class='ocrx_word' id='word_1_608' title='bbox 2639 1857 2736 1916; x_wconf 82' lang='lat' dir='ltr'><strong>ego</strong></span> <span class='ocrx_word' id='word_1_609' title='bbox 2761 1846 2907 1916; x_wconf 89' lang='lat' dir='ltr'><strong>prior</strong></span> <span class='ocrx_word' id='word_1_610' title='bbox 2925 1889 2939 1912; x_wconf 93' lang='lat'><strong>,</strong></span> <span class='ocrx_word' id='word_1_611' title='bbox 2973 1847 3063 1901; x_wconf 89' lang='lat' dir='ltr'><strong>sed</strong></span> <span class='ocrx_word' id='word_1_612' title='bbox 3090 1862 3275 1903; x_wconf 91' lang='lat' dir='ltr'><strong>omnes</strong></span> <span class='ocrx_word' id='word_1_613' title='bbox 3301 1847 3388 1918; x_wconf 91' lang='lat' dir='ltr'><strong>qui</strong></span> <span class='ocrx_word' id='word_1_614' title='bbox 3416 1845 3707 1918; x_wconf 78' lang='lat' dir='ltr'><strong>qualicum-</strong></span> 
     </span>
    </p>
   </div>
   <div class='ocr_carea' id='block_1_78' title="bbox 2124 1932 3706 2010">
    <p class='ocr_par' dir='ltr' id='par_1_78' title="bbox 2124 1932 3706 2010">
     <span class='ocr_line' id='line_1_78' title="bbox 2124 1932 3706 2010; baseline 0.005 -21"><span class='ocrx_word' id='word_1_615' title='bbox 2124 1951 2228 2006; x_wconf 88' lang='lat' dir='ltr'><strong>que</strong></span> <span class='ocrx_word' id='word_1_616' title='bbox 2267 1937 2524 2007; x_wconf 84' lang='lat' dir='ltr'><strong>spirituali</strong></span> <span class='ocrx_word' id='word_1_617' title='bbox 2569 1938 2913 2008; x_wconf 83' lang='lat' dir='ltr'><strong>intelligentia</strong></span> <span class='ocrx_word' id='word_1_618' title='bbox 2955 1937 3208 1994; x_wconf 83' lang='lat' dir='ltr'><strong>resistunt</strong></span> <span class='ocrx_word' id='word_1_619' title='bbox 3254 1941 3331 1996; x_wconf 88' lang='lat' dir='ltr'><strong>eis</strong></span> <span class='ocrx_word' id='word_1_620' title='bbox 3365 1932 3454 2010; x_wconf 87' lang='lat' dir='ltr'><strong>qui</strong></span> <span class='ocrx_word' id='word_1_621' title='bbox 3495 1937 3561 1994; x_wconf 80' lang='lat' dir='ltr'><strong>ob</strong></span> <span class='ocrx_word' id='word_1_622' title='bbox 3607 1941 3706 1998; x_wconf 85' lang='lat' dir='ltr'><strong>hoc</strong></span> 
     </span>
    </p>
   </div>
   <div class='ocr_carea' id='block_1_79' title="bbox 2125 2027 3707 2102">
    <p class='ocr_par' dir='ltr' id='par_1_79' title="bbox 2125 2027 3707 2102">
     <span class='ocr_line' id='line_1_79' title="bbox 2125 2027 3707 2102; baseline 0.005 -21"><span class='ocrx_word' id='word_1_623' title='bbox 2125 2027 2685 2097; x_wconf 75' lang='lat' dir='ltr'><strong>Anthmpomorphitze</strong></span> <span class='ocrx_word' id='word_1_624' title='bbox 2728 2030 3085 2085; x_wconf 87' lang='lat' dir='ltr'><strong>nominantur.</strong></span> <span class='ocrx_word' id='word_1_625' title='bbox 3128 2029 3206 2085; x_wconf 83' lang='lat' dir='ltr'><strong>Ex</strong></span> <span class='ocrx_word' id='word_1_626' title='bbox 3251 2029 3475 2102; x_wconf 84' lang='lat' dir='ltr'><strong>quorum</strong></span> <span class='ocrx_word' id='word_1_627' title='bbox 3519 2027 3707 2090; x_wconf 87' lang='lat' dir='ltr'><strong>litteris</strong></span> 
     </span>
    </p>
   </div>
   <div class='ocr_carea' id='block_1_80' title="bbox 2127 2119 3708 2190">
    <p class='ocr_par' dir='ltr' id='par_1_80' title="bbox 2127 2119 3708 2190">
     <span class='ocr_line' id='line_1_80' title="bbox 2127 2119 3708 2190; baseline 0.006 -18"><span class='ocrx_word' id='word_1_628' title='bbox 2127 2133 2194 2173; x_wconf 89' lang='lat' dir='ltr'><strong>ne</strong></span> <span class='ocrx_word' id='word_1_629' title='bbox 2221 2119 2384 2172; x_wconf 92' lang='lat' dir='ltr'><strong>multa</strong></span> <span class='ocrx_word' id='word_1_630' title='bbox 2413 2121 2880 2174; x_wconf 88' lang='lat' dir='ltr'><strong>commemorando</strong></span> <span class='ocrx_word' id='word_1_631' title='bbox 2905 2120 3132 2190; x_wconf 86' lang='lat' dir='ltr'><strong>majores</strong></span> <span class='ocrx_word' id='word_1_632' title='bbox 3163 2119 3341 2178; x_wconf 84' lang='lat' dir='ltr'><strong>moras</strong></span> <span class='ocrx_word' id='word_1_633' title='bbox 3373 2121 3579 2189; x_wconf 80' lang='lat' dir='ltr'><strong>faciam,</strong></span> <span class='ocrx_word' id='word_1_634' title='bbox 3609 2123 3708 2181; x_wconf 91' lang='lat' dir='ltr'><strong>hoc</strong></span> 
     </span>
    </p>
   </div>
   <div class='ocr_carea' id='block_1_81' title="bbox 2129 2211 3705 2284">
    <p class='ocr_par' dir='ltr' id='par_1_81' title="bbox 2129 2211 3705 2284">
     <span class='ocr_line' id='line_1_81' title="bbox 2129 2211 3705 2284; baseline 0.004 -20"><span class='ocrx_word' id='word_1_635' title='bbox 2129 2225 2290 2265; x_wconf 90' lang='lat' dir='ltr'><strong>unum</strong></span> <span class='ocrx_word' id='word_1_636' title='bbox 2331 2212 2498 2265; x_wconf 84' lang='lat' dir='ltr'><strong>sancti</strong></span> <span class='ocrx_word' id='word_1_637' title='bbox 2541 2211 2846 2284; x_wconf 85' lang='lat' dir='ltr'><strong>llieronymi</strong></span> <span class='ocrx_word' id='word_1_638' title='bbox 2890 2213 3208 2281; x_wconf 80' lang='lat' dir='ltr'><strong>interpeno,</strong></span> <span class='ocrx_word' id='word_1_639' title='bbox 3253 2221 3310 2267; x_wconf 91' lang='lat' dir='ltr'><strong>ut</strong></span> <span class='ocrx_word' id='word_1_640' title='bbox 3351 2215 3556 2269; x_wconf 79' lang='lat' dir='ltr'><strong>noverit</strong></span> <span class='ocrx_word' id='word_1_641' title='bbox 3607 2215 3705 2270; x_wconf 88' lang='lat' dir='ltr'><strong>iste</strong></span> 
     </span>
    </p>
   </div>
   <div class='ocr_carea' id='block_1_82' title="bbox 2129 2304 3702 2377">
    <p class='ocr_par' dir='ltr' id='par_1_82' title="bbox 2129 2304 3702 2377">
     <span class='ocr_line' id='line_1_82' title="bbox 2129 2304 3702 2377; baseline 0.003 -18"><span class='ocrx_word' id='word_1_642' title='bbox 2129 2304 2326 2371; x_wconf 83' lang='lat' dir='ltr'><strong>frater,</strong></span> <span class='ocrx_word' id='word_1_643' title='bbox 2371 2315 2474 2359; x_wconf 89' lang='lat' dir='ltr'><strong>non</strong></span> <span class='ocrx_word' id='word_1_644' title='bbox 2517 2320 2575 2359; x_wconf 90' lang='lat' dir='ltr'><strong>se</strong></span> <span class='ocrx_word' id='word_1_645' title='bbox 2608 2305 2675 2359; x_wconf 87' lang='lat' dir='ltr'><strong>de</strong></span> <span class='ocrx_word' id='word_1_646' title='bbox 2703 2305 2802 2360; x_wconf 88' lang='lat' dir='ltr'><strong>hac</strong></span> <span class='ocrx_word' id='word_1_647' title='bbox 2831 2319 2888 2360; x_wconf 88' lang='lat' dir='ltr'><strong>re</strong></span> <span class='ocrx_word' id='word_1_648' title='bbox 2930 2311 3134 2360; x_wconf 87' lang='lat' dir='ltr'><strong>mecum</strong></span> <span class='ocrx_word' id='word_1_649' title='bbox 3173 2307 3339 2377; x_wconf 84' lang='lat' dir='ltr'><strong>magis</strong></span> <span class='ocrx_word' id='word_1_650' title='bbox 3382 2311 3538 2377; x_wconf 83' lang='lat' dir='ltr'><strong>quam</strong></span> <span class='ocrx_word' id='word_1_651' title='bbox 3582 2324 3702 2364; x_wconf 87' lang='lat' dir='ltr'><strong>eum</strong></span> 
     </span>
    </p>
   </div>
   <div class='ocr_carea' id='block_1_83' title="bbox 2130 2395 3698 2470">
    <p class='ocr_par' dir='ltr' id='par_1_83' title="bbox 2130 2395 3698 2470">
     <span class='ocr_line' id='line_1_83' title="bbox 2130 2395 3698 2470; baseline 0.001 -19"><span class='ocrx_word' id='word_1_652' title='bbox 2130 2398 2394 2470; x_wconf 83' lang='lat' dir='ltr'><strong>prioribus</strong></span> <span class='ocrx_word' id='word_1_653' title='bbox 2420 2412 2576 2467; x_wconf 89' lang='lat' dir='ltr'><strong>agere</strong></span> <span class='ocrx_word' id='word_1_654' title='bbox 2601 2397 2814 2457; x_wconf 86' lang='lat' dir='ltr'><strong>debere,</strong></span> <span class='ocrx_word' id='word_1_655' title='bbox 2843 2399 2885 2450; x_wconf 89' lang='lat' dir='ltr'><strong>si</strong></span> <span class='ocrx_word' id='word_1_656' title='bbox 2913 2398 3034 2467; x_wconf 89' lang='lat' dir='ltr'><strong>quid</strong></span> <span class='ocrx_word' id='word_1_657' title='bbox 3061 2405 3180 2452; x_wconf 82' lang='lat' dir='ltr'><strong>eum</strong></span> <span class='ocrx_word' id='word_1_658' title='bbox 3207 2408 3389 2454; x_wconf 89' lang='lat' dir='ltr'><strong>contra</strong></span> <span class='ocrx_word' id='word_1_659' title='bbox 3410 2395 3698 2467; x_wconf 76' lang='lat' dir='ltr'><strong>permovet.</strong></span> 
     </span>
    </p>
   </div>
   <div class='ocr_carea' id='block_1_84' title="bbox 2205 2486 3707 2559">
    <p class='ocr_par' dir='ltr' id='par_1_84' title="bbox 2205 2486 3707 2559">
     <span class='ocr_line' id='line_1_84' title="bbox 2205 2486 3707 2559; baseline 0.001 -16"><span class='ocrx_word' id='word_1_660' title='bbox 2205 2491 2290 2543; x_wconf 77' lang='lat' dir='ltr'><strong>H.</strong></span> <span class='ocrx_word' id='word_1_661' title='bbox 2335 2486 2464 2542; x_wconf 86' lang='lat' dir='ltr'><strong>Cum</strong></span> <span class='ocrx_word' id='word_1_662' title='bbox 2504 2499 2629 2558; x_wconf 86' lang='lat' dir='ltr'><strong>ergo</strong></span> <span class='ocrx_word' id='word_1_663' title='bbox 2673 2489 2758 2542; x_wconf 88' lang='lat' dir='ltr'><strong>ille</strong></span> <span class='ocrx_word' id='word_1_664' title='bbox 2797 2489 2877 2542; x_wconf 91' lang='lat' dir='ltr'><strong>vir</strong></span> <span class='ocrx_word' id='word_1_665' title='bbox 2921 2490 2971 2542; x_wconf 91' lang='lat' dir='ltr'><strong>in</strong></span> <span class='ocrx_word' id='word_1_666' title='bbox 3021 2490 3307 2559; x_wconf 83' lang='lat' dir='ltr'><strong>Scripturis</strong></span> <span class='ocrx_word' id='word_1_667' title='bbox 3350 2491 3707 2554; x_wconf 78' lang='lat' dir='ltr'><strong>doctissimus,&quot;</strong></span> 
     </span>
    </p>
   </div>
   <div class='ocr_carea' id='block_1_85' title="bbox 2135 2578 3709 2653">
    <p class='ocr_par' dir='ltr' id='par_1_85' title="bbox 2135 2578 3709 2653">
     <span class='ocr_line' id='line_1_85' title="bbox 2135 2578 3709 2653; baseline 0.004 -23"><span class='ocrx_word' id='word_1_668' title='bbox 2135 2579 2393 2649; x_wconf 85' lang='lat' dir='ltr'><strong>psalmum</strong></span> <span class='ocrx_word' id='word_1_669' title='bbox 2423 2586 2715 2647; x_wconf 81' lang='lat' dir='ltr'><strong>exponeret</strong></span> <span class='ocrx_word' id='word_1_670' title='bbox 2756 2578 2846 2632; x_wconf 88' lang='lat' dir='ltr'><strong>ubi</strong></span> <span class='ocrx_word' id='word_1_671' title='bbox 2891 2579 3090 2634; x_wconf 87' lang='lat' dir='ltr'><strong>dictum</strong></span> <span class='ocrx_word' id='word_1_672' title='bbox 3129 2591 3206 2635; x_wconf 87' lang='lat' dir='ltr'><strong>est</strong></span> <span class='ocrx_word' id='word_1_673' title='bbox 3230 2622 3244 2646; x_wconf 92' lang='lat'><strong>,</strong></span> <span class='ocrx_word' id='word_1_674' title='bbox 3294 2579 3566 2653; x_wconf 82' lang='lat' dir='ltr'><strong>Itttelligite</strong></span> <span class='ocrx_word' id='word_1_675' title='bbox 3594 2600 3709 2653; x_wconf 86' lang='lat' dir='ltr'><strong>ergo</strong></span> 
     </span>
    </p>
   </div>
   <div class='ocr_carea' id='block_1_86' title="bbox 2133 2669 3706 2744">
    <p class='ocr_par' dir='ltr' id='par_1_86' title="bbox 2133 2669 3706 2744">
     <span class='ocr_line' id='line_1_86' title="bbox 2133 2669 3706 2744; baseline 0.003 -22"><span class='ocrx_word' id='word_1_676' title='bbox 2133 2669 2219 2742; x_wconf 88' lang='lat' dir='ltr'><strong>qui</strong></span> <span class='ocrx_word' id='word_1_677' title='bbox 2242 2669 2529 2738; x_wconf 84' lang='lat' dir='ltr'><strong>insipientes</strong></span> <span class='ocrx_word' id='word_1_678' title='bbox 2555 2670 2668 2723; x_wconf 84' lang='lat' dir='ltr'><strong>estis</strong></span> <span class='ocrx_word' id='word_1_679' title='bbox 2689 2670 2742 2722; x_wconf 91' lang='lat' dir='ltr'><strong>in</strong></span> <span class='ocrx_word' id='word_1_680' title='bbox 2764 2671 2971 2740; x_wconf 88' lang='lat' dir='ltr'><strong>papula,</strong></span> <span class='ocrx_word' id='word_1_681' title='bbox 3000 2682 3045 2724; x_wconf 89' lang='lat' dir='ltr'><strong>et</strong></span> <span class='ocrx_word' id='word_1_682' title='bbox 3071 2671 3212 2725; x_wconf 83' lang='lat' dir='ltr'><strong>stulti</strong></span> <span class='ocrx_word' id='word_1_683' title='bbox 3237 2673 3508 2742; x_wconf 81' lang='lat' dir='ltr'><strong>aliquando</strong></span> <span class='ocrx_word' id='word_1_684' title='bbox 3529 2675 3706 2744; x_wconf 85' lang='lat' dir='ltr'><strong>sapite.</strong></span> 
     </span>
    </p>
   </div>
   <div class='ocr_carea' id='block_1_87' title="bbox 2138 2760 3708 2836">
    <p class='ocr_par' dir='ltr' id='par_1_87' title="bbox 2138 2760 3708 2836">
     <span class='ocr_line' id='line_1_87' title="bbox 2138 2760 3708 2836; baseline 0.004 -22"><span class='ocrx_word' id='word_1_685' title='bbox 2138 2760 2240 2826; x_wconf 84' lang='lat' dir='ltr'><strong>Qui</strong></span> <span class='ocrx_word' id='word_1_686' title='bbox 2259 2762 2502 2832; x_wconf 85' lang='lat' dir='ltr'><strong>plantavit</strong></span> <span class='ocrx_word' id='word_1_687' title='bbox 2527 2777 2722 2829; x_wconf 86' lang='lat' dir='ltr'><strong>aurem,</strong></span> <span class='ocrx_word' id='word_1_688' title='bbox 2747 2778 2844 2815; x_wconf 82' lang='lat' dir='ltr'><strong>non</strong></span> <span class='ocrx_word' id='word_1_689' title='bbox 2865 2764 3076 2818; x_wconf 79' lang='lat' dir='ltr'><strong>audiet?</strong></span> <span class='ocrx_word' id='word_1_690' title='bbox 3102 2774 3189 2817; x_wconf 89' lang='lat' dir='ltr'><strong>aut</strong></span> <span class='ocrx_word' id='word_1_691' title='bbox 3209 2765 3297 2836; x_wconf 90' lang='lat' dir='ltr'><strong>qui</strong></span> <span class='ocrx_word' id='word_1_692' title='bbox 3321 2768 3466 2833; x_wconf 69' lang='lat' dir='ltr'><strong>ﬁnxit</strong></span> <span class='ocrx_word' id='word_1_693' title='bbox 3490 2769 3708 2835; x_wconf 83' lang='lat' dir='ltr'><strong>oculum,</strong></span> 
     </span>
    </p>
   </div>
   <div class='ocr_carea' id='block_1_88' title="bbox 2136 2851 3712 2928">
    <p class='ocr_par' dir='ltr' id='par_1_88' title="bbox 2136 2851 3712 2928">
     <span class='ocr_line' id='line_1_88' title="bbox 2136 2851 3712 2928; baseline 0.004 -20"><span class='ocrx_word' id='word_1_694' title='bbox 2136 2870 2237 2908; x_wconf 89' lang='lat' dir='ltr'><strong>non</strong></span> <span class='ocrx_word' id='word_1_695' title='bbox 2262 2854 2582 2910; x_wconf 83' lang='lat' dir='ltr'><strong>considerat?</strong></span> <span class='ocrx_word' id='word_1_696' title='bbox 2613 2851 2750 2910; x_wconf 87' lang='lat' dir='ltr'><strong>inter</strong></span> <span class='ocrx_word' id='word_1_697' title='bbox 2774 2864 2986 2920; x_wconf 72' lang='lat' dir='ltr'><strong>cmtera,</strong></span> <span class='ocrx_word' id='word_1_698' title='bbox 3010 2855 3115 2909; x_wconf 82' lang='lat' dir='ltr'><strong>Iste</strong></span> <span class='ocrx_word' id='word_1_699' title='bbox 3136 2859 3294 2924; x_wconf 81' lang='lat' dir='ltr'><strong>locus,</strong></span> <span class='ocrx_word' id='word_1_700' title='bbox 3326 2860 3510 2928; x_wconf 90' lang='lat' dir='ltr'><strong>inquit,</strong></span> <span class='ocrx_word' id='word_1_701' title='bbox 3539 2860 3712 2915; x_wconf 76' lang='lat' dir='ltr'><strong>adver-</strong></span> 
     </span>
    </p>
   </div>
   <div class='ocr_carea' id='block_1_89' title="bbox 2137 2948 3716 3022">
    <p class='ocr_par' dir='ltr' id='par_1_89' title="bbox 2137 2948 3716 3022">
     <span class='ocr_line' id='line_1_89' title="bbox 2137 2948 3716 3022; baseline 0.004 -21"><span class='ocrx_word' id='word_1_702' title='bbox 2137 2962 2223 3001; x_wconf 88' lang='lat' dir='ltr'><strong>sus</strong></span> <span class='ocrx_word' id='word_1_703' title='bbox 2248 2961 2330 3002; x_wconf 82' lang='lat' dir='ltr'><strong>eos</strong></span> <span class='ocrx_word' id='word_1_704' title='bbox 2360 2948 2575 3003; x_wconf 73' lang='lat' dir='ltr'><strong>maxime</strong></span> <span class='ocrx_word' id='word_1_705' title='bbox 2605 2949 2758 3018; x_wconf 77' lang='lat' dir='ltr'><strong>facit,&quot;</strong></span> <span class='ocrx_word' id='word_1_706' title='bbox 2791 2949 2876 3017; x_wconf 86' lang='lat' dir='ltr'><strong>qui</strong></span> <span class='ocrx_word' id='word_1_707' title='bbox 2901 2949 3429 3020; x_wconf 75' lang='lat' dir='ltr'><strong>Ant/trepomorpliitte</strong></span> <span class='ocrx_word' id='word_1_708' title='bbox 3455 2961 3603 3018; x_wconf 87' lang='lat' dir='ltr'><strong>sunt,</strong></span> <span class='ocrx_word' id='word_1_709' title='bbox 3630 2954 3716 3022; x_wconf 90' lang='lat' dir='ltr'><strong>qui</strong></span> 
     </span>
    </p>
   </div>
   <div class='ocr_carea' id='block_1_90' title="bbox 2138 3037 3714 3111">
    <p class='ocr_par' dir='ltr' id='par_1_90' title="bbox 2138 3037 3714 3111">
     <span class='ocr_line' id='line_1_90' title="bbox 2138 3037 3714 3111; baseline 0.005 -19"><span class='ocrx_word' id='word_1_710' title='bbox 2138 3038 2314 3092; x_wconf 87' lang='lat' dir='ltr'><strong>dicunt</strong></span> <span class='ocrx_word' id='word_1_711' title='bbox 2358 3037 2523 3092; x_wconf 87' lang='lat' dir='ltr'><strong>Deum</strong></span> <span class='ocrx_word' id='word_1_712' title='bbox 2551 3038 2736 3094; x_wconf 80' lang='lat' dir='ltr'><strong>habere</strong></span> <span class='ocrx_word' id='word_1_713' title='bbox 2763 3041 2982 3094; x_wconf 87' lang='lat' dir='ltr'><strong>mentbra</strong></span> <span class='ocrx_word' id='word_1_714' title='bbox 3009 3055 3120 3111; x_wconf 65' lang='lat' dir='ltr'><strong>quia</strong></span> <span class='ocrx_word' id='word_1_715' title='bbox 3153 3043 3302 3097; x_wconf 87' lang='lat' dir='ltr'><strong>etiam</strong></span> <span class='ocrx_word' id='word_1_716' title='bbox 3330 3060 3420 3098; x_wconf 85' lang='lat' dir='ltr'><strong>nos</strong></span> <span class='ocrx_word' id='word_1_717' title='bbox 3457 3045 3714 3100; x_wconf 84' lang='lat' dir='ltr'><strong>habemus.</strong></span> 
     </span>
    </p>
   </div>
   <div class='ocr_carea' id='block_1_91' title="bbox 2147 3128 3718 3204">
    <p class='ocr_par' dir='ltr' id='par_1_91' title="bbox 2147 3128 3718 3204">
     <span class='ocr_line' id='line_1_91' title="bbox 2147 3128 3718 3204; baseline 0.004 -19"><span class='ocrx_word' id='word_1_718' title='bbox 2147 3128 2297 3185; x_wconf 82' lang='lat' dir='ltr'><strong>Verbi</strong></span> <span class='ocrx_word' id='word_1_719' title='bbox 2331 3145 2485 3184; x_wconf 80' lang='lat' dir='ltr'><strong>causa</strong></span> <span class='ocrx_word' id='word_1_720' title='bbox 2508 3171 2522 3196; x_wconf 93' lang='lat'><strong>,</strong></span> <span class='ocrx_word' id='word_1_721' title='bbox 2571 3130 2756 3184; x_wconf 85' lang='lat' dir='ltr'><strong>dicitur</strong></span> <span class='ocrx_word' id='word_1_722' title='bbox 2779 3129 2918 3186; x_wconf 88' lang='lat' dir='ltr'><strong>Deus</strong></span> <span class='ocrx_word' id='word_1_723' title='bbox 2956 3131 3138 3186; x_wconf 83' lang='lat' dir='ltr'><strong>habere</strong></span> <span class='ocrx_word' id='word_1_724' title='bbox 3173 3135 3343 3188; x_wconf 75' lang='lat' dir='ltr'><strong>oculos</strong></span> <span class='ocrx_word' id='word_1_725' title='bbox 3365 3175 3380 3200; x_wconf 97' lang='lat'><strong>,</strong></span> <span class='ocrx_word' id='word_1_726' title='bbox 3426 3135 3543 3204; x_wconf 86' lang='lat' dir='ltr'><strong>quia</strong></span> <span class='ocrx_word' id='word_1_727' title='bbox 3585 3137 3718 3191; x_wconf 82' lang='lat' dir='ltr'><strong>oculi</strong></span> 
     </span>
    </p>
   </div>
   <div class='ocr_carea' id='block_1_92' title="bbox 2140 3221 3719 3295">
    <p class='ocr_par' dir='ltr' id='par_1_92' title="bbox 2140 3221 3719 3295">
     <span class='ocr_line' id='line_1_92' title="bbox 2140 3221 3719 3295; baseline 0.006 -20"><span class='ocrx_word' id='word_1_728' title='bbox 2140 3221 2348 3277; x_wconf 88' lang='lat' dir='ltr'><strong>Domini</strong></span> <span class='ocrx_word' id='word_1_729' title='bbox 2376 3223 2647 3292; x_wconf 83' lang='lat' dir='ltr'><strong>respiciunt</strong></span> <span class='ocrx_word' id='word_1_730' title='bbox 2673 3222 2875 3287; x_wconf 84' lang='lat' dir='ltr'><strong>omnia;</strong></span> <span class='ocrx_word' id='word_1_731' title='bbox 2903 3238 3084 3277; x_wconf 87' lang='lat' dir='ltr'><strong>manus</strong></span> <span class='ocrx_word' id='word_1_732' title='bbox 3109 3222 3316 3278; x_wconf 87' lang='lat' dir='ltr'><strong>Domini</strong></span> <span class='ocrx_word' id='word_1_733' title='bbox 3357 3227 3477 3295; x_wconf 73' lang='lat' dir='ltr'><strong>facit</strong></span> <span class='ocrx_word' id='word_1_734' title='bbox 3510 3228 3719 3285; x_wconf 85' lang='lat' dir='ltr'><strong>omnia:</strong></span> 
     </span>
    </p>
   </div>
   <div class='ocr_carea' id='block_1_93' title="bbox 2147 3312 3720 3385">
    <p class='ocr_par' dir='ltr' id='par_1_93' title="bbox 2147 3312 3720 3385">
     <span class='ocr_line' id='line_1_93' title="bbox 2147 3312 3720 3385; baseline 0.004 -21"><span class='ocrx_word' id='word_1_735' title='bbox 2147 3331 2164 3364; x_wconf 87' lang='grc'><strong>1</strong></span> <span class='ocrx_word' id='word_1_736' title='bbox 2200 3312 2267 3366; x_wconf 87' lang='lat' dir='ltr'><strong>Et</strong></span> <span class='ocrx_word' id='word_1_737' title='bbox 2294 3313 2504 3375; x_wconf 87' lang='lat' dir='ltr'><strong>audivit,</strong></span> <span class='ocrx_word' id='word_1_738' title='bbox 2537 3331 2557 3365; x_wconf 78' lang='grc'><strong>1</strong></span> <span class='ocrx_word' id='word_1_739' title='bbox 2589 3313 2787 3383; x_wconf 86' lang='lat' dir='ltr'><strong>inquit,</strong></span> <span class='ocrx_word' id='word_1_740' title='bbox 2844 3330 2864 3366; x_wconf 83' lang='grc'><strong>1</strong></span> <span class='ocrx_word' id='word_1_741' title='bbox 2895 3313 3059 3366; x_wconf 81' lang='lat' dir='ltr'><strong>Adam</strong></span> <span class='ocrx_word' id='word_1_742' title='bbox 3095 3329 3275 3368; x_wconf 86' lang='lat' dir='ltr'><strong>sonum</strong></span> <span class='ocrx_word' id='word_1_743' title='bbox 3305 3315 3485 3385; x_wconf 87' lang='lat' dir='ltr'><strong>pedum</strong></span> <span class='ocrx_word' id='word_1_744' title='bbox 3515 3316 3720 3370; x_wconf 83' lang='lat' dir='ltr'><strong>Domini</strong></span> 
     </span>
    </p>
   </div>
   <div class='ocr_carea' id='block_1_94' title="bbox 2141 3403 3719 3480">
    <p class='ocr_par' dir='ltr' id='par_1_94' title="bbox 2141 3403 3719 3480">
     <span class='ocr_line' id='line_1_94' title="bbox 2141 3403 3719 3480; baseline 0.002 -21"><span class='ocrx_word' id='word_1_745' title='bbox 2141 3406 2508 3461; x_wconf 84' lang='lat' dir='ltr'><strong>deambulantis</strong></span> <span class='ocrx_word' id='word_1_746' title='bbox 2531 3407 2583 3459; x_wconf 89' lang='lat' dir='ltr'><strong>in</strong></span> <span class='ocrx_word' id='word_1_747' title='bbox 2624 3406 2860 3476; x_wconf 83' lang='lat' dir='ltr'><strong>paradiso</strong></span> <span class='ocrx_word' id='word_1_748' title='bbox 2891 3425 2910 3458; x_wconf 83' lang='grc'><strong>1</strong></span> <span class='ocrx_word' id='word_1_749' title='bbox 2947 3404 3099 3475; x_wconf 85' lang='lat' dir='ltr'><strong>(Gen.</strong></span> <span class='ocrx_word' id='word_1_750' title='bbox 3128 3422 3216 3474; x_wconf 87' lang='grc'><strong>111,</strong></span> <span class='ocrx_word' id='word_1_751' title='bbox 3252 3406 3306 3480; x_wconf 91' lang='grc'><strong>8)</strong></span> <span class='ocrx_word' id='word_1_752' title='bbox 3341 3422 3359 3461; x_wconf 91' lang='lat'><strong><em>:</em></strong></span> <span class='ocrx_word' id='word_1_753' title='bbox 3390 3409 3496 3462; x_wconf 74' lang='lat' dir='ltr'><strong>hac</strong></span> <span class='ocrx_word' id='word_1_754' title='bbox 3522 3403 3719 3478; x_wconf 82' lang='lat' dir='ltr'><strong>simpli-</strong></span> 
     </span>
    </p>
   </div>
   <div class='ocr_carea' id='block_1_95' title="bbox 2141 3496 3720 3572">
    <p class='ocr_par' dir='ltr' id='par_1_95' title="bbox 2141 3496 3720 3572">
     <span class='ocr_line' id='line_1_95' title="bbox 2141 3496 3720 3572; baseline 0.002 -21"><span class='ocrx_word' id='word_1_755' title='bbox 2141 3498 2265 3551; x_wconf 88' lang='lat' dir='ltr'><strong>citer</strong></span> <span class='ocrx_word' id='word_1_756' title='bbox 2293 3497 2525 3563; x_wconf 88' lang='lat' dir='ltr'><strong>audiunt,</strong></span> <span class='ocrx_word' id='word_1_757' title='bbox 2559 3506 2605 3550; x_wconf 87' lang='lat' dir='ltr'><strong>et</strong></span> <span class='ocrx_word' id='word_1_758' title='bbox 2634 3496 2880 3551; x_wconf 78' lang='lat' dir='ltr'><strong>humanas</strong></span> <span class='ocrx_word' id='word_1_759' title='bbox 2902 3496 3273 3553; x_wconf 82' lang='lat' dir='ltr'><strong>imbecillitates</strong></span> <span class='ocrx_word' id='word_1_760' title='bbox 3299 3499 3367 3552; x_wconf 90' lang='lat' dir='ltr'><strong>ad</strong></span> <span class='ocrx_word' id='word_1_761' title='bbox 3391 3498 3487 3554; x_wconf 84' lang='lat' dir='ltr'><strong>Dei</strong></span> <span class='ocrx_word' id='word_1_762' title='bbox 3521 3502 3720 3572; x_wconf 82' lang='lat' dir='ltr'><strong>magni-</strong></span> 
     </span>
    </p>
   </div>
   <div class='ocr_carea' id='block_1_96' title="bbox 2143 3587 3785 3663">
    <p class='ocr_par' dir='ltr' id='par_1_96' title="bbox 2143 3587 3785 3663">
     <span class='ocr_line' id='line_1_96' title="bbox 2143 3587 3785 3663; baseline 0.002 -19"><span class='ocrx_word' id='word_1_763' title='bbox 2143 3592 2394 3662; x_wconf 74' lang='lat' dir='ltr'><strong>ﬁcentiam</strong></span> <span class='ocrx_word' id='word_1_764' title='bbox 2434 3591 2679 3660; x_wconf 74' lang='lat' dir='ltr'><strong>referunt.</strong></span> <span class='ocrx_word' id='word_1_765' title='bbox 2732 3589 2844 3662; x_wconf 84' lang='lat' dir='ltr'><strong>Ego</strong></span> <span class='ocrx_word' id='word_1_766' title='bbox 2891 3599 3057 3645; x_wconf 86' lang='lat' dir='ltr'><strong>autem</strong></span> <span class='ocrx_word' id='word_1_767' title='bbox 3091 3591 3206 3645; x_wconf 88' lang='lat' dir='ltr'><strong>dico</strong></span> <span class='ocrx_word' id='word_1_768' title='bbox 3243 3592 3381 3663; x_wconf 89' lang='lat' dir='ltr'><strong>quod</strong></span> <span class='ocrx_word' id='word_1_769' title='bbox 3409 3591 3548 3646; x_wconf 82' lang='lat' dir='ltr'><strong>Deus</strong></span> <span class='ocrx_word' id='word_1_770' title='bbox 3589 3602 3721 3648; x_wconf 81' lang='lat' dir='ltr'><strong>lotus</strong></span> <span class='ocrx_word' id='word_1_771' title='bbox 3773 3587 3785 3595; x_wconf 83' lang='grc'><strong>’</strong></span> 
     </span>
    </p>
   </div>
   <div class='ocr_carea' id='block_1_97' title="bbox 2141 3678 3723 3753">
    <p class='ocr_par' dir='ltr' id='par_1_97' title="bbox 2141 3678 3723 3753">
     <span class='ocr_line' id='line_1_97' title="bbox 2141 3678 3723 3753; baseline 0.002 -17"><span class='ocrx_word' id='word_1_772' title='bbox 2141 3683 2321 3736; x_wconf 87' lang='lat' dir='ltr'><strong>oculus</strong></span> <span class='ocrx_word' id='word_1_773' title='bbox 2347 3689 2420 3735; x_wconf 81' lang='lat' dir='ltr'><strong>est</strong></span> <span class='ocrx_word' id='word_1_774' title='bbox 2444 3722 2459 3747; x_wconf 92' lang='lat'><strong>,</strong></span> <span class='ocrx_word' id='word_1_775' title='bbox 2490 3689 2625 3735; x_wconf 87' lang='lat' dir='ltr'><strong>totus</strong></span> <span class='ocrx_word' id='word_1_776' title='bbox 2654 3697 2834 3735; x_wconf 88' lang='lat' dir='ltr'><strong>manus</strong></span> <span class='ocrx_word' id='word_1_777' title='bbox 2857 3691 2932 3744; x_wconf 78' lang='lat' dir='ltr'><strong>est</strong></span> <span class='ocrx_word' id='word_1_778' title='bbox 2949 3722 2965 3744; x_wconf 87' lang='lat'><strong>,</strong></span> <span class='ocrx_word' id='word_1_779' title='bbox 2990 3692 3121 3737; x_wconf 86' lang='lat' dir='ltr'><strong>totus</strong></span> <span class='ocrx_word' id='word_1_780' title='bbox 3141 3697 3227 3753; x_wconf 85' lang='lat' dir='ltr'><strong>pes</strong></span> <span class='ocrx_word' id='word_1_781' title='bbox 3255 3681 3345 3736; x_wconf 84' lang='lat' dir='ltr'><strong>est.</strong></span> <span class='ocrx_word' id='word_1_782' title='bbox 3373 3678 3524 3738; x_wconf 73' lang='lat' dir='ltr'><strong>Totas</strong></span> <span class='ocrx_word' id='word_1_783' title='bbox 3548 3685 3723 3739; x_wconf 79' lang='lat' dir='ltr'><strong>Oculus</strong></span> 
     </span>
    </p>
   </div>
   <div class='ocr_carea' id='block_1_98' title="bbox 2142 3765 3724 3844">
    <p class='ocr_par' dir='ltr' id='par_1_98' title="bbox 2142 3765 3724 3844">
     <span class='ocr_line' id='line_1_98' title="bbox 2142 3765 3724 3844; baseline 0.001 -17"><span class='ocrx_word' id='word_1_784' title='bbox 2142 3782 2248 3838; x_wconf 82' lang='lat' dir='ltr'><strong>est,</strong></span> <span class='ocrx_word' id='word_1_785' title='bbox 2287 3773 2406 3844; x_wconf 90' lang='lat' dir='ltr'><strong>quia</strong></span> <span class='ocrx_word' id='word_1_786' title='bbox 2449 3773 2619 3827; x_wconf 89' lang='lat' dir='ltr'><strong>omnia</strong></span> <span class='ocrx_word' id='word_1_787' title='bbox 2646 3771 2796 3826; x_wconf 87' lang='lat' dir='ltr'><strong>videt.</strong></span> <span class='ocrx_word' id='word_1_788' title='bbox 2847 3765 3002 3826; x_wconf 77' lang='lat' dir='ltr'><strong>Totus</strong></span> <span class='ocrx_word' id='word_1_789' title='bbox 3036 3777 3216 3827; x_wconf 81' lang='lat' dir='ltr'><strong>manus</strong></span> <span class='ocrx_word' id='word_1_790' title='bbox 3253 3780 3355 3839; x_wconf 82' lang='lat' dir='ltr'><strong>est,</strong></span> <span class='ocrx_word' id='word_1_791' title='bbox 3398 3775 3515 3844; x_wconf 84' lang='lat' dir='ltr'><strong>quia</strong></span> <span class='ocrx_word' id='word_1_792' title='bbox 3558 3774 3724 3829; x_wconf 85' lang='lat' dir='ltr'><strong>omnia</strong></span> 
     </span>
    </p>
   </div>
   <div class='ocr_carea' id='block_1_99' title="bbox 2143 3862 3726 3935">
    <p class='ocr_par' dir='ltr' id='par_1_99' title="bbox 2143 3862 3726 3935">
     <span class='ocr_line' id='line_1_99' title="bbox 2143 3862 3726 3935; baseline 0.001 -17"><span class='ocrx_word' id='word_1_793' title='bbox 2143 3874 2402 3935; x_wconf 81' lang='lat' dir='ltr'><strong>operatur.</strong></span> <span class='ocrx_word' id='word_1_794' title='bbox 2447 3862 2606 3916; x_wconf 89' lang='lat' dir='ltr'><strong>Totus</strong></span> <span class='ocrx_word' id='word_1_795' title='bbox 2643 3879 2730 3932; x_wconf 88' lang='lat' dir='ltr'><strong>pes</strong></span> <span class='ocrx_word' id='word_1_796' title='bbox 2769 3871 2866 3928; x_wconf 84' lang='lat' dir='ltr'><strong>est,</strong></span> <span class='ocrx_word' id='word_1_797' title='bbox 2912 3863 3032 3933; x_wconf 86' lang='lat' dir='ltr'><strong>quia</strong></span> <span class='ocrx_word' id='word_1_798' title='bbox 3055 3863 3233 3934; x_wconf 85' lang='lat' dir='ltr'><strong>ubique</strong></span> <span class='ocrx_word' id='word_1_799' title='bbox 3265 3873 3354 3917; x_wconf 82' lang='lat' dir='ltr'><strong>est.</strong></span> <span class='ocrx_word' id='word_1_800' title='bbox 3403 3864 3542 3934; x_wconf 80' lang='lat' dir='ltr'><strong>Ergo</strong></span> <span class='ocrx_word' id='word_1_801' title='bbox 3570 3865 3726 3919; x_wconf 79' lang='lat' dir='ltr'><strong>videte</strong></span> 
     </span>
    </p>
   </div>
   <div class='ocr_carea' id='block_1_100' title="bbox 2142 3956 3726 4029">
    <p class='ocr_par' dir='ltr' id='par_1_100' title="bbox 2142 3956 3726 4029">
     <span class='ocr_line' id='line_1_100' title="bbox 2142 3956 3726 4029; baseline 0.003 -21"><span class='ocrx_word' id='word_1_802' title='bbox 2142 3957 2266 4028; x_wconf 90' lang='lat' dir='ltr'><strong>quid</strong></span> <span class='ocrx_word' id='word_1_803' title='bbox 2286 3957 2440 4010; x_wconf 82' lang='lat' dir='ltr'><strong>dicat.</strong></span> <span class='ocrx_word' id='word_1_804' title='bbox 2483 3975 2500 4007; x_wconf 86' lang='grc'><strong>1</strong></span> <span class='ocrx_word' id='word_1_805' title='bbox 2533 3956 2632 4020; x_wconf 81' lang='lat' dir='ltr'><strong>Qui</strong></span> <span class='ocrx_word' id='word_1_806' title='bbox 2655 3956 2900 4026; x_wconf 87' lang='lat' dir='ltr'><strong>plantavit</strong></span> <span class='ocrx_word' id='word_1_807' title='bbox 2939 3963 3132 4020; x_wconf 86' lang='lat' dir='ltr'><strong>aurem,</strong></span> <span class='ocrx_word' id='word_1_808' title='bbox 3163 3957 3261 4010; x_wconf 82' lang='lat' dir='ltr'><strong>non</strong></span> <span class='ocrx_word' id='word_1_809' title='bbox 3291 3957 3502 4012; x_wconf 83' lang='lat' dir='ltr'><strong>audiet?</strong></span> <span class='ocrx_word' id='word_1_810' title='bbox 3525 3969 3610 4012; x_wconf 88' lang='lat' dir='ltr'><strong>aut</strong></span> <span class='ocrx_word' id='word_1_811' title='bbox 3639 3960 3726 4029; x_wconf 84' lang='lat' dir='ltr'><strong>qui</strong></span> 
     </span>
    </p>
   </div>
   <div class='ocr_carea' id='block_1_101' title="bbox 2147 4047 3726 4120">
    <p class='ocr_par' dir='ltr' id='par_1_101' title="bbox 2147 4047 3726 4120">
     <span class='ocr_line' id='line_1_101' title="bbox 2147 4047 3726 4120; baseline 0.001 -17"><span class='ocrx_word' id='word_1_812' title='bbox 2147 4049 2294 4119; x_wconf 69' lang='lat' dir='ltr'><strong>ﬁnxit</strong></span> <span class='ocrx_word' id='word_1_813' title='bbox 2322 4048 2514 4114; x_wconf 80' lang='lat' dir='ltr'><strong>oculos,</strong></span> <span class='ocrx_word' id='word_1_814' title='bbox 2544 4063 2644 4101; x_wconf 88' lang='lat' dir='ltr'><strong>non</strong></span> <span class='ocrx_word' id='word_1_815' title='bbox 2668 4047 2986 4102; x_wconf 82' lang='lat' dir='ltr'><strong>considerat?</strong></span> <span class='ocrx_word' id='word_1_816' title='bbox 3015 4066 3034 4100; x_wconf 86' lang='grc'><strong>1</strong></span> <span class='ocrx_word' id='word_1_817' title='bbox 3069 4047 3132 4101; x_wconf 76' lang='lat' dir='ltr'><strong>Et</strong></span> <span class='ocrx_word' id='word_1_818' title='bbox 3162 4051 3261 4102; x_wconf 82' lang='lat' dir='ltr'><strong>non</strong></span> <span class='ocrx_word' id='word_1_819' title='bbox 3291 4049 3439 4116; x_wconf 65' lang='lat' dir='ltr'><strong>dixit,</strong></span> <span class='ocrx_word' id='word_1_820' title='bbox 3461 4049 3559 4114; x_wconf 83' lang='lat' dir='ltr'><strong>Qui</strong></span> <span class='ocrx_word' id='word_1_821' title='bbox 3581 4052 3726 4120; x_wconf 84' lang='lat' dir='ltr'><strong>plan-</strong></span> 
     </span>
    </p>
   </div>
   <div class='ocr_carea' id='block_1_102' title="bbox 2148 4139 3722 4210">
    <p class='ocr_par' dir='ltr' id='par_1_102' title="bbox 2148 4139 3722 4210">
     <span class='ocr_line' id='line_1_102' title="bbox 2148 4139 3722 4210; baseline 0.001 -16"><span class='ocrx_word' id='word_1_822' title='bbox 2148 4141 2267 4194; x_wconf 82' lang='lat' dir='ltr'><strong>tavit</strong></span> <span class='ocrx_word' id='word_1_823' title='bbox 2292 4156 2504 4204; x_wconf 87' lang='lat' dir='ltr'><strong>aurem,</strong></span> <span class='ocrx_word' id='word_1_824' title='bbox 2550 4155 2668 4210; x_wconf 83' lang='lat' dir='ltr'><strong>ergo</strong></span> <span class='ocrx_word' id='word_1_825' title='bbox 2714 4140 2821 4209; x_wconf 87' lang='lat' dir='ltr'><strong>ipse</strong></span> <span class='ocrx_word' id='word_1_826' title='bbox 2851 4154 3028 4192; x_wconf 85' lang='lat' dir='ltr'><strong>aurem</strong></span> <span class='ocrx_word' id='word_1_827' title='bbox 3061 4155 3161 4192; x_wconf 87' lang='lat' dir='ltr'><strong>non</strong></span> <span class='ocrx_word' id='word_1_828' title='bbox 3206 4139 3385 4204; x_wconf 83' lang='lat' dir='ltr'><strong>habet;</strong></span> <span class='ocrx_word' id='word_1_829' title='bbox 3429 4155 3529 4194; x_wconf 87' lang='lat' dir='ltr'><strong>non</strong></span> <span class='ocrx_word' id='word_1_830' title='bbox 3577 4143 3722 4206; x_wconf 74' lang='lat' dir='ltr'><strong>dixit,</strong></span> 
     </span>
    </p>
   </div>
   <div class='ocr_carea' id='block_1_103' title="bbox 2148 4229 3761 4304">
    <p class='ocr_par' dir='ltr' id='par_1_103' title="bbox 2148 4229 3761 4304">
     <span class='ocr_line' id='line_1_103' title="bbox 2148 4229 3761 4304; baseline 0.001 -18"><span class='ocrx_word' id='word_1_831' title='bbox 2148 4232 2288 4304; x_wconf 87' lang='lat' dir='ltr'><strong>Ergo</strong></span> <span class='ocrx_word' id='word_1_832' title='bbox 2308 4233 2417 4302; x_wconf 85' lang='lat' dir='ltr'><strong>ipse</strong></span> <span class='ocrx_word' id='word_1_833' title='bbox 2436 4232 2608 4286; x_wconf 83' lang='lat' dir='ltr'><strong>oculos</strong></span> <span class='ocrx_word' id='word_1_834' title='bbox 2627 4247 2729 4285; x_wconf 87' lang='lat' dir='ltr'><strong>non</strong></span> <span class='ocrx_word' id='word_1_835' title='bbox 2749 4229 2892 4285; x_wconf 85' lang='lat' dir='ltr'><strong>habet</strong></span> <span class='ocrx_word' id='word_1_836' title='bbox 2921 4245 2940 4284; x_wconf 92' lang='lat'><strong><em>:</em></strong></span> <span class='ocrx_word' id='word_1_837' title='bbox 2962 4230 3053 4285; x_wconf 89' lang='lat' dir='ltr'><strong>sed</strong></span> <span class='ocrx_word' id='word_1_838' title='bbox 3065 4231 3188 4300; x_wconf 87' lang='lat' dir='ltr'><strong>quid</strong></span> <span class='ocrx_word' id='word_1_839' title='bbox 3205 4232 3374 4285; x_wconf 70' lang='lat' dir='ltr'><strong>dixit?</strong></span> <span class='ocrx_word' id='word_1_840' title='bbox 3405 4249 3425 4282; x_wconf 86' lang='grc'><strong>1</strong></span> <span class='ocrx_word' id='word_1_841' title='bbox 3457 4231 3557 4296; x_wconf 82' lang='lat' dir='ltr'><strong>Qui</strong></span> <span class='ocrx_word' id='word_1_842' title='bbox 3583 4235 3730 4304; x_wconf 69' lang='lat' dir='ltr'><strong>plano</strong></span> <span class='ocrx_word' id='word_1_843' title='bbox 3749 4251 3761 4256; x_wconf 91' lang='grc'>·</span> 
     </span>
    </p>
   </div>
   <div class='ocr_carea' id='block_1_104' title="bbox 2149 4321 3729 4394">
    <p class='ocr_par' dir='ltr' id='par_1_104' title="bbox 2149 4321 3729 4394">
     <span class='ocr_line' id='line_1_104' title="bbox 2149 4321 3729 4394; baseline 0 -14"><span class='ocrx_word' id='word_1_844' title='bbox 2149 4328 2268 4380; x_wconf 85' lang='lat' dir='ltr'><strong>tavit</strong></span> <span class='ocrx_word' id='word_1_845' title='bbox 2295 4342 2495 4391; x_wconf 84' lang='lat' dir='ltr'><strong>aurem,</strong></span> <span class='ocrx_word' id='word_1_846' title='bbox 2537 4340 2639 4378; x_wconf 86' lang='lat' dir='ltr'><strong>non</strong></span> <span class='ocrx_word' id='word_1_847' title='bbox 2665 4323 2877 4377; x_wconf 81' lang='lat' dir='ltr'><strong>audiet?</strong></span> <span class='ocrx_word' id='word_1_848' title='bbox 2917 4323 3003 4394; x_wconf 83' lang='lat' dir='ltr'><strong>qui</strong></span> <span class='ocrx_word' id='word_1_849' title='bbox 3035 4323 3181 4391; x_wconf 62' lang='lat' dir='ltr'><strong>ﬁnxit</strong></span> <span class='ocrx_word' id='word_1_850' title='bbox 3207 4321 3401 4381; x_wconf 63' lang='lat' dir='ltr'><strong>oculos;</strong></span> <span class='ocrx_word' id='word_1_851' title='bbox 3433 4340 3532 4377; x_wconf 85' lang='lat' dir='ltr'><strong>non</strong></span> <span class='ocrx_word' id='word_1_852' title='bbox 3560 4325 3729 4380; x_wconf 53' lang='lat' dir='ltr'><strong>eonsié</strong></span> 
     </span>
    </p>
   </div>
   <div class='ocr_carea' id='block_1_105' title="bbox 2150 4413 3728 4485">
    <p class='ocr_par' dir='ltr' id='par_1_105' title="bbox 2150 4413 3728 4485">
     <span class='ocr_line' id='line_1_105' title="bbox 2150 4413 3728 4485; baseline -0.003 -13"><span class='ocrx_word' id='word_1_853' title='bbox 2150 4418 2337 4472; x_wconf 85' lang='lat' dir='ltr'><strong>derat?</strong></span> <span class='ocrx_word' id='word_1_854' title='bbox 2376 4435 2395 4469; x_wconf 84' lang='grc'><strong>1</strong></span> <span class='ocrx_word' id='word_1_855' title='bbox 2448 4415 2670 4470; x_wconf 85' lang='lat' dir='ltr'><strong>membra</strong></span> <span class='ocrx_word' id='word_1_856' title='bbox 2725 4414 2878 4481; x_wconf 87' lang='lat' dir='ltr'><strong>tulit,</strong></span> <span class='ocrx_word' id='word_1_857' title='bbox 2927 4414 3212 4485; x_wconf 66' lang='lat' dir='ltr'><strong>eﬂieientias</strong></span> <span class='ocrx_word' id='word_1_858' title='bbox 3255 4415 3392 4468; x_wconf 82' lang='lat' dir='ltr'><strong>dedit</strong></span> <span class='ocrx_word' id='word_1_859' title='bbox 3435 4413 3539 4485; x_wconf 87' lang='lat' dir='ltr'><strong>(In</strong></span> <span class='ocrx_word' id='word_1_860' title='bbox 3577 4413 3728 4470; x_wconf 85' lang='lat' dir='ltr'><strong>Psal.‘</strong></span> 
     </span>
    </p>
   </div>
   <div class='ocr_carea' id='block_1_106' title="bbox 2153 4507 2526 4578">
    <p class='ocr_par' dir='ltr' id='par_1_106' title="bbox 2153 4507 2526 4578">
     <span class='ocr_line' id='line_1_106' title="bbox 2153 4507 2526 4578; baseline -0.011 -12"><span class='ocrx_word' id='word_1_861' title='bbox 2153 4526 2314 4577; x_wconf 80' lang='lat' dir='ltr'><strong>xcnt,</strong></span> <span class='ocrx_word' id='word_1_862' title='bbox 2345 4510 2408 4572; x_wconf 85' lang='lat'><strong>8,</strong></span> <span class='ocrx_word' id='word_1_863' title='bbox 2435 4507 2526 4578; x_wconf 87' lang='lat'><strong>9).</strong></span> 
     </span>
    </p>
   </div>
   <div class='ocr_carea' id='block_1_107' title="bbox 2226 4597 3736 4658">
    <p class='ocr_par' dir='ltr' id='par_1_107' title="bbox 2226 4597 3736 4658">
     <span class='ocr_line' id='line_1_107' title="bbox 2226 4597 3736 4658; baseline -0.001 -2"><span class='ocrx_word' id='word_1_864' title='bbox 2226 4604 2310 4658; x_wconf 84' lang='grc'><strong>15.</strong></span> <span class='ocrx_word' id='word_1_865' title='bbox 2353 4602 2479 4656; x_wconf 73' lang='grc'><strong>11100</strong></span> <span class='ocrx_word' id='word_1_866' title='bbox 2515 4602 2692 4655; x_wconf 85' lang='lat' dir='ltr'><strong>omnia</strong></span> <span class='ocrx_word' id='word_1_867' title='bbox 2719 4600 2788 4655; x_wconf 90' lang='lat' dir='ltr'><strong>de</strong></span> <span class='ocrx_word' id='word_1_868' title='bbox 2821 4599 3012 4654; x_wconf 90' lang='lat' dir='ltr'><strong>litteris</strong></span> <span class='ocrx_word' id='word_1_869' title='bbox 3039 4613 3222 4654; x_wconf 85' lang='lat' dir='ltr'><strong>eorum</strong></span> <span class='ocrx_word' id='word_1_870' title='bbox 3251 4608 3305 4654; x_wconf 85' lang='lat' dir='ltr'><strong>et</strong></span> <span class='ocrx_word' id='word_1_871' title='bbox 3343 4597 3648 4654; x_wconf 79' lang='lat' dir='ltr'><strong>Latinorum</strong></span> <span class='ocrx_word' id='word_1_872' title='bbox 3676 4607 3736 4655; x_wconf 80' lang='lat' dir='ltr'><strong>et</strong></span> 
     </span>
    </p>
   </div>
   <div class='ocr_carea' id='block_1_108' title="bbox 2151 4691 3731 4764">
    <p class='ocr_par' dir='ltr' id='par_1_108' title="bbox 2151 4691 3731 4764">
     <span class='ocr_line' id='line_1_108' title="bbox 2151 4691 3731 4764; baseline -0.004 -12"><span class='ocrx_word' id='word_1_873' title='bbox 2151 4697 2489 4758; x_wconf 82' lang='lat' dir='ltr'><strong>Graecorum,</strong></span> <span class='ocrx_word' id='word_1_874' title='bbox 2541 4691 2633 4764; x_wconf 91' lang='lat' dir='ltr'><strong>qui</strong></span> <span class='ocrx_word' id='word_1_875' title='bbox 2679 4692 2884 4762; x_wconf 86' lang='lat' dir='ltr'><strong>priores</strong></span> <span class='ocrx_word' id='word_1_876' title='bbox 2927 4693 3082 4747; x_wconf 84' lang='lat' dir='ltr'><strong>nobis</strong></span> <span class='ocrx_word' id='word_1_877' title='bbox 3121 4693 3172 4746; x_wconf 91' lang='lat' dir='ltr'><strong>in</strong></span> <span class='ocrx_word' id='word_1_878' title='bbox 3203 4693 3460 4747; x_wconf 88' lang='lat' dir='ltr'><strong>catholica</strong></span> <span class='ocrx_word' id='word_1_879' title='bbox 3490 4693 3731 4748; x_wconf 83' lang='lat' dir='ltr'><strong>Ecclesia</strong></span> 
     </span>
    </p>
   </div>
   <div class='ocr_carea' id='block_1_109' title="bbox 2151 4785 3733 4854">
    <p class='ocr_par' dir='ltr' id='par_1_109' title="bbox 2151 4785 3733 4854">
     <span class='ocr_line' id='line_1_109' title="bbox 2151 4785 3733 4854; baseline -0.001 -12"><span class='ocrx_word' id='word_1_880' title='bbox 2151 4788 2388 4842; x_wconf 86' lang='lat' dir='ltr'><strong>viventes</strong></span> <span class='ocrx_word' id='word_1_881' title='bbox 2413 4785 2589 4840; x_wconf 89' lang='lat' dir='ltr'><strong>divina</strong></span> <span class='ocrx_word' id='word_1_882' title='bbox 2611 4785 2816 4854; x_wconf 88' lang='lat' dir='ltr'><strong>eloquia</strong></span> <span class='ocrx_word' id='word_1_883' title='bbox 2840 4793 3231 4847; x_wconf 87' lang='lat' dir='ltr'><strong>tractaverunt,</strong></span> <span class='ocrx_word' id='word_1_884' title='bbox 3266 4785 3384 4839; x_wconf 89' lang='lat' dir='ltr'><strong>ideo</strong></span> <span class='ocrx_word' id='word_1_885' title='bbox 3403 4798 3733 4841; x_wconf 86' lang='lat' dir='ltr'><strong>commemo-</strong></span> 
     </span>
    </p>
   </div>
   <div class='ocr_carea' id='block_1_110' title="bbox 2151 4876 3733 4948">
    <p class='ocr_par' dir='ltr' id='par_1_110' title="bbox 2151 4876 3733 4948">
     <span class='ocr_line' id='line_1_110' title="bbox 2151 4876 3733 4948; baseline -0.001 -12"><span class='ocrx_word' id='word_1_886' title='bbox 2151 4881 2314 4937; x_wconf 89' lang='lat' dir='ltr'><strong>randa</strong></span> <span class='ocrx_word' id='word_1_887' title='bbox 2336 4880 2622 4934; x_wconf 86' lang='lat' dir='ltr'><strong>arbitratus</strong></span> <span class='ocrx_word' id='word_1_888' title='bbox 2647 4895 2787 4944; x_wconf 91' lang='lat' dir='ltr'><strong>sum,</strong></span> <span class='ocrx_word' id='word_1_889' title='bbox 2809 4887 2866 4933; x_wconf 91' lang='lat' dir='ltr'><strong>ut</strong></span> <span class='ocrx_word' id='word_1_890' title='bbox 2879 4879 3012 4933; x_wconf 85' lang='lat' dir='ltr'><strong>sciat</strong></span> <span class='ocrx_word' id='word_1_891' title='bbox 3035 4877 3135 4932; x_wconf 87' lang='lat' dir='ltr'><strong>iste</strong></span> <span class='ocrx_word' id='word_1_892' title='bbox 3153 4876 3339 4945; x_wconf 78' lang='lat' dir='ltr'><strong>frater,</strong></span> <span class='ocrx_word' id='word_1_893' title='bbox 3368 4877 3414 4932; x_wconf 89' lang='lat' dir='ltr'><strong>si</strong></span> <span class='ocrx_word' id='word_1_894' title='bbox 3436 4879 3561 4948; x_wconf 88' lang='lat' dir='ltr'><strong>quid</strong></span> <span class='ocrx_word' id='word_1_895' title='bbox 3580 4880 3733 4934; x_wconf 85' lang='lat' dir='ltr'><strong>aliter</strong></span> 
     </span>
    </p>
   </div>
   <div class='ocr_carea' id='block_1_111' title="bbox 2152 4970 3727 5044">
    <p class='ocr_par' dir='ltr' id='par_1_111' title="bbox 2152 4970 3727 5044">
     <span class='ocr_line' id='line_1_111' title="bbox 2152 4970 3727 5044; baseline 0.002 -19"><span class='ocrx_word' id='word_1_896' title='bbox 2152 4989 2309 5044; x_wconf 88' lang='lat' dir='ltr'><strong>quam</strong></span> <span class='ocrx_word' id='word_1_897' title='bbox 2341 4973 2424 5026; x_wconf 88' lang='lat' dir='ltr'><strong>isti</strong></span> <span class='ocrx_word' id='word_1_898' title='bbox 2451 4972 2646 5038; x_wconf 83' lang='lat' dir='ltr'><strong>sentit,</strong></span> <span class='ocrx_word' id='word_1_899' title='bbox 2684 4970 2923 5042; x_wconf 74' lang='lat' dir='ltr'><strong>deposita</strong></span> <span class='ocrx_word' id='word_1_900' title='bbox 2961 4971 3312 5026; x_wconf 78' lang='grc'><strong>(118800810018</strong></span> <span class='ocrx_word' id='word_1_901' title='bbox 3352 4972 3727 5038; x_wconf 85' lang='lat' dir='ltr'><strong>amaritudine,</strong></span> 
     </span>
    </p>
   </div>
   <div class='ocr_carea' id='block_1_112' title="bbox 2153 5061 3727 5134">
    <p class='ocr_par' dir='ltr' id='par_1_112' title="bbox 2153 5061 3727 5134">
     <span class='ocr_line' id='line_1_112' title="bbox 2153 5061 3727 5134; baseline -0.001 -15"><span class='ocrx_word' id='word_1_902' title='bbox 2153 5073 2208 5120; x_wconf 88' lang='lat' dir='ltr'><strong>et</strong></span> <span class='ocrx_word' id='word_1_903' title='bbox 2233 5063 2478 5118; x_wconf 67' lang='lat' dir='ltr'><strong>fraternae</strong></span> <span class='ocrx_word' id='word_1_904' title='bbox 2519 5062 2792 5117; x_wconf 84' lang='lat' dir='ltr'><strong>charitatis</strong></span> <span class='ocrx_word' id='word_1_905' title='bbox 2818 5061 3078 5118; x_wconf 84' lang='lat' dir='ltr'><strong>suavitate</strong></span> <span class='ocrx_word' id='word_1_906' title='bbox 3117 5072 3322 5117; x_wconf 87' lang='lat' dir='ltr'><strong>servata</strong></span> <span class='ocrx_word' id='word_1_907' title='bbox 3364 5072 3526 5134; x_wconf 82' lang='lat' dir='ltr'><strong>atque</strong></span> <span class='ocrx_word' id='word_1_908' title='bbox 3567 5064 3620 5119; x_wconf 90' lang='lat' dir='ltr'><strong>in</strong></span> <span class='ocrx_word' id='word_1_909' title='bbox 3651 5063 3727 5118; x_wconf 85' lang='grc'><strong>111-</strong></span> 
     </span>
    </p>
   </div>
   <div class='ocr_carea' id='block_1_113' title="bbox 2155 5153 3729 5226">
    <p class='ocr_par' dir='ltr' id='par_1_113' title="bbox 2155 5153 3729 5226">
     <span class='ocr_line' id='line_1_113' title="bbox 2155 5153 3729 5226; baseline -0.001 -14"><span class='ocrx_word' id='word_1_910' title='bbox 2155 5166 2359 5226; x_wconf 79' lang='lat' dir='ltr'><strong>tegrum</strong></span> <span class='ocrx_word' id='word_1_911' title='bbox 2387 5155 2648 5222; x_wconf 87' lang='lat' dir='ltr'><strong>restituta,</strong></span> <span class='ocrx_word' id='word_1_912' title='bbox 2671 5153 2907 5224; x_wconf 74' lang='lat' dir='ltr'><strong>diligenti</strong></span> <span class='ocrx_word' id='word_1_913' title='bbox 2935 5162 2988 5208; x_wconf 81' lang='lat' dir='ltr'><strong>et</strong></span> <span class='ocrx_word' id='word_1_914' title='bbox 3007 5155 3285 5224; x_wconf 86' lang='lat' dir='ltr'><strong>tranquilla</strong></span> <span class='ocrx_word' id='word_1_915' title='bbox 3306 5155 3729 5212; x_wconf 77' lang='lat' dir='ltr'><strong>consideratione</strong></span> 
     </span>
    </p>
   </div>
   <div class='ocr_carea' id='block_1_114' title="bbox 2154 5243 3728 5319">
    <p class='ocr_par' dir='ltr' id='par_1_114' title="bbox 2154 5243 3728 5319">
     <span class='ocr_line' id='line_1_114' title="bbox 2154 5243 3728 5319; baseline 0.001 -16"><span class='ocrx_word' id='word_1_916' title='bbox 2154 5247 2495 5319; x_wconf 72' lang='lat' dir='ltr'><strong>quaerendum</strong></span> <span class='ocrx_word' id='word_1_917' title='bbox 2543 5246 2629 5301; x_wconf 91' lang='lat' dir='ltr'><strong>vel</strong></span> <span class='ocrx_word' id='word_1_918' title='bbox 2674 5245 2986 5310; x_wconf 83' lang='lat' dir='ltr'><strong>discendum</strong></span> <span class='ocrx_word' id='word_1_919' title='bbox 3041 5246 3126 5301; x_wconf 89' lang='lat' dir='ltr'><strong>vel</strong></span> <span class='ocrx_word' id='word_1_920' title='bbox 3171 5245 3492 5302; x_wconf 87' lang='lat' dir='ltr'><strong>docendum.</strong></span> <span class='ocrx_word' id='word_1_921' title='bbox 3551 5243 3728 5318; x_wconf 76' lang='lat' dir='ltr'><strong>Neque</strong></span> 
     </span>
    </p>
   </div>
   <div class='ocr_carea' id='block_1_115' title="bbox 2154 5337 3729 5410">
    <p class='ocr_par' dir='ltr' id='par_1_115' title="bbox 2154 5337 3729 5410">
     <span class='ocr_line' id='line_1_115' title="bbox 2154 5337 3729 5410; baseline -0.001 -14"><span class='ocrx_word' id='word_1_922' title='bbox 2154 5342 2294 5397; x_wconf 87' lang='lat' dir='ltr'><strong>enim</strong></span> <span class='ocrx_word' id='word_1_923' title='bbox 2324 5338 2684 5410; x_wconf 89' lang='lat' dir='ltr'><strong>quorumlibet</strong></span> <span class='ocrx_word' id='word_1_924' title='bbox 2710 5337 3126 5408; x_wconf 78' lang='lat' dir='ltr'><strong>disputationes,</strong></span> <span class='ocrx_word' id='word_1_925' title='bbox 3157 5339 3402 5408; x_wconf 84' lang='lat' dir='ltr'><strong>quamvis</strong></span> <span class='ocrx_word' id='word_1_926' title='bbox 3428 5339 3729 5395; x_wconf 80' lang='lat' dir='ltr'><strong>catholico-</strong></span> 
     </span>
    </p>
   </div>
   <div class='ocr_carea' id='block_1_116' title="bbox 2155 5429 3729 5500">
    <p class='ocr_par' dir='ltr' id='par_1_116' title="bbox 2155 5429 3729 5500">
     <span class='ocr_line' id='line_1_116' title="bbox 2155 5429 3729 5500; baseline -0.001 -12"><span class='ocrx_word' id='word_1_927' title='bbox 2155 5449 2272 5488; x_wconf 91' lang='lat' dir='ltr'><strong>rum</strong></span> <span class='ocrx_word' id='word_1_928' title='bbox 2301 5440 2356 5486; x_wconf 82' lang='lat' dir='ltr'><strong>et</strong></span> <span class='ocrx_word' id='word_1_929' title='bbox 2381 5430 2710 5487; x_wconf 82' lang='lat' dir='ltr'><strong>laudatorum</strong></span> <span class='ocrx_word' id='word_1_930' title='bbox 2737 5429 3012 5485; x_wconf 85' lang='lat' dir='ltr'><strong>hominum</strong></span> <span class='ocrx_word' id='word_1_931' title='bbox 3029 5470 3046 5495; x_wconf 93' lang='lat'><strong>,</strong></span> <span class='ocrx_word' id='word_1_932' title='bbox 3073 5429 3220 5485; x_wconf 89' lang='lat' dir='ltr'><strong>velut</strong></span> <span class='ocrx_word' id='word_1_933' title='bbox 3242 5429 3545 5500; x_wconf 74' lang='lat' dir='ltr'><strong>Scripturas</strong></span> <span class='ocrx_word' id='word_1_934' title='bbox 3568 5445 3729 5486; x_wconf 83' lang='lat' dir='ltr'><strong>cano-</strong></span> 
     </span>
    </p>
   </div>
   <div class='ocr_carea' id='block_1_117' title="bbox 2153 5523 3730 5592">
    <p class='ocr_par' dir='ltr' id='par_1_117' title="bbox 2153 5523 3730 5592">
     <span class='ocr_line' id='line_1_117' title="bbox 2153 5523 3730 5592; baseline -0.002 -11"><span class='ocrx_word' id='word_1_935' title='bbox 2153 5527 2302 5582; x_wconf 88' lang='lat' dir='ltr'><strong>nicas</strong></span> <span class='ocrx_word' id='word_1_936' title='bbox 2347 5524 2546 5581; x_wconf 85' lang='lat' dir='ltr'><strong>habere</strong></span> <span class='ocrx_word' id='word_1_937' title='bbox 2589 5524 2889 5592; x_wconf 84' lang='lat' dir='ltr'><strong>debemus,</strong></span> <span class='ocrx_word' id='word_1_938' title='bbox 2933 5531 2993 5579; x_wconf 88' lang='lat' dir='ltr'><strong>ut</strong></span> <span class='ocrx_word' id='word_1_939' title='bbox 3033 5523 3187 5579; x_wconf 88' lang='lat' dir='ltr'><strong>nobis</strong></span> <span class='ocrx_word' id='word_1_940' title='bbox 3233 5537 3344 5578; x_wconf 88' lang='lat' dir='ltr'><strong>non</strong></span> <span class='ocrx_word' id='word_1_941' title='bbox 3384 5523 3544 5580; x_wconf 87' lang='lat' dir='ltr'><strong>liceat</strong></span> <span class='ocrx_word' id='word_1_942' title='bbox 3592 5523 3730 5579; x_wconf 87' lang='lat' dir='ltr'><strong>salvs</strong></span> 
     </span>
    </p>
   </div>
   <div class='ocr_carea' id='block_1_118' title="bbox 2153 5613 3730 5688">
    <p class='ocr_par' dir='ltr' id='par_1_118' title="bbox 2153 5613 3730 5688">
     <span class='ocr_line' id='line_1_118' title="bbox 2153 5613 3730 5688; baseline -0.003 -15"><span class='ocrx_word' id='word_1_943' title='bbox 2153 5617 2554 5674; x_wconf 80' lang='lat' dir='ltr'><strong>honoriﬁcentia</strong></span> <span class='ocrx_word' id='word_1_944' title='bbox 2583 5617 2702 5688; x_wconf 69' lang='lat' dir='ltr'><strong>qua:</strong></span> <span class='ocrx_word' id='word_1_945' title='bbox 2729 5615 2834 5671; x_wconf 86' lang='lat' dir='ltr'><strong>illis</strong></span> <span class='ocrx_word' id='word_1_946' title='bbox 2850 5615 3074 5671; x_wconf 87' lang='lat' dir='ltr'><strong>debetur</strong></span> <span class='ocrx_word' id='word_1_947' title='bbox 3095 5613 3424 5681; x_wconf 85' lang='lat' dir='ltr'><strong>hominibus,</strong></span> <span class='ocrx_word' id='word_1_948' title='bbox 3451 5613 3647 5683; x_wconf 88' lang='lat' dir='ltr'><strong>aliquid</strong></span> <span class='ocrx_word' id='word_1_949' title='bbox 3679 5615 3730 5669; x_wconf 89' lang='lat' dir='ltr'><strong>in</strong></span> 
     </span>
    </p>
   </div>
   <div class='ocr_carea' id='block_1_119' title="bbox 2153 5704 3733 5780">
    <p class='ocr_par' dir='ltr' id='par_1_119' title="bbox 2153 5704 3733 5780">
     <span class='ocr_line' id='line_1_119' title="bbox 2153 5704 3733 5780; baseline -0.006 -13"><span class='ocrx_word' id='word_1_950' title='bbox 2153 5725 2338 5767; x_wconf 88' lang='lat' dir='ltr'><strong>eorum</strong></span> <span class='ocrx_word' id='word_1_951' title='bbox 2368 5710 2581 5780; x_wconf 84' lang='lat' dir='ltr'><strong>scriptis</strong></span> <span class='ocrx_word' id='word_1_952' title='bbox 2609 5709 2910 5779; x_wconf 80' lang='lat' dir='ltr'><strong>improbare</strong></span> <span class='ocrx_word' id='word_1_953' title='bbox 2931 5717 3093 5778; x_wconf 82' lang='lat' dir='ltr'><strong>atque</strong></span> <span class='ocrx_word' id='word_1_954' title='bbox 3117 5721 3393 5777; x_wconf 83' lang='lat' dir='ltr'><strong>respuere,</strong></span> <span class='ocrx_word' id='word_1_955' title='bbox 3419 5707 3464 5762; x_wconf 90' lang='lat' dir='ltr'><strong>si</strong></span> <span class='ocrx_word' id='word_1_956' title='bbox 3493 5704 3632 5760; x_wconf 79' lang='lat' dir='ltr'><strong>forte</strong></span> <span class='ocrx_word' id='word_1_957' title='bbox 3658 5705 3733 5759; x_wconf 89' lang='lat' dir='ltr'><strong>in-</strong></span> 
     </span>
    </p>
   </div>
   <div class='ocr_carea' id='block_1_120' title="bbox 2153 5797 3736 5872">
    <p class='ocr_par' dir='ltr' id='par_1_120' title="bbox 2153 5797 3736 5872">
     <span class='ocr_line' id='line_1_120' title="bbox 2153 5797 3736 5872; baseline -0.005 -15"><span class='ocrx_word' id='word_1_958' title='bbox 2153 5802 2460 5857; x_wconf 84' lang='lat' dir='ltr'><strong>venerimus</strong></span> <span class='ocrx_word' id='word_1_959' title='bbox 2487 5801 2629 5872; x_wconf 90' lang='lat' dir='ltr'><strong>quod</strong></span> <span class='ocrx_word' id='word_1_960' title='bbox 2658 5801 2813 5856; x_wconf 86' lang='lat' dir='ltr'><strong>aliter</strong></span> <span class='ocrx_word' id='word_1_961' title='bbox 2835 5801 3102 5856; x_wconf 87' lang='lat' dir='ltr'><strong>senserint</strong></span> <span class='ocrx_word' id='word_1_962' title='bbox 3128 5813 3287 5870; x_wconf 83' lang='lat' dir='ltr'><strong>quam</strong></span> <span class='ocrx_word' id='word_1_963' title='bbox 3315 5798 3515 5853; x_wconf 85' lang='lat' dir='ltr'><strong>veritas</strong></span> <span class='ocrx_word' id='word_1_964' title='bbox 3555 5797 3736 5863; x_wconf 87' lang='lat' dir='ltr'><strong>habet,</strong></span> 
     </span>
    </p>
   </div>
   <div class='ocr_carea' id='block_1_121' title="bbox 2155 5888 3740 5964">
    <p class='ocr_par' dir='ltr' id='par_1_121' title="bbox 2155 5888 3740 5964">
     <span class='ocr_line' id='line_1_121' title="bbox 2155 5888 3740 5964; baseline -0.005 -15"><span class='ocrx_word' id='word_1_965' title='bbox 2155 5891 2336 5950; x_wconf 87' lang='lat' dir='ltr'><strong>divino</strong></span> <span class='ocrx_word' id='word_1_966' title='bbox 2383 5891 2644 5964; x_wconf 89' lang='lat' dir='ltr'><strong>adiutorio</strong></span> <span class='ocrx_word' id='word_1_967' title='bbox 2683 5891 2767 5948; x_wconf 87' lang='lat' dir='ltr'><strong>vel</strong></span> <span class='ocrx_word' id='word_1_968' title='bbox 2807 5891 2874 5946; x_wconf 91' lang='lat' dir='ltr'><strong>ab</strong></span> <span class='ocrx_word' id='word_1_969' title='bbox 2916 5890 3035 5946; x_wconf 90' lang='lat' dir='ltr'><strong>aliis</strong></span> <span class='ocrx_word' id='word_1_970' title='bbox 3081 5889 3386 5957; x_wconf 80' lang='lat' dir='ltr'><strong>intellecta,</strong></span> <span class='ocrx_word' id='word_1_971' title='bbox 3439 5888 3524 5945; x_wconf 83' lang='lat' dir='ltr'><strong>vel</strong></span> <span class='ocrx_word' id='word_1_972' title='bbox 3565 5902 3596 5942; x_wconf 87' lang='lat' dir='ltr'><strong>a</strong></span> <span class='ocrx_word' id='word_1_973' title='bbox 3636 5901 3740 5942; x_wconf 88' lang='grc'><strong>110-</strong></span> 
     </span>
    </p>
   </div>
  </div>
