4112 6346
360 434 459 492 ceri

360 644 719 699 intellectores
759 658 1021 696 meorum.
1080 642 1313 711 Denique
1350 642 1398 696 in
1442 644 1504 697 iis
1545 644 1935 714 omnibusth

359 740 421 794 de
452 736 723 807 opusculis
760 746 1061 791 sanctorum
1102 745 1257 804 alque
1298 735 1569 788 doctorum
1612 726 1934 789 commemo-

359 830 487 893 l‘avi,
516 827 802 889 Ambrosii,
836 826 1163 892 llieronymi,
1191 826 1483 890 Athanasii,
1514 824 1774 895 Gregorii,
1809 834 1863 880 et
1892 827 1934 879 si

356 938 453 993 qua
498 908 724 973 aliorum
776 915 898 971 talia
945 916 1118 986 legere
1166 916 1308 985 potui
1355 932 1473 987 quae
1516 931 1933 971 commemorare

355 1015 567 1083 longum
602 1011 811 1081 putavi,
856 1001 1017 1063 Deum
1056 1026 1161 1063 non
1200 1024 1317 1063 esse
1347 1000 1573 1079 corpus,
1624 1024 1721 1063 nec
1752 1008 1933 1063 formai

356 1105 598 1157 humanm
630 1088 824 1155 habere
854 1092 1089 1153 membra
1110 1141 1124 1164 ,
1167 1113 1263 1153 nec
1289 1112 1409 1153 eum
1439 1115 1554 1154 esse
1585 1115 1673 1168 per
1695 1086 1930 1153 lociirum

353 1200 513 1265 spatia
547 1186 901 1259 divisibilem,
948 1200 1001 1246 et
1038 1207 1156 1247 esse
1197 1200 1380 1246 natura
1427 1193 1931 1247 ineonnnutabiliter

358 1286 697 1352 imisibilem,
729 1299 823 1337 nec
854 1299 947 1352 per
974 1282 1213 1335 canalem
1247 1292 1485 1335 naturam
1508 1292 1663 1351 atque
1688 1282 1932 1357 substan—

355 1381 511 1442 tiam,
556 1375 648 1429 sed
678 1384 945 1447 assumpta
984 1370 1174 1427 visibili
1205 1374 1381 1441 specie
1408 1372 1543 1426 sicut
1574 1371 1735 1425 voluit
1763 1388 1925 1442 appa-

350 1473 515 1523 ruisse
540 1469 604 1521 iis
631 1468 819 1536 quibus
844 1458 1107 1535 apparuit,
1135 1463 1345 1534 quando
1369 1479 1463 1532 per
1490 1463 1727 1532 corporis
1748 1464 1929 1516 oculos

350 1565 395 1616 ῐιι
434 1562 724 1629 Sin-ipturis
761 1558 957 1615 sanctis
996 1558 1138 1610 visus
1168 1570 1286 1611 esse
1329 1564 1604 1620 narratur,
1638 1555 1686 1608 in
1718 1553 1926 1619 adjuto-

348 1658 425 1709 ria
456 1651 663 1707 Domini
704 1654 1015 1706 inconcusse
1042 1648 1204 1704 credo
1227 1689 1242 1714 ,
1274 1654 1325 1701 et
1351 1655 1604 1717 quantum
1630 1646 1740 1715 ipse
1768 1644 1928 1701 dena‘t

345 1738 597 1815 intelligo.

414 1835 638 1891 (I.ti’UT
666 1831 913 1887 V.—l(i.
936 1831 1010 1887 De
1036 1829 1290 1902 spirituaii
1319 1837 1493 1883 autem
1517 1842 1760 1899 corpore,
1788 1824 1925 1896 quod

343 1933 393 1983 in
420 1928 806 1983 resurrectione
833 1923 1162 1985 habebimus,
1186 1928 1432 1990 quautam
1460 1920 1631 1989 capiat
1661 1919 1709 1972 in
1740 1918 1926 1971 melius

340 2021 809 2077 commutationem
845 2036 858 2075 :
892 2028 1063 2071 utrum
1097 2014 1147 2069 in
1176 2013 1565 2083 simplicitatem
1597 2011 1812 2079 Spiritus
1842 2026 1927 2064 ec-

338 2114 463 2181 dat,
498 2123 553 2167 ut
592 2122 731 2166 totus
776 2106 934 2163 homo
971 2108 1073 2178 jam
1117 2106 1331 2177 spiritus
1360 2106 1459 2167 sit;
1491 2121 1554 2157 an
1588 2104 1726 2173 quod
1762 2103 1928 2171 magis

341 2194 486 2277 puto,
511 2198 603 2257 sed
632 2200 863 2256 nondum
894 2194 1045 2269 plena
1076 2197 1261 2251 fiducia
1290 2196 1567 2259 confirmo,
1598 2196 1666 2248 ita
1696 2194 1923 2248 futurum

337 2298 407 2349 sit
436 2293 710 2366 spiritua’le
736 2308 947 2367 corpus,
982 2296 1038 2343 ut
1064 2298 1277 2358 prepter
1306 2286 1619 2340 ineﬂhbilcm
1646 2283 1925 2355 quamdam

337 2376 647 2442 facilitatem
692 2372 963 2455 spirituale
1004 2382 1238 2445 dicatur,
1269 2385 1443 2434 servet
1474 2388 1646 2433 tamen
1677 2378 1925 2432 substan-

338 2466 465 2533 tiam
500 2474 831 2547 corporalem
851 2517 864 2541 ,
896 2488 1014 2544 qua:
1047 2487 1137 2541 per
1167 2472 1397 2541 Seipsatti
1436 2470 1612 2523 vivere
1642 2484 1702 2523 ac
1731 2462 1926 2523 St-ntire

337 2566 443 2625 nou
488 2568 691 2639 possit,
735 2566 827 2620 sed
876 2580 968 2634 per
1010 2563 1155 2616 illum
1201 2562 1289 2635 qui
1336 2577 1395 2615 ea
1442 2561 1603 2613 utitur
1646 2560 1922 2628 spiritum;

337 2658 511 2730 neque
541 2652 684 2713 enim
728 2668 780 2711 et
820 2660 991 2720 nunc,
1041 2654 1161 2725 quia
1205 2669 1394 2722 corpus
1441 2652 1632 2706 dicitur
1674 2651 1922 2717 animale,

338 2754 525 2810 eadem
572 2762 652 2807 est
689 2742 876 2804 anima:
912 2730 1095 2803 naiura
1126 2760 1241 2817 Quae
1268 2746 1507 2815 corporis
1541 2760 1554 2800 ε
1584 2751 1637 2799 et
1680 2752 1850 2798 utrum
1882 2744 1925 2797 si

338 2847 613 2918 corporis,
660 2836 899 2923 quamvis
926 2842 1032 2910 jam
1076 2837 1385 2893 immortalis
1420 2845 1577 2906 atque
1608 2836 1925 2903 incorrupti-

338 2939 479 3004 biiis,
510 2947 695 2991 natura
724 2930 1041 2995 servabitur,
1072 2930 1281 3001 adjuvet
1311 2937 1434 2983 tunc
1465 2928 1657 2997 aliquid
1688 2924 1924 2996 Spiritum

338 3034 403 3086 ad
449 3030 734 3085 videndum
783 3028 894 3103 ipsa
942 3025 1200 3091 visibilia,
1245 3020 1295 3078 id
1326 3029 1407 3077 est
1435 3022 1754 3092 corporalia,
1793 3022 1925 3074 sicut

338 3120 477 3179 nunc
518 3123 618 3177 tale
648 3106 844 3190 aliquid
888 3104 990 3173 nisi
1026 3116 1121 3187 per
1165 3129 1356 3185 corpus
1395 3114 1573 3167 videre
1604 3128 1705 3166 non
1737 3124 1922 3181 possu-

338 3234 493 3282 ntus;
526 3233 591 3272 an
622 3210 747 3270 vero
772 3214 932 3269 etiam
967 3216 1087 3267 tunc
1114 3210 1226 3265 sine
1255 3206 1451 3280 organo
1490 3204 1727 3276 cerporis
1758 3207 1923 3259 valeat

337 3313 555 3382 spiritus
587 3286 766 3364 ὲ]ὸεὶρὶ-
798 3300 953 3361 nosse
978 3300 1272 3376 eorpOralia
1317 3303 1509 3374 (neque
1539 3302 1676 3354 enim
1709 3309 1754 3354 et
1791 3296 1925 3353 Deus

340 3392 470 3459 talia
498 3388 588 3474 per
617 3396 802 3456 sensus
832 3388 1068 3471 corporis
1098 3394 1301 3465 novit);
1332 3401 1383 3447 et
1414 3393 1573 3447 uiuita
1604 3392 1700 3443 alia
1730 3406 1845 3455 qum.
1875 3386 1923 3442 iit

340 3494 447 3550 hac
486 3480 773 3564 quastione
811 3478 1025 3544 movere
1067 3495 1322 3557 possunt,
1371 3484 1534 3537 fateor
1577 3498 1659 3536 me
1690 3481 1923 3535 nomium

334 3584 535 3639 alicubi
580 3572 797 3656 legisse,
835 3580 972 3652 quod
1006 3572 1132 3632 mihi
1159 3575 1403 3631 sufficere
1430 3572 1785 3628 existimarem
1815 3570 1926 3626 sive

335 3664 743 3733 ad‘disccndum
776 3662 886 3728 sive
915 3671 978 3726 ad
1010 3668 1326 3725 docendum.

418 3771 503 3825 i7.
551 3746 629 3824 de
672 3784 766 3839 per
811 3756 914 3821 hoc
950 3765 993 3818 si
1036 3758 1141 3818 non
1182 3762 1423 3833 di5plicet
1462 3758 1586 3814 huic
1624 3756 1769 3812 fratri
1808 3744 1920 3810 mea

343 3846 751 3931 qualiscumque
780 3856 1005 3921 cautela,
1037 3853 1245 3907 interim
1274 3860 1487 3922 propter
1507 3849 1645 3919 quod
1671 3850 1921 3918 scriptum

333 3964 449 4020 est,
485 3934 740 4019 Quoniam
770 3947 1038 4002 videbimus
1073 3962 1186 4000 eum
1214 3943 1358 3999 sicuti
1383 3951 1451 3996 est
1479 3940 1522 4012 (Ι
1550 3939 1703 3994 Joan.
1736 3956 1815 4005 tu,
1841 3939 1919 4007 2),

332 4030 595 4115 quantum
635 4034 943 4110 possumus,
982 4052 1075 4091 cor
1102 4034 1349 4090 mundum
1381 4033 1444 4087 ad
1485 4032 1626 4087 illam
1666 4032 1921 4085 visionem

332 4116 453 4207 ipso
479 4120 765 4204 adjuvante
792 4122 1170 4202 prmparemns.
1206 4124 1281 4179 De
1310 4139 1532 4192 corpore
1563 4132 1736 4176 autem
1769 4120 1923 4190 spiri~

331 4206 463 4281 iuali
519 4207 760 4301 pacatius
808 4231 861 4276 et
907 4216 1208 4289 diligentius
1258 4215 1620 4285 inquiramus,
1675 4214 1739 4265 ne
1786 4212 1923 4267 forte

329 4304 533 4389 aliquid
578 4301 782 4372 certum
820 4328 882 4368 ac
921 4300 1176 4389 liquidum
1202 4349 1218 4375 ,
1260 4308 1302 4363 si
1348 4302 1500 4361 nobis
1529 4306 1628 4360 hoc
1655 4304 1779 4359 utile
1805 4302 1922 4361 esse

336 4388 521 4473 novit,
563 4392 855 4471 secundum
886 4388 1184 4473 Scripturas
1223 4415 1345 4454 suas
1384 4398 1521 4453 Deus
1558 4396 1803 4467 dignetur
1830 4396 1920 4451 de-

344 4486 673 4556 monstrare.
719 4482 773 4551 Si
801 4490 941 4550 enim
981 4494 1082 4549 hoc
1114 4490 1370 4546 invenerit
1398 4487 1666 4558 inquisitio
1696 4488 1920 4558 diligen—

336 4582 443 4647 tior
462 4635 475 4657 ,
512 4578 714 4646 tantam
742 4580 979 4658 eorpmis
1009 4586 1231 4639 futuram
1259 4581 1638 4649 mutationem,
1668 4590 1727 4635 ut
1756 4580 1923 4650 possit

335 4684 522 4751 videre
551 4664 831 4735 invisibilia
904 4664 1008 4732 non
1030 4719 1042 4741 ,
1076 4683 1132 4730 ut
1159 4674 1365 4745 opinor,
1396 4672 1517 4728 talis
1545 4672 1777 4743 potentia
1799 4676 1921 4757 cor-

332 4763 481 4847 poris
505 4752 673 4828 monii
701 4758 902 4847 :inferet
931 4760 1210 4834 visionem,
1239 4764 1543 4820 utexterior
1564 4762 1724 4818 homo
1743 4752 1922 4817 videre

336 4842 508 4921 Deum
539 4850 667 4917 tunc
699 4842 885 4933 possii,
915 4846 1018 4914 non
1050 4857 1215 4929 possit
1243 4855 1464 4910 interior
1495 4872 1508 4910 :
1539 4852 1687 4924 quasi
1716 4854 1919 4907 tantum

334 4950 463 5011 foris
492 4938 561 5011 Sit
588 4940 726 5009 Deus
749 4936 811 5005 ad
836 4934 1126 5016 hominem,
1155 4956 1209 5003 et
1236 4945 1375 5002 intus
1394 4958 1497 4999 non
1518 4944 1585 4998 sit
1610 4944 1661 4998 in
1686 4938 1915 5007 homine,

333 5038 454 5103 cum
496 5038 832 5129 apertissime
870 5042 1120 5110 scriptum
1163 5037 1262 5102 sit,
1308 5046 1359 5090 ut
1398 5032 1461 5091 sn
1494 5034 1626 5089 Deus
1662 5037 1827 5089 onim'a
1869 5036 1922 5088 in

335 5138 568 5193 omnibus
600 5124 641 5207 (l
668 5135 783 5187 (for.
811 5136 879 5189 ἰν
901 5174 915 5200 ,
945 5131 1072 5203 28);
1100 5138 1190 5183 aut
1218 5130 1285 5182 ita
1318 5126 1385 5183 sit
1414 5126 1556 5182 intus
1582 5126 1668 5181 ille
1693 5126 1779 5197 qui
1806 5124 1922 5182 sine

335 5231 459 5286 ullis
496 5216 735 5284 locorum
760 5225 943 5297 Spatiis
969 5223 1163 5292 ubique
1195 5224 1333 5277 totus
1360 5229 1460 5284 est,
1494 5227 1548 5273 ιιι
1569 5218 1696 5272 foris
1719 5225 1920 5272 tantum

333 5321 502 5375 videri
527 5320 595 5375 ab
622 5302 878 5374 eiieiiori
909 5314 1123 5370 homine
1151 5312 1349 5383 possit,
1382 5306 1524 5365 intus
1546 5319 1720 5364 autem
1743 5309 1809 5363 ab
1838 5310 1921 5363 in-

336 5412 521 5467 teriori
565 5426 671 5465 non
708 5402 893 5481 possit.
940 5406 1067 5475 Qua:
1098 5405 1142 5459 si
1171 5401 1547 5457 absurdissime
1584 5401 1922 5456 sentiuntur:

336 5505 508 5574 magis
548 5503 692 5557 enim
725 5488 892 5555 sancti
924 5496 1063 5567 pleni
1100 5502 1256 5551 erunt
1284 5494 1430 5560 Deo;
1477 5502 1579 5546 non
1621 5491 1804 5546 inanes
1838 5491 1921 5546 in-

334 5597 608 5651 trinsecus
658 5592 725 5645 ah
768 5590 859 5646 illo
904 5586 1376 5644 circumdabuntur
1417 5582 1777 5645 extrinsecus;
1826 5596 1924 5635 nec

335 5688 462 5746 Caesi
492 5683 815 5742 intrinseCUs
839 5692 962 5738 eum
992 5676 1101 5753 quo
1125 5677 1267 5751 pleni
1297 5683 1482 5742 erunt,
1519 5688 1623 5728 non
1649 5671 1921 5741 videbunt,

336 5787 394 5838 et
415 5780 621 5836 tantum
650 5772 941 5833 forinseCus‘
960 5766 1154 5829 oculati
1178 5787 1297 5827 eum
1315 5785 1418 5840 quo
1436 5766 1924 5835 circumdabuntur,

336 5872 597 5931 videbunt
627 5888 644 5928 :
672 5876 839 5930 restat
860 5878 919 5926 ut
942 5869 1156 5928 interim
1184 5868 1255 5927 de
1272 5867 1480 5926 visione
1506 5866 1600 5924 Dei
1626 5864 1919 5924 secundum

1545 439 2016 496 EPISTOLARUM
2055 442 2322 502 (ξωδδιδ
2362 446 2445 503 ill.

360 553 456 609 bis.
490 544 635 604 Talis
659 548 754 620 ego
780 546 894 603 sum
930 544 979 603 in
1005 549 1212 621 scriptis
1239 552 1457 605 aliorum
1484 569 1495 615 ;
1524 552 1652 606 tales
1674 554 1792 607 volo
1818 569 1936 609 esse
1982 604 1985 609 .

3513 459 3616 515 630

2040 556 2345 614 interiorem
2370 548 2633 617 hominem
2662 562 2938 621 certissimi
2961 554 3145 624 simus.
3176 567 3229 623 Si
3252 566 3424 624 autem
3449 558 3607 626 etiam

2041 667 2232 727 corpus
2264 653 2392 708 mira
2424 658 2837 713 cummutatione
2871 658 2972 714 hoc
3005 660 3259 730 valuerit,
3286 652 3425 715 aliud
3454 678 3613 717 acce-

2041 741 2157 808 det,
2197 759 2300 798 non
2330 744 2451 799 illud
2480 747 2746 803 abscedet.

2111 833 2197 887 18.
2228 833 2414 890 Melius
2444 851 2569 905 ergo
2599 830 2723 893 illud
2748 838 3073 897 amt-alamus
3104 842 3240 898 unde
3271 844 3487 900 minime
3515 844 3617 901 du-

2039 922 2285 1005 bitamus,
2315 926 2454 995 quod
2482 929 2640 983 homo
2671 931 2893 986 interior
2908 924 3105 989 videbit
3126 936 3310 1003 Deum,
3340 938 3425 1006 qui
3452 938 3611 992 modo

2036 1014 2179 1069 solus
2210 1014 2381 1086 potest
2410 1014 2587 1074 videre
2616 1022 2924 1076 charitatem
2947 1067 2960 1090 ,
3005 1040 3120 1093 (pne
3147 1016 3269 1080 cum
3310 1026 3612 1082 laudaretur

2038 1096 2241 1160 dictum
2272 1115 2349 1161 est
2369 1150 2383 1173 ,
2428 1107 2563 1165 Dens
2591 1110 2806 1167 charitas
2839 1106 2910 1168 est
2950 1112 3006 1187 (l
3028 1114 3185 1170 Joa‘n.
3213 1130 3264 1172 tv
3284 1159 3299 1184 ,
3327 1117 3397 1189 8)‘
3424 1136 3436 1171 :
3466 1120 3610 1173 solus

2036 1190 2209 1266 potest
2252 1199 2429 1255 videre
2466 1215 2652 1270 pacem
2694 1212 2746 1257 et
2793 1206 3299 1270 sanetiﬁcationem,
3346 1208 3461 1264 sine
3506 1226 3607 1280 qua

2036 1302 2191 1343 nemo
2218 1299 2388 1358 potest
2414 1291 2592 1347 videre
2612 1294 2772 1347 Deum
2793 1292 2972 1367 (Hebr.
2996 1313 3091 1363 xu,
3125 1298 3236 1369 Η).
3266 1296 3446 1370 Neque
3468 1304 3606 1356 enim

2034 1378 2343 1434 charitatem
2365 1424 2379 1446 ,
2410 1396 2590 1451 pacem
2612 1427 2625 1449 ,
2669 1384 3165 1453 sanetiiicatitmem,
3209 1395 3264 1444 et
3292 1391 3335 1443 si
3363 1407 3460 1459 qua
3492 1406 3611 1445 sunt

2033 1467 2219 1523 Similia
2241 1512 2256 1537 ,
2286 1471 2427 1525 videt
2457 1473 2613 1527 modo
2644 1473 2779 1528 ullus
2809 1478 2990 1531 oculus
3032 1480 3231 1543 carnis;
3273 1494 3389 1549 quae
3436 1488 3609 1535 tamen

2032 1563 2207 1615 omnia
2248 1558 2355 1631 jam
2409 1558 2583 1630 videt,
2628 1575 2877 1635 quantum
2928 1578 3128 1641 potest,
3175 1572 3367 1626 mentis
3405 1574 3607 1639 oculus,

2034 1658 2182 1704 tanto
2208 1654 2388 1721 purius
2413 1663 2606 1723 quanto
2628 1658 2812 1726 purior
2842 1675 2853 1710 :
2879 1666 2937 1712 ut
2962 1660 3077 1714 sine
3105 1658 3428 1717 dubitatiOne
3448 1664 3609 1718 Deum

2033 1755 2132 1795 nos
2160 1740 2367 1799 visuros
2388 1760 2504 1800 esse
2533 1747 2832 1814 credamus,
2859 1752 2969 1804 sive
2996 1750 3343 1819 inveniamus,
3373 1754 3483 1808 sive
3507 1770 3608 1809 non
3700 1730 3707 1741 )

2031 1832 2360 1887 inveniamus
2390 1834 2527 1905 quod
2558 1836 2624 1893 de
2656 1838 2905 1907 qualitate
2947 1838 3109 1895 futuri
3151 1843 3390 1913 corporis
3415 1846 3607 1914 qumri-

2031 1929 2178 1989 mus;
2218 1926 2335 1979 eum
2367 1936 2537 1982 tamen
2563 1944 2756 1999 corpus
2780 1938 3203 1989 resurreCturum
3231 1946 3283 1990 et
3313 1937 3610 1994 immortale

2031 2004 2187 2085 atque
2214 2016 2605 2090 incorruptibile
2628 2021 2854 2077 futUrum
2873 2028 2976 2077 non
2995 2025 3342 2096 ambigamus,
3359 2032 3605 2099 quoniam

2031 2106 2155 2163 hinc
2193 2114 2492 2165 sanctarum
2518 2112 2907 2183 Scripturarum
2937 2117 3225 2172 sententias
3249 2118 3608 2188 apertissimas

2032 2198 2470 2271 ilrmissimaS‘que
2501 2204 2808 2259 retinemus.
2856 2206 2912 2259 Si
2942 2202 3117 2262 autem
3144 2208 3244 2262 iste
3281 2208 3446 2263 frater
3464 2211 3605 2278 quod

2030 2289 2097 2343 de
2124 2290 2377 2359 spiritu‘ali
2405 2308 2630 2363 corpore
2661 2294 2835 2350 adhuc
2866 2298 3112 2366 requiro,
3147 2297 3257 2368 jam
3288 2300 3388 2353 sibi
3430 2300 3603 2353 firmat

2030 2394 2148 2438 esse
2176 2378 2547 2453 certissimum,
2582 2389 2680 2442 nisi
2710 2389 2942 2458 placidus
2968 2392 3183 2446 audiero
3209 2393 3506 2457 docentem,
3538 2397 3606 2449 ita

2032 2481 2087 2529 tit
2116 2476 2200 2530 ille
2223 2472 2432 2548 queque
2450 2480 2683 2549 placidus
2703 2496 2786 2535 tne
2802 2483 2979 2536 audiat
3002 2484 3374 2552 inquirentem,
3397 2487 3608 2539 habebit.

2030 2568 2171 2623 unde
2218 2568 2335 2639 jure
2382 2583 2713 2628 succenseat.
2771 2573 2919 2629 Nunc
2969 2584 3143 2630 tamen
3193 2593 3288 2647 per
3338 2580 3605 2632 Christum

2031 2658 2252 2715 ObseCro
2284 2670 2338 2715 ut
2365 2663 2430 2717 de
2462 2663 2549 2717 illa
2578 2666 2861 2733 asperitate
2886 2667 3176 2720 litterarum
3207 2682 3473 2733 mearum,
3505 2683 3606 2740 qua

2030 2756 2149 2805 cum
2180 2769 2279 2805 non
2309 2754 2572 2809 immerito
2598 2755 2855 2811 oll'eusum
2888 2758 3005 2812 esse
3030 2758 3214 2825 didici,
3246 2762 3449 2813 veniam
3480 2760 3604 2813 mihi

2030 2842 2096 2895 ab
2124 2843 2213 2897 illo
2243 2844 2494 2915 impetres
2515 2888 2528 2912 ,
2558 2854 2610 2901 et
2640 2862 2724 2902 me
2760 2849 3033 2918 rescriptis
3070 2850 3292 2903 Demitto
3323 2851 3605 2919 adjuvaute

2030 2932 2286 2989 lattiflces.

2448 3030 2771 3104 sptsroui
2815 3044 3020 3105 exth
3041 3053 3060 3074 α
3090 3046 3186 3124 (ιι).

2030 3154 2315 3223 Respondet
2344 3156 2412 3210 ad
2447 3146 2742 3227 quwstiOnes
2768 3176 2827 3214 ea:
2856 3157 3077 3215 Psalmis
3098 3201 3113 3225 ,
3160 3178 3222 3216 ex
3257 3161 3516 3231 Apostolo,
3557 3174 3604 3221 et

2100 3263 2162 3299 ex
2185 3247 2457 3318 Evangelia
2484 3250 2767 3322 propositas
2794 3270 2824 3305 a
2853 3238 3072 3306 Paulino
3094 3244 3323 3323 superius
3348 3296 3361 3322 ,
3390 3255 3443 3309 in
3494 3257 3603 3329 epi-

2099 3340 2225 3393 stola
2254 3344 2518 3396 centesima
2544 3345 2771 3397 vicesima
2799 3346 2983 3414 prima.

2030 3420 2342 3511 Beatissimo
2370 3445 2422 3487 et
2455 3436 2825 3490 venerabiliter
2849 3436 3181 3491 desiderabili
3204 3446 3257 3491 et
3280 3438 3604 3493 desidet-abi.

2102 3524 2219 3577 liter
2246 3526 2557 3594 venerabili,
2585 3536 2769 3582 sancto
2799 3539 3086 3600 sancteque
3113 3520 3425 3585 charissimo
3458 3532 3605 3588 fratri

2099 3623 2151 3668 et
2202 3606 2515 3687 coepiscopo
2538 3660 2554 3685 ,
2600 3602 2869 3687 Pauttao,
2901 3614 3267 3689 Aususruvus,
3300 3622 3350 3676 in
3382 3622 3606 3679 Domino

2098 3706 2342 3763 salutem.

2099 3817 2321 3875 CAPUT
2350 3819 2631 3877 PRIMUM.
2657 3852 2729 3863 —-
2761 3823 2811 3877 1.
2839 3822 2989 3891 Quod
3028 3826 3095 3880 de
3130 3828 3472 3896 perventione
3498 3836 3604 3884 tam

2029 3924 2281 3978 pmSpcra
2312 3910 2489 3966 fratris
2508 3922 2564 3968 et
2581 3902 3005 3987 compreshytcri
3027 3917 3191 3971 nostri
3213 3918 3415 3985 Quinti,
3443 3930 3495 3974 et
3517 3920 3606 3989 qui

2028 4013 2147 4052 cum
2177 4015 2241 4053 eo
2271 4001 2679 4071 navigaverunt,
2711 4004 2817 4060 cito
2851 4021 2948 4059 nos
2992 4007 3245 4061 Dominus
3270 4010 3603 4077 exhilaravit,

2029 4094 2393 4148 nuntiantibus
2430 4096 2621 4150 litteris
2663 4096 2966 4152 Sanctitatis
2998 4108 3119 4163 tum,
3144 4101 3338 4170 gratias
3364 4117 3526 4171 agens
3555 4104 3603 4156 ei

2026 4186 2115 4255 qui
2135 4197 2337 4240 rvereat
2362 4186 2614 4255 afﬂictos,
2635 4197 2688 4242 et
2712 4188 2940 4243 humiles
2965 4191 3286 4254 consolatur,
3317 4192 3605 4247 sinceritati

2027 4276 2203 4331 cordis
2226 4277 2330 4343 tui,
2372 4279 2653 4334 occasione
2682 4278 2776 4335 (liii
2801 4288 2854 4334 et
2876 4279 3187 4335 condiaconi
3211 4282 3373 4339 nostri
3390 4282 3601 4353 .Rnl‘iini

2026 4381 2145 4436 quze
2171 4366 2411 4435 proxima
2441 4369 2704 4435 occurrit,
2747 4385 2884 4426 nunc
2928 4370 3179 4441 rescripta
3219 4373 3463 4445 persolvo
3497 4390 3509 4427 :
3537 4374 3602 4429 de

2027 4457 2205 4513 littore
2248 4474 2474 4531 namque
2504 4459 2824 4530 llipponensi
2856 4447 3120 4532 profectus
3149 4472 3246 4534 est.
3280 4464 3342 4533 Et
3366 4466 3601 4534 approbo

2027 4551 2403 4607 misericordiae
2433 4553 2710 4607 consilium
2735 4554 2877 4625 quod
2905 4555 2996 4609 tibi
3018 4556 3271 4610 Dominus
3303 4557 3595 4625 inspiravit,

2025 4643 2262 4713 mihique
2308 4642 2577 4700 insinuare
2622 4646 2865 4715 dignatus
2906 4660 2985 4701 es.
3018 4633 3134 4715 fpse
3164 4655 3215 4702 et
3243 4650 3341 4700 hoc
3366 4647 3598 4717 adjuvet,

2027 4735 2141 4805 ipse
2180 4744 2486 4805 prosperet,
2532 4736 2619 4807 qui
2657 4737 2766 4806 jam
2800 4753 2978 4792 curam
3026 4749 3259 4811 nostram
3302 4754 3365 4792 ex
3414 4736 3604 4815 magna

2028 4835 2177 4899 parte
2206 4828 2410 4893 lenivit,
2439 4828 2559 4898 quia
2584 4836 2859 4898 pervectus
2879 4816 2930 4885 et
2951 4829 3347 4884 commendatus
3372 4839 3452 4884 est
3478 4828 3604 4883 cha-

2026 4920 2267 4974 tissimus
2295 4918 2477 4987 homo,
2522 4935 2626 4974 non
2653 4920 2823 4975 solum
2852 4920 3002 4975 bonis
3023 4921 3291 4992 operibus,
3320 4919 3413 4974 sed
3441 4920 3600 4975 etiam

2026 5012 2222 5067 sanctis
2248 5011 2574 5068 orationibus
2598 5012 2724 5068 tuis.
3170 5082 3178 5097 η
3206 5078 3213 5085 υ

2096 5106 2150 5159 ἓ.
2193 5105 2402 5160 Litterae
2428 5118 2556 5179 sane
2579 5104 2945 5179 venerationis
2972 5113 3098 5173 tum,
3127 5105 3214 5161 ubi
3257 5105 3419 5179 multa
3450 5121 3598 5177 quae—

2027 5197 2184 5263 siisti,
2216 5206 2269 5251 et
2291 5194 2573 5268 qumrcnda
2595 5196 2939 5267 admonuisti,
2958 5208 3012 5254 et
3036 5198 3321 5269 quaerendo
3350 5197 3598 5264 docuisti,

2026 5286 2092 5341 ad
2135 5303 2217 5342 me
2248 5295 2617 5357 pervenerunt.
2632 5285 2747 5363 Sed
2771 5304 2902 5360 quas
2928 5289 3041 5359 ipse
3069 5289 3321 5363 continuo
3351 5289 3598 5361 rescripsi

2027 5394 2125 5450 per
2154 5376 2395 5434 homines
2424 5380 2731 5434 eorumdem
2787 5389 3088 5455 sanctorum
3141 5378 3449 5435 solatiorum
3497 5395 3598 5433 no-

2029 5479 2291 5536 atrorum,
2318 5469 2454 5525 sicut
2493 5469 2576 5525 his
2628 5471 2730 5525 tuis
2756 5471 3141 5526 recentioribus
3184 5470 3452 5542 comperi,
3494 5486 3602 5527 non

2028 5602 3311 5778 ἒγξξξιῗοέθῇῗδὲιίῗεξυῗδαιῗδεδὲ’ςῗέιᾶαῗαῆέτὶῖἓ

2092 5764 2104 5777 .
2129 5742 2240 5778 ων.

2033 5808 3614 5930 μέαέηἪωςςηιωθωίωωηωωεα-ἱμιτωθ·
