4112 6346
501 411 601 470 651

502 537 631 588 sunt
677 525 900 584 redditas
921 519 1259 580 Venerationi
1304 527 1428 575 tuae.
1475 515 1533 572 ln
1583 514 1775 587 quibus
1823 510 2036 584 quidem
2063 551 2080 580 ,

504 631 763 695 quatenus
789 617 857 674 ad
885 617 1205 688 interrogata
1251 609 1637 683 responderim,
1685 606 1921 663 recolere
1971 617 2078 660 non

503 713 678 780 valui;
723 725 822 767 nec
862 723 1044 765 earum
1085 704 1386 777 exemplum
1415 717 1536 758 cum
1560 699 1918 772 requisiissem
1943 739 1960 765 ,
1990 695 2085 752 ubi

504 809 610 865 hoc
634 821 844 879 possem
870 815 1270 874 recognoscere,
1298 796 1496 854 inveni.
1525 794 1604 850 Ad
1631 792 1876 849 nonnulla
1905 799 2083 846 tamen

507 918 594 959 me
631 898 969 971 respondisse
993 905 1171 951 certus
1211 892 1428 948 omnino
1467 905 1584 946 sum
1609 930 1626 954 ,
1657 897 1711 944 et
1736 887 1858 942 ideo
1883 899 1987 940 non
2014 883 2081 939 ad

506 993 706 1057 omnia,
733 991 854 1062 quia
877 996 935 1044 ut
957 987 1062 1043 cito
1087 985 1315 1050 ﬁnirem,
1338 981 1604 1039 festinatio
1626 977 1905 1050 perlatoris
1929 990 2085 1046 urge-

506 1087 613 1142 bat.
647 1083 815 1141 Simul
853 1081 1014 1138 etiam
1061 1079 1344 1144 miseram,
1391 1074 1819 1144 sicutjusseras,
1852 1078 1906 1125 et
1945 1067 2084 1123 illius

507 1176 746 1248 epistolae
771 1171 1094 1244 exemplum,
1118 1184 1274 1242 quam
1302 1176 1403 1223 tua}
1418 1164 1675 1222 Charitati
1697 1161 1834 1234 apud
1859 1158 2084 1216 Cartha-

506 1268 680 1340 ginem
703 1267 769 1321 de
789 1279 1072 1335 corporum
1100 1261 1486 1318 resurrectione
1513 1258 1890 1325 rescripseram
1925 1254 1964 1318 ¹,
1993 1253 2085 1308 ubi

507 1360 575 1416 de
602 1374 698 1414 usu
729 1358 1089 1413 membrorum
1113 1363 1296 1410 exorta
1343 1359 1458 1406 erat
1494 1349 1735 1420 quarstio.
1781 1345 1932 1401 Nunc
1956 1359 2084 1414 ergo

511 1461 562 1507 et
591 1451 693 1506 hoc
714 1451 853 1517 misi,
883 1459 935 1504 et
963 1449 1188 1502 alterum
1215 1444 1432 1499 alterius
1457 1485 1472 1509 ,
1523 1441 1644 1512 quia
1687 1454 1784 1494 nec
1827 1439 1994 1508 ipsam
2031 1435 2084 1491 in

509 1561 697 1599 manus
725 1555 839 1600 tuas
867 1539 1168 1612 pervenisse
1197 1535 1419 1605 conieci,
1452 1549 1517 1589 eo
1543 1531 1683 1604 quod
1705 1531 1898 1586 iterum
1923 1528 2084 1582 inter-

508 1638 706 1709 rogasti
747 1635 987 1708 qumdam
1030 1646 1146 1702 quae
1171 1630 1280 1701 jam
1311 1643 1397 1684 me
1422 1627 1472 1682 in
1508 1641 1570 1682 ea
1600 1623 1939 1693 respondisse
1964 1621 2085 1690 lego

511 1737 565 1784 et
616 1743 863 1799 agnosco.
911 1724 1017 1780 Sed
1044 1725 1195 1778 istam
1225 1736 1318 1791 per
1359 1734 1515 1790 quem
1549 1715 1832 1772 direxerim
1879 1712 2083 1768 nescio.

511 1824 720 1894 Scripta
768 1821 961 1891 quippe
1011 1815 1297 1872 Charitatis
1339 1821 1442 1867 tute
1467 1809 1659 1881 quibus
1686 1821 1808 1863 eam
1855 1803 2082 1869 reddidi,

515 1915 652 1970 sicut
681 1913 838 1969 etiam
863 1913 972 1981 ipsa
1005 1908 1203 1963 iudicat
1228 1908 1270 1971 ',
1298 1905 1459 1960 missa
1507 1909 1629 1956 sunt
1669 1898 1800 1954 mihi
1846 1897 1913 1952 ab
1956 1895 2087 1966 Hip-

513 2023 652 2080 pone
691 2023 719 2060 a
765 2003 982 2068 nostris,
1012 2017 1132 2056 cum
1162 2014 1334 2054 essem
1359 1995 1498 2066 apud
1527 2000 1766 2050 sanctum
1787 1989 2004 2045 fratrem
2034 1993 2090 2043 et

513 2101 884 2170 coepiscopum
916 2106 1155 2151 nostrum
1187 2091 1510 2147 Bonifacium
1559 2090 1717 2158 (nam
1747 2099 1930 2142 eorum
1963 2097 2087 2154 per-

513 2193 736 2248 latorem
786 2207 893 2244 non
918 2187 1071 2260 vidi),
1100 2195 1155 2242 et
1178 2185 1426 2241 continuo
1455 2184 1710 2252 rescripta
1740 2196 1845 2236 non
1880 2176 2082 2234 distuli.

583 2283 637 2338 5.
666 2282 799 2350 Quia
825 2297 952 2347 ergo
975 2289 1119 2344 tunc,
1151 2278 1288 2332 sicut
1321 2273 1543 2344 scripsi,
1571 2289 1675 2328 non
1707 2282 1980 2343 potueram
2007 2269 2089 2323 in-

513 2374 719 2444 Spicere
747 2371 959 2428 codices
994 2384 1199 2441 graecos
1228 2375 1444 2438 propter
1472 2363 1710 2435 quaedam
1757 2360 1945 2433 psalmi
1989 2359 2088 2414 de-

515 2467 636 2522 cimi
663 2467 820 2529 sexti,
846 2465 1049 2534 inspexi
1082 2470 1262 2533 postea
1291 2474 1422 2529 quos
1449 2458 1642 2514 inveni.
1674 2457 1738 2511 Et
1764 2471 1898 2509 unus
1917 2453 2086 2508 habe-

513 2559 638 2625 bat,
668 2556 808 2629 quod
836 2566 889 2612 et
913 2554 1060 2610 latini
1087 2553 1280 2617 nostri,
1314 2550 1556 2615 Domine,
1610 2547 1822 2618 perdens
1856 2546 1918 2600 de
1954 2554 2088 2599 terra

515 2653 777 2706 dispertire
817 2665 900 2703 eos
931 2664 949 2702 :
977 2646 1114 2702 alius
1157 2646 1294 2701 sicut
1322 2644 1434 2714 ipse
1463 2640 1714 2712 posuisti,
1748 2640 1789 2693 Α
1824 2638 1996 2707 paucis
2024 2633 2087 2690 de

536 2761 669 2798 eira.
719 2743 782 2797 Et
833 2739 963 2796 illud
1007 2738 1218 2810 quidem
1245 2747 1486 2808 apertum
1516 2733 1679 2788 habet
1701 2745 1936 2797 sensum,
1968 2745 2088 2802 per-

518 2835 639 2890 dens
665 2834 726 2888 de
745 2843 876 2888 terra
901 2846 1059 2902 quam
1083 2829 1162 2886 eis
1191 2827 1413 2894 dedisti,
1443 2824 1707 2895 dispertire
1733 2839 1814 2877 eos
1842 2822 1893 2876 in
1919 2819 2092 2892 genti-

514 2925 614 2980 bus
647 2942 660 2979 :
688 2921 827 2994 quod
868 2932 920 2976 et
965 2921 1158 2976 factum
1185 2920 1262 2974 eis
1291 2925 1404 2984 est,
1435 2931 1552 2971 cum
1583 2915 1726 2986 gravi
1758 2914 1898 2969 bello
1921 2928 2090 2984 expu-

515 3016 659 3086 gnati
687 3022 847 3084 atque
875 3012 1114 3067 subversi
1161 3019 1302 3068 sunt.
1336 3007 1466 3063 Illud
1493 3016 1670 3062 autem
1697 3006 1920 3061 alterum
1950 3017 2088 3076 quo-

515 3105 675 3162 modo
698 3103 1062 3176 accipiendum
1090 3103 1188 3168 sit,
1236 3116 1342 3156 non
1373 3099 1502 3155 mihi
1540 3098 1807 3162 occurrit;
1838 3095 1942 3151 nisi
1970 3095 2090 3164 quia

514 3199 567 3254 in
595 3198 990 3269 comparatione
1015 3196 1233 3266 perditae
1255 3192 1604 3249 multitudinis
1625 3206 1828 3253 eorum.
1854 3187 2090 3260 reliquiae

515 3291 675 3346 salva:
693 3288 845 3345 factm
864 3297 1009 3356 sunt,
1038 3289 1219 3359 utique
1239 3287 1290 3342 in
1311 3286 1489 3356 paucis
1510 3300 1539 3339 a
1559 3284 1750 3355 quibus
1765 3297 1857 3338 eos
1881 3281 2091 3351 disper-

513 3382 746 3448 tieudos,
766 3383 866 3438 hoc
887 3389 968 3436 est
983 3379 1292 3436 dividendos
1310 3387 1467 3448 atque
1483 3377 1805 3448 separandos
1815 3373 2021 3444 Scriptu
2033 3389 2090 3429 ra

512 3473 907 3546 praenuntiavit,
930 3473 1130 3536 dicens,
1161 3470 1396 3538 Domine,
1415 3487 1448 3524 a
1473 3469 1669 3541 paucis,
1700 3467 1753 3523 id
1777 3476 1879 3533 est,
1906 3481 1938 3522 a
1962 3465 2090 3521 reli-

515 3567 653 3637 quiis
679 3583 810 3638 quas
834 3582 899 3620 ex
928 3565 1013 3620 illa
1040 3575 1197 3634 gente
1216 3563 1388 3617 salvas
1416 3562 1582 3618 fecisti
1601 3603 1617 3628 ,
1646 3561 1709 3615 de
1733 3570 1866 3614 terra
1891 3559 2089 3630 disper-

518 3659 614 3712 tire
643 3674 724 3712 eos
756 3674 774 3713 :
803 3667 858 3712 ut
886 3666 1080 3711 terram
1103 3656 1457 3726 intelligamus
1486 3654 1781 3710 Ecclesium
1805 3652 2090 3706 haeredita-

518 3756 734 3819 temque
785 3747 1020 3802 ﬁdelium
1067 3758 1226 3816 atque
1272 3756 1611 3810 sanctorum,
1654 3760 1770 3814 quae
1819 3743 2011 3799 dicitur
2038 3752 2093 3800 et

521 3850 661 3896 terra
691 3839 1002 3903 viventium,
1040 3846 1093 3892 et
1117 3853 1235 3908 qua:
1259 3836 1417 3891 etiam
1448 3836 1539 3892 illo
1566 3836 1681 3890 loco
1700 3844 1844 3890 recte
1874 3835 2093 3906 intelligi

516 3938 730 4008 potest,~
759 3928 904 3984 Beati
944 3931 1118 3994 mites;
1165 3928 1403 3997 quoniam
1427 3927 1526 3998 ipsi
1552 3926 1840 3982 htereditate
1863 3927 2092 4000 posside-

518 4022 641 4076 bunt
665 4031 850 4076 terram
883 4019 1091 4093 (Matth.
1115 4035 1166 4086 v,
1199 4017 1277 4088 4).
1300 4016 1431 4073 Cum
1469 4027 1644 4072 autem
1687 4017 1884 4072 dictum
1927 4025 2090 4084 esset,

517 4115 564 4170 Α
592 4115 766 4185 paucis
791 4115 854 4168 de
879 4123 1012 4168 terra
1040 4111 1206 4165 divide
1231 4127 1316 4165 eos
1333 4152 1349 4178 ,
1395 4109 1629 4165 additum
1657 4117 1770 4176 est,
1801 4107 1855 4162 in
1883 4109 1982 4162 vita
2007 4123 2095 4162 eo-

519 4225 671 4274 rum;
725 4219 782 4263 ut
842 4209 893 4262 in
934 4206 1211 4261 manifesto
1250 4203 1482 4260 futurum
1524 4203 1927 4272 intelligeretur,
1969 4201 2094 4256 dum

513 4300 611 4356 'bic
642 4301 844 4356 vivunt.
876 4299 1202 4370 Separantur
1227 4296 1370 4352 enim
1413 4296 1561 4350 multi
1601 4295 1668 4350 ab
1696 4294 1932 4350 Ecclesia
1955 4337 1969 4361 ,
2003 4295 2096 4351 sed

523 4407 647 4448 cum
689 4391 1005 4455 moriuntur,
1037 4390 1126 4460 qui
1169 4396 1346 4443 tamen
1390 4402 1509 4442 cum
1539 4387 1756 4452 vivunt,
1790 4403 1883 4456 per
1906 4387 2096 4442 Sacra-

524 4493 823 4539 mentorum
869 4482 1298 4537 communionem
1345 4479 1664 4549 unitatisque
1698 4478 1970 4533 catholicae
2017 4479 2096 4532 vi-

528 4574 722 4630 dentur
749 4572 999 4628 Ecclesiae
1024 4570 1273 4655 cgpulati.
1315 4567 1408 4624 lsti
1432 4584 1558 4639 ergo
1586 4569 1738 4623 divisi
1763 4577 1885 4622 sunt
1910 4583 1937 4622 a
1965 4583 2099 4639 pau-

527 4666 608 4722 cis
655 4665 743 4737 qui
789 4680 856 4720 ex
902 4663 1008 4719 illis
1056 4661 1426 4726 crediderunt,
1473 4661 1542 4715 de
1590 4669 1729 4716 terra
1769 4677 1925 4731 quam
1965 4661 2102 4717 sicut

529 4773 715 4829 agrum
759 4771 912 4812 suum
955 4755 1148 4811 excolit
1175 4762 1327 4825 pater
1349 4752 1578 4824 agricola
1607 4769 1620 4806 :
1653 4751 1806 4806 divisi
1841 4761 2017 4808 autem
2046 4752 2102 4807 in

532 4851 637 4906 vita
665 4865 778 4916 sua,
807 4848 859 4904 id
901 4857 983 4903 est
1007 4845 1094 4902 hic
1139 4846 1191 4902 in
1222 4843 1522 4910 manifesto,
1553 4843 1691 4898 sicut
1714 4843 1975 4900 videmus.
1998 4843 2101 4900 Se-

533 4943 710 5015 quitur
743 4948 942 5006 autem,
982 4935 1052 4991 Et
1094 4936 1157 4992 de
1202 4935 1506 4991 absconditis
1550 4935 1650 4990 tuis
1694 4935 1998 5008 adimplelus
2027 4947 2102 4992 est

531 5045 700 5091 venter
736 5051 944 5100 eorum;
985 5031 1038 5087 id
1059 5039 1174 5096 est,
1224 5039 1418 5103 praeter
1446 5029 1547 5084 hoc
1572 5028 1711 5100 quod
1742 5029 1792 5084 in
1822 5029 2104 5087 manifesto

532 5128 686 5185 divisi
711 5135 854 5194 sunt,
873 5127 1031 5182 etiam
1048 5126 1109 5179 de
1122 5123 1428 5180 absconditis
1443 5123 1542 5178 tuis
1555 5138 1673 5194 quae
1688 5124 1738 5178 in
1759 5123 1968 5179 occulto
1995 5124 2107 5181 red-

533 5219 616 5275 dis
631 5217 966 5274 conscientia;
981 5215 1004 5248 ³
1018 5217 1299 5280 malorum,
1322 5214 1624 5285 adimpletus
1647 5220 1718 5268 est
1733 5224 1899 5269 venter
1909 5232 2107 5271 eorum:

532 5324 774 5370 ventrem
803 5311 976 5383 posuit
1001 5325 1096 5381 pro
1115 5311 1438 5365 internorum
1462 5308 1843 5380 latentiumque
1865 5310 2104 5365 secretis.

605 5406 659 5461 4.
698 5403 850 5472 Quod
878 5416 1008 5459 vero
1033 5400 1288 5471 sequitur,
1325 5400 1558 5456 Saturati
1585 5408 1701 5454 sunt
1749 5400 1957 5470 porcina
1996 5398 2105 5472 (a);

535 5501 646 5572 jam
675 5497 799 5571 quid
827 5496 957 5553 mihi
995 5511 1060 5551 ex
1081 5495 1182 5550 hoc
1208 5493 1472 5549 videretur
1494 5492 1698 5562 aperui.
1725 5491 1829 5548 Sed
1860 5491 2000 5562 quod
2021 5492 2109 5547 alii

599 5633 618 5666 ⁸
641 5639 748 5683 uss.
771 5639 975 5686 quatuor
996 5629 1143 5680 Vatia.
1167 5634 1219 5678 et
1237 5626 1395 5677 Gallic.
1419 5632 1540 5683 tres,

601 5642 1885 5751 ί
1908 5683 2112 5750 epistola

615 5755 874 5816 augustino
895 5754 1100 5804 reddita.

611 5813 631 5847 ε
648 5807 758 5864 85d.
782 5823 879 5863 Am.
905 5821 1000 5875 E12,
1023 5813 1191 5865 reddis
1211 5810 1519 5875 retributione
1541 5807 1794 5875 malorum.

603 5876 678 5942 (α)
701 5883 788 5927 Pro
809 5875 940 5939 uibn,
958 5871 1052 5928 uon
1073 5875 1257 5940 legisse
1279 5873 1470 5926 videtur
1492 5873 1577 5938 qui
1599 5873 1746 5924 vertit
1768 5871 2036 5937 porcinam.

1731 389 1788 445 S.
1829 378 2189 442 AUGUSTlNl
2231 374 2530 434 EPISCOl’l

3656 387 3764 445 653

2190 502 2403 559 codices
2443 501 2665 570 habent,
2716 509 2770 557 et
2806 500 2984 557 verius
3009 499 3208 558 habere
3239 501 3603 574 perhibentur,
3631 506 3756 576 quia

2190 595 2520 666 diligentiora
2547 593 2888 672 exemplaria,
2918 610 3012 666 per
3032 603 3282 651 accentus
3307 603 3482 652 notam
3512 596 3759 667 ejusdem

2190 690 2336 746 verbi
2363 689 2522 762 graeci
2544 688 2938 760 ambiguitatem
2979 704 3153 760 graeco
3180 689 3445 744 scribendi
3470 705 3620 746 more
3647 689 3764 745 dis-

2189 780 2436 846 solvunt,
2468 781 2744 836 obscurius
2776 786 2858 834 est
2884 778 3094 850 quidem
3115 820 3128 844 ,
3159 778 3254 834 sed
3275 780 3509 836 electiori
3538 790 3760 837 senten-

2190 873 2278 928 tiae
2303 871 2512 926 videtur
2551 871 2724 942 aptius
2747 871 3051 926 convenire.
3079 869 3211 938 Quia
3237 871 3377 926 enim
3402 871 3642 938 dixerat,
3695 871 3764 926 Et

2191 964 2253 1018 de
2276 963 2578 1018 absconditis
2601 963 2699 1017 tuis
2722 961 3025 1033 adimpletus
3051 969 3123 1016 est
3149 970 3315 1017 venter
3340 978 3533 1029 eorum,
3565 962 3763 1034 quibus

2189 1054 2368 1109 verbis
2412 1053 2615 1110 occulta
2661 1052 2753 1108 Dei
2795 1053 2992 1124 judicia
3044 1051 3333 1123 signiﬁcata
3360 1061 3520 1118 sunt;
3554 1055 3770 1110 occulte

2191 1146 2384 1217 quippe
2405 1153 2527 1201 sunt
2544 1145 2722 1200 miseri
2745 1145 2784 1211 ⁸,
2807 1144 2965 1200 etiam
2991 1144 3077 1216 qui
3103 1143 3334 1216 gaudent
3353 1145 3407 1198 in
3431 1145 3601 1208 malis,
3633 1161 3772 1216 quos

2192 1238 2405 1294 tradidit
2437 1238 2576 1294 Deus
2597 1239 2648 1292 in
2676 1238 3126 1308 concupiscentias
3145 1237 3322 1293 cordis
3349 1253 3533 1293 eorum
3577 1239 3762 1308 (Rom.

2191 1347 2230 1399 ι,
2257 1330 2350 1403 24)
2377 1347 2391 1386 :
2421 1330 2564 1386 velut
2606 1341 2931 1400 qumreretur
2969 1329 3110 1384 unde
3138 1331 3342 1400 possint
3386 1331 3632 1400 cognosci
3678 1330 3770 1399 qui

2193 1421 2248 1478 in
2277 1423 2587 1476 abscondito
2626 1422 2702 1477 ira
2731 1421 2823 1478 Dei
2863 1421 3132 1491 adimpleti
3163 1432 3306 1490 sunt,
3337 1430 3391 1478 et
3419 1422 3774 1492 respondere-

2193 1522 2277 1568 tur
2293 1512 2498 1583 quodin
2518 1511 3009 1584 Evangeliodictum
3051 1522 3151 1577 est,
3184 1512 3268 1568 Ea:
3311 1513 3556 1584 fructibus
3594 1531 3772 1568 eorum

2192 1608 2497 1678 cognoscetis
2540 1625 2624 1664 eos
2669 1606 2878 1679 (Matth.
2911 1623 2982 1662 vn
3008 1649 3022 1672 ,
3069 1604 3193 1680 16),
3242 1608 3491 1662 continuo
3543 1607 3771 1677 subjun-

2192 1705 2333 1752 ctum
2355 1708 2435 1753 est
2456 1739 2472 1764 ,
2505 1697 2734 1754 Saturati
2756 1708 2872 1753 sunt
2895 1699 3037 1768 ﬁliis,
3069 1697 3172 1753 hoc
3199 1707 3284 1753 est
3309 1698 3564 1754 fructibus
3583 1741 3599 1765 ,
3623 1699 3767 1768 quod

2191 1787 2493 1843 evidentius
2516 1789 2728 1852 dicitur,
2759 1789 3009 1860 operibus
3048 1788 3178 1842 suis.
3221 1785 3374 1844 Unde
3397 1789 3520 1844 alibi
3550 1788 3764 1858 legitur,

2193 1875 2327 1936 Ecce
2365 1880 2628 1950 parturivit
2653 1880 2975 1952 injustitiam,
3021 1880 3247 1950 concepit
3271 1877 3514 1941 dolorem,
3540 1888 3586 1933 et
3613 1897 3774 1951 pepe-

2191 1972 2258 2026 rit
2278 1969 2770 2042 iuiquitatem(Psal.
2802 1986 2895 2038 vn,
2927 1966 3015 2042 i5)
3047 1987 3062 2025 :
3089 1980 3142 2024 et
3177 1968 3332 2037 alibi,
3373 1969 3563 2023 Deinde
3583 1985 3773 2022 concu-

2194 2063 2455 2135 piscentia,
2484 2079 2597 2117 cum
2615 2063 2920 2132 conceperit,
2943 2063 3075 2132 parit
3096 2071 3350 2132 peccatum
3374 2057 3573 2134 (Jacobi
3591 2077 3627 2125 ι,
3649 2062 3765 2132 15).

2195 2157 2319 2213 Mali
2348 2171 2474 2227 ergo
2505 2157 2596 2210 ﬁlii
2622 2197 2637 2223 ,
2683 2156 2817 2210 mala
2845 2169 3027 2226 opera,
3054 2153 3245 2225 quibus
3268 2161 3679 2224 cognoscuntur,
3712 2162 3772 2207 ct.

2193 2249 2282 2320 qui
2323 2249 2390 2304 de
2428 2243 2752 2304 absconditis
2780 2248 2871 2302 Dei
2895 2247 3107 2318 judiciis
3135 2247 3358 2302 internis
3385 2246 3764 2316 cogitationum

2193 2352 2407 2394 suarum
2457 2348 2701 2410 tanquam
2739 2338 2792 2392 in
2817 2330 3056 2393 ventrem
3107 2337 3381 2408 adimpleti
3430 2346 3570 2392 sunt.
3617 2337 3770 2393 Bona

2193 2445 2386 2501 opera,
2430 2431 2552 2486 boni
2583 2429 2678 2484 ﬁlii
2728 2437 2870 2484 sunt.
2903 2427 3055 2484 Unde
3081 2428 3144 2482 ad
3172 2443 3419 2499 sponsam
3469 2427 3768 2485 Ecclesium

2193 2521 2386 2576 dicitur
2409 2538 2423 2576 :
2449 2519 2634 2575 Dentes
2659 2520 2732 2574 lui
2756 2520 2884 2574 sicut
2908 2535 3032 2590 grex
3061 2519 3382 2572 detonsarum
3409 2518 3680 2573 ascendens
3705 2519 3774 2574 de

2195 2613 2414 2680 lavucm,
2431 2629 2543 2686 qua:
2570 2630 2738 2667 omnes
2766 2613 2990 2684 geminos
3007 2620 3193 2677 creant,
3224 2620 3271 2665 et
3287 2611 3470 2666 sterilis
3499 2627 3598 2664 non
3616 2618 3688 2665 est
3713 2612 3773 2665 in

2193 2708 2296 2764 illis
2319 2705 2490 2779 (Cant.
2519 2721 2594 2772 tv,
2620 2706 2698 2776 2).
2731 2705 2789 2760 lu
2819 2720 2923 2776 quo
2947 2705 3160 2776 gemino
3188 2701 3298 2758 fetu
3339 2703 3603 2772 geminum
3629 2717 3772 2773 opus

2195 2799 2496 2856 dilectionis
2536 2798 2838 2869 agnoscitur
2858 2838 2873 2864 ,
2907 2795 3115 2851 Domini
3145 2794 3237 2850 Dei
3258 2793 3482 2858 scilicet,
3509 2802 3560 2849 et
3583 2795 3773 2863 proxi-

2194 2892 2266 2948 nti
2301 2908 2314 2946 :
2343 2891 2395 2947 in
2419 2891 2609 2962 quibus
2648 2890 2854 2946 duobus
2896 2887 3172 2960 praeceptis
3208 2894 3317 2944 tota
3345 2886 3454 2942 Lex
3482 2886 3673 2958 pendet
3713 2895 3776 2944 et

2195 2986 2474 3057 Propheta:
2505 2984 2714 3059 (Matth.
2747 2999 2884 3050 χιιι,
2905 2982 3021 3052 40).

2265 3079 2318 3133 5.
2357 3075 2462 3132 Iste
2484 3084 2660 3131 autem
2699 3088 2908 3141 sensus,
2937 3088 3042 3144 quo
3071 3073 3141 3128 ita
3165 3072 3446 3144 exponitur
3471 3070 3612 3143 quod
3639 3072 3776 3127 scri-

2196 3176 2344 3240 ptum
2381 3177 2496 3233 est,
2544 3165 2773 3222 Saturati
2815 3174 2931 3219 sunt
2956 3164 3113 3234 ﬁliis,
3143 3178 3246 3218 non
3272 3163 3402 3219 mihi
3427 3172 3770 3228 occurrerat,

2194 3275 2316 3315 cum
2374 3267 2496 3314 ante
2547 3257 2930 3322 rescriberem;
2984 3253 3078 3311 sed
3119 3255 3363 3310 recensui
3399 3253 3773 3310 brevissimam

2195 3350 2476 3423 quamdam
2506 3349 2744 3421 ejusdem
2785 3347 2971 3418 psalmi
3017 3347 3436 3418 expositionem,
3476 3360 3638 3416 quam
3659 3345 3770 3416 jam

2196 3443 2321 3501 olim
2349 3444 2668 3500 dictaveram
2694 3483 2708 3508 ,
2755 3449 2808 3496 et
2832 3439 2935 3494 hoc
2953 3439 3084 3495 satis
3109 3438 3342 3495 breviter
3370 3452 3403 3492 a
3429 3451 3513 3492 me
3536 3438 3774 3508 positum

2196 3537 2388 3609 reperi.
2422 3533 2628 3606 Inspexi
2665 3532 2826 3588 etiam
2848 3531 3062 3588 codices
3089 3545 3311 3602 graecos,
3355 3539 3532 3586 utrum
3559 3529 3774 3586 dativus

2196 3641 2354 3682 casus
2381 3633 2545 3690 esset,
2569 3623 2708 3694 quod
2735 3623 2932 3678 dictum
2961 3630 3062 3686 est,
3093 3621 3233 3692 ﬁliis,
3267 3637 3335 3678 an
3355 3621 3631 3692 genitivus,
3661 3636 3778 3693 quo

2198 3717 2284 3775 illa
2311 3718 2484 3788 lingua
2515 3716 2676 3771 utitur
2717 3729 2812 3785 pro
2840 3715 3101 3783 ablativo,
3133 3723 3187 3770 et
3212 3714 3388 3769 inveni
3433 3714 3723 3784 genitivum
3755 3731 3772 3768 :

2195 3797 2339 3880 quod
2382 3809 2426 3864 si
2469 3807 2537 3863 ad
2575 3807 2793 3862 verbum
2822 3806 3280 3880 interpretaretur,
3308 3805 3560 3876 scriptum
3602 3815 3773 3874 esset,

2199 3899 2430 3957 Saturati
2474 3906 2600 3954 sunt
2640 3898 2896 3964 ﬁliorum;
2944 3896 3037 3952 sed
3075 3907 3218 3952 recte
3253 3897 3514 3966 interpres
3551 3906 3778 3953 senten-

2200 3994 2326 4049 tiam
2353 3999 2564 4048 secutus
2586 4000 2704 4058 est,
2732 3998 2787 4044 et
2815 3989 2978 4044 latino
3015 4003 3162 4044 more
3180 3987 3349 4056 dixit,
3382 3987 3612 4043 Saturati
3653 3998 3778 4044 sunt

2199 4083 2340 4154 ﬁliis.
2362 4081 2512 4152 Quod
2538 4096 2664 4137 vero
2683 4079 2939 4151 sequitur,
2968 4077 3034 4132 Et
3060 4077 3365 4149 reliquerunt
3388 4079 3628 4146 reliquias
3652 4095 3781 4149 par-

2199 4175 2329 4230 vulis
2351 4174 2483 4240 suis,
2510 4171 2758 4228 existimo
2795 4169 3044 4241 parvulos
3084 4169 3418 4241 accipiendos
3457 4171 3778 4228 manifestos

2200 4267 2376 4323 carnis
2424 4265 2581 4320 ﬁlios.
2629 4262 2780 4319 Unde
2804 4264 2965 4318 etiam
3007 4261 3297 4318 secundum
3341 4262 3530 4331 istam,
3562 4279 3670 4318 non
3703 4263 3776 4319 de

2201 4357 2438 4429 porcina.
2476 4355 2570 4410 sed
2604 4353 2671 4409 de
2703 4353 2823 4409 ﬁliis
2869 4353 3255 4424 expositionem
3275 4393 3292 4420 ,
3322 4360 3500 4408 manet
3531 4353 3620 4407 illa
3654 4366 3783 4408 sen-

2203 4449 2368 4505 tentia
2394 4463 2498 4518 qua
2527 4447 2796 4512 dixerunt,
2833 4445 3057 4516 Sanguis
3086 4445 3238 4518 hujus
3261 4461 3413 4523 super
3439 4461 3531 4499 nos
3553 4454 3600 4500 et
3626 4462 3784 4515 super

2204 4537 2339 4608 ﬁlios
2384 4547 2580 4592 nostros
2624 4535 2732 4608 (Id.
2766 4552 2940 4600 nvu,
2969 4535 3064 4608 25)
3107 4535 3223 4592 :ita
3269 4536 3411 4592 enim
3452 4537 3787 4610 reliquerunt

2203 4645 2425 4702 operum
2453 4644 2667 4685 suorum
2689 4629 2942 4702 reliquias
2970 4629 3200 4700 parvulis
3226 4629 3355 4685 suis.

2276 4721 2329 4778 6.
2367 4720 2426 4777 1η
2455 4721 2638 4792 quinto
2659 4721 2866 4777 decimo
2903 4731 3078 4780 autem
3106 4721 3332 4794 psalmo,
3358 4720 3503 4794 quod
3526 4721 3786 4792 scriptum

2206 4824 2321 4884 cst,
2355 4815 2679 4887 Miriﬁcavit,
2708 4817 2821 4884 vel,
2857 4816 3094 4889 Miriﬁcet
3137 4835 3310 4875 omnes
3352 4819 3629 4874 voluntates
3665 4835 3790 4874 suas

2205 4909 2338 4965 inter
2357 4908 2492 4977 illos,
2527 4909 2657 4965 nihil
2681 4909 2927 4980 prohibet
2950 4911 3203 4982 intelligi,
3235 4913 3342 4968 imo
3378 4922 3433 4969 et
3456 4913 3790 4969 convenien-

2210 5001 2314 5056 tius
2358 5000 2584 5068 videtur,
2633 5016 2759 5065 non,
2800 5001 2930 5055 inter
2971 5000 3108 5069 illos,
3138 5002 3255 5069 sed,
3284 5003 3339 5056 in
3366 5000 3487 5056 illis.
3515 5002 3603 5057 Sic
3641 5004 3787 5060 enim

2208 5095 2368 5166 ει·ωεί
2405 5095 2615 5149 codices
2659 5093 2854 5148 habent
2891 5111 2904 5148 :
2945 5107 3089 5164 smpe
3121 5103 3298 5149 autem
3338 5093 3481 5165 quod
3508 5093 3669 5150 habet
3701 5095 3790 5147 illa

2211 5185 2412 5256 lingua,
2444 5185 2498 5238 in
2524 5184 2659 5249 illis,
2691 5183 2857 5239 nostri
2891 5182 3326 5254 interpretantur,
3364 5184 3495 5238 inter
3529 5184 3665 5247 illos,
3699 5185 3788 5238 ubi

2209 5276 2419 5332 videtur
2442 5274 2718 5330 sententia:
2760 5275 3069 5330 convenire.
3101 5274 3435 5344 Accipiamus
3461 5289 3612 5345 ergo,
3645 5273 3795 5329 San-

2211 5370 2304 5426 clis
2328 5367 2417 5436 qui
2442 5377 2556 5423 sunt
2585 5368 2637 5422 in
2665 5377 2799 5422 terra
2826 5367 2941 5438 ejus
2961 5409 2975 5434 ,
3005 5366 3290 5436 miriﬁcavit
3309 5383 3480 5422 omnes
3505 5367 3794 5421 voluntates

2212 5479 2330 5520 suas
2354 5463 2407 5516 in
2434 5461 2559 5526 illis;
2585 5461 2726 5532 quod
2753 5461 2990 5532 plerique
3012 5460 3224 5517 codices
3250 5460 3446 5516 habent
3475 5478 3490 5515 :
3519 5472 3572 5516 et
3593 5461 3799 5517 intelli-

2211 5569 2420 5627 gamus,
2464 5554 2743 5609 voluntates
2769 5554 2911 5624 ejus,
2949 5568 3171 5609 munera
3212 5553 3414 5623 gratiae,
3461 5568 3580 5623 qua:
3624 5553 3800 5624 gratis

2215 5647 2337 5703 data
2359 5655 2463 5712 est,
2498 5645 2550 5700 id
2575 5654 2676 5713 est,
2706 5645 2823 5715 quia
2848 5644 3036 5712 voluit,
3066 5660 3170 5701 non
3197 5646 3318 5717 quia
3344 5645 3653 5701 debebatur.
3682 5645 3802 5702 Uu-

2215 5740 2282 5798 de
2307 5748 2406 5806 est,
2438 5739 2594 5796 Scuto
2613 5738 2756 5794 bona:
2778 5739 3048 5796 voluntatis
3086 5747 3188 5794 tua?
3223 5739 3476 5794 coronasti
3499 5754 3590 5793 nos
3615 5736 3796 5810 (Psal.

2281 5875 2298 5908 ι
2325 5873 2430 5924 ead.
2457 5881 2552 5924 Ant.
2577 5879 2650 5923 Er.
2677 5880 2727 5924 et
2742 5880 2848 5925 uss.
2866 5873 2988 5939 duo,
3013 5871 3199 5928 occulta
3227 5872 3403 5940 quippe
3421 5877 3530 5926 sunt
3549 5863 3769 5926 miseris.
