4154 6354
375 512 430 563 v,
456 494 588 565 13);
617 501 691 563 et,
718 491 786 548 In
809 493 1062 549 voluntate
1085 500 1171 548 tua
1195 492 1446 548 deduxisti
1472 508 1553 547 me
1580 491 1755 565 (Psal.
1782 508 1947 561 uxn,

375 588 498 659 24);
530 596 603 655 ct,
635 586 930 642 Voluntarie
954 587 1122 658 genuit
1152 603 1243 642 nos
1271 588 1415 641 verbo
1445 586 1664 640 veritatis
1690 584 1891 655 (Jacobi
1913 600 1952 652 ι,

378 683 506 749 18);
537 691 612 747 et,
646 680 881 736 Pluviam
910 680 1243 736 voluntariam
1270 698 1556 752 segregans,
1589 678 1749 744 Deus,
1791 679 1951 733 htere-

378 776 525 831 dittui
554 785 654 831 tua:
678 774 851 846 (Psal.
882 792 1041 843 vau,
1076 774 1163 848 10)
1189 792 1204 842 ;
1231 785 1306 842 et,
1336 775 1576 829 Dividens
1603 776 1809 847 propria
1838 776 1953 829 uni-

377 870 555 937 cuique
582 877 730 940 prout
753 869 859 923 vult
879 867 932 941 (l
961 867 1078 923 Cor.
1103 885 1193 934 xu,
1223 868 1315 940 11)
1335 885 1350 934 ;
1373 876 1427 924 et
1456 868 1556 923 alia
1588 866 1954 923 innumerabi-

378 963 468 1017 lia.
513 962 759 1027 Proinde,
793 961 1086 1030 Miriﬁcavit
1111 978 1279 1016 omnes
1306 961 1583 1016 voluntates
1608 978 1726 1015 suas
1752 962 1802 1015 in
1832 961 1951 1026 illis,

378 1057 431 1111 in
458 1055 652 1127 quibus
681 1056 782 1111 nisi
830 1055 883 1109 in
928 1055 1123 1110 sanctis
1165 1056 1254 1126 qui
1299 1056 1350 1110 in
1398 1064 1535 1111 terra
1575 1064 1697 1110 sunt
1721 1055 1874 1125 ejus?
1900 1054 1955 1109 Si

378 1148 521 1202 enim
552 1155 712 1210 terra,
744 1146 881 1201 sicut
908 1161 1065 1215 supra
1096 1146 1456 1213 ostendimus,
1491 1154 1663 1215 potest
1699 1145 1865 1216 accipi
1904 1146 1957 1200 in

378 1237 520 1293 bono
540 1278 553 1301 ,
582 1246 635 1292 ct
659 1237 747 1292 ubi
775 1252 880 1291 non
898 1236 1132 1291 additum
1159 1245 1260 1303 est,
1292 1239 1426 1310 ejus;
1454 1246 1651 1307 quanto
1679 1237 1846 1307 magis
1870 1236 1958 1292 ubi

377 1329 592 1396 dicitur,
634 1340 767 1389 terra
794 1330 901 1395 eius
919 1329 940 1383 !
971 1328 1127 1383 Miras
1148 1344 1274 1400 ergo
1296 1329 1417 1385 fecit
1446 1345 1631 1383 omnes
1660 1329 1959 1385 voluntates

378 1438 503 1476 suas
532 1422 587 1475 in
614 1421 719 1476 illis
744 1439 756 1475 :
782 1422 943 1475 miras
980 1420 1198 1475 omnino
1236 1420 1381 1488 fecit,
1410 1421 1531 1491 quia
1555 1435 1648 1476 eos
1669 1434 1733 1475 ex
1763 1419 1956 1491 despe-

379 1514 587 1569 ratione
608 1514 917 1568 mirabiliter
956 1513 1216 1568 liberavit.

451 1606 504 1660 7.
535 1606 614 1661 Ex
641 1606 738 1660 hac
762 1604 1115 1661 admiratione
1136 1604 1395 1661 exclamat
1425 1605 1730 1675 Apostolus,
1769 1604 1813 1659 0
1836 1604 1959 1659 alti-

380 1698 502 1753 tudo
538 1698 829 1753 divitiarum
854 1698 1115 1767 sapientia:
1140 1707 1186 1751 et
1210 1697 1430 1753 scientiae
1452 1695 1583 1752 Dei!
1624 1712 1779 1768 supra
1808 1697 1963 1768 quip-

381 1806 449 1861 pe
473 1790 698 1857 dixerat,
727 1788 984 1845 Conclusit
1006 1791 1136 1844 enim
1168 1788 1303 1843 Deus
1329 1805 1498 1843 omnes
1521 1790 1537 1820 ί
1563 1790 1614 1843 in
1644 1790 1959 1858 inﬁdelitate,

379 1896 435 1937 ut
478 1883 702 1938 omnium
750 1883 1045 1937 misereatur
1094 1882 1269 1955 (Rom.
1314 1898 1385 1949 xt,
1426 1882 1515 1946 55,
1558 1882 1669 1953 52).
1698 1881 1830 1937 Nam
1860 1880 1961 1937 hoc

382 1978 545 2032 etiam
577 1975 663 2031 hic
687 1977 960 2047 sequitur:
992 1973 1351 2045 Multiplicata:
1380 1986 1496 2029 sunt
1516 1976 1833 2044 inﬁrmitates
1870 1992 1960 2029 eo-

379 2086 517 2134 rum;
542 2079 714 2140 postea
732 2069 1150 2124 acceleraverunt.
1164 2068 1503 2124 lnﬁrmitates
1525 2070 1700 2139 posuit
1718 2084 1812 2139 pro
1836 2084 1959 2138 pec-

379 2164 551 2227 catis,
593 2163 729 2217 sicut
770 2162 835 2217 ad
870 2162 1136 2216 Romanos
1183 2162 1473 2232 Apostolus
1517 2161 1674 2229 dicit,
1721 2160 1779 2216 Si
1829 2162 1962 2215 enim

382 2253 610 2309 Christus
631 2295 645 2318 ,
692 2270 805 2307 cum
830 2254 1018 2323 inﬁrmi
1043 2270 1259 2308 essemus
1285 2252 1452 2306 adhuc
1467 2253 1622 2323 juxta
1651 2261 1843 2322 tempus
1871 2269 1963 2322 pro

381 2349 551 2418 impiis
595 2358 818 2402 mortuus
847 2356 962 2402 est:
993 2347 1091 2403 hos
1124 2347 1258 2402 dixit
1300 2346 1540 2401 inﬁrmos
1569 2360 1700 2417 quos
1747 2346 1958 2415 impios.

381 2441 582 2495 Deinde
600 2440 758 2510 paulo
784 2448 902 2509 post
921 2439 1162 2494 eamdem
1183 2440 1501 2494 sententiam
1524 2445 1791 2508 repetens,
1816 2436 1963 2491 Com-

379 2532 605 2597 mendat,
631 2532 819 2602 inquit,
853 2547 1000 2585 suam
1017 2532 1308 2585 charitatem
1324 2530 1461 2585 Deus
1481 2532 1531 2585 in
1549 2532 1708 2597 nobis,
1726 2531 1965 2599 quoniam

380 2642 493 2680 cum
516 2624 684 2678 adhuc
700 2632 984 2693 peccatores
1009 2639 1247 2690 essemus,
1276 2621 1506 2678 Christus
1535 2640 1626 2693 pro
1656 2622 1796 2677 nobis
1825 2639 1959 2676 mor-

381 2728 496 2771 tuus
522 2727 593 2771 est
618 2732 637 2771 :
656 2730 788 2786 quos
823 2715 1061 2771 inﬁrmos
1088 2731 1268 2787 supra,
1296 2730 1391 2771 eos
1416 2714 1501 2771 hic
1527 2724 1832 2786 peccatores
1867 2730 1963 2783 ap-

382 2809 613 2882 pellavit.
642 2807 770 2864 Item
799 2808 851 2863 in
872 2810 1321 2880 consequentibus
1350 2808 1451 2864 hoc
1477 2808 1618 2864 idem
1644 2807 1765 2863 aliis
1790 2808 1965 2864 verbis

380 2926 621 2978 versans,
649 2913 711 2969 Si
735 2915 868 2968 enim
892 2930 1010 2969 cum
1034 2913 1229 2968 inimici
1258 2928 1495 2977 essemus,
1529 2909 1719 2980 inquit,
1752 2910 1966 2964 reconci-

382 3004 490 3059 liati
510 3022 685 3061 sumus
712 3005 819 3061 Deo
844 3023 933 3077 per
959 3016 1168 3060 mortem
1190 3003 1314 3059 Filii
1342 3004 1449 3075 ejus
1469 3003 1577 3075 (Id.
1601 3019 1654 3068 v,
1683 3001 1736 3068 6,
1770 3002 1824 3068 8,
1852 3001 1961 3073 10).

380 3100 461 3154 Ac
489 3115 583 3167 per
637 3098 738 3154 hoc
765 3100 816 3153 in
844 3114 908 3154 eo
940 3099 1080 3170 quod
1104 3099 1302 3153 dictum
1333 3104 1440 3162 est,
1469 3094 1827 3165 Multiplicata:
1850 3101 1966 3149 sunt

378 3192 701 3262 inﬁrmitates
730 3209 899 3248 eorum
925 3232 940 3256 ,
970 3192 1339 3262 intelliguntur
1378 3188 1721 3259 multiplicata
1750 3198 1965 3258 peccata

381 3300 589 3340 eorum.
613 3285 724 3342 Lex
742 3286 884 3342 enim
906 3284 1250 3351 subintravit,
1273 3292 1331 3339 ut
1353 3282 1648 3339 abundaret
1671 3281 1920 3337 delictum
1950 3300 1965 3338 :

381 3378 479 3433 sed
504 3379 753 3448 quoniam
784 3377 874 3432 ubi
902 3376 1188 3432 abundavit
1230 3375 1480 3431 delictum
1502 3416 1517 3441 ,
1565 3373 1966 3445 superabunda-

383 3471 465 3525 vit
490 3474 657 3541 gratia
702 3469 721 3543 (
742 3470 960 3537 Ibidem,
991 3468 1119 3541 20),
1163 3468 1283 3523 ideo
1332 3476 1503 3538 postea
1545 3467 1963 3521 acceleraverunt.

380 3561 503 3617 Non
518 3566 657 3617 enim
674 3563 817 3619 venit
834 3563 923 3617 ille
942 3561 1338 3631 vocarejustos,
1360 3559 1453 3617 sed
1476 3567 1785 3629 peceatores
1806 3576 1820 3612 :
1844 3559 1966 3628 quia

381 3668 489 3707 non
511 3661 593 3707 est
612 3667 743 3721 opus
770 3653 913 3708 sanis
934 3652 1172 3708 medicus
1190 3692 1205 3717 ,
1229 3650 1323 3707 sed
1344 3650 1722 3723 aegrotantibus
1752 3647 1964 3721 (Matth.

382 3759 455 3810 lx,
482 3743 695 3817 15,12);
714 3758 940 3815 quorum
958 3742 1163 3799 scilicet
1183 3742 1544 3814 mtiltiplicatre
1560 3750 1684 3796 sunt
1700 3739 1970 3795 inﬁrmita-

382 3844 484 3902 tes,
508 3846 565 3891 ut
583 3837 662 3892 eis
682 3837 933 3892 sanandis
951 3835 1400 3893 essetnecessaria
1422 3844 1578 3891 tantm
1597 3834 1780 3906 gratia:
1802 3832 1971 3888 medi-

381 3927 675 3995 cina,etcui
689 3927 1024 3983 dimittuntur
1034 3936 1251 3997 peccata
1268 3928 1453 3992 multa,
1468 3927 1711 3997 diligeret
1723 3926 1964 3979 multum.

454 4022 508 4075 8.
549 4020 661 4076 Hoc
689 4020 823 4075 cinis
844 4036 1016 4075 vacca:
1042 4029 1096 4076 et
1121 4020 1357 4090 aSpersio
1382 4019 1674 4089 sanguinis,
1701 4026 1754 4072 et
1778 4032 1970 4072 cruen-

384 4120 558 4166 tarum
587 4112 955 4182 multiplicatio
981 4112 1312 4168 victimarum
1335 4110 1685 4183 signiﬁcabat,
1712 4124 1819 4164 non
1848 4110 1967 4163 efﬁ-

383 4203 579 4258 ciebat.
609 4203 732 4259 ldeo
760 4204 1009 4276 deinceps
1038 4205 1199 4270 dicit,
1230 4204 1351 4259 Non
1381 4202 1689 4276 congregabo
1718 4202 1971 4257 conventi-

384 4296 503 4349 cula
530 4311 704 4350 eorum
724 4296 787 4350 de
809 4296 1154 4369 sanguinibus,
1179 4295 1232 4352 id
1250 4305 1333 4351 est
1353 4296 1560 4350 illorum
1585 4294 1967 4349 sacriﬁciorum

384 4401 506 4457 qua:
548 4387 960 4443 immolabantur
997 4390 1049 4443 in
1092 4388 1257 4460 ﬁgura
1300 4387 1572 4458 sanguinis
1608 4386 1824 4441 Christi.
1858 4384 1969 4440 Nec

384 4495 578 4533 memor
620 4496 706 4534 ero
752 4481 1012 4539 nominum
1057 4498 1227 4536 eorum
1275 4498 1364 4552 per
1402 4480 1536 4535 labia
1577 4496 1704 4534 mea.
1746 4478 1966 4533 Nomina

382 4573 580 4641 quippe
610 4571 817 4626 illorum
842 4581 995 4629 erant
1017 4573 1069 4628 in
1096 4572 1536 4643 multiplicatione
1563 4572 1926 4627 inﬁrmitatum
1950 4588 1965 4638 ;

383 4661 764 4732 fornicatores,
796 4665 952 4720 idolis
987 4667 1311 4731 servientes,
1332 4665 1587 4732 adulteri,
1607 4665 1828 4731 molles,
1852 4681 1967 4721 ma-

384 4753 662 4809 sculorum
681 4755 1071 4821 concubitores,
1092 4755 1253 4821 tures,
1277 4756 1443 4823 avari,
1467 4765 1729 4826 raptores,
1749 4755 1965 4821 ebriosi,

385 4845 658 4914 maledici,
682 4856 733 4902 et
761 4847 1081 4919 quicumque
1104 4850 1191 4903 alii
1219 4865 1439 4919 regnum
1467 4850 1560 4905 Dei
1592 4865 1695 4905 non
1725 4848 1968 4919 posside-

385 4936 537 4995 bunt.
562 4940 667 4995 Sed
694 4942 781 4995 ubi
802 4941 1104 4996 abundante
1125 4950 1362 5012 peccato,
1385 4942 1828 5012 superabundavit
1850 4958 1971 5013 gra-

387 5032 454 5086 tia
476 5073 492 5097 ,
536 5042 707 5102 postea
744 5032 1165 5088 acceleraverunt.
1197 5034 1322 5089 Haec
1354 5035 1567 5105 quidem
1604 5035 1844 5101 luerunt,
1876 5035 1970 5091 sed

384 5126 549 5180 abluti
578 5135 726 5193 sunt,
768 5127 861 5182 sed
900 5126 1213 5182 sanctiﬁcati
1249 5136 1398 5194 sunt,
1433 5127 1525 5182 sed
1551 5128 1821 5196 justiﬁcati
1849 5137 1972 5183 sunt

385 5218 437 5273 .‘n
462 5224 678 5275 nomine
698 5220 907 5275 Domini
926 5220 1050 5277 Jesu
1072 5218 1291 5285 Christi,
1313 5229 1368 5275 et
1391 5221 1441 5274 in
1462 5220 1663 5289 Spiritu
1690 5220 1782 5277 Dci
1803 5221 1969 5276 nostri

386 5308 406 5382 (
431 5309 446 5362 I
474 5308 593 5365 Cor.
626 5326 699 5379 γι,
726 5312 850 5367 9-H
879 5312 897 5383 )
926 5329 939 5367 :
966 5312 1085 5367 ideo
1113 5327 1217 5366 non
1242 5326 1450 5366 memor
1475 5312 1575 5366 erit
1600 5312 1873 5366 nominum
1904 5312 1969 5366 il-

386 5399 558 5456 lorum
592 5418 686 5473 per
728 5404 867 5459 labia
916 5419 1031 5459 sua.
1056 5404 1196 5459 Sane
1239 5403 1451 5459 codices
1484 5404 1875 5461 cmendatiores
1917 5414 1973 5461 et

385 5496 652 5550 electioris
691 5497 1053 5563 auctoritatis,
1092 5512 1199 5551 non
1238 5495 1463 5561 habent,
1495 5497 1774 5553 voluntates
1813 5514 1965 5566 suas,

385 5587 501 5653 sed,
531 5588 812 5643 voluntates
841 5604 1012 5656 meas;
1038 5588 1179 5659 quod
1208 5588 1535 5643 tantumdem
1562 5590 1720 5655 valet,
1751 5591 1874 5659 quia
1902 5606 1969 5646 ex

448 5721 464 5752 ί
487 5728 595 5787 )iss.
620 5728 730 5787 tres
752 5723 1039 5787 recentioris
1061 5723 1241 5787 aetatis,
1438 5721 1487 5772 in
1511 5720 1792 5787 inﬁdelitate
1821 5736 1839 5773 :
1861 5738 1972 5787 quae

387 5789 462 5858 ρει
485 5780 631 5858 lectio
646 5782 861 5858 vulgatis:
884 5786 1213 5858 versiouisqtt
1228 5780 1315 5858 alii
1328 5784 1440 5858 add.
1661 5796 1863 5858 numero

381 5843 524 5908 bent,
544 5843 891 5912 omﬂuxta
912 5861 1122 5913 grzecum
1144 5853 1335 5898 textum
1355 5843 1581 5911 Apostoli,
1605 5847 1709 5898 lous
1721 5852 1906 5913 paruas.

1572 375 2048 436 EPISTOLARUM
2084 366 2376 435 CLASSIS'
2394 376 2481 435 lll.

2061 506 2291 562 persona
2302 492 2420 548 Filii
2445 491 2658 550 dicitur.
2676 494 2797 567 Ipse
2814 495 3011 569 quippe
3032 496 3285 570 loquitur,
3303 514 3460 572 quem
3480 501 3641 556 verba

2062 582 2149 636 illa
2175 584 2449 641 evidenter
2477 586 2783 656 ostendunt,
2806 589 2996 659 quibus
3023 597 3078 645 et
3102 589 3341 661 Apostoli
3368 592 3453 647 usi
3482 602 3637 647 sunt:

2063 671 2185 728 Non
2201 674 2509 748 derelinques
2527 679 2748 733 animant
2762 695 2925 733 meam
2941 681 2992 734 in
3006 682 3224 753 inferno,
3248 699 3336 735 nec
3355 682 3497 737 dabis
3516 700 3607 737 san
3632 716 3640 725 -

2062 777 2194 820 ctum
2215 778 2356 823 tuum
2379 771 2545 825 videre
2568 775 2935 844 corruptionem
2956 775 3085 847 (Act.
3111 791 3168 842 ιι,
3194 777 3279 841 51,
3303 785 3350 829 ει
3380 791 3497 841 xut,
3522 777 3637 847 35).

2063 857 2263 915 Eadem
2299 870 2423 917 sunt
2460 863 2640 933 utique
2681 880 2898 919 munera
2938 866 3117 936 gratia:
3156 867 3326 921 Patris
3361 876 3415 922 et
3439 866 3555 921 Filii
3586 876 3640 924 et

2063 951 2289 1022 Spiritus
2315 956 2517 1021 sancti;
2540 964 2595 1011 et
2620 957 2739 1013 ideo
2760 959 3052 1015 rectissime
3075 968 3130 1015 et
3158 958 3321 1015 Filius
3348 974 3441 1015 eas
3468 968 3640 1031 petest

2063 1046 2243 1103 dicere
2269 1048 2544 1105 voluntates
2569 1068 2707 1106 suas.

2135 1141 2187 1197 9.
2228 1142 2382 1209 Quod
2416 1158 2542 1198 vero
2573 1146 2625 1199 in
2656 1144 2862 1214 psalmo
2894 1145 3327 1217 quinquagesimo
3356 1132 3544 1202 octavo
3572 1147 3639 1203 de

2064 1233 2262 1289 Judaeis
2286 1235 2611 1307 intelligitur,
2634 1236 2863 1309 dicente,
2890 1236 2973 1291 Ne
2992 1239 3231 1293 occideris
3252 1256 3355 1305 eos,
3378 1239 3642 1309 nequando
3664 1308 3667 1311 ν

2065 1326 2422 1381 obliviscantur
2450 1327 2597 1399 Legis
2624 1338 2741 1394 tute,
2764 1331 3141 1385 convenienter
3170 1331 3299 1385 mihi
3327 1331 3533 1386 videtur
3562 1331 3643 1385 in-

2067 1418 2226 1488 telligi
2257 1420 2327 1473 ita
2356 1434 2475 1475 esse
2503 1422 2910 1489 praenuntiatum
2936 1439 2948 1475 :
2977 1422 3215 1477 eamdem
3244 1432 3456 1494 gentem
3482 1425 3640 1479 etiam

2065 1510 2381 1565 debellatam
2423 1520 2579 1581 atque
2620 1512 2961 1579 subversam,
2998 1514 3050 1567 in
3093 1514 3270 1584 pepuli
3298 1515 3513 1570 victoris
3550 1531 3642 1569 su-

2066 1603 2403 1673 perstitiones
2440 1618 2547 1658 non
2582 1602 2744 1659 fuisse
2772 1619 3071 1669 cessuram,
3100 1605 3196 1660 sed
3230 1606 3281 1661 in
3311 1607 3479 1661 veteri
3506 1607 3645 1677 Lege

2066 1708 2365 1749 mansuram
2386 1735 2401 1760 ,
2428 1706 2485 1750 ut
2512 1695 2651 1767 apud
2692 1711 2810 1752 eam
2837 1706 2983 1751 esset
3019 1698 3378 1752 testimonium
3402 1697 3643 1767 Scriptu-

2066 1802 2243 1841 rarum
2272 1796 2381 1841 toto
2404 1789 2533 1844 orbe
2563 1798 2823 1844 terrarum
2846 1832 2862 1857 ,
2888 1790 3028 1845 unde
3054 1790 3293 1845 Ecclesia
3320 1789 3491 1845 fuerat
3514 1805 3642 1845 evo-
3728 1786 3729 1793 “

2065 1877 2253 1932 cauda.
2277 1877 2431 1933 Nullo
2461 1879 2601 1933 enim
2630 1881 2956 1935 evidentiore
2993 1880 3314 1935 documento
3348 1879 3646 1936 ostenditur

2064 1972 2335 2041 gentibus,
2363 1972 2503 2043 quod
2546 1973 2897 2030 saluberrime
2924 1975 3230 2039 advertitur,
3264 1991 3367 2029 non
3396 1974 3645 2045 inopina-

2067 2072 2175 2119 tum
2216 2073 2270 2119 et
2311 2066 2646 2135 repentinum
2693 2067 2887 2136 aliquid
2933 2068 3230 2121 institutum
3274 2067 3460 2137 spiritu
3504 2081 3646 2136 pra:-

2066 2157 2387 2225 sumptionis
2419 2156 2684 2224 humanae,
2707 2167 2764 2211 ut
2791 2157 2984 2213 Christi
3013 2174 3205 2215 nomen
3240 2159 3292 2213 in
3332 2174 3427 2228 spe
3462 2157 3646 2213 salutis

2065 2256 2278 2302 uernae
2317 2257 2457 2303 tanta
2496 2251 2808 2304 auctoritate
2837 2251 3148 2323 praepollcat
3166 2293 3181 2319 ,
3206 2250 3302 2306 sed
3330 2251 3457 2305 olim
3484 2252 3645 2306 fuisse

2067 2338 2438 2410 prophetatum
2464 2350 2623 2410 atque
2652 2342 3031 2412 conscriptum.
3058 2342 3188 2397 Nam
3220 2343 3329 2412 ipsa
3367 2342 3646 2413 prophetia

2067 2428 2189 2499 quid
2230 2428 2371 2483 aliud
2402 2430 2505 2484 nisi
2540 2445 2570 2483 a
2601 2432 2796 2485 nostris
2835 2443 3109 2502 putaretur
3144 2448 3265 2489 esse
3305 2433 3559 2499 conﬁcta,
3602 2433 3646 2487 si

2068 2533 2173 2573 non
2216 2518 2284 2574 de
2324 2520 2657 2576 inimicorum
2698 2522 2967 2578 codicibus
3003 2524 3351 2593 probaretur?
3380 2524 3534 2588 Ideo,
3564 2523 3649 2578 Ns

2068 2610 2308 2666 occideris
2337 2628 2455 2678 eos;
2481 2627 2548 2668 ne
2577 2614 2741 2684 ipsius
2768 2616 2941 2686 gentis
2969 2630 3162 2671 nomen
3192 2616 3529 2682 exstinxeris,
3554 2632 3642 2669 ne-

2068 2703 2269 2774 quando
2307 2704 2664 2759 obliviscantur
2688 2705 2837 2777 Legis
2865 2717 2965 2760 tute
2986 2722 3005 2760 :
3023 2707 3161 2777 quod
3188 2708 3365 2777 utique
3392 2709 3572 2771 ﬁeret,
3600 2706 3646 2762 si

2068 2793 2202 2847 ritus
2247 2802 2301 2848 et
2345 2808 2495 2849 sacra
2535 2794 2824 2851 Gentilium
2876 2797 3054 2852 colere
3102 2797 3363 2866 compulsi
3402 2798 3645 2868 penitus,

2068 2886 2452 2956 qualecumque
2483 2901 2675 2941 nomen
2716 2887 2987 2957 religionis
3031 2902 3141 2942 suae
3185 2888 3402 2943 minime
3445 2889 3645 2943 retine-

2068 2987 2209 3034 rent.
2237 2978 2390 3047 Quod
2429 2980 2481 3034 in
2520 2994 2703 3034 eorum
2747 2980 2913 3051 ﬁgura
2954 2981 3113 3035 etiam
3139 2980 3206 3036 de
3229 2979 3361 3036 Cain
3391 2983 3645 3053 scriptum

2068 3082 2148 3128 est
2167 3114 2183 3139 ,
2220 3072 2360 3143 quod
2395 3073 2667 3129 constituit
2699 3073 2753 3127 in
2786 3088 2852 3129 eo
2880 3074 3132 3128 Dominus
3160 3074 3364 3145 signum
3384 3116 3400 3141 ,
3431 3089 3499 3131 ne
3527 3074 3648 3145 quis

2069 3167 2334 3222 occideret
2362 3183 2482 3222 eum
2515 3165 2688 3240 (Gen.
2722 3183 2794 3232 tv,
2821 3165 2949 3238 15).
2981 3167 3217 3237 Denique
3245 3183 3364 3223 cum
3392 3168 3641 3235 dixisset,

2072 3257 2155 3313 Ne
2199 3258 2439 3313 occideris
2476 3274 2591 3325 eos,
2633 3259 2896 3327 nequando
2940 3259 3293 3313 obliviscantur
3319 3258 3467 3331 Legis
3507 3270 3646 3327 tute;

2069 3350 2211 3404 velut
2226 3342 2551 3419 quinreretur
2565 3350 2688 3419 quid
2703 3350 2770 3405 de
2788 3350 2890 3405 illis
2909 3360 3051 3406 esset
3074 3350 3389 3415 faciendum,
3406 3360 3461 3406 ut
3476 3353 3528 3407 in
3548 3352 3650 3406 ali-

2070 3459 2204 3515 quos
2232 3457 2358 3498 usus
2393 3444 2678 3499 testimonii
2704 3445 2940 3499 veritatis
2969 3460 3074 3499 non
3104 3444 3429 3511 occidantur,
3460 3444 3512 3500 id
3540 3453 3644 3513 est,

2070 3551 2177 3591 non
2221 3546 2622 3601 consumantur,
2670 3550 2843 3606 neque
2883 3535 3261 3591 obliviscantur
3304 3534 3462 3607 Legis
3509 3535 3645 3602 Dei;

2070 3630 2324 3683 continuo
2365 3628 2673 3698 subiunxit:
2701 3627 2948 3700 Disperge
2987 3626 3104 3683 illos
3147 3629 3202 3682 in
3236 3629 3415 3682 virtute
3452 3638 3554 3683 tua.
3590 3628 3645 3685 Si

2071 3720 2213 3776 enim
2260 3720 2314 3774 in
2357 3734 2464 3774 uno
2510 3720 2628 3775 loco
2664 3730 2845 3775 essent
2874 3729 3155 3787 terrarum,
3188 3734 3292 3774 non
3334 3719 3648 3790 adjuvarent

2072 3812 2377 3867 testimonio
2416 3811 2844 3882 praedicationem
2877 3811 3179 3883 Evangelii,
3211 3826 3329 3882 qua:
3371 3810 3649 3867 fructiﬁcat

2072 3912 2186 3960 toto
2216 3907 2345 3959 orbe
2377 3915 2656 3959 terrarum.
2687 3903 2809 3959 ideo
2835 3904 3064 3975 disperge
3089 3902 3207 3959 illos
3238 3904 3293 3958 in
3320 3904 3500 3959 virtute
3528 3914 3645 3971 tua,

2068 4007 2131 4063 ut
2157 3999 2273 4067 ejus
2304 3998 2467 4069 ipsius
2495 3998 2646 4067 cujus
2675 3996 2888 4053 fuerunt
2911 4006 3222 4069 negatores,
3255 4005 3644 4067 persecutores,

2072 4087 2468 4156 interfectores,
2503 4089 2699 4159 ubique
2736 4086 2843 4142 sint
2879 4096 3038 4143 testes
3075 4102 3173 4158 per
3210 4088 3379 4157 ipsam
3417 4088 3643 4158 Legem,

2072 4198 2229 4254 quam
2261 4198 2366 4237 non
2401 4182 2805 4247 obliviscuntur,
2832 4180 2884 4234 in
2913 4195 3016 4252 qua
3040 4190 3121 4235 est
3155 4181 3243 4235 ille
3270 4181 3642 4251 prophetatus,

2072 4291 2228 4347 quem
2254 4292 2357 4331 non
2382 4284 2691 4347 sequuntur.
2717 4274 2898 4345 Neque
2920 4274 3061 4329 enim
3081 4275 3159 4330 eis
3178 4275 3378 4347 aliquid
3401 4276 3661 4346 prodest,

2072 4366 2212 4437 quod
2243 4382 2361 4422 eam
2397 4382 2506 4421 non
2548 4365 2970 4422 obliviscuntur:
2997 4365 3137 4420 aliud
3175 4374 3255 4421 est
3291 4367 3434 4422 enim
3477 4368 3646 4437 legem

2073 4458 2168 4513 Dei
2195 4457 2390 4513 habere
2416 4458 2469 4513 in
2491 4458 2747 4513 memoria
2768 4498 2782 4525 ,
2811 4456 2955 4511 aliud
2979 4456 3029 4510 in
3058 4456 3325 4512 intellectu
3353 4466 3407 4513 et
3435 4458 3643 4513 eﬁ’ectu.

2146 4548 2234 4606 10.
2274 4548 2330 4605 ln
2377 4550 2707 4621 sexagesimo
2746 4558 2922 4603 autem
2966 4536 3192 4618 septimo
3229 4549 3467 4619 psalmo,
3508 4550 3646 4620 quod

2072 4642 2268 4713 quaeris
2295 4641 2421 4713 quid
2447 4642 2537 4709 sit,
2571 4640 2924 4697 Verumtamen
2948 4639 3086 4697 Deus
3111 4642 3457 4711 conquassabit
3482 4642 3649 4711 capita

2072 4737 2391 4790 inimicorum
2413 4751 2642 4801 suorum,
2669 4736 2897 4789 verticem
2921 4735 3094 4806 capilli
3114 4734 3566 4804 perambulantium
3596 4735 3649 4787 in

2074 4828 2269 4884 delictis
2312 4829 2449 4893 suis;
2491 4843 2597 4882 non
2634 4826 2764 4881 mihi
2790 4826 2998 4881 videtur
3032 4825 3174 4881 aliud
3208 4824 3407 4878 dictum
3453 4839 3608 4893 quam
3632 4866 3645 4889 ,

2076 4923 2216 4977 Deus
2242 4919 2618 4990 conquassabit
2636 4919 2806 4988 capita
2827 4917 3157 4971 inimicorum
3181 4929 3401 4969 suorum
3429 4914 3646 4967 nimium

2074 5010 2524 5084 superbientium,
2568 5010 2790 5065 nimium
2838 5024 2897 5065 se
2943 5008 3307 5063 extollentium
3348 5008 3400 5061 in
3440 5007 3649 5064 delictis

2074 5106 2205 5162 suis.
2246 5104 2349 5159 Per
2386 5102 2713 5174 hyperbolen
2755 5102 2947 5171 quippe
2990 5099 3304 5170 signiﬁcavit
3342 5099 3647 5168 superbiam

2076 5208 2278 5254 tantum
2308 5210 2368 5253 se
2394 5196 2757 5263 extollentem,
2790 5204 2841 5251 et
2867 5202 3009 5249 tanta
3037 5193 3265 5249 elatione
3291 5192 3647 5258 incedentem,

2074 5289 2223 5360 quasi
2248 5287 2422 5359 capilli
2450 5286 2705 5343 verticem
2733 5284 3144 5357 perambulando
3162 5284 3412 5340 calcaret.
3438 5282 3565 5339 Item
3596 5284 3647 5339 in

2075 5380 2262 5437 eodem
2312 5379 2519 5451 psalmo
2567 5378 2709 5449 quod
2759 5378 3009 5448 scriptum
3061 5386 3177 5446 est,
3219 5375 3418 5447 Lingua
3467 5391 3651 5430 canum

2077 5482 2274 5527 tuorum
2301 5488 2363 5527 ea:
2386 5470 2602 5526 inimicis
2630 5469 2692 5524 ab
2717 5469 2864 5541 ipso;
2896 5484 2999 5524 non
3023 5483 3233 5539 semper
3257 5467 3311 5522 in
3340 5467 3480 5522 malo
3508 5468 3651 5523 acci-

2076 5565 2254 5638 piendi
2298 5574 2422 5621 sunt
2465 5580 2645 5621 canes.
2688 5563 2934 5634 Alioquin
2982 5579 3085 5618 non
3134 5562 3667 5634 reprehenderentur‘

2076 5657 2214 5727 apud
2261 5657 2571 5727 prophetam
2620 5670 2782 5711 canes
2825 5656 2954 5710 muti
3000 5656 3298 5711 nescientes
3352 5656 3568 5721 latrare,
3600 5664 3655 5714 et

2076 5757 2313 5806 amantes
2354 5749 2643 5805 dormitare
2692 5748 2862 5823 (Isai.
2898 5764 3003 5815 va,
3043 5747 3149 5822 10)
3182 5768 3196 5806 :
3228 5750 3468 5822 profecto
3514 5751 3655 5808 enim

2076 5841 2366 5901 laudabiles
2379 5857 2539 5900 canes
2554 5850 2756 5913 essent,
2779 5842 2824 5900 si
2840 5849 2893 5900 et
2914 5840 3105 5900 latrare
3121 5843 3337 5914 scirent,
3357 5852 3412 5902 ct
3432 5844 3655 5919 vigilare
