4154 6354
330 426 434 482 637

325 557 446 597 raro
470 543 539 598 ita
564 541 835 613 Scriptura
861 542 1007 613 ponit
1028 550 1083 596 ut
1109 540 1429 609 intelligatur
1451 537 1608 589 oratio
1634 551 1650 589 :
1676 536 1765 590 sed
1791 536 1899 604 ple-

324 649 549 703 rumque
569 644 621 691 et
638 636 802 690 multo
818 634 1062 689 usitatius
1078 628 1254 685 votum
1274 629 1501 700 appellat
1517 633 1676 698 εὐχήν,
1702 653 1897 700 προσευ-

325 740 411 796 χήν
429 742 576 790 vero,
596 728 734 797 quod
758 727 973 783 verbum
995 727 1064 779 ita
1094 724 1318 794 positum
1336 731 1416 777 est
1437 722 1573 775 unde
1592 732 1897 801 tractamus,

324 834 537 887 semper
574 819 849 872 orationem
876 826 1044 871 vocat.
1080 815 1229 872 Unde
1262 815 1397 868 hanc
1436 811 1895 893 verbioriginem,

323 910 462 965 sicut
485 912 728 980 superius
758 908 896 975 dixi,
920 910 1151 964 nonnulli
1178 907 1348 962 minus
1374 907 1576 961 erudite
1598 906 1863 960 intuentes
1880 949 1895 973 ,

323 1018 582 1073 πρωιυχήυ
602 1022 708 1060 non
733 1006 1023 1070 orationem,
1049 1004 1140 1059 sed
1163 1004 1503 1057 adorationem
1525 1003 1703 1057 dicere
1725 1002 1900 1057 volue-

322 1106 467 1157 runt.
492 1113 607 1166 qua:
628 1098 800 1166 potius
822 1103 1121 1165 προσκύνησις
1142 1095 1365 1149 dicitur:
1387 1094 1479 1148 sed
1501 1094 1619 1164 quia
1643 1097 1801 1147 oratio
1826 1094 1896 1147 in-

323 1186 528 1241 tertium
547 1199 759 1241 meatur
774 1192 910 1256 εὐχή,
928 1186 1154 1239 adoratio
1171 1193 1347 1257 putata
1361 1193 1441 1238 est.
1459 1197 1709 1257 προσευχὴ.
1730 1185 1894 1238 Porro

321 1278 362 1330 si
382 1280 644 1339 usitatius,
667 1279 858 1343 utdixi,
879 1272 929 1332 in
951 1278 1233 1346 Scripturis
1250 1286 1427 1332 votum
1446 1276 1736 1347 appellatur
1755 1280 1892 1341 εὐχή,

320 1381 544 1440 excepto
572 1370 785 1426 nomine
813 1372 1045 1441 generali
1072 1371 1332 1435 orationis,
1361 1386 1422 1423 ea
1455 1371 1664 1440 prOprie
1696 1370 1891 1423 intelli-

320 1461 493 1529 gelida
518 1470 598 1516 est
628 1462 814 1525 oratio,
845 1477 1000 1533 quam
1032 1461 1249 1516 facimus
1277 1461 1341 1515 ad
1364 1474 1562 1523 votum,
1591 1461 1641 1514 id
1672 1470 1751 1513 est
1782 1471 1893 1530 πρὸς

322 1555 478 1619 αὐχήν.
526 1540 800 1608 Voventur
837 1565 1011 1607 autem
1054 1552 1226 1607 omnia
1270 1569 1387 1623 qum
1431 1553 1719 1606 oll‘eruntur
1765 1553 1889 1618 Deo,

322 1644 550 1697 maxime
576 1644 743 1699 sancti
783 1644 963 1699 altaris
990 1645 1216 1709 oblatio;
1252 1628 1354 1713 quo
1389 1642 1731 1699 Saerameuto
1762 1658 1895 1707 DRU-

321 1735 524 1790 dicatur
551 1745 789 1790 nostrum
826 1736 953 1790 illud
983 1746 1162 1790 votum
1205 1735 1509 1811 maximum,
1545 1749 1650 1803 quo
1680 1748 1775 1787 nos
1801 1748 1893 1787 vo-

320 1828 491 1880 vimus
533 1827 582 1880 in
614 1827 825 1880 Christo
852 1842 970 1882 eSse
1001 1842 1294 1890 mansuros,
1336 1812 1513 1894 utique
1542 1826 1593 1879 in
1637 1839 1890 1894 compage

320 1918 558 1986 corporis
598 1916 812 1971 Christi.
858 1918 1020 1986 Cujus
1062 1919 1136 1971 rei
1184 1926 1567 1970 sacramentum
1608 1926 1709 1981 est,
1753 1916 1889 1985 quod

319 2026 455 2063 unus
474 2009 646 2080 panis,
680 2025 837 2063 unum
874 2024 1063 2078 Corpus
1093 2008 1241 2062 multi
1273 2022 1454 2062 smnus
1482 2008 1522 2079 (Ι
1549 2006 1671 2073 Cor.
1700 2024 1752 2072 χ,
1780 2007 1887 2078 17).

318 2099 443 2154 Ideo
478 2102 526 2153 3n
568 2100 721 2169 hujus
754 2101 1181 2155 sanctiﬁcatioois
1215 2102 1610 2170 [lI’it‘[)ill‘illi0ﬂ(‘.,
1648 2101 1891 2154 existimo

318 2172 863 2263 Apostolumjussisse
887 2190 1094 2261 proprie
1114 2192 1223 2244 ﬁeri
1244 2198 1513 2262 προςευχάς,
1537 2191 1587 2245 id
1605 2200 1684 2245 est
1700 2193 1887 2244 oratio—

317 2297 425 2343 nes,
459 2280 559 2343 vel,
594 2291 652 2335 ut
689 2281 926 2335 nonnulli
976 2281 1148 2335 minus
1178 2268 1341 2349 perite
1379 2272 1702 2349 interpretati
1746 2292 1885 2346 sunt,

316 2370 672 2437 adorationes;
714 2372 814 2426 hoc
843 2352 921 2427 est
952 2371 1094 2426 enim
1135 2372 1199 2425 ad
1231 2380 1428 2437 votum,
1472 2371 1610 2440 quod
1649 2372 1891 2425 usitatius

316 2463 370 2519 in
399 2450 685 2534 Scripturis
710 2454 1041 2533 nuncupatur
1062 2469 1197 2533 εὐχή.
1230 2462 1662 2534 Interpellationes
1688 2474 1885 2529 autem,

316 2556 450 2622 sive,
480 2540 536 2608 ut
557 2556 717 2610 vestri
739 2554 950 2611 codices
969 2556 1180 2617 habent,
1207 2555 1583 2625 postulationes,
1613 2544 1743 2607 Iiunt
1768 2569 1885 2607 cum

316 2647 540 2716 populus
567 2646 899 2702 benedicitur
927 2664 939 2699 :
974 2656 1101 2701 tunc
1131 2647 1268 2700 enim
1307 2645 1587 2711 antistites,
1620 2646 1763 2700 velut
1791 2644 1887 2699 ad-

316 2737 509 2804 vocati,
536 2747 809 2805 suseeptos
837 2752 960 2791 suos
992 2752 1083 2805 per
1108 2751 1293 2789 manus
1317 2735 1703 2804 impositioncm
1731 2737 1889 2789 mise-

316 2829 689 2883 ricordissimze
729 2829 957 2883 oﬂ'eruut
1002 2828 1266 2898 potestati.
1309 2828 1509 2895 Quibus
1555 2830 1798 2898 peractis,
1835 2840 1885 2885 et

317 2922 629 2990 participato
657 2930 801 2975 tanto
844 2908 1205 2985 Sacrainento,
1236 2922 1507 2990 gratiarum
1544 2923 1672 2975 actio
1699 2932 1887 2977 cuncta

315 3014 601 3079 concludit,
646 3030 802 3084 quam
847 3015 898 3069 in
925 3016 1019 3085 [his
1063 3015 1220 3068 etiam
1248 3014 1424 3069 verbis
1468 3004 1702 3069 ultimam
1740 3031 1886 3070 com-

314 3104 582 3158 mendavit
603 3105 903 3175 Apostolus.

388 3196 474 3249 17.
517 3196 637 3250 Ηιρυ
678 3207 853 3251 autem
894 3211 1049 3251 causa
1086 3197 1349 3267 praecipua
1380 3194 1475 3249 fuit
1518 3186 1615 3249 ista
1654 3188 1881 3262 dicendi,

316 3296 371 3338 ut
402 3285 481 3339 his
508 3286 738 3341 breviter
764 3272 1051 3356 perstrictis
1082 3296 1235 3356 atque
1266 3286 1590 3359 signiﬁcatis,
1614 3303 1715 3340 non
1740 3299 1888 3357 puta—

313 3387 465 3430 retur
504 3362 867 3447 negligendum
907 3393 1022 3432 esse
1061 3378 1198 3448 quod
1241 3379 1499 3448 sequitur,
1541 3395 1632 3449 pro
1664 3379 1888 3434 omnibus

314 3455 623 3531 hominibus,
662 3486 750 3538 pro
776 3468 993 3540 regibus,
1034 3478 1079 3522 et
1108 3470 1184 3522 liis
1208 3468 1293 3539 qui
1331 3470 1384 3522 in
1414 3460 1715 3523 sublimitate
1749 3481 1882 3536 sunt,

314 3564 368 3607 ut
393 3556 605 3625 quietam
629 3566 673 3609 et
711 3546 1031 3626 tranquillam
1059 3558 1206 3612 vitam
1231 3552 1439 3630 agamus
1467 3560 1520 3613 in
1545 3560 1678 3613 omni
1708 3561 1889 3629 pietate

314 3657 358 3699 et
384 3632 625 3702 citaritate
648 3665 665 3702 :
688 3665 753 3704 ne
777 3650 1070 3721 quisquam,
1097 3650 1231 3705 sicut
1254 3666 1313 3706 se
1343 3651 1501 3706 habet
1526 3651 1770 3707 humanm
1793 3668 1887 3709 co-

313 3741 581 3808 gitationis
606 3728 899 3808 inﬁrmitas,
926 3732 1251 3798 esistimaret
1269 3759 1370 3799 non
1392 3760 1509 3798 esse
1532 3746 1627 3798 ista
1650 3744 1885 3801 facienda

314 3844 409 3898 pro
447 3830 529 3884 his
568 3848 597 3884 a
633 3832 822 3902 quibus
846 3833 1267 3901 persecutionem
1302 3835 1598 3904 patiebatur
1626 3832 1882 3901 Ecclesia,

312 3935 429 3973 cum
463 3921 697 3975 membra
719 3921 911 3976 Christi
943 3940 1005 3977 ex
1033 3923 1175 3977 omni
1196 3933 1373 3997 essent
1401 3924 1666 3979 hominum
1692 3940 1887 3997 genere

312 4012 625 4082 coiligenda.
658 4010 809 4068 Unde
829 4012 1063 4083 adjuugit
1087 4023 1141 4068 et
1164 4013 1324 4069 dicit:
1346 4012 1457 4068 Hoc
1482 4016 1611 4069 enim
1630 4015 1813 4070 bonum
1840 4025 1887 4070 et

311 4098 567 4175 acceptum
604 4115 677 4159 est
712 4123 879 4159 coram
923 4104 1187 4161 Saluatore
1222 4116 1390 4160 nostro
1435 4105 1557 4171 Deo,
1598 4109 1683 4178 qui
1717 4126 1884 4164 omnes

310 4196 533 4250 homines
564 4197 666 4249 vult
695 4196 855 4249 salvas
884 4192 1012 4265 ﬁeri,
1057 4198 1105 4250 et
1136 4196 1190 4249 in
1225 4197 1527 4266 agnitionem
1558 4197 1775 4251 veritatis
1799 4215 1881 4252 ve-

308 4288 433 4340 nire.
465 4287 533 4341 Et
560 4304 626 4341 ne
652 4289 925 4357 quisquam
957 4284 1156 4343 diceret
1189 4290 1343 4357 pesse
1378 4305 1498 4343 esse
1533 4290 1713 4343 salutis
1745 4292 1881 4345 viain

308 4378 359 4432 in
383 4379 518 4433 bona
536 4376 1002 4434 conversatimieet
1029 4380 1182 4433 unius
1204 4372 1294 4435 Dei
1320 4381 1694 4449 omnipotentis
1714 4381 1879 4449 cultu,

306 4471 422 4525 sine
445 4468 842 4539 participatione
867 4471 1105 4540 corporis
1126 4479 1177 4526 et
1198 4471 1466 4540 sanguinis
1482 4469 1709 4535 Christi;
1739 4468 1881 4525 Unus

304 4562 438 4615 enim
466 4560 625 4628 Deus,
669 4555 948 4631 inquit,'et
984 4562 1114 4615 unus
1152 4562 1394 4615 mediator
1425 4561 1519 4615 Dei
1553 4571 1597 4616 et
1624 4561 1880 4617 hominum

305 4653 454 4706 homo
476 4650 702 4706 Christus
725 4651 875 4706 Iesus
900 4670 916 4707 :
943 4660 997 4705 ut
1024 4651 1150 4705 illud
1180 4650 1319 4722 quod
1350 4652 1573 4715 dixerat,
1606 4670 1773 4708 omnes
1798 4655 1881 4705 lio-

303 4742 461 4795 mines
504 4741 605 4795 vult
643 4742 806 4796 salvos
855 4741 984 4809 ﬁeri,
1027 4742 1172 4795 nullo
1216 4743 1319 4796 alio
1357 4742 1515 4797 modo
1563 4743 1879 4815 intelligatur

302 4832 566 4902 praestari,
592 4834 691 4887 nisi
718 4850 810 4903 per
830 4833 1196 4901 mediatorem,
1229 4852 1330 4889 non
1359 4835 1544 4900 Deum,
1574 4838 1710 4906 quod
1736 4854 1879 4891 sem-

300 4940 398 4995 per
442 4926 670 4981 Vcrbum
717 4920 851 4992 erat,
907 4925 999 4980 sed
1052 4927 1317 4982 hominem
1361 4929 1625 4982 Christum
1674 4930 1875 4998 Jesmn,

300 5028 420 5068 cum
458 5015 683 5069 Verbum
714 5031 837 5070 caro
878 5017 1068 5071 factum
1111 5004 1211 5085 est,
1252 5027 1307 5073 et
1342 5017 1593 5074 habitavit
1633 5019 1685 5075 iu
1727 5020 1877 5076 nobis

301 5105 477 5177 (ιοαη.
504 5124 541 5175 ι,
572 5106 680 5180 ιι).

371 5199 458 5255 18.
500 5196 650 5256 Unde
671 5214 767 5255 nec
790 5196 915 5256 illud
940 5206 1145 5256 moveat
1175 5208 1244 5266 te,
1268 5201 1407 5271 quod
1428 5201 1495 5259 de
1519 5202 1710 5258 Judreis
1738 5206 1872 5260 idem

294 5293 571 5360 apostolus
610 5293 721 5347 ait:
754 5293 1039 5347 Secundum
1085 5293 1412 5365 Evangelium
1454 5296 1652 5365 quidem
1687 5300 1875 5353 inimici

296 5394 504 5454 propter
527 5400 643 5452 vos;
672 5386 942 5439 secundum
969 5387 1253 5439 electionem
1289 5398 1453 5440 autem
1479 5387 1645 5443 dilecti
1674 5403 1873 5460 propter

294 5483 463 5545 patres
488 5473 664 5547 (Rom.
702 5491 779 5541 xi,
801 5476 914 5548 28).
948 5476 1183 5530 Altitudo
1215 5476 1410 5547 quippe
1452 5478 1539 5532 illa
1566 5479 1866 5536 divitiarum

289 5565 570 5633 sapientize
596 5574 650 5619 et
674 5565 905 5620 scientia:
933 5564 1043 5631 Dei,
1076 5576 1130 5622 et
1165 5566 1248 5621 illa
1282 5567 1635 5623 inscrutabilia
1670 5571 1865 5638 judicia

285 5656 428 5724 ejus,
455 5664 511 5711 et
539 5656 929 5727 investigabiles
956 5658 1054 5712 viae
1080 5658 1217 5728 ejus,
1246 5661 1379 5713 hanc
1408 5659 1649 5715 fidelibus
1688 5662 1865 5715 cordi-

283 5753 392 5811 bus
416 5767 660 5824 magnam
690 5754 935 5824 ingerunt
959 5753 1381 5822 admirationem,
1412 5755 1499 5825 qui
1525 5755 1592 5810 de
1613 5755 1752 5809 illius
1775 5772 1861 5813 sa-

283 5842 488 5914 pientia
523 5839 869 5917 pertendente
891 5858 920 5900 a
946 5842 1052 5903 ﬁne
1077 5856 1247 5918 usque
1269 5842 1337 5901 ad
1361 5844 1522 5902 linem
1550 5845 1775 5917 fortiter,
1806 5856 1861 5904 et

1514 419 1983 477 Ei‘lb‘lt1t..ti.tjii
2020 421 2293 479 Cl..-\SSiS
2316 418 2403 480 III.

3479 443 3580 504 633

2008 541 2183 596 omnia
2206 543 2436 600 suaviter
2460 530 2947 631 disponente(Saji.
2974 530 3087 618 vni,
3117 543 3169 622 li
3193 536 3297 608 noli
3317 527 3576 623 dubitant,

2008 632 2131 700 quid
2164 634 2234 688 sit
2260 635 2396 711 quod
2423 637 2466 690 ei
2492 637 2659 706 placet
2687 650 2742 692 ut
2770 632 3069 705 nasCantur,
3099 640 3335 697 crescant
3358 661 3419 698 ac
3448 634 3575 697 niui;

2006 723 2306 815 tiplicentur
2350 727 2420 789 hi,
2453 742 2582 798 quos
2614 730 2709 783 etsi
2743 732 2909 784 malos
2936 722 3062 803 ipse
3090 749 3190 786 non
3227 732 3369 801 fecit,
3404 740 3573 789 tamen

2004 815 2173 893 malos
2215 816 2416 871 futuros
2457 832 2573 872 esse
2606 822 2880 888 praescirit.
2915 822 3079 877 Nimis
3117 824 3255 879 enim
3297 820 3573 879 consilium

2003 905 2117 972 ejus
2142 906 2187 959 in
2212 907 2387 961 abdito
2412 919 2511 974 est,
2538 898 2641 980 quo
2671 912 2826 965 etiam
2858 914 3008 967 malis
3032 914 3164 969 bene
3192 915 3430 969 utiturad
3457 922 3573 985 pio-

2001 1007 2206 1050 vectum
2228 998 2504 1066 bonorum,
2532 1002 2687 1054 etiam
2716 1000 2763 1055 Ill
2796 996 2893 1057 hoc.
2924 1004 3208 1059 miriiieaus
3238 994 3569 1078 omnipoten-

2003 1085 2124 1138 tiam
2163 1086 2409 1142 bonitatis
2447 1104 2587 1143 suae:
2613 1092 2729 1161 quia
2779 1093 2910 1146 sicut
2948 1092 3157 1149 illorum
3203 1094 3447 1167 nequitiae
3491 1106 3570 1151 est

2001 1181 2138 1235 male
2178 1183 2248 1235 uti
2280 1183 2431 1235 bonis
2466 1168 2713 1252 operibus
2743 1188 2875 1255 ejus,
2916 1186 2993 1242 sic
3023 1187 3161 1242 illius
3191 1182 3463 1259 sapientia:
3489 1199 3571 1243 est

2000 1270 2135 1326 bene
2160 1275 2231 1327 uti
2258 1264 2407 1328 malis
2437 1276 2684 1343 operibus
2712 1274 2917 1331 eorum.

2072 1363 2156 1417 I9.
2202 1364 2347 1418 Hanc
2386 1364 2540 1433 igitur
2582 1362 2910 1420 altitudinem
2953 1362 3266 1423 sacramenti
3311 1358 3387 1424 sic
3425 1383 3568 1424 com-

2000 1448 2211 1510 mendat
2241 1459 2519 1526 Apostolus
2546 1475 2559 1510 :
2592 1457 2722 1511 Nolo
2751 1476 2835 1512 vos
2865 1459 3111 1530 ignorare,
3137 1464 3336 1532 fratres,
3364 1446 3457 1515 ltoc
3482 1479 3565 1516 sa-

1998 1558 2323 1610 cramentum,
2352 1559 2405 1601 ut
2432 1566 2528 1601 non
2559 1549 2664 1603 sitis
2689 1551 2819 1605 vobis
2848 1552 3116 1622 sapientes,
3134 1554 3247 1621 quia
3278 1554 3474 1606 accitus
3510 1548 3569 1606 er

1999 1647 2139 1707 parte
2178 1639 2227 1690 in
2272 1637 2433 1692 Israel
2470 1644 2605 1709 facta
2641 1638 2730 1706 est,
2760 1639 2914 1694 donec
2940 1640 3193 1713 plenitudo
3226 1640 3456 1696 Gentium
3485 1644 3563 1696 in-

1998 1736 2168 1793 traret,
2194 1739 2237 1781 et
2262 1730 2332 1783 sic
2352 1730 2510 1785 omnis
2528 1730 2690 1785 Israel
2705 1733 2872 1787 salvus
2888 1734 3025 1800 ﬁeret
3048 1730 3219 1805 (Rom.
3242 1749 3318 1801 ιι,
3341 1735 3429 1801 25,
3447 1735 3561 1805 26).

1997 1820 2080 1899 Ea:
2106 1833 2264 1891 parte,
2296 1822 2459 1889 dixit,
2482 1825 2602 1894 quia
2625 1824 2725 1879 non
2754 1816 2937 1881 omnes
2963 1829 3209 1880 excmcati
3240 1835 3358 1880 sunt
3381 1842 3392 1878 ε
3415 1836 3564 1881 erant

1997 1916 2137 1968 enim
2150 1932 2212 1969 ex
2229 1906 2419 1986 illisqui
2434 1900 2696 1971 Christum
2711 1908 3084 1989 cognoverunt.
3102 1912 3376 1973 Plenitudo
3389 1929 3562 1973 autem

1997 2005 2239 2060 Gentium
2260 2007 2308 2059 in
2330 2006 2408 2061 his
2431 2008 2602 2072 intrat,
2629 2009 2714 2078 qui
2734 2009 3020 2063 secundum
3050 2010 3371 2079 propositum
3390 2008 3561 2063 vocati

1994 2080 2143 2162 sunt;
2164 2107 2217 2151 et
2239 2100 2311 2151 sic
2328 2098 2499 2154 omnis
2518 2099 2675 2154 Israel
2697 2101 2871 2153 salvus
2889 2101 2993 2161 fiet,
3021 2102 3139 2170 quia
3154 2110 3205 2155 et
3219 2116 3282 2156 ex
3298 2100 3494 2156 Judmis
3510 2111 3562 2157 et

1995 2202 2057 2242 ex
2071 2188 2342 2244 Gentibus.
2365 2186 2449 2259 qni
2474 2188 2757 2245 secundum
2774 2191 3099 2263 propositum
3118 2194 3281 2244 vocati
3308 2201 3447 2254 sunt,
3466 2191 3561 2260 ipsi

1998 2295 2154 2333 verus
2176 2283 2186 2313 ¹
2212 2293 2332 2335 sunt
2356 2272 2533 2351 Israel,
2555 2284 2617 2336 de
2631 2298 2738 2354 quo
2760 2283 2885 2337 dicit
2908 2282 3045 2337 idem
3068 2284 3368 2352 Apostolus,
3396 2282 3460 2337 Et
3485 2300 3563 2335 su-

1994 2370 2081 2441 per
2100 2369 2260 2425 Israel
2288 2368 2379 2425 Dei
2404 2370 2589 2439 (Galat.
2618 2389 2690 2439 vt,
2725 2372 2813 2443 ibi)
2844 2391 2855 2425 :
2887 2373 3007 2428 illos
3046 2383 3221 2428 autem
3249 2374 3373 2428 dicit
3400 2372 3561 2427 Israel

1993 2461 2279 2515 semiudum
2309 2448 2547 2526 carnem;
2574 2461 2761 2531 Videte,
2778 2462 2962 2533 inquit,
2985 2460 3145 2517 Israel
3160 2463 3431 2517 secundum
3452 2478 3563 2515 car-

1995 2550 2101 2605 nem
2149 2546 2200 2620 (I
2231 2552 2346 2605 Cor.
2390 2569 2443 2619 x,
2486 2552 2595 2629 18).
2646 2548 2842 2609 Deinde
2884 2555 3171 2623 interponit
3208 2556 3559 2609 testimonium

1995 2638 2282 2712 prophetae,
2326 2645 2491 2699 Veniet
2526 2646 2584 2699 ei?
2609 2644 2756 2713 Sion,
2784 2649 2866 2718 qui
2895 2647 3074 2717 eripiat
3097 2656 3143 2701 et
3168 2657 3352 2701 avertat
3384 2646 3561 2716 impie-

1992 2742 2138 2788 tatem
2161 2736 2219 2789 ab
2238 2735 2434 2800 Iacob;
2462 2746 2503 2789 et
2534 2736 2625 2789 hoc
2647 2737 2744 2791 illis
2764 2755 2795 2790 ιι
2822 2756 2897 2792 me
2918 2746 3279 2804 testamentum,
3305 2732 3415 2790 cum
3437 2739 3521 2791 alis
3541 2768 3557 2777 -

1995 2825 2151 2878 tulero
2194 2835 2391 2895 peream
2430 2841 2593 2879 eorum
2633 2825 2780 2899 (lsai.
2811 2842 2915 2889 ux,
2947 2825 3037 2899 20)
3064 2845 3076 2881 :
3106 2842 3207 2881 non
3240 2827 3415 2897 utique
3446 2842 3559 2881 om-

1992 2916 2137 2969 nimn
2166 2915 2487 2980 .ludmoruui,
2518 2916 2607 2971 sed
2627 2917 2993 2971 dilectorum'.

2062 3006 2150 3061 9.0.
2195 3006 2325 3060 Hinc
2352 3006 2582 3077 adjuugit
2611 3018 2691 3073 ea,
2721 3025 2838 3078 quae
2869 3009 3175 3079 inquirenda
3208 3008 3449 3079 posuisti,
3476 3009 3561 3065 Se-

1992 3098 2210 3151 cundum
2244 3098 2566 3169 Ia‘vangelium
2600 3099 2798 3170 quidem
2837 3099 3029 3153 inimici
3066 3108 3265 3171 prapter
3294 3116 3397 3154 vos.
3428 3100 3559 3155 Pre-

1996 3188 2119 3244 tium
2144 3191 2335 3261 quippe
2376 3191 2747 3262 redemptionis
2776 3203 2969 3247 nostra)
3000 3194 3210 3263 sanguis
3239 3202 3320 3248 est
3346 3192 3554 3258 Christi,

1992 3286 2079 3353 qui
2110 3285 2287 3353 utique
2331 3285 2534 3338 nonnisi
2575 3286 2638 3338 ab
2678 3285 2902 3339 inimicis
2931 3286 3097 3355 potuit
3137 3284 3323 3341 occidi.
3358 3280 3450 3340 llic
3480 3296 3559 3341 est

1992 3372 2081 3427 ille
2104 3376 2227 3427 usus
2254 3374 2510 3427 iiialorum
2539 3375 2588 3429 in
2618 3385 2919 3445 provectum
2949 3377 3224 3430 bonorum.
3251 3376 3399 3445 Quod
3434 3393 3558 3432 vero

1991 3462 2246 3534 adjungit,
2272 3464 2542 3518 secundum
2563 3466 2846 3520 electionem
2872 3476 3038 3521 autem
3059 3467 3222 3522 dilecti
3247 3479 3447 3539 propter
3470 3486 3558 3539 pa-

1992 3562 2109 3620 tres,
2137 3554 2260 3611 liine
2284 3557 2517 3612 ostendit
2540 3546 2641 3612 non
2671 3560 2786 3614 illos
2808 3558 3067 3627 inimicos,
3100 3559 3192 3615 sed
3218 3563 3413 3617 electos
3442 3578 3557 3618 esse

1991 3644 2227 3700 dilectos.
2255 3643 2359 3702 Sed
2382 3647 2667 3719 Scriptura:
2698 3652 2813 3703 mos
2833 3659 2912 3704 est
2933 3650 3000 3704 ita
3029 3650 3168 3720 loqui
3190 3650 3257 3705 de
3281 3661 3424 3720 parte
3447 3661 3558 3705 tan-

1990 3750 2147 3805 quam
2188 3736 2253 3791 de
2293 3745 2439 3793 toto:
2471 3738 2603 3793 sicut
2647 3732 2947 3794 Corinthios
2993 3740 3044 3794 in
3090 3742 3270 3810 primis
3316 3743 3558 3813 lipistolie

1990 3842 2099 3881 sua:
2142 3830 2395 3898 partibus,
2438 3830 2507 3884 ita
2538 3829 2714 3885 laudat
2756 3838 3000 3900 tanquam
3044 3846 3229 3886 omnes
3250 3834 3381 3888 tales
3425 3835 3551 3899 sint,

1991 3932 2109 3973 eum
2150 3928 2327 3974 essent
2364 3920 2652 3975 laudabiles
2688 3922 2898 3990 quidam
2942 3936 3159 3985 eorum;
3200 3933 3251 3977 et
3286 3920 3462 3993 pbstea
3505 3927 3555 3979 in

1991 4009 2257 4064 nonnullis
2284 4010 2533 4079 Epistula;
2570 4010 2733 4080 ipsius
2762 4012 2911 4077 locis,
2958 4013 3027 4067 ita
3074 4004 3410 4082 reprehendit
3439 4024 3554 4068 tan-

1990 4112 2145 4167 quam
2179 4114 2362 4153 omnes
2393 4099 2676 4171 culpabiles
2715 4111 2911 4168 essent,
2945 4098 3156 4173 propter
3183 4094 3435 4173 quosdam
3463 4105 3552 4174 qui

1989 4188 2121 4244 tales
2147 4201 2314 4244 erant.
2345 4186 2500 4244 Istam
2528 4192 2821 4248 divinarum
2848 4192 3235 4265 Scripturarum
3273 4208 3555 4251 consuetu-

1988 4276 2165 4335 dinem
2198 4297 2290 4350 per
2317 4297 2472 4337 omne
2508 4296 2701 4352 Corpus
2743 4285 3059 4341 Litterarum
3091 4286 3204 4356 ejus
3233 4288 3555 4346 creberrime

1989 4385 2245 4439 sparsam,
2266 4374 2500 4441 quisquis
2517 4373 2799 4443 diligenter
2814 4368 3116 4444 adverterit,
3139 4376 3295 4432 multa
3315 4380 3554 4436 dissolvit

1988 4466 2106 4532 qna:
2140 4464 2277 4519 inter
2314 4480 2370 4518 se
2406 4465 2649 4520 videntur
2681 4481 2799 4521 esse
2837 4470 3119 4523 contraria.
3145 4470 3387 4526 Inimicos
3428 4480 3554 4545 ergo

1986 4554 2117 4609 alios
2130 4555 2275 4621 dicit,
2296 4557 2427 4612 alios
2443 4557 2690 4615 dilectos:
2712 4561 2800 4615 sed
2825 4562 2939 4631 quia
2964 4563 3015 4617 in
3042 4579 3146 4618 uno
3166 4556 3355 4637 populo
3382 4580 3551 4634 erant,

1985 4640 2351 4702 veluteosdem
2374 4650 2513 4717 ipsos
2528 4641 2703 4707 dicere
2720 4651 2942 4707 videtur.
2959 4655 3263 4726 Quanquam
3279 4667 3331 4713 et
3347 4675 3408 4713 ex
3427 4661 3552 4729 ipsis

1985 4736 2213 4794 inimicis
2229 4740 2315 4808 qui
2337 4741 2706 4796 erucillxerunt
2731 4744 3029 4812 Dominum,
3056 4747 3290 4819 plerique
3311 4757 3549 4807 conversi

1985 4839 2128 4895 sunt,
2161 4842 2213 4884 et
2236 4840 2590 4899 apparuerunt
2614 4833 2787 4887 electi.
2815 4835 2962 4890 Tunc
2992 4838 3165 4905 electi,
3191 4836 3398 4910 quando
3426 4860 3545 4899 cou-

1983 4921 2157 4985 versi,
2206 4930 2453 4989 quantum
2506 4921 2572 4975 ad
2622 4923 2801 4977 salutis
2848 4926 3093 4981 initium:
3123 4941 3373 4999 quantum
3425 4949 3550 4989 vero

1983 5011 2048 5066 ad
2082 5012 2169 5065 Dei
2202 5010 2607 5081 praescientiain,
2647 5028 2755 5069 non
2783 5023 2906 5070 tunc
2935 5018 3111 5086 electi,
3141 5022 3231 5075 sed
3263 5016 3385 5078 aute
3424 5041 3545 5080 con-

1984 5102 2303 5156 stitutionem
2347 5102 2548 5169 mundi,
2591 5104 2730 5159 sicut
2767 5104 2903 5160 idem
2931 5108 3058 5164 dicit
3092 5115 3383 5181 apostolus,
3412 5119 3547 5186 quod

1982 5193 2199 5262 elegerit
2230 5208 2325 5245 nos
2366 5204 2488 5249 ante
2531 5197 2711 5251 mundi
2750 5198 3176 5258 constitutionem
3216 5205 3376 5277 (Eph.
3403 5221 3438 5271 t,
3472 5210 3547 5277 4).

1981 5285 2192 5339 Duobus
2230 5286 2404 5356 itaque
2440 5287 2629 5355 modis,
2673 5280 2773 5360 ipsi
2817 5288 3011 5348 inimici
3072 5296 3160 5365 qui
3198 5294 3410 5354 dilecti:
3443 5277 3550 5356 sive

1978 5375 2098 5445 quia
2133 5376 2183 5428 in
2212 5391 2318 5431 uno
2346 5380 2539 5448 pepulo
2568 5378 2775 5452 Utrique
2800 5382 3037 5451 fuerant;
3068 5388 3182 5441 sive
3210 5382 3327 5457 quia
3354 5404 3417 5445 ex
3451 5393 3545 5445 iiii-

1976 5467 2129 5521 micis
2167 5470 2500 5524 ssevicntibus
2539 5488 2704 5541 usque
2744 5473 2809 5528 ad
2847 5476 3152 5546 sanguinem
3183 5480 3397 5545 Christi,
3430 5484 3535 5552 qui-

1973 5556 2094 5611 dam
2125 5566 2307 5611 eorum
2348 5560 2522 5614 dilecti
2554 5561 2673 5616 facti
2713 5566 2863 5618 erant
2901 5568 3187 5622 secundum
3230 5570 3543 5628 electionem

1973 5662 2090 5717 quin
2119 5650 2314 5703 latebat
2341 5650 2393 5705 in
2423 5655 2748 5722 przescientia
2772 5654 2889 5712 Del.
2917 5657 2996 5712 Ad
3024 5658 3124 5715 hoc
3152 5662 3291 5718 enim
3320 5664 3541 5733 addidit,

2033 5799 2051 5873 ξ
2072 5806 2138 5873 ita
2151 5801 2205 5873 in
2224 5803 2433 5873 Mss.rubl
2456 5804 2506 5854 in
2526 5786 2636 5856 Edd.
2660 5805 2935 5873 legebatur,
2951 5810 3126 5865 verius.

2031 5863 2052 5893 ³
2072 5861 2203 5922 add,
2227 5864 2499 5917 electorum.
2526 5874 2581 5919 At
2602 5861 2935 5927 MSS.va
2954 5861 3047 5926 sed
3067 5861 3369 5933 dilectarum.
