4154 6354
580 356 685 420 639

581 485 787 553 propter
808 483 1007 550 patres;
1034 471 1156 546 quia
1184 470 1238 528 id
1265 467 1405 541 quod
1432 465 1671 539 patribus
1701 464 2023 535 promissum
2062 468 2146 515 est

578 573 858 645 oportebat
893 568 1121 641 impleri,
1153 566 1291 621 sicut
1318 563 1459 618 circa
1484 559 1641 615 ﬁnem
1666 557 1920 628 Epistula:
1944 555 2011 610 ad
2039 554 2149 609 Ro-

577 680 765 721 manos
802 664 875 718 ait
901 680 915 715 :
941 660 1068 715 Dico
1096 658 1227 714 enim
1260 654 1515 711 Christum
1542 652 1826 705 ministrum
1857 649 2010 720 fuisse
2035 647 2146 716 ξείν-

574 756 894 815 cttmcisionis
935 762 1139 825 propter
1182 749 1434 804 veritatem
1481 744 1612 809 Dei,
1661 744 1729 797 ad
1773 739 2149 811 conﬁrmandus

576 850 927 921 promissiones
956 856 1179 917 patrum.
1224 840 1402 896 Gentes
1429 848 1595 893 autem
1629 852 1780 906 super
1804 833 2147 889 misericordia

572 941 857 1013 gloriﬁcare
902 936 1060 990 Deum
1098 933 1273 1005 (Rom.
1309 947 1400 996 xv,
1435 930 1489 996 8,
1517 928 1593 999 9).
1642 926 1941 983 Secundum
1989 926 2143 979 istam

573 1030 986 1089 misericordiam
1009 1028 1207 1082 dictum
1229 1034 1330 1088 est,
1350 1022 1539 1079 inimici
1561 1030 1765 1092 propter
1786 1036 1871 1074 vos
1894 1016 2069 1089 :quod
2090 1024 2145 1072 et

570 1139 726 1195 supra
753 1122 977 1187 dixerat,
1007 1118 1223 1173 Illorum
1249 1116 1428 1170 delicto
1454 1114 1593 1169 salus
1624 1112 1885 1166 Gentibus.

638 1216 727 1271 2|.
768 1213 900 1269 Cum
925 1222 1099 1267 autem
1128 1211 1368 1275 dixisset,
1400 1206 1675 1262 secundum
1705 1205 1990 1259 electionem
2015 1202 2143 1256 dile-

566 1310 634 1364 cti
661 1317 865 1381 propter
892 1316 1079 1378 patres,
1111 1303 1330 1368 addidit,
1378 1301 1503 1357 Sine
1532 1300 1820 1372 poenitentia
1862 1298 1992 1352 enim
2026 1304 2143 1350 sunt

567 1404 701 1457 dona
734 1410 780 1455 et
812 1400 1003 1454 vacatio
1038 1397 1155 1451 Dei.
1187 1395 1347 1451 Vides
1380 1404 1523 1449 certe
1552 1392 1670 1447 illos
1710 1389 2010 1461 signiﬁcari,
2050 1387 2140 1458 qui

564 1494 832 1563 pertinent
863 1491 928 1545 ad
970 1504 1244 1545 numerum
1280 1485 1791 1558 prmdestinatorum.
1837 1483 1909 1536 De
1950 1480 2141 1551 quibus

563 1587 667 1641 alio
693 1587 809 1641 loco
838 1585 984 1649 dicit,
1030 1581 1232 1638 Scimus
1259 1581 1376 1651 quia
1405 1577 1725 1649 diligentibus
1769 1574 1933 1629 Deum
1969 1575 2139 1627 omnia

561 1686 893 1748 cooperantur
934 1677 987 1729 in
1022 1674 1225 1740 bonum,
1259 1674 1336 1726 his
1378 1672 1463 1742 qui
1509 1669 1782 1724 secundum
1828 1666 2138 1738 prapositum

550 1768 721 1825 uocati
754 1769 927 1824 sunt‘.
967 1767 1113 1822 Multi
1139 1765 1281 1821 enim
1312 1772 1435 1817 sunt
1458 1762 1649 1825 vocati,
1684 1759 1833 1830 pauci
1858 1774 1985 1813 vero
2021 1757 2134 1813 ele-

560 1865 629 1919 cti
654 1862 863 1935 (Matth.
890 1876 1023 1923 xxn,
1056 1858 1141 1931 14)
1173 1876 1185 1911 :
1212 1857 1301 1928 qui
1323 1871 1447 1911 vero
1469 1855 1643 1921 electi,
1672 1853 1772 1923 ipsi
1798 1860 1919 1907 sunt
1945 1867 2138 1906 secun-

560 1954 685 2010 dum
715 1952 1040 2023 propositum
1068 1949 1269 2013 vocati;
1308 1948 1360 2001 in
1395 1946 1584 2017 quibus
1626 1944 1718 1998 Dei
1756 1943 1935 2014 procul
1973 1942 2134 1997 dubio

557 2045 889 2116 pi'arscientia
918 2043 1023 2097 falli
1052 2058 1155 2097 non
1182 2049 1376 2111 potest.
1410 2038 1519 2092 llos
1539 2037 1783 2109 prwscivit
1807 2046 1853 2090 et
1880 2035 2135 2104 prtedesti-

558 2138 691 2192 navit
719 2139 999 2208 conformes
1024 2134 1256 2203 imaginis
1282 2131 1405 2185 Filii
1436 2132 1536 2198 sui,
1575 2140 1631 2183 ut
1663 2131 1725 2183 sit
1752 2130 1858 2200 ipse
1886 2128 2133 2200 primoge-

558 2230 690 2283 nitus
718 2228 771 2281 in
803 2225 973 2280 multis
998 2226 1254 2296 fratribus.
1286 2223 1425 2289 Quos
1453 2232 1618 2275 autem
1644 2221 2032 2291 praedestinavit,
2063 2220 2132 2274 il-

558 2318 633 2374 los
659 2314 705 2373 et
732 2318 938 2371 vocavit.
970 2315 1093 2370 Haec
1114 2314 1321 2369 vocatio
1345 2322 1427 2369 est
1452 2311 1742 2369 secundum
1768 2312 2126 2381 pr0positum;

560 2410 676 2465 haec
708 2416 790 2464 est
828 2408 943 2462 sine
969 2406 1300 2478 paenitentia.
1336 2404 1472 2469 Quos
1506 2413 1672 2457 autem
1700 2405 1910 2469 vocavit,
1942 2402 2059 2457 illos
2084 2412 2130 2456 et

547 2502 879 2575 justiﬁcavit:
906 2517 1027 2570 quos
1056 2509 1223 2554 autem
1242 2498 1559 2569 justiﬁcavit,
1587 2496 1701 2551 illos
1735 2506 1781 2551 et
1810 2496 2126 2567 gloriﬁcavit.

557 2592 619 2649 Si
648 2593 783 2647 Deus
821 2607 912 2663 pro
939 2591 1098 2656 nobis,
1129 2588 1242 2661 quis
1282 2598 1459 2643 contra
1490 2604 1581 2642 nos
1609 2588 1781 2659 (Rom.
1812 2602 1867 2652 v,
1897 2586 2130 2657 28—51)?

626 2684 712 2740 22.
752 2684 868 2740 Non
893 2692 1017 2739 sunt
1042 2684 1092 2738 in
1122 2684 1220 2737 ista
1244 2682 1539 2747 vocatione,
1563 2682 1650 2752 qui
1682 2680 1733 2734 in
1762 2680 1864 2735 ﬁde
1891 2696 2008 2751 qua:
2034 2696 2129 2750 per

553 2776 889 2832 dilectionem
910 2782 1157 2845 operatur
1181 2772 1373 2846 (Galat.
1396 2788 1450 2837 v,
1474 2772 1552 2840 6),
1571 2772 1777 2827 etiamsi
1801 2772 2127 2842 aliquantum

553 2868 842 2933 ambulant,
865 2882 972 2921 non
999 2874 1341 2938 perseverant
1367 2880 1531 2936 usque
1560 2865 1613 2919 in
1646 2864 1823 2919 ﬁnem.
1855 2865 1917 2919 Et
1946 2866 2127 2935 utique

552 2968 839 3030 potuerunt
862 2958 991 3029 rapi,
1019 2974 1085 3013 ne
1109 2958 1305 3013 malitia
1330 2966 1560 3012 mutaret
1583 2956 1911 3011 intellectum
1941 2973 2125 3013 eorum

552 3049 707 3121 (Sap.
737 3064 810 3116 tv,
842 3050 954 3120 il),
981 3049 1025 3103 si
1053 3048 1120 3103 ad
1158 3048 1302 3103 illam
1334 3047 1847 3118 prazdestinationem
1890 3057 1944 3102 et
1972 3063 2127 3102 voca-

552 3140 769 3205 tionem,
797 3155 915 3211 quae
954 3138 1243 3195 secundum
1268 3138 1599 3210 propositum
1638 3146 1692 3193 et
1724 3138 1839 3193 sine
1864 3138 2125 3208 poeniten-

554 3233 621 3289 tia
648 3243 745 3299 est,
780 3233 1126 3302 pertinerent.
1159 3234 1226 3286 At
1256 3246 1322 3286 ne
1362 3230 1638 3302 quisquam
1665 3238 2017 3301 praesumptor
2054 3230 2125 3286 ita

550 3325 619 3381 de
657 3326 879 3395 occultis
909 3324 1111 3395 judicet
1148 3324 1354 3387 alienis,
1402 3332 1460 3377 ut
1484 3322 1643 3389 dicat,
1676 3322 1797 3377 Ideo
1839 3338 1943 3377 non
1988 3324 2125 3393 rapti

550 3425 673 3471 sunt
708 3430 775 3471 ex
814 3415 912 3469 hac
946 3416 1071 3480 vita,
1115 3423 1395 3485 antequam
1431 3424 1610 3468 essent
1652 3411 1772 3466 ﬁdei
1800 3411 2120 3478 desertores,

549 3508 671 3578 quia
699 3508 749 3562 in
792 3506 976 3562 eadem
1015 3507 1120 3560 vita
1154 3522 1260 3561 non
1290 3505 1514 3561 ﬁdeliter
1550 3505 1907 3571 ambulabant,
1937 3514 1993 3561 et
2024 3507 2126 3563 hoc

550 3597 604 3650 in
626 3611 811 3651 eorum
840 3595 1088 3651 cordibus
1129 3604 1347 3651 noverat
1375 3596 1649 3660 Dominus,
1685 3598 1925 3667 quamvis
1952 3597 2123 3652 homi-

548 3688 704 3743 nibus
728 3687 880 3742 aliter
898 3672 1178 3757 apparerei
1204 3705 1218 3741 :
1246 3686 1373 3758 quid
1396 3686 1631 3743 dicturus
1650 3696 1733 3743 est
1763 3688 1829 3743 de
1856 3689 2123 3747 infantulis

548 3776 801 3847 parvulis,
821 3777 908 3846 qui
940 3777 1171 3847 plerique
1200 3786 1417 3848 accepto
1445 3776 1497 3832 in
1530 3778 1617 3833 illa
1647 3787 1801 3834 :etate
1822 3779 2121 3836 christianum

548 3868 730 3938 gratiae
773 3866 1136 3934 Sacramento,
1182 3882 1301 3922 cum
1344 3869 1459 3923 sine
1503 3869 1664 3924 dubio
1699 3870 2022 3940 pertinerent
2053 3873 2121 3928 ad

547 3960 707 4013 vitam
735 3968 988 4014 aeternam
1024 3974 1351 4031 regnumque
1383 3961 1662 4027 cmlorum,
1693 3964 1737 4019 si
1773 3964 2024 4020 continuo
2052 3981 2118 4021 ex

547 4049 648 4106 hac
685 4059 790 4106 vita
827 4052 1162 4121 emigrarent,
1208 4052 1454 4108 sinuntur
1488 4068 1750 4121 crescere,
1794 4064 1849 4111 et
1883 4058 2119 4113 nonnulli

546 4142 704 4196 etiam
744 4151 996 4211 apostataa
1025 4142 1192 4198 ﬁunt?
1218 4142 1389 4211 Unde,
1422 4145 1524 4200 nisi
1558 4147 1678 4215 quia
1721 4162 1823 4202 non
1853 4151 2121 4219 pertinent

544 4233 610 4289 ad
643 4233 785 4288 illam
816 4234 1353 4304 prmdestinationem,
1383 4245 1441 4290 et
1476 4237 1766 4292 secundum
1792 4240 2116 4310 propositum

545 4340 609 4380 ac
650 4326 765 4381 sine
800 4327 1106 4395 pmnitentia
1136 4328 1507 4383 vocationem?
1543 4328 1650 4384 Cur
1682 4340 1859 4386 autem
1897 4330 1964 4386 ad
1998 4347 2116 4387 eam

543 4418 632 4472 alii
664 4418 979 4488 pertineant,
1002 4420 1089 4475 alii
1116 4436 1221 4475 non
1245 4421 1563 4491 pertineant,
1586 4426 1789 4479 occulta
1819 4439 1975 4481 causa
1996 4441 2116 4483 esse

543 4515 739 4577 potest,
776 4508 966 4577 injusta
1005 4523 1123 4565 esse
1164 4526 1270 4565 non
1301 4520 1491 4581 p0test.
1522 4512 1785 4585 Numquid
1831 4516 1971 4571 enim
2009 4517 2114 4572 ini-

544 4600 715 4670 quitas
743 4599 880 4669 apud
912 4600 1114 4655 Deum?
1135 4602 1287 4657 Absit
1310 4603 1481 4671 (Rom.
1512 4620 1590 4669 ix,
1624 4608 1735 4677 14).
1770 4607 1900 4663 Nam
1928 4619 1981 4665 et
2014 4610 2115 4668 hoc

543 4690 608 4745 ad
650 4690 793 4746 illam
823 4692 1050 4762 pertinet
1093 4693 1422 4750 altitudinem
1447 4695 1787 4766 judiciorum,
1816 4716 1971 4770 quam
2016 4704 2115 4757 mi-

543 4798 668 4838 rans
694 4790 942 4853 tanquam
970 4785 1183 4854 expavit
1207 4785 1509 4855 Apostolus.
1540 4786 1662 4843 Ideo
1695 4791 1888 4861 quippe
1914 4792 1998 4848 illa
2021 4793 2113 4863 ju-

542 4876 676 4931 dicia
702 4886 876 4941 vocat,
905 4892 972 4932 ne
998 4877 1273 4948 quisquam
1302 4879 1422 4933 talia
1449 4880 1561 4935 ﬁeri
1586 4872 1752 4951 putet,
1777 4884 1888 4940 sive
1920 4886 2113 4957 iniqui-

542 4976 648 5023 tate
674 4969 784 5023 sive
814 4969 1108 5024 temeritate
1135 4968 1394 5036 facientis,
1427 4971 1539 5027 sive
1564 4987 1689 5027 casu
1709 4982 1763 5028 et
1786 4973 2005 5031 fortuito
2035 4977 2113 5031 la-

511 5057 788 5113 .bentibus
827 5059 947 5113 ullis
987 5059 1223 5128 partibus
1269 5068 1375 5114 tam
1416 5060 1791 5134 dispositorum
1829 5065 1930 5121 sub
1970 5073 2113 5123 tanta

543 5150 799 5219 sapientia
830 5150 921 5204 Dei
950 5150 1282 5205 saeculorum.

610 5240 700 5296 25.
731 5241 785 5295 In
811 5242 1044 5310 Epistola
1068 5257 1225 5311 porro
1244 5242 1310 5297 ad
1336 5242 1678 5301 Colossenses
1697 5247 1836 5318 quod
1858 5249 2112 5320 scriptum

539 5342 641 5400 est,
676 5331 839 5388 Nemo
865 5350 949 5389 eos
978 5334 1182 5389 seducat
1209 5335 1377 5391 valens
1401 5337 1455 5391 in
1485 5339 1765 5393 humilitate
1798 5340 2014 5411 (Coloss.
2042 5360 2111 5410 ιι,

542 5428 656 5496 l8),
681 5436 737 5482 et
762 5437 953 5484 cetera
973 5444 1091 5499 qua:
1119 5440 1431 5501 sequuntur,
1466 5448 1739 5502 quousque
1768 5434 1862 5488 tibi
1888 5435 2111 5492 obscura

541 5533 661 5575 esse
686 5519 885 5585 dixisti,
913 5534 1012 5575 nec
1037 5534 1135 5591 ego
1154 5519 1327 5575 adhuc
1346 5522 1461 5577 sine
1486 5522 1710 5593 caligine
1735 5523 1992 5596 intelligo.
2020 5529 2115 5582 At-

541 5625 646 5681 que
689 5611 888 5665 utinam
931 5626 1166 5682 przesens
1206 5611 1273 5667 de
1314 5628 1399 5668 me
1437 5614 1534 5669 ista
1582 5616 1881 5685 qumsiisscs
1914 5637 1927 5673 :
1957 5622 2010 5674 in
2049 5636 2115 5676 eo

606 5744 625 5777 ι
647 5745 815 5818 ngas:
848 5752 955 5818 φα
989 5745 1140 5818 vocati
1159 5752 1285 5809 srmt,
1308 5748 1487 5818 addunt
1505 5749 1692 5818 sancti;
1720 5766 1830 5818 quae
1860 5768 1955 5808 vox
1977 5757 2118 5811 abest

540 5805 605 5858 Ib
625 5805 971 5862 omnibus'ttss.
1000 5816 1051 5861 et
1072 5822 1099 5860 a
1120 5805 1280 5875 graeco
1302 5817 1440 5862 textu
1465 5805 1684 5876 Aposwlil

1784 350 1847 407 S.
1886 338 2253 409 AUGUSTINI
2290 341 2589 409 EPISCOPI

3728 358 3831 419 θω

2256 467 2450 539 quippe
2474 482 2655 537 sensu,
2678 483 2836 541 quem
2862 469 2990 525 mihi
3016 469 3070 525 in
3096 467 3180 526 bis
3198 470 3375 527 verbis
3393 469 3591 529 habere
3615 473 3818 544 videor,

2254 558 2552 615 adhibenda
2582 570 2664 616 est
2682 562 2923 633 quaedam
2952 562 3308 633 pronuntiatio
3338 562 3391 619 in
3416 566 3562 620 vultu
3590 575 3644 621 et
3668 567 3827 624 modo

2254 650 2429 718 vocis,
2461 652 2551 722 qui
2583 653 2805 721 exprimi
2844 652 3035 707 litteris
3072 669 3178 708 non
3220 662 3423 723 potest,
3466 662 3524 709 ut
3548 672 3612 710 ex
3650 658 3822 727 aliqua

2254 753 2402 813 parte
2428 745 2726 815 aperiatur;
2769 745 2911 815 quod
2959 745 3078 801 ideo
3120 746 3178 801 ﬁt
3204 747 3511 815 obscurius,
3554 749 3676 818 quia
3717 766 3821 805 non

2252 845 2415 902 recte,
2449 837 2586 891 sicut
2611 838 2881 902 existimo,
2916 839 3299 908 pronuntiatur.
3335 839 3485 905 Quod
3513 841 3653 894 enim
3686 842 3822 894 scri-

2251 936 2399 999 ptum
2428 938 2528 997 est,
2561 929 2643 984 Ne
2670 931 2923 1001 tetigeritis
2943 973 2956 996 ,
2984 948 3045 985 ne
3073 934 3386 1003 gustaveritis
3406 976 3419 1001 ,
3448 951 3509 986 ηρ
3546 936 3820 988 attamina-

2248 1021 2415 1075 veritis
2433 1036 2452 1084 ;
2482 1032 2725 1091 tanquam
2756 1030 3071 1092 praeceptum
3105 1032 3315 1093 putatur
3339 1024 3600 1094 Apostoli,
3638 1028 3820 1081 nescio

2150 1122 2153 1123 '
2249 1111 2372 1182 quid
2396 1118 2630 1181 tangere.
2658 1120 2888 1181 gustare,
2916 1114 3228 1168 attaminare
3254 1113 3599 1184 prohibentis.
3622 1117 3817 1170 Contra

2247 1215 2330 1259 est
2353 1215 2548 1269 autem,
2578 1206 2620 1259 si
2650 1215 2822 1261 tamen
2853 1208 2905 1261 in
2932 1216 3072 1261 tanta
3095 1208 3417 1277 obscuritate
3444 1210 3539 1263 ista
3571 1225 3678 1264 non
3718 1209 3817 1263 fal-

2246 1295 2347 1351 lor.
2379 1297 2482 1352 Per
2507 1298 2803 1353 irrisionem
2826 1300 3016 1370 quippe
3038 1300 3195 1354 verba
3217 1300 3391 1370 posuit
3416 1316 3618 1365 eorum,
3645 1317 3675 1354 a
3701 1303 3816 1372 qui-

2244 1386 2343 1443 bus
2368 1405 2460 1445 eos
2486 1389 2696 1445 nolebat
2722 1390 2891 1461 decipi
2919 1400 3076 1462 atque
3102 1391 3313 1457 seduci,
3341 1392 3431 1462 qui
3455 1392 3814 1448 discernentes

2243 1481 2390 1536 cibos
2429 1481 2716 1537 secundum
2760 1482 3016 1537 culturam
3058 1482 3411 1553 Angelorum,
3451 1494 3607 1555 atque
3650 1485 3717 1539 ita
3748 1485 3813 1539 de

2243 1571 2344 1629 hoc
2373 1575 2569 1630 mundo
2593 1575 2959 1641 decernentes,
2991 1576 3192 1643 dicunt,
3223 1575 3305 1631 Ne
3329 1578 3604 1648 tetigeritis,
3634 1595 3697 1631 ne
3719 1596 3815 1649 gu-

2241 1666 2515 1733 staveritis,
2556 1684 2617 1721 nc
2650 1668 3087 1735 attaminaveritis;
3114 1684 3233 1723 cum
3264 1669 3369 1724 sint
3398 1671 3572 1724 omnia
3616 1672 3810 1726 munda

2239 1756 2451 1811 mundis
2491 1756 2614 1827 (Tit.
2647 1775 2685 1825 ι,
2715 1760 2827 1831 15),
2872 1768 2926 1814 et
2966 1760 3139 1814 omnis
3176 1769 3414 1816 creatura
3456 1762 3548 1816 Dei
3577 1762 3712 1816 bona
3743 1764 3811 1817 sit

2240 1847 2296 1920 (Ι
2322 1848 2451 1903 Tim.
2479 1866 2555 1917 tv,
2576 1849 2633 1923 4)
2657 1869 2670 1906 :
2701 1851 2839 1924 quod
2866 1851 2918 1907 in
2943 1852 3047 1907 alio
3076 1852 3193 1908 loco
3220 1852 3336 1925 ipse
3355 1852 3629 1910 evidenter
3656 1869 3806 1911 com-

2236 1939 2469 1995 mendat.

2268 2020 2271 2023 ’
2308 2024 2396 2086 Ἡ.
2441 2032 2625 2087 Totam
2665 2049 2794 2105 ergo
2833 2034 2996 2106 ipsius
3042 2036 3316 2092 sententia:
3358 2037 3804 2093 circumstantiam

2236 2122 2506 2179 videamus
2538 2141 2552 2179 :
2596 2124 2667 2179 ita
2707 2126 2848 2180 enim
2894 2127 3133 2196 Apostoli
3174 2130 3463 2184 intentione
3500 2142 3802 2201 perspecta,

2235 2228 2448 2269 sensum
2475 2215 2624 2286 ejus,
2657 2227 2908 2286 quantum
2934 2219 3200 2286 valemus,
3234 2222 3455 2276 fortasse
3486 2223 3800 2277 tenebimus.

2234 2304 2436 2373 Quibus
2454 2307 2596 2362 enim
2626 2308 2724 2363 ista
2748 2310 2949 2377 scribit,
2972 2312 3243 2367 metuebat
3269 2328 3362 2368 eos
3389 2314 3567 2369 seduci
3599 2316 3801 2369 umbris

2233 2413 2434 2463 rerum,
2461 2398 2602 2454 dulci
2628 2402 2839 2455 nomine
2856 2402 3109 2470 scientiae,
3128 2412 3181 2459 et
3196 2404 3359 2459 averti
3382 2420 3413 2459 a
3439 2406 3553 2460 lucc
3568 2408 3803 2461 veritatis

2232 2506 2350 2561 quae
2386 2501 2463 2546 est
2493 2492 2544 2546 in
2569 2491 2782 2548 Christo
2804 2494 2929 2549 Jesu
2972 2495 3194 2551 Domino
3220 2506 3420 2551 nostro.
3453 2497 3599 2553 Hanc
3624 2506 3801 2553 autem

2232 2585 2331 2639 sub
2368 2586 2580 2641 nomine
2617 2588 2887 2657 sapientia:
2918 2588 3002 2644 vel
3050 2590 3283 2645 scientize
3317 2605 3498 2645 curam
3548 2606 3802 2645 ranarum

2230 2677 2682 2747 superﬂuarumve
2726 2681 3184 2747 Observationum,
3226 2692 3280 2739 et
3322 2681 3389 2738 de
3427 2684 3802 2754 superstitione

2229 2769 2571 2837 gentilitatis,
2616 2772 2946 2842 maximeque
2986 2772 3054 2829 ab
3090 2773 3169 2829 eis
3205 2774 3294 2843 qui
3336 2773 3638 2843 Philosophi
3678 2785 3803 2829 sunt

2230 2861 2545 2931 nnncupati,
2577 2872 2631 2917 et
2660 2877 2688 2915 a
2716 2862 3008 2929 Judaismo,
3039 2863 3325 2919 cavendam
3364 2879 3481 2919 esse
3519 2867 3797 2930 cernebat,

2231 2951 2320 3006 ubi
2348 2960 2500 3008 erant
2524 2953 2725 3007 umbra:
2750 2954 3044 3009 futurorum
3067 2954 3420 3022 removenda},
3449 2958 3694 3026 quoniam
3724 2957 3801 3009 lu-

2228 3060 2349 3100 men
2384 3060 2564 3100 earum
2584 3045 2692 3116 jam
2730 3045 2972 3102 Christus
2995 3046 3299 3102 advenerat.
3328 3047 3461 3102 Cum
3500 3064 3628 3119 ergo
3651 3064 3798 3102 com-

2229 3146 2575 3192 memorasset
2600 3145 2655 3193 et
2678 3138 3100 3194 commendasset
3124 3150 3377 3209 quantum
3405 3148 3673 3195 certamen
3704 3155 3797 3210 pro

2227 3225 2306 3283 eis
2332 3227 2568 3295 haberet,
2586 3222 2650 3282 et
2686 3244 2781 3297 pro
2808 3228 2889 3283 his
2914 3230 3002 3299 qui
3029 3228 3302 3284 Laodiceze
3325 3227 3564 3295 fuerant,
3598 3238 3651 3285 et
3676 3231 3796 3300 qui-

2227 3335 2452 3391 cumque
2478 3335 2582 3375 non
2612 3320 2853 3376 viderant
2888 3320 3074 3376 faciem
3102 3321 3215 3391 ejus
3244 3321 3295 3376 in
3324 3335 3505 3388 carne,
3535 3329 3592 3375 ut
3618 3322 3797 3376 cordi-

2226 3411 2325 3466 bus
2349 3412 2749 3467 consolarentur
2768 3412 2996 3481 copulati
3022 3412 3072 3467 in
3098 3412 3373 3480 cbaritate,
3402 3420 3455 3467 et
3476 3413 3527 3467 iu
3553 3412 3797 3468 omnibus

2224 3500 2421 3557 divitiis
2469 3502 2808 3573 plenitudinis
2860 3503 3195 3572 intellectus,
3252 3503 3318 3559 ad
3369 3504 3793 3575 cognoscendum

2224 3595 2535 3665 mysterium
2562 3595 2676 3660 Dei,
2704 3594 2843 3666 quod
2864 3604 2944 3651 est
2968 3595 3226 3662 Christus,
3254 3596 3305 3650 in
3335 3611 3437 3666 quo
3458 3605 3581 3650 sunt
3606 3610 3797 3651 omnes

2224 3686 2460 3741 thesauri
2499 3685 2769 3755 sapientiae
2795 3696 2848 3741 et
2876 3688 3108 3742 scicntia:
3144 3686 3470 3750 absconditi;
3500 3683 3612 3740 Hoc
3640 3687 3755 3741 dico
3777 3728 3792 3753 ,

2223 3776 2413 3848 inquit,
2446 3787 2498 3831 ut
2526 3795 2668 3833 nemo
2690 3795 2775 3833 vos
2797 3780 3148 3834 circumvenint
3167 3780 3219 3833 in
3240 3780 3341 3833 veri
3360 3779 3513 3833 simili
3532 3794 3758 3834 sermone
3777 3795 3796 3834 :

2222 3871 2343 3940 quia
2372 3872 2608 3927 veritatis
2648 3887 2829 3928 amore
2857 3871 3204 3939 ducebantur,
3241 3873 3352 3927 veri
3394 3871 3791 3927 similitudinem

2223 3964 2326 4019 illis
2349 3964 2552 4033 timuit,
2582 3980 2649 4020 ne
2669 3964 3056 4036 deciperentur.
3088 3965 3154 4020 Et
3178 3965 3297 4020 ideo
3322 3965 3709 4020 commendavit
3738 3966 3789 4019 in

2222 4052 2434 4109 Christo
2462 4055 2601 4125 quod
2628 4054 2989 4111 dulcissimum
3028 4056 3291 4111 habebant
3317 4056 3656 4121 thesaurum,
3689 4057 3792 4111 sci-

2221 4145 2343 4202 licet
2368 4146 2638 4215 sapientiae
2662 4155 2716 4201 et
2754 4148 2987 4202 scientiae
3008 4188 3022 4211 ,
3055 4148 3204 4218 cujus
3229 4149 3444 4204 nomine
3482 4157 3535 4204 et
3563 4148 3787 4219 promis—

2221 4237 2371 4293 sione
2392 4237 2567 4293 induci
2594 4247 2836 4307 poterant
2864 4240 2918 4293 in
2943 4254 3199 4294 errorem.

2289 4330 2378 4386 25.
2412 4330 2550 4385 Nam
2569 4332 2659 4385 etsi
2684 4348 2911 4403 corpore,
2934 4332 3117 4402 inquit,
3146 4331 3321 4387 absens
3345 4349 3476 4399 sum,
3502 4333 3680 4404 spiritu
3704 4348 3791 4387 vo-

2221 4422 2409 4476 biscum
2431 4439 2578 4488 sum;
2604 4422 2858 4492 gaudens,
2892 4432 2935 4477 et
2960 4423 3129 4477 videns
3151 4433 3359 4477 vestram
3387 4424 3785 4491 ordinationem,

2219 4525 2265 4569 et
2293 4516 2347 4569 id
2371 4517 2506 4588 quod
2534 4516 2665 4571 deest
2695 4516 2815 4586 ﬁdei
2835 4526 3007 4571 vestrae
3032 4518 3086 4571 in
3111 4516 3329 4572 Christo.
3359 4517 3482 4573 Ideo
3502 4517 3607 4573 illis
3630 4517 3787 4572 time-

2218 4605 2347 4673 bat,
2372 4608 2620 4678 quoniam
2655 4607 2780 4678 quid
2805 4608 2882 4663 eis
2913 4607 3084 4663 adhuc
3109 4607 3351 4675 deesset,
3384 4608 3608 4664 videbat.
3646 4608 3789 4663 Sicut

2218 4714 2334 4769 ergo
2359 4701 2647 4769 accepistis,
2680 4700 2879 4770 inquit,
2906 4699 3080 4755 Jesum
3119 4700 3370 4755 Christum
3395 4701 3668 4756 Dominum
3690 4720 3786 4756 no-

2217 4800 2404 4857 strum,
2434 4792 2486 4845 in
2514 4792 2623 4862 ipso
2652 4791 2936 4856 ambulate;
2973 4792 3187 4846 radicati
3226 4803 3272 4846 et
3308 4794 3697 4864 superrediﬁcati
3734 4795 3787 4848 in

2216 4885 2347 4955 ipso,
2369 4895 2415 4939 et
2440 4886 2719 4955 conﬁrmati
2740 4886 2790 4939 in
2816 4886 2935 4955 ﬁde,
2962 4887 3087 4939 sicut
3113 4896 3157 4939 et
3177 4886 3447 4951 didicistis,
3476 4888 3787 4940 abundantes

2216 4976 2269 5028 in
2289 4992 2347 5029 ea
2375 4977 2649 5046 gratiarum
2669 4978 2879 5031 actione.
2913 4976 3035 5031 Vult
3060 4994 3152 5033 eos
3173 4979 3275 5033 ﬁde
3306 4980 3511 5043 nutriri,
3545 4990 3601 5034 ut
3627 4995 3786 5050 capa-

2216 5081 2307 5122 ces
2351 5067 2477 5121 ﬁant
2507 5069 2981 5139 participandorum
3026 5069 3394 5125 thesaurorum
3423 5072 3695 5140 sapientia:
3735 5082 3789 5125 et

2216 5159 2471 5223 scientiae,
2500 5160 2590 5229 qui
2618 5169 2739 5214 sunt
2758 5160 3047 5217 absconditi
3068 5162 3119 5215 in
3146 5160 3389 5227 Christo;
3418 5177 3483 5217 ne
3503 5171 3784 5231 antequam

2217 5252 2323 5307 sint
2346 5251 2410 5305 ad
2442 5250 2557 5305 haec
2585 5251 2780 5319 idonei,
2808 5252 2921 5307 veri
2947 5254 3106 5308 simili
3135 5268 3380 5309 sermone
3402 5255 3693 5323 capiantur,
3736 5263 3789 5307 et

2216 5357 2249 5397 a
2272 5342 2507 5396 veritatis
2537 5342 2724 5398 itinere
2752 5342 2981 5397 devient.
3012 5344 3209 5399 Deinde
3243 5346 3505 5415 apertius,
3545 5345 3669 5416 quid
3708 5346 3789 5399 eis

2219 5433 2401 5489 timeat
2429 5433 2750 5488 ostendens:
2788 5432 2979 5498 Videte,
3010 5433 3196 5504 inquit,
3229 5452 3290 5489 ne
3317 5437 3425 5506 quis
3451 5452 3534 5490 vos
3569 5437 3789 5505 decipiat

2219 5545 2308 5599 per
2348 5528 2749 5599 philosOphiam,
2791 5535 2835 5581 et
2879 5528 3077 5583 inanem
3104 5528 3465 5594 seductionem,
3516 5529 3789 5583 secundum

2222 5620 2535 5674 traditionem
2564 5619 2853 5685 hominum,
2897 5620 3169 5673 secundum
3212 5619 3453 5673 elementa
3492 5621 3692 5685 mundi,
3746 5632 3790 5673 et

2220 5732 2320 5770 non
2344 5715 2613 5769 secundum
2633 5712 2885 5769 Christum
2910 5729 2926 5767 :
2951 5714 3066 5779 quia
3086 5714 3137 5767 in
3158 5714 3268 5782 ipso
3290 5712 3478 5767 habitat
3502 5716 3662 5768 omnis
3682 5715 3789 5784 ple—

2223 5807 2395 5865 nitudo
2422 5808 2694 5865 divinitatis
2728 5806 3075 5879 corporaliter.
3107 5805 3237 5865 Ideo
3267 5806 3599 5877 corporaliter
3621 5804 3789 5875 dixit,
