4112 6346
314 414 411 474 Ml

317 535 435 605 quia
494 532 573 589 illi
618 532 972 588 umbratiliter
1014 531 1373 599 scducebant;
1428 534 1687 589 translato
1736 534 1898 589 verbo

316 641 462 689 usus,
499 625 642 681 sicut
671 625 828 681 etiam
858 625 1055 680 umbrae
1083 640 1275 680 nomen
1303 625 1353 679 in
1383 623 1465 679 his
1496 626 1655 680 rebus
1685 640 1787 679 non
1815 634 1900 679 est

317 721 498 790 utique
530 719 751 775 verbum
796 720 1102 789 proprium,
1134 718 1230 774 sed
1270 718 1496 789 quadam
1540 717 1898 773 similitudinis

317 814 522 869 ratione
552 812 891 873 translatum.
924 810 989 864 Et
1019 813 1133 866 estis
1158 811 1209 865 in
1234 812 1343 876 illo,
1377 812 1565 882 inquit,
1589 811 1786 881 repleti,
1811 811 1898 882 qui

318 913 384 959 est
403 916 557 973 caput
577 904 740 957 omnis
761 904 1072 973 principatus
1088 912 1132 957 et
1155 904 1429 973 potestatis.
1450 903 1551 958 Per
1574 902 1897 972 principatus

317 997 454 1051 enim
474 1006 527 1049 et
550 1004 837 1064 potestates
856 994 1163 1064 superstitio
1184 994 1466 1050 Gentilium
1490 995 1571 1049 vel
1588 993 1896 1062 Philosophi

316 1090 668 1155 seducebant,
702 1088 1049 1159 praedicantes
1092 1089 1238 1143 illam
1270 1104 1425 1158 quam
1459 1096 1656 1142 vocant
1691 1087 1897 1142 theolo-

316 1187 450 1254 giam
495 1197 589 1251 per
631 1182 894 1236 elementa
938 1180 1093 1250 hujus
1136 1180 1339 1234 mundi.
1373 1181 1539 1251 Caput
1574 1188 1751 1234 autem
1779 1193 1896 1233 om-

316 1276 460 1330 nium
482 1273 755 1328 Christum
775 1315 791 1340 ,
822 1272 1134 1343 principium
1168 1271 1403 1326 omnium
1434 1272 1599 1326 voluit
1635 1270 1890 1341 intelligi,

314 1368 448 1422 sicut
472 1367 607 1436 ipse,
624 1380 744 1420 cum
767 1366 815 1420 ei
837 1365 1035 1419 dictum
1053 1374 1213 1428 esset,
1241 1363 1314 1418 Tu
1338 1364 1447 1435 quis
1468 1365 1555 1419 es?
1580 1363 1890 1434 reSpondit:

312 1456 653 1528 Principium,
680 1456 766 1527 qui
790 1466 835 1511 et
862 1457 1039 1528 loquor
1066 1456 1201 1510 vobis
1227 1454 1402 1526 (Joan.
1425 1471 1538 1522 vni,
1564 1453 1676 1528 25).
1704 1454 1892 1510 Omnia

311 1556 454 1610 enim
487 1569 579 1623 per
622 1554 791 1621 ipsum
836 1550 973 1605 facta
1011 1559 1165 1617 sunt,
1209 1559 1264 1604 et
1305 1551 1420 1605 sine
1446 1550 1560 1619 ipso
1588 1549 1780 1603 factum
1808 1555 1892 1602 est

310 1645 441 1701 nihil
475 1644 584 1718 (Id.
617 1660 654 1707 i,
682 1644 757 1714 3).
787 1642 1093 1697 Mirabilitcr
1112 1652 1290 1697 autem
1315 1642 1431 1696 vult
1449 1656 1541 1697 eos
1562 1656 1679 1696 esse
1700 1640 1888 1694 horum

310 1738 455 1793 velut
500 1734 820 1811 mirabilium
868 1742 1296 1803 contemptores,
1347 1747 1467 1788 cum
1518 1748 1612 1787 eos
1658 1731 1891 1787 ostendit

309 1844 503 1900 corpus
532 1830 697 1883 tactos
719 1828 857 1882 illius
877 1827 1084 1896 capitis,
1113 1826 1338 1882 dicendo
1363 1844 1374 1879 :
1401 1824 1469 1879 Et
1493 1827 1610 1880 estis
1630 1825 1682 1879 in
1702 1824 1791 1878 illo
1812 1839 1892 1879 re-

308 1922 448 1991 pleti,
476 1920 561 1989 qui
582 1929 653 1974 est
680 1928 828 1990 caput
858 1918 1019 1972 omnis
1048 1919 1358 1989 principatus
1382 1928 1428 1972 et
1451 1918 1726 1988 potestatis.

376 2013 466 2067 26.
501 2013 633 2066 llinc
655 2011 763 2081 jam
793 2026 860 2066 ne
890 2009 1089 2065 umbris
1113 2009 1368 2064 Judaismi
1412 2008 1748 2074 seducantur,
1789 2006 1889 2062 ad-

300 2105 475 2175 jungit
499 2120 512 2157 :
544 2101 613 2155 In
633 2118 730 2173 quo
750 2102 898 2156 etiam
926 2102 1207 2155 circumcisi
1233 2101 1369 2166 estis,
1392 2099 1767 2153 circumcisione
1786 2114 1887 2153 non

304 2198 600 2266 manufacta
624 2194 677 2246 in
709 2193 1071 2263 exspoliatione
1099 2193 1323 2263 corporis
1358 2193 1557 2255 carnis;
1601 2191 1718 2255 vel,
1750 2190 1889 2244 sicut

300 2286 463 2355 aliqui
507 2284 743 2349 habent,
792 2283 845 2337 in
894 2283 1256 2354 exspoliatione
1300 2282 1523 2353 corporis
1569 2292 1887 2351 peccatorum

300 2379 501 2443 carnis,
546 2377 600 2431 in
629 2376 1004 2430 circumcisione
1031 2374 1254 2439 Christi;
1300 2376 1576 2447 consepulti
1613 2376 1659 2429 ei
1698 2377 1750 2429 in
1778 2373 1886 2429 Ba-

302 2472 514 2541 ptismo,
564 2471 618 2523 in
656 2486 753 2541 quo
782 2480 828 2523 et
863 2470 1244 2524 consurrexistis
1284 2486 1372 2538 per
1396 2470 1549 2539 ﬁdem
1583 2469 1887 2540 operationis

304 2563 429 2629 Dei,
459 2563 547 2633 qui
589 2563 846 2617 suscitavit
888 2563 1033 2617 illum
1058 2579 1090 2616 a
1117 2563 1342 2617 mortuis.
1380 2562 1514 2618 Vide
1542 2562 1888 2633 quemadmo-

299 2656 426 2710 dum
461 2665 517 2710 et
553 2655 640 2710 hic
666 2670 859 2725 corpus
882 2655 1077 2710 Christi
1116 2670 1208 2711 eos
1234 2654 1500 2721 ostendit,
1528 2667 1585 2710 ut
1612 2657 1711 2710 ista
1748 2670 1884 2711 eon-

301 2759 573 2815 tcmnant,
600 2749 931 2806 cohaerentes
960 2758 1109 2803 tanto
1134 2749 1293 2819 capiti
1334 2763 1451 2815 suo,
1488 2749 1765 2804 mediatori
1792 2748 1888 2804 Dei

300 2851 356 2896 et
380 2841 658 2895 hominum
689 2840 899 2895 Christo
918 2839 1065 2906 Jesu,
1094 2848 1149 2894 et
1174 2839 1372 2893 nullum
1409 2838 1604 2894 falsum
1630 2840 1711 2894 vel
1738 2839 1889 2892 inva-

301 2935 464 2990 lidum
494 2934 727 2989 medium
756 2949 851 3005 per
876 2933 1019 3004 quod
1041 2934 1150 2988 Deo
1171 2934 1495 2999 cohaereant,
1531 2932 1883 3001 requirentes.

302 3024 371 3079 Et
399 3042 507 3093 vos,
539 3026 730 3095 inquit,
759 3040 873 3077 cum
895 3023 1065 3079 essetis
1092 3023 1276 3076 mortui
1302 3023 1353 3077 in
1380 3022 1574 3076 delictis
1599 3030 1644 3074 et
1678 3036 1887 3091 prwpu-

299 3121 370 3172 tio
399 3119 568 3172 carnis
594 3126 798 3183 vestra;
827 3118 1143 3187 prwputium
1169 3115 1376 3169 vocavit
1400 3114 1541 3185 quod
1562 3111 1889 3183 signiﬁcatur

300 3214 583 3283 prieputio,
612 3213 714 3266 hoc
742 3219 824 3266 est
850 3210 1041 3266 delicta
1070 3208 1301 3264 carnalia
1345 3208 1535 3278 quibus
1560 3204 1887 3277 exspoliandi

298 3321 519 3363 sumus:
552 3305 838 3374 viviﬁcavit,
863 3303 1052 3374 inquit,
1080 3319 1196 3357 cum
1215 3301 1326 3369 illo,
1350 3300 1545 3354 donans
1564 3298 1698 3354 vobis
1719 3298 1890 3353 omnia

295 3398 488 3452 delicta
508 3439 522 3463 ,
548 3395 717 3451 deletis
742 3395 877 3467 quod
898 3395 1137 3449 adversus
1164 3410 1255 3447 nos
1280 3401 1389 3447 erat
1414 3390 1808 3462 chirographum
1836 3391 1889 3444 in

297 3491 535 3553 decretis,
564 3490 690 3560 quod
716 3498 823 3543 erat
847 3488 1156 3541 contrarium
1176 3485 1353 3549 nobis;
1382 3482 1503 3553 quia
1532 3498 1653 3540 reos
1676 3482 1783 3537 Lex
1810 3482 1889 3536 fa-

294 3584 506 3648 ciebat,
558 3597 675 3651 qure
720 3580 1112 3636 subintraverat
1160 3586 1217 3631 ut
1267 3574 1563 3630 abundaret
1610 3573 1883 3628 delictum.

298 3673 503 3729 Tollens
523 3714 537 3739 ,
571 3672 774 3742 inquit,
803 3670 932 3724 illud
957 3669 1019 3722 de
1058 3668 1221 3722 medio
1247 3677 1293 3721 et
1320 3666 1523 3737 aﬂigens
1548 3664 1677 3719 illud
1714 3666 1883 3731 cruci,

295 3783 480 3822 exuens
520 3782 574 3821 se
602 3781 780 3829 carne,
826 3764 1135 3835 principatus
1173 3770 1220 3814 et
1260 3768 1525 3829 potestates
1555 3759 1881 3827 exemplavit,

294 3858 606 3929 ﬁducialiter
632 3855 949 3924 triumphans
992 3870 1075 3908 eos
1113 3853 1165 3905 in
1204 3850 1509 3921 semetipso:
1550 3866 1655 3903 non
1704 3849 1885 3919 utique

294 3952 496 4016 bonos,
548 3949 644 4005 sed
688 3948 856 4003 malos
900 3946 1229 4018 principatus
1258 3952 1314 4000 et
1354 3942 1518 3996 malas
1561 3950 1879 4011 potestates,

292 4044 588 4101 diabolicas
615 4041 817 4099 scilicet
853 4051 907 4097 ct
944 4039 1297 4094 tlmttmiiiacas
1332 4035 1652 4105 exemplavit
1686 4034 1794 4106 (a);
1829 4033 1901 4109 id_

291 4148 410 4204 est,
448 4136 754 4205 exemplum
775 4132 842 4188 de
871 4132 973 4186 illis
1007 4129 1183 4196 dedit,
1214 4137 1270 4181 ut
1297 4124 1740 4196 quemadmodum
1768 4125 1882 4193 ipse

289 4244 352 4285 sc
380 4229 527 4284 exuit
555 4243 735 4292 carne,
762 4226 839 4280 sic
866 4238 989 4278 suos
1027 4221 1333 4277 ostenderet
1358 4217 1628 4273 emendos
1654 4217 1881 4272 carnali-

286 4320 394 4376 bus
421 4321 583 4385 vitiis,
615 4335 709 4389 per
734 4332 851 4387 qua:
886 4315 962 4370 illi
990 4314 1068 4368 eis
1097 4311 1525 4367 dominabantur.

362 4412 452 4465 27.
496 4412 611 4467 Jam
643 4410 726 4464 hic
753 4408 1034 4480 diligenter
1068 4403 1285 4459 attende
1324 4399 1768 4473 quamadmodum
1799 4399 1881 4454 in-

285 4504 432 4561 ferat
477 4512 695 4575 propter
746 4500 887 4572 quod
930 4505 1119 4554 cuncta
1176 4495 1275 4551 ista
1322 4492 1874 4549 commemoravimus.

287 4601 462 4656 Nemo
489 4616 606 4670 ergo
641 4613 747 4665 vos,
775 4594 962 4666 inquit,
983 4591 1178 4663 judicet
1218 4591 1272 4642 in
1297 4587 1402 4642 cibo
1428 4603 1445 4641 :
1477 4596 1726 4657 tanquam
1755 4600 1878 4655 pro-

286 4707 478 4768 pterea
520 4693 697 4747 omnia
737 4688 823 4744 illa
864 4686 1092 4750 dixerit,
1139 4683 1259 4754 quia
1306 4681 1390 4735 isti
1437 4695 1534 4750 per
1576 4678 1877 4748 bujusmodi

283 4786 695 4843 observationes
721 4779 1109 4837 seducebantur
1131 4790 1161 4829 a
1189 4774 1430 4835 veritate,
1468 4786 1571 4842 qua
1600 4769 1749 4825 liberi
1780 4770 1876 4824 ﬁe-

281 4881 454 4945 bant;
486 4877 552 4932 de
576 4890 681 4947 qua
703 4874 901 4928 dictum
925 4869 1083 4926 estin
1111 4865 1418 4935 Evangelio,
1449 4861 1514 4915 Et
1542 4862 1722 4916 veritas
1753 4860 1877 4915 libe-

278 4974 423 5031 rabit
446 4987 532 5025 vos
567 4967 676 5042 (Id.
704 4981 817 5032 vni,
845 4962 933 5035 52)
956 5004 972 5029 ,
1015 4960 1069 5015 id
1112 4968 1226 5025 est,
1268 4958 1461 5011 liberos
1493 4954 1667 5009 faciet.
1711 4953 1877 5009 Nemo

280 5081 413 5136 ergo
445 5078 564 5127 vos,
609 5057 812 5129 inquit,
848 5053 1046 5126 judicet
1074 5051 1127 5105 in
1166 5050 1296 5115 cibo,
1327 5055 1414 5101 aut
1438 5046 1491 5100 in
1515 5055 1663 5119 potu,
1710 5054 1796 5099 aut
1824 5046 1877 5099 in

277 5164 438 5229 parte
468 5153 569 5207 diei
598 5150 748 5223 festi,
775 5156 863 5201 aut
893 5144 1197 5207 neomeniat,
1243 5150 1331 5195 aut
1358 5140 1709 5205 sabbatorum;
1742 5139 1876 5209 quod

277 5258 359 5304 est
395 5244 568 5299 umbra
592 5246 879 5316 futurorum
899 5255 917 5293 :
938 5237 1040 5292 hoc
1059 5244 1274 5307 propter
1293 5232 1643 5289 Judaismum.
1676 5231 1875 5287 Deinde

275 5340 530 5410 sequitur
548 5343 767 5409 propter
790 5331 1193 5404 superstitiones
1212 5326 1497 5382 Gentilium
1515 5366 1530 5392 ,
1565 5324 1759 5396 Corpus
1780 5341 1875 5377 au-

275 5444 394 5488 tem
417 5428 621 5497 Christi,
655 5427 844 5498 inquit,
879 5439 1022 5478 nemo
1045 5437 1130 5475 vos
1151 5420 1407 5474 convincat
1436 5434 1453 5471 :
1484 5425 1639 5485 turpe
1663 5422 1764 5480 est,
1793 5415 1873 5469 in-

272 5527 435 5600 quit,
471 5533 528 5580 et
552 5522 712 5578 nimis
740 5521 1116 5589 incongruum,
1144 5526 1198 5571 et
1234 5530 1265 5570 a
1299 5513 1653 5585 generositate
1680 5520 1871 5565 vestrm

270 5620 549 5677 libertatis
569 5616 823 5680 alienum,
853 5621 910 5667 ut
937 5626 1058 5666 cum
1080 5608 1195 5663 sitis
1219 5621 1413 5676 corpus
1439 5601 1634 5659 Christi
1658 5644 1673 5668 ,
1713 5601 1870 5656 sedu-

268 5710 481 5768 camini
502 5708 727 5772 umbris,
752 5714 805 5760 et
823 5702 1064 5759 convinci
1083 5698 1366 5754 videamini
1386 5696 1548 5751 veluti
1570 5705 1865 5765 peccantes,

265 5808 323 5864 si
356 5806 473 5858 hac
499 5802 789 5857 observare
815 5794 1099 5867 negligitis.
1129 5792 1326 5866 Corpus
1345 5806 1462 5865 ergo
1483 5787 1699 5856 Christi,
1725 5803 1866 5843 nemo

343 5922 422 5989 (a)
450 5920 817 5987 Edeigmatisen.

1488 415 1965 476 EPISTOLARUM
2003 418 2275 483 CLASSIS
2310 425 2397 482 Ill.

3485 440 3592 501 642

2003 551 2089 591 vos
2125 542 2385 596 convincat
2426 544 2595 599 volens
2636 544 2689 601 in
2717 546 2999 604 humilitate
3036 551 3220 609 cordis.
3259 553 3368 612 Hoc
3406 558 3450 613 si
3490 576 3585 630 per

2002 630 2221 687 verbum
2262 650 2491 705 grmcum
2529 639 2815 709 diceretur,
2853 644 3009 698 etiam
3048 647 3100 699 in
3151 647 3308 701 latina
3353 664 3582 707 consue-

2002 722 2184 780 tudine
2215 729 2453 797 populari
2483 742 2696 788 sonaret
2733 735 2995 791 usitatius.
3023 736 3111 793 Sic
3150 739 3290 793 enim
3326 750 3380 795 et
3425 742 3581 812 vulgo

2000 812 2299 888 diciturqui
2324 819 2539 876 divitem
2566 823 2794 891 affectat,
2815 827 3125 895 thelodives,
3164 838 3217 884 et
3247 830 3333 900 qui
3371 833 3584 901 sapien-

2001 910 2128 970 tem,
2160 906 2543 979 thelosapiens,
2574 924 2628 969 et
2660 924 2851 971 caatera
2879 916 3218 987 hujusmodi:
3249 937 3374 991 ergo
3403 931 3459 977 et
3495 924 3582 979 hic

2000 993 2387 1067 thelohumilis,
2414 1003 2554 1071 quod
2584 1005 2791 1074 plenius
2812 1006 3004 1063 dicitur
3032 1010 3209 1065 thelon
3245 1011 3459 1068 humilis
3477 1053 3493 1080 ,
3522 1013 3575 1069 id

1998 1095 2099 1153 est,
2122 1089 2302 1144 volens
2331 1091 2575 1161 humilis,
2607 1095 2861 1153 allectans
2900 1100 3284 1169 humilitatem;
3328 1106 3465 1173 quod
3498 1106 3578 1159 iii-

1999 1177 2268 1248 telligitur,
2296 1183 2479 1238 volens
2516 1186 2682 1241 videri
2714 1188 2961 1255 humilis,
3007 1191 3259 1247 alfectans
3309 1196 3578 1250 humilita-

1998 1276 2124 1323 tem.
2152 1273 2260 1328 Hoc
2284 1275 2425 1330 enim
2458 1278 2650 1333 talibus
2686 1282 3142 1338 observationibus
3168 1286 3357 1356 agitur,
3392 1298 3447 1341 ut
3483 1303 3576 1342 cor

1999 1359 2229 1418 hominis
2244 1366 2388 1420 velut
2404 1368 2654 1438 religione
2672 1370 2868 1427 humile
2885 1374 3149 1428 reddatur.
3166 1375 3377 1431 Addidit
3396 1387 3569 1432 autem

1996 1462 2049 1507 et
2076 1455 2329 1511 culturam
2354 1459 2691 1530 Angelorum,
2742 1463 2825 1517 vel
2857 1465 2993 1519 sicut
3028 1468 3190 1521 vestri
3224 1468 3434 1524 codices
3472 1469 3570 1523 ha-

1994 1542 2140 1613 bent,
2168 1548 2455 1619 religionem
2484 1551 2807 1622 Angelorum,
2832 1571 2949 1625 qua:
2987 1572 3157 1627 grwce
3186 1566 3401 1629 θρησκεία
3440 1561 3572 1614 dici-

1997 1645 2100 1703 tur;
2122 1640 2351 1708 Angelos
2372 1642 2556 1698 volcns
2580 1645 2792 1715 intelligi
2816 1646 3164 1717 Principatus,
3193 1666 3326 1719 riuos
3347 1651 3571 1708 clemen-

1994 1735 2166 1784 torum
2188 1732 2367 1786 mundi
2400 1733 2554 1804 hujus
2579 1738 2911 1807 przepositos,
2936 1738 2987 1793 in
3010 1740 3091 1795 his
3112 1741 3571 1801 observationibus

1991 1821 2245 1875 colendos
2267 1838 2385 1878 esse
2410 1825 2750 1882 arbitrantur.

2060 1910 2150 1966 28.
2182 1912 2348 1968 Nemo
2378 1930 2503 1985 ergo
2530 1932 2642 1984 vos,
2672 1918 2857 1989 inquit,
2880 1922 3156 1978 convincat
3178 1939 3300 1979 cum
3320 1925 3436 1979 sitis
3450 1940 3571 1981 cor-

1990 2016 2090 2071 pus
2125 2002 2359 2072 Christi,
2394 2007 2573 2063 volens
2611 2009 2773 2063 videri
2807 2010 3018 2066 humilis
3060 2015 3220 2070 corde
3260 2016 3311 2070 in
3355 2016 3559 2071 cultura

1989 2094 2339 2165 Angelorum,
2369 2114 2481 2168 quae
2516 2116 2616 2154 non
2656 2101 2778 2155 vidit
2817 2104 3074 2159 inculcans
3113 2104 3185 2179 (a)
3217 2125 3229 2160 :
3266 2108 3378 2176 vel,
3429 2109 3567 2164 sicut

1990 2187 2203 2257 quidam
2223 2189 2433 2245 codices
2462 2190 2679 2256 habent,
2707 2209 2819 2263 qua:
2837 2194 2957 2248 vidit
2986 2196 3268 2251 inculcans.
3298 2199 3400 2252 Aut
3422 2200 3563 2254 enim

1990 2279 2069 2335 sic
2091 2279 2270 2336 dicere
2293 2282 2478 2349 voluit,
2504 2299 2615 2352 qua'
2634 2300 2735 2338 non
2764 2285 2883 2339 vidit
2907 2286 3208 2341 inculcans:
3251 2289 3371 2358 quia
3398 2289 3570 2344 homi-

1990 2386 2088 2427 nes
2113 2371 2211 2426 ista
2237 2374 2627 2443 suspicionibus
2646 2383 2701 2429 et
2720 2376 3055 2446 Opinionibns
3080 2387 3269 2447 agunt;
3300 2394 3405 2433 non
3426 2379 3567 2449 quod

1989 2462 2218 2518 viderint
2243 2464 2341 2518 ista
2362 2478 2482 2519 esse
2502 2464 2759 2521 facienda.
2789 2469 2892 2521 Aut
2916 2479 3081 2536 certe,
3112 2486 3223 2540 qua:
3252 2472 3372 2524 vidit
3402 2472 3571 2526 incul-

1988 2571 2110 2609 cans
2131 2571 2150 2609 :
2180 2555 2231 2610 id
2267 2566 2349 2611 est
2376 2573 2563 2627 magna
2602 2559 2939 2625 existimans,
2980 2561 3099 2631 quia
3129 2561 3257 2616 vidit
3294 2577 3355 2617 ea
3382 2564 3570 2634 quibu-

1989 2646 2140 2701 sdam
2168 2647 2298 2701 locis
2323 2649 2593 2703 observari
2628 2651 2753 2705 alibi
2784 2651 2850 2707 ab
2876 2651 3176 2708 hominibus
3206 2668 3430 2724 quorum
3472 2670 3569 2709 au-

1989 2740 2224 2794 ctoritati
2255 2741 2472 2795 haberet
2496 2742 2653 2797 fidem
2692 2743 2850 2798 etiam
2880 2744 3085 2798 ratione
3113 2760 3219 2801 non
3246 2743 3483 2811 reddita;
3514 2754 3572 2800 et

1990 2828 2111 2885 ideo
2134 2820 2234 2885 sibi
2260 2847 2482 2902 magnus
2504 2832 2730 2899 videtur,
2758 2834 2878 2903 quia
2901 2834 2949 2888 ei
2975 2835 3197 2905 contigit
3217 2835 3567 2905 quorumdam

1990 2934 2261 2975 sacrorum
2290 2924 2471 2977 videre
2498 2933 2721 2977 secreta.
2753 2922 2857 2978 Sed
2880 2924 3087 2993 plenior
3111 2940 3299 2980 sensus
3327 2934 3427 2990 est,
3458 2941 3574 2996 quc

1992 3028 2092 3064 non
2128 3011 2250 3064 vidit
2282 3011 2568 3079 inculcans,
2597 3014 2787 3084 frustra
2818 3015 3026 3085 inﬂatus
3064 3027 3226 3071 mente
3247 3018 3414 3071 carnis
3442 3033 3568 3073 suae.

1991 3103 2303 3160 Mirabiliter
2330 3105 2401 3160 ibi
2439 3121 2558 3160 eum
2589 3106 2721 3161 dixit
2748 3106 2985 3161 inﬂatum
3013 3116 3188 3163 mente
3217 3110 3392 3163 carnis
3420 3124 3532 3165 suae
3550 3149 3568 3177 ,

1993 3197 2081 3252 ubi
2107 3196 2503 3252 thelohumilem
2529 3212 2687 3269 supra
2708 3198 2913 3254 dixerat
2938 3218 2951 3254 :
2981 3199 3038 3253 ﬁt
3060 3200 3200 3254 enim
3226 3202 3378 3255 miris
3398 3200 3573 3256 modis

1992 3286 2047 3342 in
2073 3288 2247 3343 anima
2280 3288 2531 3357 hominis,
2560 3299 2619 3345 ut
2645 3290 2711 3347 de
2737 3291 2865 3346 falsa
2897 3292 3195 3349 humilitate
3219 3293 3388 3364 magis
3415 3292 3571 3349 intle-

1995 3390 2097 3447 tur,
2130 3396 2288 3451 quam
2313 3381 2359 3436 si
2387 3384 2622 3451 apertius
2662 3384 2977 3453 superbiret.
3019 3383 3087 3437 Et
3113 3401 3214 3438 non
3241 3395 3443 3452 tenens,
3491 3385 3574 3440 in-

1992 3475 2124 3544 quit,
2147 3484 2319 3545 caput,
2348 3475 2489 3546 quod
2509 3477 2621 3530 vult
2640 3475 2907 3531 Christum
2938 3477 3185 3547 intelligi,
3216 3492 3278 3531 ea:
3299 3494 3407 3548 quo,
3425 3492 3573 3531 omne

1992 3584 2176 3640 corpus
2204 3578 2517 3637 compactum
2544 3579 2592 3623 et
2620 3584 2922 3635 connexum,
2954 3568 3386 3623 subministratum
3412 3580 3459 3622 et
3486 3584 3571 3622 co-

1992 3660 2221 3728 pulatum
2245 3661 2420 3713 crescit
2440 3660 2491 3713 in
2510 3660 2868 3713 incrementum
2890 3660 3005 3713 Dei.
3032 3660 3092 3715 Si
3112 3676 3228 3731 ergo
3250 3660 3429 3713 mortui
3450 3659 3569 3713 estis

1990 3765 2103 3803 cum
2126 3748 2323 3803 Christo
2344 3751 2405 3803 ab
2429 3750 2681 3805 elementis
2701 3751 2851 3823 hujus
2872 3751 3078 3807 mundi:
3110 3752 3231 3822 quid
3251 3751 3418 3805 adhuc
3439 3751 3570 3807 velut

1988 3843 2200 3895 viventes
2227 3842 2290 3897 de
2316 3844 2409 3896 hoc
2433 3842 2620 3897 mundo
2646 3843 2907 3898 decernitis
2924 3844 2950 3898 Ρ

2056 3934 2144 3989 29.
2178 3934 2267 3986 llis
2287 3933 2442 3989 dictis
2468 3935 2650 3989 inserit
2679 3936 2837 3990 verba
2867 3951 3049 3990 eorum
3078 3935 3167 4005 qui
3197 3934 3570 3991 decernuntde

1987 4023 2089 4079 hoc
2117 4024 2315 4078 mundo
2344 4041 2437 4094 per
2467 4026 2559 4080 has
2585 4027 2982 4081 observationes
3019 4026 3168 4096 quasi
3211 4027 3566 4096 rationabiles,

1985 4116 2225 4170 allectata
2250 4117 2477 4171 vanitate
2501 4117 2809 4171 humilitatis
2838 4118 2999 4171 inﬂati
3032 4134 3045 4169 :
3081 4116 3163 4170 Ne
3196 4119 3469 4188 tetigeritis,
3508 4136 3569 4171 ne

1982 4209 2316 4279 gustaveritis,
2344 4225 2407 4261 ne
2432 4210 2861 4262 attaminaveritis.
2882 4209 3196 4264 Recolamus
3211 4211 3349 4279 quod
3366 4210 3565 4265 dictum

1982 4311 2065 4357 est
2093 4300 2356 4370 superius,
2390 4308 2449 4355 ut
2470 4300 2570 4356 hoc
2594 4300 2963 4370 intelligamus.
3006 4301 3122 4355 Non
3150 4302 3258 4355 vult
3287 4302 3429 4357 enim
3473 4318 3566 4357 cos

1983 4395 2036 4449 in
2065 4395 2147 4449 his
2167 4394 2622 4449 observationibus
2641 4394 2889 4464 judicari,
2922 4393 3009 4448 ubi
3038 4393 3248 4460 dicitur,
3279 4393 3361 4448 Ne
3395 4396 3561 4466 tetige-

1983 4488 2111 4553 ritis,
2145 4504 2207 4540 ne
2231 4487 2565 4558 gustaveritis,
2599 4503 2660 4541 ne
2689 4487 3100 4540 attaminaveritis
3133 4502 3151 4540 :
3178 4502 3290 4557 qua:
3316 4498 3430 4542 sunt
3458 4504 3566 4541 ont-

1983 4584 2087 4649 nia,
2116 4582 2305 4652 inquit,
2323 4582 2374 4635 in
2391 4581 2760 4651 corruptionem
2788 4596 2875 4650 per
2889 4580 3195 4635 abusionem.
3221 4580 3409 4636 Omnia
3431 4584 3563 4649 hazc,

1982 4674 2171 4746 inquit,
2203 4674 2368 4745 magis
2405 4673 2470 4728 ad
2500 4684 2893 4743 corruptionem
2939 4674 3134 4740 valent,
3162 4690 3281 4729 cum
3311 4676 3566 4746 supersti-

1983 4767 2116 4821 tiose
2138 4766 2205 4820 ab
2232 4766 2309 4820 eis
2332 4765 2642 4827 abstinetur,
2672 4772 2728 4817 ut
2754 4764 2833 4819 eis
2872 4764 3031 4819 homo
3072 4767 3338 4830 abutatur,
3370 4766 3421 4819 id
3461 4775 3563 4831 est,

1981 4874 2087 4914 non
2124 4859 2201 4914 eis
2243 4865 2418 4912 utatur
2452 4856 2722 4911 secundum
2757 4868 3003 4929 praacepta
3032 4866 3077 4911 et
3106 4858 3356 4911 doctrinas
3403 4857 3563 4911 homi-

1982 4966 2120 5003 num.
2150 4948 2262 5003 Hoc
2284 4948 2497 5017 planum
2516 4955 2622 5013 est;
2650 4946 2740 5000 sed
2769 4948 2907 5017 quod
2936 4947 3172 5017 sequitur
3216 4947 3436 5001 multum
3484 4963 3559 4999 re.

1983 5042 2147 5112 quiris
2177 5057 2189 5095 :
2224 5040 2350 5105 Qua:
2393 5047 2505 5094 sunt
2533 5038 2733 5111 quidem
2762 5041 3001 5094 rationem
3032 5040 3264 5094 habentia
3304 5040 3562 5109 sapientia:

1980 5135 2033 5190 in
2059 5135 2416 5201 observatione,
2448 5144 2493 5188 et
2509 5133 2789 5187 humilitate
2809 5135 2995 5200 cordis,
3035 5144 3079 5186 et
3108 5135 3363 5187 vexatione
3391 5148 3561 5202 corpo-

1979 5234 2082 5297 ris;
2111 5230 2212 5296 vel,
2237 5229 2373 5284 sicut
2392 5228 2482 5283 alii
2510 5228 2841 5300 interpretati
2862 5237 3001 5293 sunt,
3034 5230 3099 5281 ad
3125 5245 3225 5282 non
3254 5227 3556 5299 parcendum

1979 5322 2200 5394 corpori,
2226 5338 2325 5376 non
2354 5322 2407 5376 in
2427 5321 2615 5376 honore
2628 5322 2797 5393 aliqua
2813 5320 2881 5374 ad
2900 5322 3209 5375 saturitatem
3226 5321 3409 5374 carnis.
3430 5318 3555 5385 Cur,

1979 5414 2173 5486 inquis,
2206 5415 2321 5469 haec
2360 5415 2487 5469 dicit
2515 5414 2772 5470 rationem
2802 5413 2997 5467 habere
3017 5413 3308 5484 sapientia),
3340 5428 3459 5482 quae
3490 5413 3561 5466 ita

1976 5508 2351 5578 reprehendit?

2044 5604 2133 5659 50.
2168 5604 2367 5668 Dicam,
2391 5600 2529 5672 quod
2550 5609 2603 5655 ct
2628 5599 2740 5669 ipse
2769 5598 2821 5652 in
2850 5596 3131 5669 Scripturis
3173 5606 3326 5670 potes
3364 5596 3557 5651 adver~

1977 5707 2109 5762 tere,
2142 5709 2283 5765 saepe
2311 5694 2619 5763 sapientiam
2646 5692 2869 5764 positam
2898 5691 3057 5745 etiam
3087 5691 3139 5744 in
3170 5690 3383 5746 sedibus
3402 5706 3557 5744 inun-

1974 5789 2027 5845 di
2055 5789 2228 5858 hujus,
2249 5804 2405 5859 quam
2434 5790 2557 5843 dicit
2576 5788 2874 5858 expressius
2890 5786 3201 5854 sapientiam
3228 5786 3383 5857 hujus
3405 5800 3556 5843 muns

2062 5923 2132 5989 (b)
2165 5920 2466 5975 Embatcudn.
