2077 3177
278 199 329 227 m5

277 252 315 282 di.
329 251 383 279 Nec
390 254 495 286 moveat
506 249 576 286 quod
584 249 627 276 liic
637 255 688 279 non
698 247 808 280 addidit,
820 246 920 274 Mundi.
931 246 989 274 Non
998 246 1068 273 enim

278 304 304 327 et
315 298 368 326 alio
380 298 449 331 loco,
459 305 518 333 cuiq
532 297 577 329 ait,
594 295 641 325 Ubi
655 294 773 330 sapiens?
787 294 828 320 ubi
842 293 922 329 scriba
934 293 961 329 (ι
977 292 1035 320 Cor.
1050 300 1068 327 ι,

277 343 346 379 30)?
361 343 470 375 addidit,
486 341 568 377 Hujus
582 339 689 372 mundi;
710 344 737 366 ut
757 339 867 371 diceret,
893 338 942 365 Ubi
965 338 1071 373 sapiens

279 390 357 425 hujus
370 388 460 418 mundi
475 396 481 415 :
496 392 523 414 et
545 392 632 414 tamen
657 385 707 413 hoc
732 384 895 419 intelligitur.
919 385 962 411 Sic
976 389 1002 412 et
1023 384 1070 415 ista

279 437 346 466 ratio
358 425 505 469 sapientiai
520 432 591 460 Nihil
604 431 675 466 enim
688 431 721 459 ali
735 431 773 463 eis
784 430 878 458 dicitur
891 430 917 460 in
933 429 1071 464 liujusino-

278 482 305 510 di
320 480 510 517 superstiiiOSis
528 477 767 509 observationibus,
788 476 832 513 ubi
847 484 899 503 non
915 475 1004 503 mundi
1021 475 1072 502 hu-

279 529 320 565 jus
333 528 524 556 elementorum
538 530 744 559 naturarumque
760 531 860 555 reruni,
871 522 939 550 ratio
952 521 1071 557 quoidam

279 573 415 609 sapientiae
431 571 506 600 reddi
523 571 652 599 videatur.
668 569 733 605 Nam
747 573 774 603 et
787 576 846 596 cuni
861 567 934 600 dicit,
945 565 1073 596 Canctene

280 619 334 655 quis
353 627 394 645 uos
416 617 523 652 decipiat
548 624 592 651 per
618 614 819 653 philosophiam,-
839 621 892 641 non
917 613 964 646 ait,
989 613 1072 647 llujiis

280 664 370 693 mundi
381 669 425 692 :et
434 663 496 699 quid
506 667 546 690 est
558 661 723 698 philosophia
736 660 826 692 latine,
838 659 887 687 nisi
900 658 1014 686 studium
1027 665 1071 685 sa-

281 709 401 746 pientiie?
416 709 482 737 Sunt
495 715 568 743 ergo,
588 707 681 741 inquit,
706 705 755 733 ista
774 704 897 732 rationem
909 703 1009 740 quidem
1023 703 1071 731 Ita-

281 757 363 785 bentia
370 755 510 792 sapientite,
521 754 546 781 id
556 758 606 787 est,
621 753 655 791 de
669 752 764 790 quibus
772 751 858 788 aliqua
870 751 937 782 ratio
947 750 1073 778 reddatur

280 804 424 836 secundum
440 802 569 837 elementa
580 799 670 835 mundi
681 798 768 833 hujus,
779 802 804 824 ct
815 797 975 833 principatus
986 803 1016 823 ac
1027 803 1075 833 po-

282 855 399 878 testates.
416 848 449 883 lii
468 846 637 881 obserpatione
654 850 676 872 et
688 843 828 872 humilitate
843 843 925 875 cordis
940 850 948 869 :
962 841 987 869 id
1002 841 1072 878 enim

281 901 361 932 agunt
374 896 434 928 ista,
448 898 475 921 nt
489 892 684 928 superstitionis
706 891 769 918 vitio
787 897 834 917 cor
855 888 1016 916 humilietur.
1033 888 1073 921 Ad

281 950 332 970 non
341 939 492 976 parcendum
502 937 601 974 corpori
615 944 625 964 :
641 937 704 964 dum
717 935 853 969 fraudatur
868 934 925 969 istis
937 934 1006 961 escis
1016 933 1075 969 qui-

281 988 331 1016 bus
351 986 518 1021 compellitur
536 983 678 1018 abstinere.
705 981 765 1009 Non
784 982 810 1017 in
831 980 926 1010 [tonare
944 979 1028 1016 aliqua
1041 979 1075 1014 σφι

281 1034 435 1066 saturitatem
457 1031 540 1062 carnis
556 1038 565 1058 :
579 1037 631 1063 non
651 1028 721 1064 quod
743 1027 896 1062 honoratius
919 1025 965 1057 illo
991 1025 1075 1062 magis

282 1087 360 1115 quam
375 1079 420 1111 illo
429 1077 488 1110 cibo
499 1084 560 1104 caro
573 1079 715 1107 saturetur,
730 1081 790 1103 cum
801 1072 834 1100 ad
855 1072 913 1107 ejus
929 1071 1074 1109 necessita-

283 1132 335 1154 tem
349 1133 401 1156 non
415 1124 545 1159 pertineat
554 1122 604 1150 nisi
612 1118 879 1157 quolibetvaletudini
890 1122 951 1153 apto
962 1117 1075 1153 alimen-

283 1176 311 1199 to
323 1171 394 1199 reﬁci
407 1175 486 1204 atque
499 1167 596 1196 fulciri.

318 1215 430 1244 CAPUT
443 1214 485 1247 ιιι.
497 1228 533 1234 -
542 1214 586 1241 5t.
599 1213 636 1241 De
646 1211 790 1247 Evangelio
802 1209 937 1245 inquisitio
950 1213 994 1236 tua
1008 1208 1076 1243 solet

283 1262 380 1289 inultos
403 1267 521 1292 movere,
542 1257 674 1294 quomodo
686 1257 814 1284 Dominus
828 1259 887 1291 post
901 1254 1076 1285 resurrectio-

283 1315 354 1340 nem,
366 1314 427 1337 cum
441 1305 467 1333 in
478 1306 570 1338 eodem
581 1311 691 1338 corpore
705 1302 849 1338 surrexerit
861 1301 879 1334 ί,
892 1309 906 1328 a
919 1300 1075 1337 quibqsdain

283 1353 328 1388 qui
352 1360 412 1383 eum
433 1354 572 1384 noverant,
599 1350 735 1384 utriusque
759 1355 838 1384 sesus
861 1346 1023 1378 hominibus.
1050 1350 1077 1377 ct

283 1398 387 1433 agnitus
399 1405 452 1438 ttop
464 1397 507 1430 sit,
522 1400 549 1430 et
560 1395 665 1430 agnitus
675 1395 718 1427 sit.
733 1393 783 1422 Ubi
804 1393 916 1428 primum
930 1392 1012 1427 quxri
1032 1398 1077 1419 so-

285 1445 320 1473 let
333 1449 421 1472 ulrum
435 1443 461 1477 in
481 1443 539 1476 ejus
552 1448 674 1477 corpore,
688 1448 721 1468 an
733 1439 819 1475 potius
833 1439 858 1466 in
874 1438 977 1470 illorum
992 1437 1077 1464 oculis

286 1489 385 1525 aliquid
401 1489 496 1521 factum
505 1488 541 1520 sit
551 1495 603 1522 quo
617 1494 669 1526 pun
685 1489 777 1521 posset
789 1484 906 1519 agnosci.
926 1484 992 1513 Cuin
1005 1483 1076 1518 enim

285 1536 391 1571 legitur,
411 1534 570 1566 Tenebantur
591 1531 657 1567 oculi
680 1539 765 1559 eorum
784 1538 815 1557 ne
838 1533 1000 1565 agnoscerent
1020 1537 1077 1565 cum

285 1581 360 1617 (Luc.
375 1588 451 1614 xxiv,
464 1578 525 1614 lﬁ);
540 1577 756 1613 impedimentum
771 1574 902 1611 qiioddam
914 1573 1076 1609 agnoscendi

285 1628 388 1660 videtur
407 1628 433 1659 in
455 1625 598 1660 luminibus
620 1624 716 1657 factum
736 1629 796 1649 esse
814 1620 977 1658 cernentium
995 1627 1001 1645 :
1016 1627 1076 1646 cuin

285 1681 348 1706 vero
361 1676 451 1708 aperte
466 1671 526 1705 alibi
541 1669 654 1702 dicitur,
676 1667 801 1706 Apparuit
818 1666 853 1693 eis
875 1666 901 1693 in
922 1664 975 1692 alia
999 1664 1078 1699 cﬂigie

285 1720 293 1754 (
306 1718 386 1746 Marc.
399 1725 435 1750 vi,
447 1716 508 1751 12),
525 1715 615 1751 utique
628 1714 653 1741 in
669 1714 726 1750 ipso
739 1719 850 1746 corpore
864 1710 938 1753 cujus
950 1709 1001 1736 alia
1020 1713 1077 1736 erat

285 1751 395 1800 efﬁgies,
409 1754 506 1798 aliquid
522 1761 619 1798 factum
632 1759 722 1793 fuisse,
737 1751 988 1798 quoimpediniento
1003 1761 1078 1782 tene-

286 1816 387 1843 rentur,
396 1809 420 1841 id
434 1811 486 1841 est,
501 1814 602 1842 moram
618 1804 777 1841 agnoscendi
793 1806 946 1838 paterentur
959 1800 1028 1827 oculi
1044 1800 1076 1834 il-

286 1855 382 1886 lorum.
396 1852 445 1887 sed
460 1859 509 1886 ego
518 1850 609 1881 miror,
619 1856 679 1882 cum
688 1847 740 1874 duo
750 1846 803 1873 sint
816 1845 841 1882 in
857 1851 967 1878 corpore
980 1842 1076 1878 quibus

286 1900 412 1934 cujusque
423 1897 524 1932 species
541 1897 706 1930 agnoscatur,
721 1891 879 1919 lineamenta
890 1892 917 1915 et
931 1887 1015 1921 color,
1029 1895 1078 1927 cur

287 1932 348 1972 ante
362 1932 589 1978 resurrectionem,
603 1938 672 1974 quod
686 1938 712 1965 in
726 1941 815 1963 monte
831 1935 864 1962 ita
879 1932 1078 1967 transﬁguratus

286 1995 327 2019 est
340 1995 367 2017 ut
380 1990 453 2025 ﬁeret
467 1992 494 2015 et
505 1986 592 2013 vultus
615 1984 672 2019 ejus
695 1980 923 2019 splendidissimus
946 1978 1015 2006 sicut
1036 1977 1078 2005 sol

287 2039 295 2075 (
308 2037 398 2065 Matth.
411 2042 475 2067 xvu,
488 2033 534 2068 2),
548 2031 680 2060 neminem
695 2033 784 2066 movet
798 2035 858 2055 eum
875 2033 959 2061 usque
971 2024 1005 2052 ad
1020 2030 1078 2052 tan-

287 2072 339 2113 tam
354 2081 538 2116 excellentiam
553 2078 660 2114 fulgoris
670 2081 696 2105 et
708 2075 773 2103 lucis
788 2074 905 2101 colorem
927 2072 968 2099 sui
984 2078 1078 2106 corpo-

287 2132 323 2159 ris
344 2134 446 2162 mutare
471 2116 604 2162 potuisse;
624 2128 650 2150 et
672 2127 731 2158 post
752 2119 973 2159 resurrectionem
990 2121 1079 2144 movet

287 2178 451 2211 aliquatenus
466 2173 626 2211 lineamenta
648 2173 745 2204 mutata
766 2174 835 2198 esse,
860 2169 889 2192 ut
912 2172 964 2190 non
988 2166 1080 2197 posset

288 2208 405 2257 agnosci,
426 2224 451 2248 et
467 2209 569 2246 rursum
592 2210 683 2243 eadem
710 2212 833 2248 potentia:
852 2209 987 2245 facultate,
1010 2208 1079 2235 sicut

289 2255 351 2295 tunc
366 2266 502 2301 pristinniii
525 2263 650 2292 colorem,
672 2260 711 2286 sic
726 2264 753 2296 et
773 2263 832 2293 post
855 2255 1078 2298 resurrectionem

290 2299 401 2349 pristina
421 2311 577 2337 lineamenta
599 2312 747 2334 remeasse.
770 2303 833 2330 Nam
850 2300 924 2329 etilli
937 2304 991 2327 tres
1004 2299 1079 2326 disci-

289 2347 354 2395 puli,
367 2361 427 2384 ante
440 2362 551 2393 quorum
566 2353 657 2380 oculos
672 2352 697 2378 in
711 2354 799 2377 monte
814 2347 1013 2382 transﬁguratus
1027 2350 1077 2379 est,

289 2391 342 2431 iion
356 2394 416 2439 eum
430 2391 612 2439 agnoscerent,
623 2397 644 2424 si
657 2396 689 2423 ad
704 2403 749 2422 eos
761 2394 819 2421 talis
829 2392 934 2420 aliunde
947 2391 1077 2419 venisset:

289 2448 337 2476 sed
359 2436 418 2484 quia
439 2436 498 2473 cuin
514 2445 558 2472 illo
573 2447 656 2473 erant,
673 2441 757 2476 ipsum
771 2447 831 2466 €358
848 2437 996 2466 certissime
1015 2436 1079 2463 reti-

288 2495 397 2523 nebant.
411 2493 445 2525 At
456 2491 526 2520 enim
540 2496 635 2524 corpus
651 2488 734 2522 ipsum
749 2490 814 2517 erat,
824 2486 848 2512 in
858 2492 909 2519 quo
919 2483 1078 2511 resurrexit.

289 2540 356 2575 Quid
370 2538 420 2567 hoc
434 2537 466 2571 ad
481 2536 554 2564 rem?
568 2534 633 2563 Nam
649 2533 711 2560 illud
723 2532 905 2568 utiqneipsum
916 2537 1011 2564 corpus
1021 2533 1080 2556 erat

290 2574 317 2614 in
332 2593 384 2621 quo
398 2585 422 2612 iii
435 2588 524 2621 monte
538 2581 737 2615 transﬁguratus
751 2581 806 2610 est;
822 2581 849 2604 et
864 2577 949 2613 ipsum
962 2578 1019 2601 erat
1029 2574 1075 2607 ju-

290 2632 368 2660 venis
380 2631 406 2658 in
421 2637 473 2665 quo
485 2633 562 2655 natus
576 2633 617 2654 est
632 2635 637 2652 :
653 2629 679 2652 et
690 2630 775 2652 tamen
788 2623 809 2650 si
825 2622 884 2657 quis
896 2628 956 2648 eum
971 2624 1080 2655 repente

288 2678 415 2714 juvenem
428 2675 546 2705 vidisset,
560 2673 603 2708 qui
617 2670 722 2699 nonnisi
737 2668 890 2696 inl'antulum
907 2669 1006 2699 nosset,
1026 2672 1079 2692 non

289 2711 382 2759 utique
403 2725 567 2757 agnosceret.
589 2720 628 2746 An
642 2726 704 2745 vero
723 2716 755 2743 ad
775 2716 932 2742 lineamenta
955 2711 1080 2739 mutanda

290 2778 345 2798 non
360 2773 445 2805 potest
458 2767 580 2795 celeriter
594 2764 639 2792 Dei
652 2766 777 2799 potestas,
791 2759 861 2796 quod
877 2761 963 2794 potest
976 2765 1023 2792 per
1032 2765 1080 2784 an-

292 2821 387 2843 norum
401 2820 488 2841 moras
500 2810 615 2839 hominis
630 2808 711 2836 mtas?

327 2860 373 2890 52.
389 2859 464 2898 Quod
475 2863 562 2885 autem
575 2856 663 2884 Maria:
677 2853 752 2887 dixit,
769 2851 830 2879 Noli
843 2859 881 2878 me
894 2855 1004 2886 tangere,
1016 2857 1081 2877 non-

324 2915 335 2934 ⁸
349 2916 386 2942 sic
394 2916 462 2948 juxta
473 2921 558 2941 omnes
570 2914 655 2939 editos.
665 2916 690 2937 in
701 2914 735 2938 Β..
748 2918 815 2936 ειιγνι·
823 2914 860 2935 rit.
895 2915 922 2934 ιι.

871 188 902 218 S.»
921 186 1101 218 AUGUSTlNl
1122 183 1274 222 EPlSCOPl

1863 193 1915 222 ομ

1125 248 1184 274 dum
1192 249 1257 275 enim
1264 249 1365 276 arcendi
1372 249 1406 277 ad
1416 249 1520 278 Patrem
1531 249 1618 286 (Joan.
1630 257 1681 283 xx,
1694 249 1751 287 l7),
1766 250 1830 279 nihil
1845 252 1914 280 aliud

1125 300 1167 320 me
1180 293 1340 322 intellexisse
1353 295 1468 328 noveris,
1485 302 1563 330 quam
1575 300 1612 322 tu.
1629 295 1666 323 Ita
1681 296 1751 324 enim
1766 296 1914 331 signiﬁcare

1125 340 1206 367 voluit
1218 345 1314 369 tactum
1326 342 1501 376 spiritualem,
1517 342 1542 370 id
1556 347 1606 375 est,
1617 350 1752 370 accessum
1764 343 1823 370 ﬁdei
1834 351 1863 375 se
1874 352 1916 377 re-

1125 386 1240 420 quirere,
1256 395 1306 422 qua
1320 388 1436 415 creditur
1446 396 1506 419 eum
1519 389 1652 416 excelsum
1673 396 1733 416 esse
1750 396 1809 419 cum
1825 389 1914 421 Patre.

1126 432 1157 458 Iit
1171 433 1239 466 quod
1252 433 1285 459 ab
1299 432 1349 461 illis
1362 434 1464 461 duobus
1481 434 1506 461 in
1520 434 1647 461 fractione
1666 435 1740 468 panis
1758 441 1798 462 est
1812 436 1916 470 agnitus

1128 477 1200 512 (Luc.
1215 486 1288 511 μιν,
1302 480 1346 512 50,
1364 480 1419 514 51),
1435 480 1633 507 Sacrameiitum
1648 488 1707 506 esse
1720 480 1788 515 quod
1804 481 1810 495 ¹
1826 489 1873 506 nos
1890 481 1915 508 iii

1126 524 1286 558 agnitionem
1302 532 1375 552 suam
1391 531 1542 560 congregat,
1559 526 1644 552 nullus
1661 525 1739 552 debet
1753 525 1897 560 :iiiibigei'e.

1161 570 1204 596 55.
1217 570 1254 596 De
1268 570 1355 597 verbis
1368 570 1508 603 Simeonis,
1521 571 1563 598 tibi
1575 571 1610 597 ait
1622 571 1720 605 Virgini
1735 571 1810 597 matri
1827 571 1913 597 Domi-

1126 614 1162 645 ni,
1180 614 1213 640 Et
1226 620 1294 641 luant
1312 616 1391 650 ipsius
1406 616 1515 642 animant
1536 615 1693 651 pertransit/it
1706 616 1813 649 framea,
1828 616 1852 642 in
1865 617 1915 641 alia

1127 660 1236 694 cpistola
1258 661 1332 695 cujus
1352 662 1501 696 exemplum
1515 662 1592 688 etiam
1609 662 1686 688 modo
1700 662 1770 694 misi,
1786 662 1838 688 dixi
1855 662 1915 695 quid

1127 706 1190 732 inihi
1206 706 1340 738 videatur;
1356 707 1425 741 quod
1438 707 1516 734 etiam
1527 708 1570 734 tibi
1584 708 1652 734 inter
1662 712 1756 733 cetera
1769 707 1850 733 visum
1865 712 1915 733 cst.

1127 751 1160 777 Et
1179 752 1248 785 quod
1266 752 1393 786 adjuiixit,
1421 752 1453 779 Ut
1476 752 1631 779 denudcntur
1651 753 1785 778 multarunt
1803 752 1916 778 COI‘tllltllt

1127 798 1288 832 cogitationes
1304 798 1312 833 (
1328 798 1370 824 Id.
1393 799 1487 833 11,55),
1501 800 1549 825 hoc
1561 798 1759 833 intelligendum
1771 803 1842 832 puto,
1856 798 1916 832 quia

1127 851 1174 879 per
1190 845 1292 871 Domini
1316 845 1475 879 passionem,
1496 850 1522 872 et
1536 845 1636 871 insidim
1651 844 1810 877 Juda-ornin,
1832 849 1857 871 ct
1879 844 1918 870 di-

1128 890 1286 924 scipulorum
1313 890 1451 917 iiilirtiiitas
1479 891 1570 924 patuit.
1597 890 1802 917 'l‘ribnlationeiii
1828 890 1916 923 igitur,

1127 935 1205 970 gladii
1229 936 1335 963 nomine
1356 936 1526 970 signiﬁcatam
1547 944 1614 966 csse,
1636 935 1760 962 credibile
1784 939 1839 966 est,
1865 942 1918 968 quo

1128 986 1245 1008 materna
1260 982 1344 1007 anima
1368 983 1501 1008 vulnerata
1514 986 1551 1007 est
1565 981 1663 1008 doloris
1676 981 1781 1007 affectu.
1797 980 1854 1014 Ipse
1871 979 1918 1005 fuit

1128 1028 1229 1061 gladius
1242 1028 1266 1053 in
1280 1035 1325 1054 ore
1341 1031 1546 1061 persecuturum,
1560 1027 1592 1053 de
1607 1027 1701 1061 quibus
1718 1027 1741 1052 iii
1756 1025 1859 1052 Psaltiio
1877 1025 1917 1050 di-

1129 1074 1196 1099 citur
1213 1082 1219 1099 :
1236 1072 1268 1099 Et
1284 1073 1383 1108 gladius
1406 1073 1429 1098 in
1452 1081 1494 1099 ore
1507 1080 1591 1098 eorum
1606 1072 1613 1106 (
1630 1071 1699 1097 l’sal.
1718 1078 1789 1102 niti,
1805 1070 1850 1105 8).
1868 1069 1917 1104 Ipsi

1129 1121 1199 1147 enim
1211 1125 1285 1146 erant
1300 1120 1342 1145 lilii
1360 1120 1505 1149 hominum,
1522 1126 1632 1153 quorum
1647 1118 1738 1144 dentes
1752 1124 1824 1143 arma
1836 1121 1860 1142 et
1875 1123 1918 1141 sa—

1129 1166 1210 1200 gittie,
1228 1171 1253 1191 et
1264 1165 1350 1199 lingua
1369 1173 1460 1191 eorum
1473 1164 1573 1198 gladius
1589 1169 1680 1190 acutus
1696 1162 1786 1197 (Psal.
1803 1169 1855 1193 LVI,
1871 1161 1886 1188 ὅ

1129 1211 1193 1238 Nam
1209 1216 1235 1238 ct
1248 1211 1346 1238 ferrum
1361 1211 1429 1245 quod
1446 1211 1594 1245 pertransiit
1613 1210 1726 1236 animam
1747 1209 1854 1242 .losepli,
1872 1215 1919 1242 pro

1130 1257 1194 1283 dura
1205 1257 1371 1284 tribulatione
1386 1258 1497 1291 positum
1509 1256 1571 1283 mihi
1586 1256 1705 1282 \‘idcttit':
1722 1260 1813 1289 apcrlc
1824 1255 1919 1289 quippe

1130 1303 1235 1335 dicitur,
1252 1302 1356 1329 Ferrum
1375 1302 1515 1338 pertransiit
1534 1302 1642 1327 animum
1658 1302 1720 1335 ejus,
1739 1301 1815 1326 donec
1828 1300 1920 1325 veniret

1131 1350 1230 1375 verbum
1250 1349 1320 1383 (jus;
1337 1349 1361 1374 id
1381 1354 1429 1380 est,
1446 1348 1542 1374 lanidiu
1559 1347 1606 1373 fuit
1624 1347 1647 1372 in
1661 1346 1725 1373 dura
1740 1346 1916 1376 tribulatione,

1131 1393 1214 1420 donec
1230 1395 1302 1420 liercl
1313 1394 1381 1428 quod
1394 1393 1522 1428 pranbxit.
1541 1393 1605 1419 Iliuc
1619 1393 1687 1418 enim
1700 1399 1808 1426 magnus
1819 1396 1859 1417 est
1873 1390 1921 1416 ba-

1131 1440 1212 1472 liilus,
1226 1445 1251 1466 et
1268 1441 1299 1466 ab
1312 1441 1352 1466 illa
1370 1440 1536 1466 tribulatione
1553 1440 1688 1466 liberatus.
1705 1438 1756 1465 Sed
1772 1447 1804 1464 ne
1824 1437 1920 1464 liuiiia-

1131 1494 1172 1513 itte
1184 1486 1317 1519 sapicnlim
1337 1486 1505 1517 tribueretur,
1520 1485 1588 1520 quod
1607 1484 1676 1511 venit
1693 1483 1799 1510 verbum
1812 1482 1878 1518 ejus,
1894 1481 1919 1508 id

1132 1536 1181 1563 est,
1194 1532 1288 1557 l'actuin
1299 1536 1338 1557 est
1349 1531 1415 1565 quod
1428 1531 1555 1565 pricdixit,
1570 1538 1641 1556 more
1655 1537 1702 1555 suo
1713 1528 1845 1562 Scriptura
1860 1535 1920 1553 san-

1130 1583 1171 1605 cta
1185 1578 1238 1604 lleo
1252 1577 1311 1604 inde
1322 1577 1366 1603 dat
1378 1577 1497 1611 gloriam,
1513 1582 1540 1603 et
1550 1576 1674 1602 continuo
1686 1574 1820 1610 subjiingit
1836 1583 1841 1600 :
1857 1573 1920 1600 Elo—

1131 1625 1217 1660 quium
1230 1625 1328 1650 Doniini
1339 1624 1424 1659 lgllll‘ll
1437 1632 1491 1650 cum
1504 1622 1587 1658 (Psnl.
1603 1630 1654 1654 (‘l\',
1670 1622 1709 1652 18,
1724 1621 1778 1656 l9).

1168 1672 1210 1703 54.
1227 1671 1258 1697 Ut
1272 1671 1341 1705 potui
1358 1678 1409 1696 non
1430 1670 1498 1697 defui
1514 1668 1763 1703 interrogationibus
1777 1667 1825 1694 tuis
1843 1666 1920 1701 adju~

1133 1722 1174 1743 tus
1186 1717 1347 1743 orationibus
1363 1717 1422 1749 tuis,
1438 1721 1463 1742 ct
1485 1716 1547 1750 ipsis
1567 1723 1632 1750 quas
1644 1714 1747 1746 misisti,
1764 1712 1921 1747 disputatio-

1133 1763 1208 1788 nibus
1219 1763 1277 1788 tnis.
1289 1762 1353 1788 (iiiiii
1366 1762 1435 1788 cnim
1450 1761 1633 1794 interrogando
1648 1760 1773 1794 disputas,
1789 1762 1815 1784 et
1825 1757 1921 1793 quieris

1132 1807 1261 1833 acrilcret
1276 1807 1355 1833 doces
1375 1806 1516 1833 liiiniilitei‘.
1537 1805 1603 1833 Utile
1626 1810 1666 1832 est
1688 1809 1773 1831 autem
1786 1809 1812 1830 ut
1827 1804 1859 1830 de
1871 1804 1920 1830 ob-

1133 1852 1299 1878 scuritatibus
1314 1852 1458 1878 divinarum
1482 1851 1685 1886 Scriptiirariiin,
1708 1857 1771 1885 quas
1790 1849 1921 1877 exercita-

1134 1898 1212 1926 tionis
1228 1903 1322 1925 nostra:
1339 1907 1417 1926 causa
1428 1899 1496 1925 Dens
1511 1906 1569 1925 esse
1582 1899 1671 1930 voluit,
1682 1897 1770 1924 inulta-
1783 1896 1921 1924 invenian-

1135 1951 1176 1971 tur
1195 1946 1344 1978 senlrntia‘,
1369 1953 1428 1972 cum
1456 1945 1524 1971 aliud
1547 1945 1589 1971 alii
1615 1944 1727 1976 videtur,
1752 1952 1810 1978 qua:
1834 1947 1920 1969 tamen

1133 1999 1225 2018 omnes
1238 1999 1309 2018 satur.
1322 1991 1379 2017 ﬁdei
1394 1991 1572 2024 doctrinasqiie
1581 1989 1749 2016 concordent.
1766 1988 1844 2015 Dabis
1857 1995 1922 2014 sane

1133 2038 1236 2063 Veniam
1259 2037 1319 2063 stilo
1334 2044 1392 2063 meo
1412 2036 1519 2062 multum
1543 2035 1686 2067 festinanti,
1703 2038 1731 2060 ut
1742 2034 1794 2068 jam
1815 2034 1839 2059 in
1861 2033 1922 2059 navi

1133 2082 1275 2109 constituto
1285 2089 1449 2108 occurrerem
1459 2080 1581 2114 pet‘lalot‘i
1600 2079 1694 2105 Filium
1705 2083 1792 2105 autem
1804 2081 1921 2104 nostrum

1134 2127 1282 2157 Paulinum,
1306 2127 1330 2152 in
1353 2126 1449 2152 (lliristi
1473 2125 1601 2151 cliaritate
1624 2123 1814 2155 dulcissimum,
1831 2123 1855 2148 iti
1872 2123 1922 2148 liae

1135 2172 1220 2206 potius
1231 2172 1340 2206 cpistola
1355 2171 1469 2197 resaluto
1483 2171 1504 2202 ί,
1515 2174 1542 2197 et
1557 2169 1645 2203 paucis
1657 2174 1684 2194 iit
1699 2168 1809 2195 festinus
1823 2167 1923 2193 exhor-

1134 2222 1185 2250 tor,
1202 2222 1230 2243 ut
1245 2216 1429 2243 ltliSCl‘iL‘Ol‘diJ:
1449 2215 1549 2241 Domini
1565 2215 1608 2249 qui
1622 2214 1707 2241 Sciens
1723 2213 1786 2240 dare
1798 2213 1925 2240 auxilium

1134 2264 1166 2291 de
1182 2263 1359 2294 tribulatione,
1376 2270 1435 2289 enni
1448 2261 1670 2288 turbulentissima
1685 2264 1840 2293 tempestate
1855 2258 1927 2284 misit

1134 2309 1160 2336 in
1174 2314 1285 2344 portum,
1301 2315 1353 2342 quo
1367 2312 1394 2334 tu
1406 2308 1496 2341 pelago
1511 2306 1690 2340 tranquilliore
1705 2304 1857 2339 pcrmrasti,
1874 2303 1925 2337 ipsi

1135 2354 1243 2381 marinae
1263 2352 1444 2387 tranquillitati
1460 2351 1567 2378 minime
1580 2351 1700 2382 credens,
1715 2355 1740 2376 et
1753 2349 1796 2384 qui
1808 2348 1864 2383 ejus
1879 2356 1927 2374 ru-

1134 2400 1259 2426 dimentis
1272 2398 1433 2432 exeipicndis
1446 2402 1523 2432 atque
1537 2397 1682 2424 nutriendis
1692 2400 1717 2423 te
1731 2395 1814 2427 dedit,
1828 2394 1927 2429 gratias

1135 2454 1197 2480 agas
1211 2448 1322 2479 quantas
1340 2447 1436 2478 potest,
1452 2447 1477 2469 et
1495 2443 1580 2468 omnia
1596 2442 1652 2475 ejus
1666 2449 1724 2468 ossa
1743 2440 1832 2467 dicant
1847 2447 1854 2465 :
1870 2439 1928 2465 Do-

1136 2492 1211 2522 mine,
1226 2490 1280 2524 qitis
1295 2489 1381 2515 similis
1394 2489 1437 2514 tibi
1453 2488 1460 2522 (
1476 2487 1547 2513 Psal.
1565 2494 1658 2517 xxxtv,
1682 2486 1715 2513 10
1730 2486 1758 2518 )?
1776 2485 1832 2512 Non
1853 2484 1926 2511 enim

1135 2536 1257 2563 uberiore
1270 2535 1354 2561 fructu
1370 2534 1431 2568 legit
1443 2534 1481 2560 vel
1496 2533 1568 2559 audit
1584 2541 1626 2559 me
1641 2532 1779 2558 docentem
1794 2538 1825 2557 ac
1839 2530 1928 2557 disse-

1136 2586 1249 2613 rentem,
1263 2580 1304 2606 vel
1316 2579 1474 2614 quibuslibet
1486 2578 1713 2605 exhortationibus
1727 2576 1927 2606 accendentein,

1135 2635 1212 2661 quam
1225 2625 1329 2660 inspicit
1344 2629 1369 2651 te
1380 2624 1520 2651 viventem.
1532 2623 1685 2658 Resalutaiit
1698 2627 1815 2649 sanctam
1831 2625 1858 2647 et
1873 2620 1930 2647 sin—

1135 2673 1299 2700 cerissimam
1308 2672 1498 2706 Benignitatem
1505 2674 1576 2696 tuam
1584 2670 1706 2696 conservi
1716 2668 1766 2695 mei
1773 2668 1815 2702 qui
1824 2673 1928 2693 meeum

1136 2723 1207 2745 sunt.
1224 2718 1408 2746 tiondiaconus
1418 2721 1504 2742 autem
1518 2719 1606 2741 noster
1620 2714 1788 2748 Peregrinus,
1799 2720 1832 2739 ex
1846 2719 1900 2746 quo
1912 2719 1927 2738 a

1136 2772 1180 2792 me
1199 2764 1331 2799 profectus
1354 2767 1395 2790 est
1415 2770 1474 2789 cuin
1493 2765 1583 2787 saneto
1598 2760 1678 2787 fratre
1698 2764 1789 2786 nostro
1808 2757 1926 2790 Urbano,

1168 2843 1176 2857 ³
1191 2842 1244 2865 uad.
1262 2845 1306 2865 tm.
1320 2845 1345 2865 et
1356 2844 1403 2870 r.r.,
1413 2846 1458 2875 quo
1469 2846 1519 2875 nos,
1531 2839 1620 2870 quibus
1631 2838 1791 2870 suﬂ‘ragantur
1802 2840 1856 2869 uss.
1868 2841 1918 2872 qua

1136 2878 1190 2899 tuor
1200 2874 1272 2897 \aiic.
1286 2876 1311 2896 ct
1323 2880 1336 2895 e
1349 2870 1436 2896 uasti-is
1448 2871 1556 2896 totidem.
1901 2870 1906 2872 ‘

1168 2913 1177 2927 ι
1191 2916 1240 2934 ψει
1253 2904 1351 2933 aliquot,
1364 2908 1510 2939 recognosco.
