4154 6354
371 318 476 397 se

362 452 575 525 quando
593 453 925 524 episcopatus
950 454 1210 509 sarcinam
1238 453 1413 508 subire
1437 455 1683 523 perrexit,
1710 454 1937 509 nondum

366 544 623 599 remeavit
669 544 1007 613 Hipponem:
1046 540 1220 599 salvos
1268 559 1359 600 eos
1407 554 1581 598 tamen
1631 545 1681 598 in
1729 546 1941 600 nomine

364 635 580 701 Christi,
608 645 663 690 et
686 636 873 690 litteris
905 652 1087 691 eorum
1118 645 1170 691 et
1204 636 1341 690 fama
1368 637 1641 691 nuntiante
1669 636 1939 706 cognosci-

364 740 501 779 mus.
535 727 1030 797 Compresbyterum
1071 727 1367 791 Paulinum,
1396 736 1447 781 et
1489 741 1677 781 omnes
1718 727 1806 796 qui
1851 735 1939 781 tua

358 817 642 887 prtesentia
672 817 727 871 in
757 818 977 871 Domino
1000 819 1356 886 perfruuntur,
1375 833 1629 888 germano
1649 819 1939 875 salutamus

363 906 574 962 aﬁectu.

845 977 1169 1042 EBISTOLA
1210 978 1330 1039 CL’
1371 979 1468 1050 (α).

360 1068 674 1145 Augustinus
700 1067 882 1131 Proba:
910 1079 956 1129 et
984 1069 1206 1131 Julianae
1242 1069 1486 1133 nobilibus
1524 1069 1683 1127 viduis
1715 1069 1941 1141 gratula-

435 1169 518 1229 tpr
539 1160 605 1223 de
631 1161 738 1228 ﬁlia
758 1178 927 1233 eorum
951 1160 1290 1229 Demetriade,
1317 1178 1427 1231 qua:
1452 1162 1747 1237 virginitatis
1777 1162 1940 1220 velum

435 1262 728 1322 acceperat;
752 1269 903 1325 agens
926 1255 1114 1324 gratias
1138 1271 1229 1324 pro
1264 1254 1556 1313 munusculo
1589 1256 1758 1311 misso.

363 1344 709 1405 Dominarum
737 1345 938 1411 honore
969 1346 1315 1415 dignissimis,
1359 1348 1549 1405 merito
1572 1346 1861 1407 illastribus
1885 1353 1941 1403 et

362 1492 367 1499 ,
432 1435 884 1504 praestantissimis
911 1437 1116 1497 filiabus
1152 1437 1345 1498 Paou
1384 1446 1437 1492 et
1472 1436 1730 1509 leuam,
1759 1439 1939 1494 Ancu-

431 1540 635 1593 srnvns,
666 1527 720 1583 in
751 1527 973 1591 Domino
998 1527 1240 1589 salutem.

438 1616 705 1687 Implestis
762 1618 952 1687 gaudio
1007 1634 1099 1685 eor
1146 1627 1415 1688 nostrum,
1474 1628 1620 1683 tanto
1654 1619 1937 1691 jucundius

364 1715 563 1778 quanto
589 1706 820 1775 charius,
863 1716 1010 1773 tanto
1052 1710 1251 1785 gratius
1293 1718 1490 1779 Quanto
1519 1711 1693 1773 citius.
1742 1710 1938 1767 Vestra:

364 1815 595 1869 namque
646 1799 825 1868 stirpis
886 1800 1290 1871 sanctimoniam
1329 1801 1658 1869 virginalem,
1690 1800 1937 1870 quoniam

362 1905 691 1961 quacumque
712 1891 1033 1959 innotuistis,
1062 1906 1124 1957 ac
1150 1906 1246 1961 per
1263 1891 1363 1945 hoc
1386 1891 1596 1961 ubique,
1631 1891 1767 1955 fama
1797 1892 1938 1953 cele-

362 1980 590 2051 berrima
633 1982 902 2050 pradicat,
950 1982 1339 2050 velocissimum
1392 1984 1620 2047 volatum
1656 1984 1771 2052 ejus
1806 1983 1936 2045 lide-

367 2071 496 2140 liore
520 2082 677 2140 atque
701 2074 926 2139 certiore
964 2074 1255 2141 litterarum
1289 2075 1475 2140 nuntio
1511 2076 1854 2143 praevenistis,
1886 2084 1940 2133 et

364 2164 514 2234 prius
545 2180 639 2218 nos
667 2163 863 2229 fecistis
891 2166 1155 2233 exsultare
1177 2164 1244 2221 de
1269 2166 1475 2236 Cognito
1512 2174 1617 2223 tam
1659 2165 1939 2227 excellenti

364 2257 523 2323 bono,
543 2274 697 2327 quam
727 2258 967 2323 dubitare
991 2258 1056 2325 de
1094 2258 1291 2319 audito.
1335 2258 1462 2324 Quis
1487 2258 1662 2321 verbis
1686 2259 1935 2329 explicet,

365 2349 685 2418 quisdigno
742 2349 1005 2417 prteconio
1045 2360 1407 2419 prosequatur,
1458 2360 1707 2420 quanttnn
1736 2352 1937 2408 incuru-

365 2440 667 2515 parabiliter
686 2441 963 2511 gloriosius
994 2450 1153 2511 atque
1182 2439 1500 2503 fructuosius
1546 2443 1734 2515 habeat
1758 2459 1821 2497 ex
1843 2458 1938 2498 ve-

364 2543 476 2586 stro
521 2534 773 2602 sanguine
817 2532 1039 2599 feminas
1060 2533 1287 2603 virgines
1313 2533 1570 2599 Christus,
1611 2549 1767 2603 quam
1800 2535 1940 2591 viros

366 2625 612 2693 consules
641 2623 900 2693 mundus?
946 2640 1066 2683 nam
1100 2624 1361 2679 volumina
1395 2634 1710 2693 temporum,
1738 2625 1781 2683 si
1822 2641 1935 2687 ma-

363 2731 523 2786 gnum
548 2725 705 2785 atque
726 2716 1041 2787 praeclarum
1071 2726 1151 2771 est
1172 2717 1400 2779 nominis
1426 2717 1675 2787 dignitate
1697 2719 1937 2788 signare;

362 2818 557 2877 quanto
601 2818 682 2871 est
719 2808 892 2876 majus
913 2817 1067 2878 atque
1093 2809 1395 2877 praeclarius
1423 2811 1596 2871 cordis
1618 2820 1671 2866 et
1696 2812 1936 2880 corporis

365 2899 659 2969 integritate
688 2900 1093 2979 transcenderet
1125 2900 1287 2969 Magis
1326 2902 1499 2971 itaque
1529 2904 1751 2973 gaudeat
1772 2905 1939 2973 puella

366 2991 557 3061 nobilis
581 3006 795 3061 genere,
823 2991 1048 3047 nobilior
1073 2991 1370 3056 sanctitate,
1411 2994 1548 3062 quod
1583 2996 1650 3049 sit
1691 3012 1781 3063 per
1805 2996 1940 3050 divi-2

368 3098 490 3136 num
520 3083 843 3149 eoosortium
887 3084 1204 3153 praecipuam
1225 3084 1275 3137 in
1298 3083 1445 3138 caelis
1483 3095 1826 3145 consecutura
1855 3102 1942 3139 su-

364 3173 696 3243 blimitatem,
733 3190 889 3243 quam
916 3176 958 3228 si
988 3184 1132 3233 esset
1174 3191 1268 3244 per
1296 3175 1581 3235 humanum
1622 3178 1941 3239 connubium

364 3264 567 3333 prolem
588 3274 932 3334 propagatura
959 3267 1257 3335 sublimem.
1278 3266 1599 3329 Generosius
1618 3270 1810 3338 quippe
1835 3271 1944 3326 ele-

363 3356 707 3425 gitAniciana
739 3358 1017 3427 posteritas
1062 3367 1167 3414 tam
1199 3359 1454 3415 illustrem
1496 3359 1745 3425 familiam
1784 3363 1944 3420 beare

366 3448 580 3514 nuptias
602 3448 899 3512 nesciendo,
931 3465 1086 3519 quam
1126 3450 1473 3521 multiplicare
1502 3453 1773 3521 pariendo,
1805 3464 1859 3508 ct
1887 3456 1942 3513 in

362 3555 526 3594 carne
561 3543 668 3607 jam
714 3541 907 3605 imitari
945 3543 1102 3619 vitam
1133 3544 1478 3612 Angelorum,
1508 3562 1664 3613 quam
1688 3562 1753 3603 ex
1782 3563 1943 3609 carne

363 3632 534 3687 adhuc
575 3650 848 3695 numerum
878 3650 1069 3704 augere
1108 3637 1429 3709 mortalium.
1478 3638 1601 3695 Haec
1626 3650 1707 3694 est
1731 3640 1944 3695 uberior

364 3722 743 3792 fecundiorque
787 3724 1037 3790 felicitas,
1090 3742 1193 3780 non
1234 3737 1416 3785 ventre
1451 3744 1801 3797 gravescere,
1848 3732 1942 3797 sed

364 3826 540 3871 mente
563 3817 943 3886 grandescere;
968 3832 1071 3873 non
1094 3817 1380 3877 lactescere
1399 3832 1630 3889 pectore,
1664 3821 1756 3875 sed
1782 3823 1943 3877 corde

362 3907 708 3971 candescere;
732 3924 837 3963 non
862 3906 1148 3965 visceribus
1172 3917 1389 3973 terram,
1409 3910 1503 3963 sed
1524 3911 1715 3966 caelum
1741 3912 1943 3967 oratio-

369 3998 521 4057 nibus
546 3998 823 4066 parturire.
855 3998 1191 4062 Dominarum
1218 3999 1416 4055 honore
1452 4001 1772 4070 dignissimae
1797 4003 1940 4071 filiae,

364 4088 708 4157 perfruamini
747 4091 797 4143 in
840 4090 923 4145 illa
954 4090 1093 4158 quod
1122 4090 1287 4147 defuit
1316 4092 1491 4153 vobis;
1524 4104 1825 4160 perseveret
1851 4112 1943 4149 us-

360 4194 463 4248 que
480 4181 531 4233 iu
551 4182 729 4246 linem,
751 4180 1028 4237 adhwrens
1043 4180 1287 4251 conjugio
1298 4182 1437 4255 quod
1459 4197 1558 4237 non
1582 4183 1740 4239 habet
1762 4184 1940 4239 linem.

362 4268 632 4331 linitcntur
657 4286 774 4327 eam
805 4271 982 4325 multa:
1003 4271 1207 4337 famula:
1244 4271 1530 4337 dominam,
1564 4274 1819 4343 ignobiles
1842 4291 1941 4334 no-

364 4360 544 4425 bilem,
576 4361 825 4431 fragiliter
850 4362 1070 4431 evcelsal
1091 4362 1351 4423 excelsius
1396 4362 1682 4428 humilem;
1715 4364 1944 4434 virgines

361 4468 480 4520 qua:
507 4452 605 4513 sibi
631 4461 811 4520 optant
840 4452 1145 4511 Aniciorum
1176 4452 1489 4516 claritatem,
1520 4454 1717 4523 eligant
1741 4457 1942 4511 sancti-

365 4552 544 4613 tatem.
581 4543 713 4599 lllud
737 4544 878 4607 enim
897 4543 1224 4612 quantalibet
1258 4544 1540 4612 cupiditate
1559 4546 1771 4615 quando
1795 4563 1942 4603 asse-

361 4618 589 4702 queatur
609 4634 631 4686 ?
662 4635 760 4699 hoc
775 4641 953 4703 autem
974 4634 1017 4701 si
1037 4633 1187 4703 plene
1206 4635 1487 4702 cupierint,
1513 4653 1633 4692 mox
1652 4637 1938 4697 habebunt.

362 4724 608 4792 Protegat
634 4738 725 4776 vos
750 4724 1042 4789 incolumes
1062 4734 1116 4779 et
1142 4724 1402 4791 feliciores
1423 4725 1636 4783 dextera
1662 4729 1937 4796 Altissimi,

361 4815 591 4870 domina:
631 4816 834 4872 honore
860 4816 1181 4886 dignissima:
1225 4828 1278 4874 et
1320 4823 1767 4887 pnestantissitnm
1796 4824 1937 4879 filiae.

358 4904 586 4975 Pignora
611 4906 916 4973 sanctitatis
944 4916 1152 4973 vestrm,
1186 4911 1446 4978 pl‘iBClpllC
1470 4911 1632 4981 ipsam
1662 4915 1941 4973 sanctitate

358 4997 700 5069 puircipuam,
734 4997 911 5053 debito
941 5000 1130 5059 vestris
1167 5000 1372 5055 meritis
1415 5002 1609 5068 cilicio,
1659 5004 1949 5065 dilectione

360 5086 569 5151 Domini
598 5088 907 5163 salutamus.
946 5089 1234 5161 Velationis
1259 5090 1643 5167 apophoretum
1672 5096 1687 5127 ¹
1721 5095 1797 5169 (b)
1819 5114 1942 5168 gra-

358 5178 565 5253 tissime
593 5181 912 5248 accepimus.

424 5289 441 5319 ι
476 5296 581 5345 Mss.
609 5287 851 5352 plerique,
874 5287 1233 5355 apopltetfetum.

392 5430 399 5435 θ
424 5372 441 5387 ³
468 5371 762 5446 contributas
784 5373 905 5437 hanc
926 5387 1033 5446 cum
1055 5387 1103 5422 a.
1128 5373 1305 5446 bgabl.
1347 5375 1428 5435 bn.
1454 5389 1497 5429 c.
1523 5391 1594 5446 ce.
1619 5379 1668 5430 ff.
1694 5396 1746 5444 g.
1779 5397 1860 5446 εν.
1885 5399 1938 5436 n.

357 5430 401 5480 νζ
427 5446 468 5480 s.
497 5430 578 5481 sb."
597 5424 785 5483 duobus
812 5446 843 5482 t.
871 5434 1076 5498 quatua'
1100 5424 1364 5486 v.veteum
1384 5424 1840 5494 finiendi:

422 5514 495 5623 (αἱ
529 5514 651 5587 Alias
680 5518 768 5565 179
793 5531 805 5566 :
831 5532 941 5580 quin
968 5526 1141 5589 nantem
1288 5527 1421 5580 erat,
1458 5535 1588 5587 nunc
1629 5524 1735 5579 242.
1761 5529 1941 5590 Scripta

422 5580 447 5622 11
488 5574 619 5623 luem
637 5589 714 5623 an.
742 5578 848 5623 415.
866 5587 948 5623 aut
967 5589 1069 5623 11111.-
1095 5578 1201 5623 411.

352 5574 1203 5637 91111111111111111.115,’1111111111.411;
1312 5576 1315 5579 ’
1407 5574 1417 5580 ’
1484 5584 1485 5587 “

420 5638 495 5699 (1))
529 5646 625 5706 ltoc
642 5641 838 5706 nomine
854 5642 1145 5706 signiﬁcatur
1171 5641 1391 5691 solemne
1415 5641 1603 5706 aliquod
1629 5661 1818 5699 munus.
1847 5670 1867 5696 ει
1890 5659 1941 5702 In

360 5714 385 5745 ι
405 5701 595 5771 mgnis
618 5703 758 5761 votis,
778 5701 1144 5771 ait_Ainbrr5iuS
1167 5711 1429 5771 comment.
1452 5701 1509 5771 '_in'
1524 5710 1693 5771 Ephes.
1720 5713 1766 5771 5,
1792 5701 1941 5763 ιιιίιχίέ

359 5778 385 5807 ι
409 5774 489 5810 ma
510 5763 684 5813 dantur
726 5765 1039 5825 apophoreta.
1065 5782 1086 5811 1
1135 5768 1386 5835 Turnebus
1421 5768 1491 5817 sic
1536 5763 1660 5821 dicta
1684 5763 1815 5835 puiat
1838 5792 1942 5826 mu-

1522 322 1995 396 Eptsrocannu
2035 320 2307 395 cmssis
2344 324 2432 395 111.

3514 337 3614 403 616

2502 476 2829 534 EPISTOLA
2867 476 2971 534 CLl
3009 482 3027 502 ο
3054 475 3155 552 (α).

2040 588 2308 655 βωεὶιὶαηο
2336 591 2584 663 signiﬁcat
2611 593 2689 667 sui
2714 609 2830 665 erga
2855 593 2998 646 illum
3021 592 3176 647 animi
3203 590 3444 667 studium,
3478 605 3609 645 rem.

2112 696 2312 752 remque
2353 684 2622 737 amicitiam
2663 684 2789 738 nihil
2826 684 3137 739 imminutam
3176 699 3324 739 esse:
3352 684 3608 759 haudqua-

2113 788 2260 849 quam
2305 774 2437 829 enim
2480 775 2726 846 suspicari
2765 776 3013 851 conscium
3057 777 3221 844 ipsum
3262 775 3415 845 fuisse
3449 775 3613 841 impia:

2111 864 2420 936 crudeliaque
2445 866 2670 937 perﬁde
2692 883 2723 918 a
2744 868 2847 931 nire
2864 867 3153 941 prtepotenti
3176 865 3401 935 (Marino
3419 865 3613 936 comite)

2112 966 2411 1026 perpetrata:
2444 957 2495 1012 in
2521 958 2671 1017 .cazde
2706 958 2918 1012 duorum
2955 957 3189 1027 fratrum,
3238 974 3448 1027 quorum
3492 958 3616 1019 alter

2113 1044 2466 1119 (Marcellinus
2492 1047 2742 1116 tribunus)
2765 1048 3088 1123 integerrimis
3116 1057 3221 1125 erat
3247 1048 3459 1100 moribus
3481 1063 3614 1131 pra:-

2112 1138 2277 1209 ditus,
2318 1148 2363 1193 et
2401 1140 2621 1213 omnium
2659 1140 3045 1211 εήϊξδιὶᾳηαηιιη
3075 1141 3311 1217 virtutum
3349 1140 3617 1219 splendore

2113 1228 2483 1283 ornatissimus.

2044 1316 2265 1391 Domino
2294 1321 2483 1375 merito
2510 1319 2719 1389 illustri,
2747 1330 2800 1378 et
2828 1320 3007 1389 debito
3027 1337 3057 1376 a
3086 1337 3171 1387 me
3202 1321 3400 1393 honore
3416 1323 3613 1394 dignis-

2113 1410 2248 1463 simo
2286 1411 2394 1465 ﬁlio
2434 1411 2766 1495 (lacrumo,
2808 1414 3155 1482 Accusamus,
3195 1413 3251 1476 in
3281 1414 3502 1485 Domino
3530 1432 3615 1467 sa-

2112 1499 2298 1555 lutcm.

2115 1613 2164 1683 1.
2198 1613 2418 1682 Querela
2432 1615 2498 1681 de
2515 1631 2600 1679 me
2620 1615 2757 1686 apud
2781 1624 2831 1681 te
2855 1616 3046 1675 litteris
3072 1617 3175 1683 tuis
3192 1615 3353 1683 indita
3374 1626 3515 1685 tanto
3532 1627 3615 1674 est

2041 1702 2170 1765 mihi
2191 1705 2407 1774 gratior,
2427 1716 2622 1776 quanto
2639 1707 2847 1777 plenior
2869 1707 3161 1777 charitatis.
3181 1708 3235 1766 Si
3248 1723 3375 1778 ergo
3393 1709 3533 1781 quod
3551 1720 3619 1779 tae

2041 1796 2125 1851 cui
2147 1810 2560 1865 purgareconer,
2589 1799 2713 1869 quid
2743 1800 2975 1867 conabor
2995 1798 3136 1865 aliud
3163 1815 3319 1871 quam
3333 1798 3616 1855 ostendere

2042 1893 2093 1957 te
2117 1900 2221 1940 non
2252 1886 2497 1953 habuisse
2524 1904 2733 1957 cansam
2752 1906 2853 1959 qua
2870 1890 2995 1959 mihi
3024 1905 3335 1961 succensere
3362 1889 3619 1953 deberes?

2043 1977 2147 2033 Sed
2173 1992 2292 2034 cum
2323 1980 2373 2033 id
2400 1979 2451 2035 in
2470 1988 2521 2035 te
2538 1982 2704 2051 magis
2722 1981 2956 2052 diligant.
2973 1983 3109 2054 quod
3123 1982 3190 2051 de
3207 1998 3323 2043 mea
3345 1982 3619 2057 reticentia

2043 2083 2101 2133 es
2128 2068 2370 2139 dignatus
2398 2070 2616 2137 aliendi,
2651 2087 2805 2143 quam
2836 2073 2974 2149 inter
3000 2080 3117 2139 tuas
3144 2088 3298 2129 curas
3339 2073 3466 2131 nihil
3499 2088 3615 2139 ino-

2042 2162 2206 2217 menti
2238 2161 2431 2225 habere
2454 2164 2779 2230 credideram
2804 2181 2818 2231 ;
2842 2179 3052 2233 causam
3081 2182 3251 2231 meam
3293 2165 3551 2232 deseram,
3574 2165 3619 2235 si

2042 2269 2129 2329 me
2142 2269 2364 2325 purgare
2384 2256 2723 2320 contendero.
2742 2258 2795 2313 Si
2817 2258 2956 2313 enim
2975 2256 3232 2329 indignari
3247 2272 3351 2312 non
3365 2256 3616 2321 debuisti,

2042 2346 2162 2415 quia
2209 2363 2314 2411 non
2355 2348 2422 2409 ad
2452 2350 2860 2419 tescripserim;
2887 2349 3014 2413 nihil
3045 2365 3130 2415 me
3169 2348 3374 2419 pendis,
3411 2349 3498 2419 qui
3544 2349 3620 2415 lo-

2043 2454 2244 2507 qnarne
2270 2454 2337 2495 an
2376 2448 2576 2505 taceam
2617 2441 2976 2513 indifferenter
3006 2441 3162 2507 feras.
3193 2441 3358 2509 Porro
3386 2441 3503 2509 quia
3535 2456 3619 2509 me

2047 2530 2269 2597 tacuisse
2294 2532 2519 2595 moleste
2544 2531 2727 2595 tulisti,
2752 2532 3040 2602 indignatio
3062 2532 3180 2598 ista,
3200 2531 3486 2600 indignatio
3514 2548 3616 2585 non

2043 2629 2142 2681 est.
2175 2620 2288 2677 Non
2321 2623 2495 2691 itaque
2535 2631 2640 2679 tam
2671 2623 2824 2687 doleo
2850 2639 3064 2689 menon
3110 2624 3417 2693 praebuisse,
3463 2637 3617 2691 quain

2043 2712 2246 2781 gaudeo
2268 2723 2317 2769 te
2342 2723 2577 2769 nostrum
2607 2714 2938 2773 desiderasse
2964 2729 3283 2775 sermonem.
3316 2714 3444 2767 Nam
3470 2722 3617 2767 vete-

2045 2819 2156 2869 rem
2184 2805 2431 2874 amicum,
2454 2814 2505 2860 et
2526 2805 2663 2875 quod
2690 2806 2783 2860 abs
2806 2817 2855 2869 te
2879 2807 3060 2871 taceri,
3089 2805 3181 2860 sed
3207 2820 3237 2859 a
3267 2804 3418 2860 nobis
3458 2818 3620 2873 opor-

2045 2900 2122 2957 tet
2144 2894 2379 2963 agnosci,
2412 2893 2567 2953 talcm
2592 2909 2655 2951 ac
2684 2905 2883 2950 tantum
2925 2896 3092 2949 virum
3117 2896 3169 2950 in
3201 2895 3489 2965 peregrinis
3528 2909 3622 2963 po-

2046 2983 2224 3046 situm,
2255 2983 2500 3055 curisque
2544 2985 2763 3054 publicis
2803 2986 3150 3055 laborantem,
3180 2985 3317 3055 quod
3349 2984 3621 3039 memoria:

2047 3072 2255 3140 fuerim,
2286 3072 2475 3129 honori
2513 3075 2639 3129 mihi
2666 3085 2766 3141 est,
2794 3092 2896 3131 non
2936 3075 3171 3133 mterori.
3226 3076 3440 3145 lgnoscc
3468 3076 3625 3144 igitur

2046 3164 2219 3233 agenti
2268 3165 2463 3235 gratias
2518 3166 2656 3236 quod
2702 3183 2789 3221 me
2829 3167 3098 3237 indignum
3153 3184 3255 3225 non
3296 3169 3488 3236 putasti
3543 3168 3625 3221 cui

2049 3270 2389 3324 succenseres
2412 3258 2626 3313 tacenti.
2674 3257 2820 3313 Nunc
2844 3258 2982 3313 enim
3010 3258 3147 3313 inter
3172 3266 3247 3317 tot
3278 3266 3330 3313 et
3354 3266 3496 3327 tanta
3528 3275 3621 3312 ue-

2046 3346 2208 3415 gotia,
2242 3362 2345 3401 non
2370 3356 2475 3412 ltta,
2504 3347 2595 3401 sed
2618 3347 2845 3416 publica,
2865 3348 2917 3403 id
2944 3357 3025 3403 est
3046 3348 3300 3412 omnium,
3327 3364 3429 3403 non
3453 3348 3623 3405 solum

2048 3452 2301 3501 OIICI‘OS‘JS
2349 3456 2453 3495 non
2482 3456 2620 3507 esse,
2662 3457 2842 3503 verum
2881 3443 3039 3496 etiam
3085 3452 3261 3513 gratas
3304 3458 3423 3499 esse
3472 3459 3628 3514 posse

2049 3529 2249 3584 litteras
2274 3546 2419 3587 meas
2444 3532 2641 3589 credidi
2671 3532 3057 3599 benevolentiae
3088 3542 3206 3599 tute,
3237 3549 3339 3607 qua
3363 3536 3630 3590 excellen-

2049 3620 2173 3674 tiam
2196 3621 2382 3677 vincis.

2056 3694 2061 3701 ’
2118 3711 2170 3766 2.
2201 3714 2331 3770 Cum
2351 3714 2491 3769 enim
2513 3715 2841 3787 accepissem
2865 3715 2993 3772 mihi
3018 3732 3048 3771 a
3072 3715 3327 3774 fratribus
3345 3720 3623 3789 epistolam

2050 3803 2263 3860 missam
2291 3808 2458 3861 sancti
2499 3816 2552 3863 et
2595 3809 2875 3878 przecipuis
2912 3810 3116 3865 meritis
3154 3812 3436 3866 venerandi
3483 3828 3629 3883 papa:

2053 3897 2367 3965 Innocentii,
2399 3914 2555 3968 quam
2584 3913 2679 3970 per
2707 3909 2848 3955 tuam
2870 3900 3233 3971 Praestantiam
3256 3902 3321 3957 ad
3349 3917 3434 3969 me
3452 3902 3629 3957 datam

2050 3987 2212 4041 certis
2240 3986 2539 4042 declaratur
2566 3990 2806 4057 indiciis;
2839 3992 2957 4046 ideo
2993 3992 3187 4045 nullam
3217 4000 3358 4046 tuam
3388 3994 3631 4062 paginam

2049 4076 2204 4129 simul
2227 4075 2498 4131 advectam
2526 4092 2647 4133 esse
2674 4090 2979 4149 putaveram
3007 4080 3148 4151 quod
3175 4082 3436 4136 scribendi
3466 4090 3519 4136 et
3546 4098 3631 4137 re-

2051 4167 2315 4237 scribendi
2340 4184 2465 4225 cura
2506 4171 2759 4237 nolueris,
2788 4173 3113 4243 gravioribus
3138 4174 3297 4228 rebus
3321 4183 3629 4244 occupatus,

2050 4260 2326 4332 obstringi.
2353 4260 2485 4316 Nam
2514 4264 2697 4334 utique
2720 4273 3133 4321 consentaneum
3164 4266 3438 4322 videbatur
3468 4270 3630 4338 utqui

2052 4352 2184 4409 mihi
2210 4355 2378 4409 sancti
2402 4355 2499 4410 viri
2525 4358 2716 4428 scripta
2736 4357 2977 4427 dignatus
2996 4374 3054 4415 cs
3080 4359 3310 4427 mittere,
3351 4374 3412 4415 ea
3451 4377 3630 4415 sume-

2059 4458 2174 4501 rem
2199 4445 2444 4514 adjuncta
2464 4463 2583 4501 cum
2615 4449 2735 4503 tuis.
2760 4450 2892 4505 llinc
2920 4466 3044 4521 ergo
3072 4460 3355 4506 statueram
3382 4467 3485 4506 non
3514 4468 3633 4509 esse

2048 4536 2199 4591 oneri
2222 4537 2422 4592 litteras
2446 4553 2593 4595 meas
2616 4541 2793 4596 animo
2820 4550 2928 4609 tuo,
2956 4543 3054 4597 nisi
3079 4553 3217 4599 esset
3235 4560 3454 4599 necesse
3480 4560 3628 4600 com-

2048 4628 2336 4683 mendandi
2359 4630 2581 4701 alicujus
2604 4633 2792 4701 gratia,
2816 4634 2901 4687 cui
2936 4634 3037 4688 hoc
3062 4650 3255 4704 negare
3288 4651 3392 4688 non
3422 4651 3629 4705 possem

2049 4717 2445 4775 intercessionis
2484 4721 2686 4788 ofticio;
2714 4739 2831 4792 quae
2856 4724 2992 4779 solet
3035 4735 3213 4780 nostra
3241 4741 3357 4780 esse
3388 4728 3633 4784 omnibus

2047 4809 2374 4864 concedendi
2398 4813 2747 4879 consuetudo,
2775 4822 2827 4865 et
2850 4815 3112 4883 qumdam,
3132 4818 3287 4870 etiam
3309 4820 3628 4885 importuna,

2049 4914 2155 4954 non
2183 4907 2356 4953 tamen
2388 4900 2751 4970 improbanda,
2782 4904 3059 4972 professio.
3111 4904 3287 4975 itaque
3332 4907 3428 4960 feci
3463 4924 3475 4960 :
3510 4923 3628 4960 nam

2047 4992 2280 5046 amicum
2321 5008 2497 5047 meum
2540 4996 2907 5048 commendavi
2938 4997 3242 5065 benignitati
3292 5009 3430 5063 tum;
3464 5016 3490 5052 a
3529 5018 3633 5067 quo

2049 5082 2207 5137 etiam
2243 5096 2338 5138 sua
2364 5082 2621 5155 rescripta
2653 5084 2764 5154 jam
2789 5086 3008 5156 sumpsi,
3040 5097 3228 5156 agente
3256 5090 3469 5158 gratias,
3504 5105 3632 5161 quas

2050 5183 2106 5239 et
2128 5174 2241 5243 ipse
2260 5188 2379 5245 ago.

2052 5326 2132 5439 es;
2165 5326 2425 5392 uecognita
2445 5325 2507 5379 ad
2522 5328 2799 5380 Vaticanum
2822 5330 3091 5396 exemplar,
3118 5332 3169 5385 in
3190 5346 3287 5399 quo
3307 5332 3412 5386 solo
3434 5343 3633 5400 reperta

2050 5486 2170 5545 nera
2191 5487 2299 5536 quae
2321 5473 2550 5546 darentur
2565 5476 2796 5546 convivis,
2818 5483 2876 5546 ut_
2897 5490 2957 5528 ea
2977 5478 3172 5546 domum
3189 5478 3461 5546 referrent;
3486 5495 3632 5545 quem

2051 5537 2101 5603 in
2122 5549 2305 5603 morem
2326 5537 2595 5603 respiciens
2612 5540 2757 5589 etiam
2782 5537 3073 5603 Ambrosius,
3095 5543 3166 5592 sic
3190 5543 3436 5593 exorditur
3450 5537 3631 5595 'eihor-

2050 5597 2284 5668 tationem
2308 5596 2367 5646 ad
2407 5596 2660 5668 virgines:
2694 5618 2717 5647 ι
2752 5602 2836 5661 Qui
2862 5602 2922 5668 ad
2966 5596 3236 5654 convivium
3260 5617 3485 5668 maguum
3511 5607 3631 5657 invi-

2056 5675 2079 5721 a
2106 5664 2282 5755 tramitti,
2309 5660 2603 5755 apo’jili‘oreta
2624 5660 2792 5755 secum
2806 5664 2998 5755 refe‘rre
3020 5660 3399 5755 ουιιδυενθινιιιῖξ
3419 5685 3440 5712 1
3473 5674 3570 5740 etc.

2134 5736 2161 5755 II
2224 5748 2231 5754 ρ
2274 5733 2340 5755 ιας
2388 5734 2457 5755 “ei,
2502 5736 2513 5745 '
2546 5738 2657 5755 nvvn
2696 5738 2751 5755 σὶιι
2780 5740 2855 5755 nni
2936 5744 2962 5755 ’πὶ
3033 5736 3133 5755 Λινιοῦ
3204 5742 3329 5755 ηιιηΛ
3454 5738 3563 5755 ΩΑ...

2113 5721 2182 5796 ((1)
2220 5720 2349 5796 Alias
2387 5720 2514 5796 :
2546 5738 2657 5796 quae
2695 5734 2858 5796 autem
2880 5728 2988 5796 _lz‘_il
3032 5736 3156 5791 erat,
3203 5742 3331 5781 nunc
3364 5720 3415 5780 3.
3453 5732 3632 5796 scripta

2051 5795 2270 5832 exnunc
2295 5794 2372 5831 an.
2400 5782 2510 5843 415,
2534 5782 2619 5836 aut
2640 5786 2845 5845 ineunte
2867 5788 2975 5843 414.
