4112 6346
557 413 663 478 647

629 533 682 588 5.
709 529 764 587 Si
782 529 908 602 quid
931 536 1108 584 autem
1125 526 1193 584 de
1221 534 1273 583 te
1288 525 1412 582 mali
1439 526 1815 593 existimarem,
1843 525 2136 598 pmsertim

554 625 608 681 in
653 641 717 681 ea
759 639 916 680 causa
938 621 1012 696 (a)
1033 636 1191 693 quam
1231 621 1390 676 etiam
1441 635 1544 676 non
1591 635 1921 690 expressam,
1951 629 2134 675 tamen

555 717 684 773 mihi
716 726 800 772 tua
821 715 1043 788 epistola
1067 713 1364 779 redolebat;
1391 713 1529 768 absit
1556 721 1613 767 ut
1640 711 1707 767 ad
1737 720 1789 768 te
1821 712 1920 767 tale
1936 710 2132 783 aliquid

554 809 866 875 scriberem,
893 807 981 862 ubi
1000 806 1163 860 ullum
1185 805 1266 860 vel
1292 803 1421 859 mihi
1450 804 1532 860 vel
1555 804 1798 874 cuiquam
1819 804 2132 860 beneficium

553 899 897 971 postularem.
939 899 1043 953 Aut
1067 897 1208 954 enim
1228 897 1664 963 conticesccrem,
1687 896 1972 952 observans
1994 907 2132 952 tem—

553 1007 652 1064 pus
678 992 766 1048 ubi
809 999 862 1047 te
909 1005 1119 1062 possem
1169 989 1364 1045 habere
1415 997 1760 1058 praesentem;
1795 997 1888 1042 aut
1914 988 1958 1044 si
1990 988 2130 1043 litte-

551 1087 626 1142 rls
653 1085 914 1157 agendum
941 1093 1200 1154 putarem,
1225 1081 1350 1137 illud
1375 1083 1550 1152 potius
1573 1097 1802 1151 agerem,
1833 1090 1887 1137 et
1912 1082 1990 1137 sic
2003 1096 2129 1152 age-

549 1195 686 1246 rem,
719 1190 776 1234 ut
815 1178 1053 1235 dolorem
1097 1175 1438 1232 manifestare
1465 1176 1551 1231 vix
1577 1191 1781 1246 posses.
1830 1174 1966 1231 Nam
2008 1174 2129 1230 ideo

552 1279 671 1343 post
698 1271 835 1325 illius
862 1271 1075 1341 impiam
1117 1268 1493 1339 crudelemque
1529 1268 1800 1338 perfidiam
1829 1268 1933 1339 (cui
1969 1269 2126 1324 etiam

551 1378 644 1432 per
673 1371 815 1416 tuam
843 1361 1117 1415 nobiscum
1156 1359 1517 1430 participatam
1569 1357 1976 1412 sollicitudinem
2018 1357 2129 1412 fru-

549 1466 659 1513 stra
683 1455 1023 1512 vehementer
1042 1453 1350 1519 institimus,
1375 1467 1442 1506 ne
1459 1451 1550 1506 illo
1565 1466 1658 1506 cor
1681 1458 1918 1505 nostrum
1942 1449 2128 1506 dolore

548 1548 894 1620 percelleret,
935 1559 1084 1600 suam
1135 1557 1262 1598 vero
1311 1541 1688 1597 conscientiam
1736 1549 1881 1596 tanto
1925 1540 2128 1597 scelere

545 1638 872 1706 trucidaret),
893 1635 1144 1692 continuo
1152 1650 1268 1690 sum
1285 1649 1314 1688 a
1329 1633 1644 1704 Carthagine
1658 1633 1943 1704 profectus,
1957 1632 2129 1689 occul-

545 1741 656 1789 tato
680 1733 929 1788 abscessu
953 1743 1093 1794 meo,
1126 1743 1192 1782 ne
1220 1735 1298 1782 tot
1317 1741 1380 1780 ac
1410 1726 1539 1780 tanti
1558 1725 1646 1795 qui
1666 1725 1784 1794 ejus
1805 1725 1937 1779 intra
1957 1724 2126 1780 eccle-

555 1822 686 1880 siam
719 1824 951 1896 gladium
989 1819 1361 1884 formidabant,
1403 1819 1646 1874 violentis
1679 1817 1887 1873 ﬂetibus
1927 1827 1981 1873 et
2031 1833 2124 1888 ge-

544 1916 758 1972 mitibus
782 1930 867 1971 me
893 1919 1153 1977 tenerent,
1176 1918 1420 1982 putantes
1440 1924 1614 1965 meam
1635 1909 1735 1965 sibi
1756 1909 1950 1980 aliquid
1971 1924 2126 1979 posse

542 2007 792 2078 prodesse
818 2005 1177 2079 praesentiam,
1216 2009 1274 2057 ut
1305 2016 1463 2072 quem
1502 2001 1634 2056 satis
1675 2001 1831 2072 digne
1877 2016 1972 2072 pro
2011 2000 2125 2070 ejus

542 2099 718 2153 anima
743 2097 1021 2166 objurgare
1055 2109 1161 2150 non
1199 2107 1431 2164 possem,
1459 2107 1556 2163 pro
1581 2092 1786 2147 illorum
1814 2092 2125 2162 corporibus

541 2190 701 2245 etiam
730 2202 917 2258 rogare
940 2184 1307 2256 compellerer.
1341 2182 1507 2250 Quam
1532 2192 1706 2237 tamen
1728 2196 1912 2238 eorum
1937 2196 2120 2252 corpoa

542 2283 708 2336 ralem
728 2281 952 2336 salutem
976 2278 1104 2333 satis
1124 2276 1353 2348 parietes
1377 2274 1616 2330 ecclesia:
1640 2274 1964 2329 muniebant.
2011 2273 2123 2343 Ego

541 2381 719 2428 autem
745 2371 894 2427 duris
925 2369 1233 2425 coarctabar
1257 2367 1532 2438 angustiis,
1563 2365 1705 2436 quod
1726 2379 1896 2437 neque
1925 2365 2011 2419 ille
2035 2380 2121 2420 me

541 2471 829 2537 pateretur,
860 2461 1071 2532 qualem
1098 2466 1398 2530 oporteret;
1428 2466 1482 2512 et
1509 2457 1729 2527 insuper
1771 2456 1942 2511 facere
1967 2472 2122 2526 coge-

540 2574 629 2613 rer
649 2555 785 2628 quod
818 2571 921 2611 non
952 2555 1184 2610 deceret.
1232 2551 1482 2607 Dolebam
1505 2551 1667 2606 etiam
1693 2549 1922 2620 graviter
1951 2549 2119 2605 vicem

539 2647 861 2703 venerabilis
885 2643 1184 2716 coepiscopi
1215 2642 1319 2698 mei
1339 2651 1497 2696 tantae
1517 2641 1740 2698 rectoris
1763 2640 2029 2706 Ecclesiae,
2053 2638 2120 2694 ad

537 2743 688 2812 cujus
710 2742 974 2811 pertinere
1013 2738 1288 2794 dicebatur
1315 2734 1566 2800 officium,
1615 2743 1732 2804 post
1758 2732 1984 2789 hominis
2011 2741 2119 2786 tam

538 2835 790 2890 nefariam
819 2832 1074 2888 fallaciam
1100 2829 1276 2886 adhuc
1309 2843 1366 2885 se
1404 2828 1642 2900 praebere
1690 2825 1970 2892 humilem,
2013 2840 2119 2895 quo

536 2926 745 2984 creteris
769 2931 1093 2996 parceretur.
1123 2921 1344 2987 Fateor;
1373 2934 1492 2975 cum
1523 2927 1724 2973 tantum
1745 2917 1942 2972 malum
1972 2916 2120 2972 nullo

538 3016 769 3087 pectoris
792 3015 985 3070 robore
1013 3011 1301 3083 potuissem
1323 3010 1571 3076 tolerare,
1601 3007 1842 3063 discessi.

607 3107 663 3162 4.
683 3106 808 3161 llaec
833 3112 975 3160 esset
992 3112 1045 3159 et
1061 3117 1199 3157 nunc
1215 3100 1406 3155 silentii
1433 3099 1537 3154 mei
1556 3113 1714 3154 causa
1736 3097 1874 3166 apud
1900 3105 1971 3165 te,
2000 3112 2119 3168 quae

539 3197 636 3254 fuit
679 3207 804 3252 tunc
848 3193 1186 3251 discessionis
1222 3207 1373 3255 mete,
1405 3191 1450 3245 si
1494 3198 1545 3246 te
1577 3189 1714 3260 apud
1759 3189 1904 3244 illum
1945 3189 2118 3260 egisse

537 3287 830 3354 crederem,
859 3297 916 3343 ut
943 3296 1050 3341 tam
1076 3283 1301 3340 nefarias
1329 3282 1676 3338 ulcisceretur
1714 3279 1954 3352 injurias.
1987 3280 2120 3336 Cre-

537 3379 668 3434 dunt
697 3379 796 3434 ista
821 3378 909 3449 qui
937 3376 1180 3432 nesciunt
1222 3374 1506 3445 quomodo,
1537 3383 1592 3429 et
1629 3375 1854 3444 quoties,
1905 3383 1960 3428 et
2000 3389 2117 3444 quae

539 3471 690 3526 nobis
715 3469 931 3537 dixeris,
959 3483 1078 3523 cum
1104 3467 1259 3522 anxia
1286 3480 1411 3521 cura
1438 3466 1812 3536 perageremus
1838 3473 1893 3519 ut
1919 3475 2118 3535 quanto

540 3563 633 3618 tibi
672 3561 978 3617 familiarius
1021 3558 1330 3626 inhaerebat,
1371 3565 1569 3628 quanto
1605 3557 1674 3613 ad
1714 3573 1835 3613 eum
1877 3557 2118 3613 crebrius

541 3651 856 3718 ventitabas,
893 3659 1091 3721 quanto
1138 3650 1331 3719 saepius
1382 3665 1502 3704 cum
1545 3649 1661 3705 solo
1707 3650 2114 3720 colloquebaris,

540 3751 687 3798 tanto
715 3741 880 3812 magis
907 3748 1116 3796 curaret
1143 3739 1582 3796 existimationem
1607 3749 1777 3807 tuam;
1811 3755 1876 3795 ne
1904 3739 1987 3795 his
2025 3741 2116 3811 qui

540 3835 613 3889 tui
660 3832 968 3888 dicebantur
1005 3832 1203 3887 inimici
1242 3832 1395 3887 talem
1434 3832 1630 3887 exitum
1674 3831 1844 3897 daret,
1885 3840 1942 3885 ut
1984 3831 2114 3887 nihil

539 3941 660 3981 cum
689 3925 779 3981 illo
804 3925 944 3981 aliud
973 3925 1145 3997 egisse
1172 3924 1452 3996 putareris.
1475 3922 1624 3991 Quod
1647 3923 1858 3994 quidem
1888 3939 1987 3981 nec
2014 3941 2114 3997 ego

600 4082 1190 4153 (alloquitur-“demum
1231 4079 1518 4153 Marcellini,
1553 4081 1664 4145 qui,
1687 4081 1771 4153 uti,
1799 4083 2114 4153 Hieronymus

539 4142 712 4196 versus
732 4142 878 4196 fidem
902 4145 986 4194 lib.
1009 4147 1042 4196 3
1061 4146 1295 4195 adversus
1315 4142 1595 4203 Pelagianos
1614 4144 1798 4203 scribit,
1830 4163 1853 4190 ι
1873 4147 1966 4196 sub
1977 4142 2112 4196 invi-

548 4225 571 4254 ι
593 4207 673 4257 dia
709 4206 972 4271 tyrannidis
1013 4205 1306 4256 Heracliam:
1324 4205 1412 4271 ab
1432 4205 1675 4271 bugretigis
1696 4205 1927 4271 innocens
1956 4220 2113 4260 caesus

540 4276 646 4319 est:
671 4285 695 4314 ι
725 4265 832 4318 sive
862 4281 1029 4330 quem,
1053 4275 1184 4330 teste
1205 4267 1371 4330 Orosio
1394 4268 1442 4316 in
1486 4265 1570 4315 lib.
1596 4269 1644 4327 7,
1662 4280 1706 4316 c.
1728 4267 1806 4330 42,
1846 4287 1870 4314 ι
1911 4271 2112 4321 marinus

547 4346 570 4376 ι
591 4341 757 4380 comes
799 4328 924 4390 apud
961 4329 1296 4391 Carthaginem
1319 4328 1578 4391 (incertum
1615 4335 1693 4378 est
1712 4329 1818 4379 zelo
1839 4330 2111 4383 stimulatus

547 4407 570 4436 ι
593 4403 654 4439 an
676 4403 792 4454 auro
811 4388 1083 4451 (Surruptus)
1107 4388 1278 4454 occidit
1300 4404 1312 4437 :
1331 4388 1358 4433 ⁷»
1389 4388 1752 4454 impellentibus
1775 4391 1939 4454 procul
1962 4394 2109 4445 dubio

540 4451 815 4520 Donatistis,
838 4463 1041 4558 (auorum
1065 4451 1225 4520 odium
1259 4451 1526 4518 incurrerat
1564 4451 1910 4524 integerrimus
1953 4456 2106 4515 judex

540 4517 785 4558 sententia
821 4520 850 4557 a
884 4523 1054 4558 versus
1076 4522 1204 4558 Ipsos
1224 4509 1350 4558 dicta
1373 4511 1422 4558 in
1443 4511 1801 4558 Carthamnensi
1822 4513 2106 4558 mllalinnes

540 4510 785 4560 sententia
800 4509 1054 4582 adversus
1373 4511 1422 4558 in
1440 4509 1801 4582 parthaginensi
1816 4509 2106 4582 collatione;

545 4582 685 4633 quam
707 4570 997 4633 sententiam
1041 4568 1268 4633 videlicet
1302 4569 1414 4633 dum
1440 4568 1776 4633 Imperatorum
1798 4575 1997 4626 decreto
2031 4568 2109 4630 ro:

540 4631 800 4693 liorandam
842 4639 995 4690 curat,
1019 4638 1222 4681 mortem
1258 4632 1408 4692 ipsius
1431 4631 1689 4681 moliuntur
1723 4635 1936 4686 haeretici
1961 4637 2107 4693 haece

542 4692 703 4743 oblata
744 4693 1010 4755 occasione.
1051 4692 1358 4755 Heraclianus
1402 4693 1564 4742 Africae
1587 4706 1752 4745 comes
1780 4695 2012 4750 deficiens
2035 4692 2107 4755 ab

545 4754 1059 4825 annoriohnavi'gavit
1082 4754 1152 4825 _in
1198 4753 1388 4825 Italiam
1420 4767 1529 4803 cum
1574 4756 1762 4825 ingenti
1784 4757 1958 4825 classe,
1982 4753 2108 4816 anno

539 4815 710 4884 Christi
726 4814 840 4884 412i:
855 4814 950 4878 qui
952 4815 1010 4864 ad
1024 4816 1195 4884 Urbem
1207 4816 1427 4884 deposito
1451 4814 1671 4868 exercit'u
1685 4831 1772 4868 con
1779 4814 2002 4884 tendens,
2014 4814 2106 4876 illa;

541 4877 634 4946 rin_i
657 4877 847 4946 comitis
867 4876 1066 4946 Occursu
1112 4876 1171 4946 ad
1214 4876 1472 4946 Utriculum
1514 4887 1770 4946 superatus
1801 4881 1964 4946 fugam
1983 4876 2105 4938 arri-

539 4939 669 5010 puit_,_
686 4938 929 5010 rediitque
949 4939 1307 5010 Carthaginem;
1333 4940 1416 5010 ubi
1439 4938 1613 5010 captus
1625 4938 1928 5010 demumfet
1948 4951 2106 5010 capite

539 4999 993 5070 punitusfuitl'l‘um
1015 4999 1133 5048 vero
1156 4999 1673 5070 perduellionis—socios
1695 5004 1744 5052 in
1766 4999 1913 5056 Africa
1937 4999 2107 5070 perse;

573 5068 723 5112 uente
745 5061 938 5121 Marino,
962 5061 1384 5124 comprehenditur
1395 5063 1702 5124 )iarcell'tntts
1725 5080 1820 5116 una
1861 5061 1971 5119 cum
2015 5084 2104 5124 suo

561 5121 710 5184 ratre,
757 5129 810 5173 et
851 5123 1009 5172 securi
1034 5121 1324 5185 percutitur,
1348 5122 1465 5173 falso
1508 5125 1806 5179 insimulatus
1829 5121 2105 5185 Heracliano

539 5182 732 5258 favisse,
760 5185 830 5234 uti
852 5184 970 5258 satis
982 5182 1287 5258 intelligitur.
1319 5197 1380 5234 ex
1402 5186 1688 5258 ilieronymo
1709 5203 1852 5258 supra
1875 5182 2102 5258 laudato,

540 5257 634 5295 nec
679 5246 774 5296 nm
819 5258 883 5310 ex
915 5246 1022 5294 istis
1039 5246 1289 5310 Augustini
1313 5248 1477 5297 verbis
1508 5246 1602 5310 hic,
1627 5263 1675 5299 n.
1701 5250 1732 5298 4
1755 5246 1783 5301 τ’
1803 5271 1826 5300 α
1847 5255 2011 5304 Omnia
2055 5246 2106 5309 in

548 5323 571 5353 ι
594 5313 813 5374 tempore
969 5305 1368 5374 sum-agebantur,
1385 5372 1393 5374 _
1412 5315 1467 5374 ut
1511 5305 1657 5374 etiam
1697 5325 1794 5364 uno
1825 5323 1974 5374 teste,
1999 5305 2104 5368 tan:

549 5383 572 5414 ι
593 5367 738 5435 quam
759 5368 999 5435 invidioso
1017 5375 1068 5418 ct
1087 5367 1304 5435 credibili
1328 5367 1547 5435 crimine,
1571 5373 1679 5422 sine
1695 5375 1914 5435 jubentis
1935 5367 2105 5430 discri-

547 5445 572 5475 ι
593 5429 722 5501 mine
743 5429 950 5494 quilibet
964 5429 1034 5501 _de
1077 5429 1239 5501 medio
1279 5429 1550 5482 tolleretur.
1574 5449 1598 5478 ν
1625 5429 1860 5501 Caeterum
1904 5429 2106 5501 Marinus

539 5491 1041 5561 continuo—revocatus
1061 5491 1316 5561 exnt'rica,
1338 5507 1543 5561 munere
1565 5497 1694 5544 omni
1719 5505 1898 5548 exutus
1918 5498 2026 5561 fuit,
2052 5491 2106 5554 et

541 5553 685 5602 vitam
707 5555 940 5618 privatam
978 5553 1182 5618 inglorie
1204 5565 1376 5618 _agere
1392 5555 1670 5618 jususest,
1695 5570 1757 5607 ex
1781 5561 1959 5610 Orosio.
1983 5553 2104 5614 Con;

543 5615 755 5688 tra'vero
777 5615 860 5688 lex
883 5617 946 5665 ab
967 5615 1168 5688 Honorio
1187 5615 1298 5688 data
1322 5615 1500 5688 est
1605 5615 1715 5682 aug.
1741 5623 1954 5688 anilla,
1972 5633 2105 5688 pm-

541 5676 726 5783 ciBiens
747 5684 802 5728 ut
821 5689 932 5749 qua;
961 5694 983 5722 ι
1004 5678 1199 5750 notione
1223 5685 1276 5728 et
1295 5676 1616 5751 sollicitudine
1640 5676 1892 5733 Marcellini
1913 5676 2106 5748 specta-

549 5753 574 5783 ιι
624 5734 700 5783 ills
721 5751 968 5783 memoriae
989 5751 1079 5783 νυνι
1121 5746 1284 5783 comm
1307 5747 1572 5783 Donatistae
1608 5751 1746 5783 omni
1770 5752 1896 5783 cum,
1927 5762 2106 5783 nol-nn-

549 5753 574 5783 α
589 5734 700 5812 bilis
721 5734 1107 5812 memoriaevim“
1121 5746 1286 5812 contra
1307 5741 1597 5812 Donatistae
1608 5751 1749 5812 gesta
1769 5752 1910 5812 sunt,
1927 5734 2106 5812 perpe-

550 5813 574 5874 ε
593 5803 723 5874 nam
744 5799 952 5874 habeant
975 5799 1244 5874 originalem
1267 5815 1280 5853 :
1304 5818 1329 5851 ι
1357 5803 1408 5854 in
1429 5800 1512 5852 lib.
1535 5799 1599 5854 'io
1609 5799 1727 5858 cod.
1751 5799 1950 5874 Theca;
1977 5799 2050 5863 ui.
2064 5799 2108 5864 *5

541 5858 604 5915 de
628 5861 894 5928 accensis,
917 5860 1019 5928 leg.
1043 5861 1118 5919 55.

1725 413 1782 469 S.
1823 411 2186 471 AUGUSTINI
2225 411 2522 471 EPISCOPI

3723 418 3829 482 648

2240 525 2421 593 credo,
2451 541 2549 583 nec
2576 525 2766 583 fratres
2794 527 2898 584 mei
2927 528 3016 601 qui
3040 535 3094 586 te
3120 529 3175 586 in
3199 529 3422 602 loquelis
3439 531 3743 599 audierunt,
3765 539 3813 592 α

2238 617 2420 674 auditu
2447 614 2608 692 atque
2633 621 2779 676 omni
2808 631 2934 677 nutu
2954 622 3198 680 viderunt
3222 625 3370 695 signa
3388 625 3598 697 benigni
3629 634 3806 697 pecto-

2238 709 2313 765 ris
2341 712 2436 766 tui.
2464 711 2589 780 Sed,
2619 712 2841 768 obsecro
2866 722 2934 780 te,
2981 713 3193 788 ignosce
3229 715 3566 772 credentibus
3593 734 3605 770 :
3635 715 3806 773 homi-

2237 817 2334 858 nes
2357 804 2498 858 enim
2526 812 2668 870 sunt,
2701 813 2751 860 et
2795 805 2847 860 in
2875 806 3065 861 animis
3097 806 3369 862 hominum
3407 816 3568 863 tanta;
3595 808 3811 866 latebra

2236 904 2378 964 sunt,
2407 905 2458 952 et
2486 898 2612 952 tanti
2639 914 2900 966 recessus,
2938 909 2996 954 ut
3027 917 3212 956 omnes
3239 902 3516 971 suspiciosi
3544 917 3665 957 cum
3705 917 3816 959 me-

2235 987 2340 1042 rito
2363 989 2660 1057 culpentur,
2695 992 2854 1046 etiam
2896 991 3095 1046 laudari
3137 992 3457 1048 arbitrentur
3493 1009 3552 1048 se
3590 993 3814 1062 debere,

2235 1079 2376 1150 quod
2400 1081 2540 1134 cauti
2577 1081 2700 1137 sint.
2729 1082 2915 1138 Causa:
2956 1085 3194 1150 stabant;
3227 1085 3294 1139 ab
3320 1100 3424 1139 uno
3451 1100 3635 1140 eorum
3677 1099 3817 1155 quos

2231 1172 2404 1227 teneri
2434 1172 2524 1227 ille
2545 1183 2764 1244 repente
2805 1186 3125 1247 praeceperat
3155 1217 3174 1244 ,
3219 1179 3585 1248 gravissimam
3613 1187 3667 1233 te
3691 1193 3820 1249 pas.

2235 1275 2353 1317 sum
2377 1261 2542 1319 fuisse
2566 1264 2808 1334 injuriam
2847 1281 3182 1322 noveramus.
3211 1267 3396 1324 Frater
3435 1283 3646 1339 quoque
3672 1268 3813 1338 ejus,

2233 1355 2286 1410 in
2303 1371 2408 1427 quo
2433 1356 2723 1413 Ecclesiam
2750 1359 2976 1414 maxime
2997 1368 3304 1430 persecutus
3321 1369 3422 1427 est,
3478 1360 3660 1415 nescio
3686 1359 3817 1430 quid

2230 1445 2434 1502 duriter
2477 1448 2629 1519 quasi
2673 1448 2949 1519 proferens
2987 1451 3081 1506 tibi
3123 1451 3461 1521 respondisse
3509 1451 3811 1506 dicebatur.

2231 1539 2556 1596 Putabantur
2583 1541 2675 1596 tibi
2719 1543 2876 1598 ambo
2915 1557 3034 1598 esse
3075 1545 3328 1614 suspecti.
3379 1543 3635 1599 Postulati
3683 1559 3808 1601 cum

2229 1633 2502 1701 abiissenl,
2536 1644 2587 1690 te
2607 1635 2712 1690 illic
2736 1645 3066 1703 remanente,
3097 1645 3152 1691 et
3179 1651 3298 1691 cum
3328 1635 3420 1691 illo
3439 1636 3716 1703 secretius,
3747 1644 3809 1690 ut

2230 1724 2513 1791 ferebatur,
2535 1726 2802 1797 loquente,
2831 1727 3010 1783 subito
3030 1726 3164 1797 jussi
3183 1737 3307 1782 sunt
3325 1727 3569 1783 detineri.
3600 1726 3811 1782 Amici-

2231 1816 2356 1871 tiam
2386 1826 2614 1872 vestram
2652 1833 2760 1873 non
2805 1829 3092 1886 recentem,
3144 1819 3239 1875 sed
3264 1828 3518 1885 veterem,
3563 1819 3810 1875 homines

2229 1906 2595 1978 loquebantur.
2629 1909 2844 1964 Famam
2864 1911 3212 1967 confirmabat
3238 1919 3385 1966 tanta
3412 1909 3735 1982 conjunctio,
3755 1919 3812 1966 et

2229 2006 2336 2053 tam
2371 2001 2580 2055 assidua
2628 2001 2792 2056 solius
2818 2017 2938 2057 cum
2977 2002 3093 2058 solo
3136 2002 3526 2058 sermocinatio.
3563 2001 3808 2057 Potestas

2227 2089 2368 2144 illius
2400 2107 2587 2162 magna
2625 2101 2750 2148 tunc
2787 2102 2920 2148 erat.
2967 2093 3255 2149 Calumniai
3281 2093 3504 2148 facilitas
3538 2091 3802 2147 radiabat.

2225 2177 2339 2235 Non
2362 2190 2474 2236 erat
2502 2181 2700 2251 grande
2727 2183 2996 2253 negotium
3027 2181 3301 2253 procurari
3321 2182 3570 2251 aliquem,
3598 2182 3688 2252 qui
3716 2179 3802 2236 di-

2225 2281 2371 2328 ceret
2396 2274 2536 2343 quod
2560 2275 2730 2331 salute
2755 2276 3012 2346 promissa
3036 2276 3316 2332 dicendum
3353 2275 3441 2331 ille
3474 2275 3800 2332 mandasset.

2225 2363 2412 2418 Omnia
2445 2364 2496 2419 in
2530 2375 2768 2436 tempore
2806 2367 2910 2422 isto
2950 2366 3395 2438 suli'ragabantur,
3424 2376 3482 2422 ut
3507 2367 3666 2421 etiam
3697 2381 3806 2422 uno

2226 2464 2382 2524 teste,
2411 2467 2658 2529 tanquam
2686 2460 2944 2515 invidioso
2969 2470 3022 2517 et
3045 2461 3287 2516 credibili
3315 2461 3556 2529 crimine,
3583 2460 3700 2517 sine
3720 2461 3808 2532 jn.

2223 2546 2395 2604 bentis
2419 2549 2725 2607 discrimine
2745 2552 2968 2621 quilibet
2987 2552 3056 2608 de
3079 2552 3253 2615 medio
3280 2553 3572 2609 tolleretur.

2294 2641 2348 2697 5.
2375 2642 2483 2697 Nos
2510 2644 2732 2713 interea,
2757 2646 3007 2718 quoniam
3037 2661 3218 2701 rumor
3242 2653 3357 2701 erat
3375 2646 3516 2717 quod
3537 2646 3802 2702 ecclesia-

2222 2734 2353 2789 stica
2377 2750 2565 2790 manus
2592 2746 2770 2806 posset
2806 2751 2900 2791 eos
2932 2737 3157 2807 eripere,
3185 2736 3332 2792 falsis
3355 2737 3802 2808 promissionibus

2222 2823 2566 2891 ludebamur;
2596 2826 2758 2881 utillo
2775 2841 2878 2882 non
2905 2828 3074 2881 solum
3093 2826 3247 2898 quasi
3263 2828 3492 2892 volente,
3524 2827 3612 2884 sed
3635 2831 3806 2883 etiam

2223 2918 2473 2986 instante,
2504 2932 2601 2989 pro
2636 2917 2716 2974 eis
2742 2918 2807 2972 ad
2834 2916 3152 2974 Comitatum
3177 2920 3458 2990 episcopus
3480 2919 3804 2986 mitteretur,

2221 3025 2282 3066 ea
2330 3010 2708 3080 pollicitatione
2754 3011 3062 3081 interposita
3102 3011 3493 3082 episcopalibus
3541 3010 3801 3077 auribus,

2221 3099 2361 3171 quod
2377 3099 2546 3156 donec
2569 3099 2764 3171 aliquid
2791 3117 2887 3172 pro
2901 3101 2978 3157 eis
2999 3101 3108 3157 illic
3128 3113 3390 3172 ageretur,
3432 3100 3632 3156 nullum
3666 3116 3802 3156 cauo

2221 3205 2295 3246 sa:
2336 3191 2547 3246 illorum
2592 3191 2912 3248 excitaretur
2967 3207 3208 3248 examen.
3259 3193 3567 3258 Postremo,
3625 3191 3801 3262 pridie

2220 3297 2377 3352 quam
2424 3283 2726 3350 ferirentur,
2774 3281 2917 3337 venit
2943 3282 3010 3338 ad
3031 3297 3128 3338 nos
3155 3283 3465 3338 Prazstantia
3494 3291 3616 3347 tua;
3643 3295 3799 3352 spem

2219 3373 2432 3441 dedisti,
2464 3375 2674 3445 qualem
2717 3390 2986 3446 nunquam
3039 3384 3192 3430 antea
3231 3373 3474 3439 dederas,
3520 3373 3656 3445 quod
3695 3387 3800 3430 eos

2220 3466 2314 3521 tibi
2360 3475 2538 3537 posset
2582 3467 2872 3523 concedere
2909 3467 3210 3537 profecturo
3231 3508 3245 3532 ,
3295 3481 3415 3522 cum
3453 3465 3527 3520 illi
3567 3465 3805 3536 graviter

2219 3557 2612 3628 prudenterque
2630 3557 2876 3624 dixisses,
2908 3565 3074 3612 totum
3096 3555 3237 3627 quod
3267 3565 3440 3612 tecum
3461 3565 3561 3610 tam
3578 3555 3803 3612 assidue

2217 3645 2530 3702 familiarius
2566 3649 2926 3719 secretiusque
2966 3647 3294 3719 loqueretur,
3325 3664 3428 3702 non
3453 3655 3500 3702 te
3527 3645 3802 3708 honorare

2219 3740 2393 3806 potius
2420 3753 2575 3808 quam
2599 3754 2821 3809 gravare
2849 3741 2888 3804 ⁸,
2919 3748 3075 3810 atque
3103 3737 3170 3793 ad
3197 3738 3248 3793 id
3271 3739 3464 3802 valere,
3489 3735 3626 3807 quod
3651 3752 3803 3794 com-

2217 3831 2482 3883 municato
2509 3838 2564 3884 et
2599 3837 2920 3901 pertractate
2948 3830 3088 3886 inter
3112 3844 3206 3884 vos
3231 3829 3416 3885 mortis
3443 3843 3623 3884 eorum
3660 3843 3800 3883 con-

2215 3919 2352 3984 silio,
2381 3935 2537 3974 nemo
2562 3920 2825 3976 dubitaret
2843 3919 2968 3990 quid
2987 3929 3106 3991 post
3125 3920 3240 3975 haec
3263 3920 3439 3975 omnia
3458 3927 3795 3990 sequeretur.

2215 4009 2344 4076 Qua:
2382 4026 2501 4066 cum
2528 4019 2581 4067 te
2613 4011 2808 4066 dixisse
2828 4011 2978 4067 nobis
3002 4011 3282 4076 indicares,
3307 4011 3444 4066 inter
3467 4009 3793 4065 narrandum

2214 4118 2442 4174 namque
2472 4103 2692 4159 tendens
2715 4103 2766 4157 in
2797 4117 2918 4158 eum
2943 4103 3116 4158 locum
3146 4103 3232 4158 ubi
3261 4101 3596 4158 celebrantur
3615 4115 3796 4156 sacra-

2213 4205 2388 4249 menta
2433 4194 2684 4260 fidelium,
2729 4193 3060 4264 stupentibus
3085 4193 3236 4249 nobis
3261 4194 3330 4248 ita
3365 4193 3555 4264 jurasti
3600 4201 3654 4247 te
3690 4191 3794 4247 ista

2211 4286 2428 4352 dixisse,
2457 4296 2638 4342 utnon
2679 4287 2848 4341 solum
2874 4295 3018 4352 tunc,
3046 4300 3226 4340 verum
3277 4285 3436 4340 etiam
3484 4298 3625 4338 nunc
3667 4290 3792 4354 post

2211 4386 2319 4434 tam
2347 4377 2667 4434 horrendum
2697 4377 3019 4447 inopinatum
3049 4376 3266 4442 exitum,
3297 4389 3420 4429 cum
3448 4383 3565 4429 tuos
3603 4387 3796 4429 omnes

2212 4480 2369 4527 nutus
2419 4470 2618 4534 recolo,
2669 4469 2828 4524 nimis
2857 4468 2987 4523 mihi
3023 4466 3298 4538 impudens
3321 4466 3521 4532 videar,
3552 4465 3598 4521 si
3633 4464 3700 4521 de
3734 4473 3792 4521 te

2209 4563 2404 4634 aliquid
2436 4563 2559 4617 mali
2599 4561 2832 4617 credam.
2855 4561 3055 4630 Quibus
3087 4561 3188 4616 tuis
3218 4560 3392 4616 verbis
3413 4560 3489 4615 sic
3512 4574 3633 4614 eum
3665 4573 3797 4629 per-

2209 4663 2412 4710 motum
2456 4653 2616 4710 fuisse
2642 4652 2876 4721 dicebas,
2920 4655 3060 4724 quod
3087 4653 3228 4709 velut
3252 4651 3511 4708 familiare
3539 4650 3794 4706 viaticum

2209 4747 2301 4802 tibi
2327 4762 2509 4802 eorum
2533 4745 2824 4801 donaturus
2843 4753 2984 4801 esset
3007 4745 3250 4801 salutem.

2279 4836 2330 4890 6.
2359 4834 2509 4891 Unde
2535 4845 2701 4891 testor
2739 4836 3016 4892 Dilectioni
3043 4844 3166 4903 tum,
3197 4844 3413 4908 postero
3453 4833 3560 4901 die,
3588 4848 3696 4905 quo
3725 4833 3794 4890 il-

2208 4925 2311 4982 lius
2335 4927 2696 4997 parturitionis
2739 4927 2978 4984 nefarius
3001 4927 3142 4984 fetus
3165 4937 3247 4985 est
3274 4938 3423 4984 ortus
3446 4971 3460 4997 ,
3487 4942 3608 4984 cum
3636 4935 3790 4982 esset

2206 5019 2360 5074 nobis
2385 5029 2602 5089 repente
2629 5020 2922 5075 nuntiatum
2951 5021 3068 5076 illos
3097 5035 3127 5076 e
3146 5036 3362 5077 carcere
3390 5021 3455 5077 ad
3481 5036 3603 5077 eum
3635 5018 3790 5090 judio

2207 5126 2325 5168 cem
2367 5113 2587 5180 ductos,
2617 5130 2917 5185 quanquam
2945 5113 3234 5184 perturbati
3277 5112 3557 5182 fuerimus,
3602 5119 3791 5168 tamen

2206 5221 2305 5278 ego
2331 5207 2673 5264 considerans
2711 5218 2766 5265 et
2808 5224 2927 5280 quae
2955 5209 3107 5265 nobis
3134 5208 3305 5279 pridie
3345 5207 3585 5273 dixeras,
3611 5214 3664 5261 et
3692 5205 3792 5276 qui

2207 5305 2349 5352 esset
2396 5305 2514 5366 post
2555 5298 2702 5354 illum
2730 5308 3013 5357 exorturus
3039 5299 3155 5356 dies
3177 5341 3194 5368 ,
3227 5299 3476 5370 quoniam
3515 5296 3652 5353 beati
3675 5294 3793 5366 Cy-

2208 5385 2377 5457 priani
2399 5397 2513 5444 erat
2549 5389 2787 5459 pridiana
2822 5391 3131 5449 solemnitas
3158 5389 3231 5465 (α)
3254 5431 3271 5459 ,
3301 5387 3596 5447 existimavi
3633 5385 3782 5458 quod

2218 5484 2286 5498 ,Α

2287 5484 2474 5497 Μ

2273 5547 2291 5580 ι
2324 5553 2456 5610 t.ov.,
2471 5557 2801 5613 Loqueremw,
2823 5562 2917 5602 non
2935 5556 2982 5603 te
3002 5549 3231 5603 amari
3250 5549 3548 5615 putaminum
3565 5544 3787 5614 grauari.

2269 5631 2341 5694 (a)
2364 5641 2407 5683 S.
2434 5633 2690 5684 marcellini
2710 5634 2870 5685 caedes
2889 5635 2950 5684 ad
2971 5637 3104 5686 diem
3125 5636 3156 5686 6
3176 5635 3340 5694 aprilis
3359 5635 3571 5686 refertur
3592 5634 3641 5682 in
3665 5640 3793 5682 star-

2269 5651 2320 5694 ta
2364 5651 2407 5683 δ.
2434 5651 2690 5684 mat-celum
2710 5651 2870 5685 es
2889 5651 2950 5684 an
2971 5651 3104 5686 atem
3125 5651 3156 5686 υ
3176 5651 3206 5685 a
3237 5651 3340 5686 ruis
3359 5651 3571 5686 reuertar
3592 5651 3641 5682 ιιι
3665 5651 3793 5682 Μιτ-

2208 5651 2493 5764 tyro_{ogi_is_:
2519 5708 2664 5758 quam
2688 5704 2849 5764 tamen
2871 5697 2963 5764 hoc
2986 5711 3050 5747 ex
3075 5697 3179 5748 loco
3200 5651 3376 5764 liquet
3399 5697 3570 5764 factam
3607 5703 3795 5764 mense

2207 5755 2494 5818 Septembri,
2518 5755 2720 5822 unouaut
2740 5757 2895 5822 altero
2915 5758 2997 5808 die
3019 5765 3134 5822 ante
3154 5766 3200 5810 s.
3243 5755 3458 5822 Cypriani
3501 5755 3796 5822 silemnita-

2207 5822 2342 5881 teni,
2359 5836 2382 5865 ι
2405 5825 2456 5868 Et
2476 5831 2596 5869 sane
2616 5818 2746 5869 illius
2766 5820 2970 5881 obitum,
2993 5821 3061 5870 ait
3081 5818 3396 5870 Henricu's‘de
3417 5818 3550 5868 Noris
3591 5818 3642 5865 in

2221 5896 2244 5926 ι
2266 5879 2426 5945 Pelag.
2451 5895 2534 5944 ιη),
2563 5896 2608 5957 4,
2633 5896 2677 5931 c.
2699 5882 2751 5945 5,
2784 5879 2983 5934 minime
3026 5882 3288 5944 contigisse
3309 5881 3388 5932 die
3411 5881 3441 5931 6
3462 5881 3645 5942 aprilis,
3668 5880 3801 5933 inde
