2077 3177
206 216 286 244 etiam
299 213 411 250 elegerit
422 213 501 248 diem,
518 221 571 250 quo
582 218 607 242 et
620 213 665 242 tibi
680 214 810 250 postulata
823 215 991 249 concederet,

205 266 234 291 et
245 261 395 290 universam
410 261 509 289 Christi
521 261 666 289 Ecclesiam
679 267 790 296 repente
802 260 948 294 Imtiﬁcans,
959 260 993 288 ad

205 308 295 337 locum
316 307 383 335 tanti
405 307 529 343 martyris
552 307 697 335 ascendere
719 306 851 339 voluerit,
866 305 993 342 parcendi

205 354 368 389 benignitate
380 361 458 389 quam
470 352 609 381 occidendi
621 357 750 388 potestate
763 352 916 385 sublimior;
932 359 992 380 cum

204 407 268 428 ecce
288 399 365 427 nobis
379 399 486 426 nuntius
503 399 596 430 irruit,
612 405 664 433 quo
686 398 758 433 prius
776 405 916 433 percussos
935 405 994 425 esse

205 454 354 475 nossemus.
368 453 447 480 quam
457 445 590 480 quomodo
613 443 766 472 audirentur
790 452 910 480 qutererc
923 444 995 471 vale-

205 500 304 519 remus.
328 492 453 519 Provisus
470 491 540 519 enim
563 496 619 518 erat
638 496 664 518 ct
684 491 818 526 proximus
834 491 924 523 locus,
940 498 992 518 non

204 537 341 572 suppliciis
355 537 490 564 hominum
505 537 643 571 deputatus
653 558 660 570 ,
672 537 718 564 sed
732 542 889 565 ornamento
907 538 993 572 potius

205 583 327 614 civitatis.
344 583 387 610 ubi
403 583 496 610 merito
507 583 624 610 creditur
635 587 773 618 propterea
787 583 915 618 quosdam
932 587 994 610 ante

205 630 305 664 aliquot
315 630 371 657 dies
383 630 493 664 jussisse
507 630 629 661 mactari,
647 637 679 656 ne
694 630 719 656 in
734 630 790 656 istis
805 629 932 656 invidiosa
947 636 995 655 no-

205 677 272 704 vitas
285 682 356 704 esset
372 685 378 703 :
392 684 457 712 quos
472 676 611 703 consilium
627 676 674 703 fuit
688 676 725 703 sic
739 683 815 710 posse
829 674 930 710 subripi
945 675 995 702 Ec-

205 724 302 754 clesim.
319 724 339 751 si
356 731 408 751 non
420 724 504 751 solum
518 723 605 751 subito
627 722 696 750 feriri
708 723 866 757 iuberentur
877 742 884 754 ,
901 730 994 750 verum

205 770 284 797 etiam
310 770 334 796 in
356 770 414 796 loco
436 769 556 805 proximo
580 768 729 796 ferirentur.
754 768 822 796 Satis
844 768 931 802 itaque
955 768 995 795 in-

205 814 302 842 dicavit
321 814 344 842 ei
370 815 446 842 matri
469 823 497 842 se
511 814 609 842 inferre
630 822 681 841 non
698 814 816 841 timuisse
830 813 973 841 cruciatum
984 833 993 847 ,

205 860 280 896 cujus
292 861 378 887 titnuit
389 861 580 892 interventum;
594 860 717 887 Ecclesia:
728 859 828 886 scilicet
839 863 948 891 sancta),
959 859 995 885 in-

205 910 246 934 ter
260 907 334 942 cujus
355 907 445 934 ﬁdeles
468 907 493 934 in
509 906 566 941 ejus
587 905 689 942 gremio
704 906 848 941 baptizatos
863 911 889 933 et
908 906 994 940 ipsum

206 954 296 988 utique
318 961 485 981 noveramus.
513 954 575 981 Post
598 954 666 980 hunc
684 953 762 988 igitur
774 952 838 979 tanti
852 952 995 980 moliminis

206 999 316 1030 exitum.
331 1007 391 1027 cum
406 1005 458 1027 tam
469 1000 609 1034 diligenter
622 999 758 1026 nobiscum
772 1003 858 1026 actum
872 1002 952 1031 esset,
967 1002 996 1025 ut

206 1045 285 1073 etiam
299 1053 345 1079 per
358 1050 383 1073 te
395 1066 403 1079 ,
417 1045 465 1073 ctsi
479 1046 613 1072 nesciente
627 1050 651 1072 te
664 1066 672 1078 ,
697 1052 764 1080 pene
783 1044 868 1071 securi
884 1048 910 1071 et
928 1052 995 1079 pene

206 1091 272 1119 certi
284 1091 317 1118 de
330 1091 414 1119 salute
434 1092 537 1119 illortttn
561 1091 644 1126 pridie
660 1091 798 1123 fiercmus;
815 1091 874 1125 quis
889 1097 940 1117 non
954 1095 995 1118 ta-

206 1137 279 1171 lium,
294 1138 378 1173 qualis
389 1138 523 1165 hominum
539 1138 678 1165 multitudo
688 1141 739 1171 cst,
755 1137 929 1164 indubitatum
943 1136 994 1164 ha-

206 1183 281 1211 beret
291 1203 299 1217 ,
312 1183 391 1211 etiam
404 1191 419 1211 a
440 1188 465 1211 te
480 1184 555 1211 nobis
571 1184 650 1211 verba
666 1183 736 1216 data,
752 1183 805 1210 illis
819 1183 935 1210 animam
949 1182 996 1210 ab-

207 1229 305 1257 latam?
319 1229 388 1262 ldco,
401 1229 469 1257 sicut
480 1229 545 1262 dixi,
557 1230 596 1256 vir
610 1230 689 1261 hone,
702 1229 806 1257 etiamsi
821 1236 869 1256 nos
881 1229 931 1256 hoc
942 1236 995 1257 non

206 1275 350 1306 credimus,
366 1275 473 1309 ignosce
486 1274 664 1303 credentibus.

239 1321 268 1347 .7.
284 1320 359 1348 Absit
373 1325 458 1348 autem
472 1328 487 1347 a
502 1321 591 1353 corde,
606 1326 633 1347 et
647 1319 832 1356 qualicumque
845 1319 897 1348 vita
916 1327 974 1348 mea
986 1340 994 1355 ,

207 1368 235 1391 ut
247 1366 315 1400 apud
332 1372 356 1393 te
370 1374 418 1401 pro
432 1366 519 1402 aliquo
531 1366 732 1399 intercederem,
747 1366 788 1393 vel
803 1374 817 1393 a
830 1370 855 1394 te
867 1367 992 1402 cuiquam

206 1410 364 1440 beneficium
387 1413 568 1448 pestularem,
591 1412 614 1440 si
637 1417 662 1440 te
685 1411 823 1440 crederem
839 1413 903 1440 tanti
918 1412 996 1447 hujus

207 1456 281 1491 mali,
298 1462 323 1484 et
339 1462 391 1485 tam
404 1459 591 1486 conscelerata:
605 1457 768 1486 crudelitatis
784 1463 927 1485 auctorem.
944 1457 997 1485 Sed

208 1502 286 1538 plane
299 1503 390 1535 fateor,
406 1504 427 1531 si
443 1504 521 1532 etiam
538 1504 647 1539 posthac
662 1504 687 1531 in
700 1512 732 1531 ea
747 1503 923 1531 familiaritate
933 1504 997 1531 estis

208 1550 235 1577 in
249 1559 299 1586 qua
315 1555 390 1578 antea
406 1550 502 1585 fuistis,
520 1560 585 1587 pace
597 1557 638 1579 tua
654 1551 764 1579 sitliber
779 1551 870 1584 dolor;
885 1551 997 1578 multum

209 1603 260 1624 nos
283 1597 351 1633 quod
367 1597 522 1625 nolebamus
537 1597 694 1633 compellitis
708 1597 826 1637 credere.
844 1597 892 1624 Est
909 1601 996 1624 autem

208 1648 415 1671 consentaneum
437 1649 465 1671 ut
490 1652 576 1679 neque
597 1644 646 1671 hoc
661 1644 777 1676 credam,
794 1644 837 1679 qui
853 1644 885 1671 tle
909 1648 934 1671 te
953 1643 998 1671 illa

209 1696 265 1717 non
293 1688 381 1717 credo.
410 1690 517 1717 Amicus
549 1695 608 1717 tttus
643 1690 777 1725 inopinato
803 1697 928 1717 successu
953 1697 998 1717 re-

210 1735 326 1770 pentium
346 1736 482 1770 potestatis
496 1744 548 1763 non
569 1736 652 1771 magis
669 1740 822 1770 persecutus
836 1740 876 1763 est
894 1736 998 1763 illorum

209 1781 302 1815 vitam,
316 1789 393 1816 quam
406 1788 476 1809 tuam
492 1782 598 1809 famam.
611 1781 664 1809 Nec
677 1781 727 1809 ista
741 1782 864 1816 loquens,
878 1781 938 1808 odia
952 1786 996 1809 tua

210 1826 236 1854 in
252 1827 334 1859 illum,
346 1827 399 1854 mei
410 1827 489 1854 animi
501 1835 532 1855 ac
543 1827 713 1862 professionis
723 1827 829 1859 oblitus,
846 1826 998 1861 inflammo;

209 1873 257 1901 scd
268 1873 300 1901 ad
315 1874 460 1901 ﬁdeliorem
483 1882 597 1909 provoco
615 1873 794 1901 dilectionem.
808 1873 857 1907 Qui
871 1874 942 1902 enim
961 1875 1000 1902 sic

209 1919 263 1954 agit
281 1927 340 1946 eum
354 1920 430 1947 malis
443 1941 450 1953 ,
465 1924 492 1947 ut
506 1928 551 1947 eos
565 1920 671 1947 malitia:
686 1920 821 1954 paeniteat,
837 1920 910 1947 novit
921 1920 1000 1947 etiam

210 1964 390 2000 indignatione
412 1966 553 1994 consulere
569 1974 575 1992 τ
593 1974 653 1993 nam
677 1966 744 1993 sicut
767 1966 830 1993 mali
843 1967 940 1994 obsunt
955 1975 1001 1995 as-

209 2010 352 2044 sentando,
365 2011 400 2038 ita
413 2011 474 2039 boni
487 2011 652 2039 adversando
666 2017 785 2047 prosunt.
803 2012 882 2040 Suam
904 2013 1001 2048 quippe

211 2056 329 2083 animam
338 2057 430 2084 eodem
444 2057 525 2090 ferro,
538 2065 591 2092 quo
602 2058 667 2085 alios
680 2057 884 2085 insolentissime
893 2059 999 2093 occidit,

210 2103 317 2138 gravius
329 2103 461 2138 altiusque
475 2104 604 2138 percussit
618 2114 624 2131 ε
636 2103 706 2139 quod
721 2110 779 2138 post
789 2103 857 2131 hunc
864 2104 942 2131 vitam
958 2125 966 2139 ,
978 2105 1001 2133 si

211 2157 265 2178 non
271 2158 329 2178 eam
336 2151 487 2186 pernitendo
493 2151 646 2184 correxerit,
654 2152 807 2186 etpatientia
814 2152 860 2179 Dei
866 2152 932 2179 bene
939 2160 1001 2181 usus

212 2196 305 2230 merit,
327 2198 447 2226 invenire
461 2206 491 2225 ac
505 2199 604 2226 sentire
616 2203 734 2233 cogetur.
756 2198 832 2233 Scepe
847 2204 934 2226 autem
947 2201 1000 2227 vita

213 2250 332 2279 praesens
346 2244 424 2271 etiam
442 2244 581 2277 bonorum,
600 2244 646 2270 Dei
659 2243 759 2278 judicio
776 2244 851 2271 malis
864 2245 1000 2280 eripienda

213 2289 342 2324 permissa
356 2294 407 2323 est,
420 2297 453 2317 ne
468 2290 528 2317 talia
544 2290 645 2324 perpeti
658 2294 793 2324 putaretur
808 2291 918 2318 malum.
935 2291 1000 2319 Mori

211 2334 310 2369 quippe
324 2335 351 2362 in
361 2342 442 2363 carne
452 2335 513 2370 quid
524 2340 609 2370 potest
623 2335 716 2363 obesse
724 2336 875 2363 morituris?
884 2341 929 2363 aut
939 2337 1001 2372 quid

211 2384 294 2415 agunt
316 2380 361 2415 qui
381 2381 447 2408 mori
464 2380 566 2414 timent,
584 2380 633 2407 nisi
649 2386 676 2408 ut
696 2381 773 2416 paulo
796 2381 926 2416 posterius
941 2390 1000 2410 mo-

212 2427 337 2454 riantur?
358 2427 489 2462 Quidquid
513 2427 590 2454 obest
612 2427 784 2454 morientibus
794 2448 801 2460 ,
816 2436 849 2456 ex
863 2429 915 2455 vita
925 2449 932 2461 ,
947 2436 1001 2456 non

212 2479 245 2500 cx
258 2477 344 2500 morte
356 2473 500 2508 contingit;
516 2472 541 2499 in
555 2481 606 2508 qua
621 2473 642 2500 si
659 2474 723 2500 tales
737 2474 838 2501 animas
850 2474 1000 2508 habuerint,

212 2517 334 2553 qualibus
352 2517 496 2545 christiana
510 2518 594 2553 gratia
608 2518 776 2553 subvenitur,
791 2527 842 2546 non
857 2527 921 2547 sane
930 2527 1000 2548 mors

211 2571 305 2592 eorum
319 2563 380 2591 vitae
395 2563 472 2591 home
486 2571 597 2591 occasus
619 2564 675 2596 fuit,
690 2564 738 2593 sed
753 2565 872 2593 melioris
886 2566 1000 2593 occasio.

248 2609 275 2637 8.
291 2609 326 2637 Et
347 2609 456 2645 maioris
469 2609 507 2646 (a)
526 2609 632 2644 quidem
655 2618 744 2638 mores
758 2612 919 2647 apparebant
940 2611 1002 2639 huic

214 2685 228 2713 ί
238 2689 299 2714 satis
309 2687 439 2721 evincitur,
459 2687 524 2721 quod
535 2687 582 2713 hoc
591 2687 712 2721 annona
721 2689 876 2715 uendianus
890 2696 944 2716 cum
955 2697 1002 2716 nn—

213 2730 227 2744 ι
238 2726 335 2753 meros:
346 2719 497 2753 adeoelasse
508 2723 594 2753 aperto
606 2720 674 2753 auri,
688 2726 763 2753 verno
775 2724 867 2745 tantum
890 2725 1001 2753 tempore

213 2760 226 2775 ι
237 2750 338 2782 solvere
349 2751 427 2782 potuit
438 2757 471 2775 ex
493 2750 580 2782 Africa,
591 2751 679 2775 urbem
690 2751 830 2782 invasurus;
842 2758 898 2776 cum
919 2750 1002 2778 tamen

214 2791 228 2805 ι
243 2780 373 2816 Marcellini
394 2787 468 2810 mors,
479 2780 610 2816 Heracliam"
623 2781 647 2816 i_u
658 2780 723 2806 Italia
734 2782 858 2816 exercitus
872 2786 980 2816 stragem
991 2802 999 2816 ,

214 2821 226 2837 α
237 2816 248 2837 t
307 2812 332 2836 ni
345 2818 426 2843 iugum
436 2818 465 2836 ac
475 2812 573 2836 tandem
583 2811 676 2836 caulem
686 2816 815 2837 consecuta
827 2812 908 2838 fuerit.
920 2811 936 2835 ἱ

243 2818 407 2875 ﬁmus
416 2842 621 2875 anhiqdesignet
630 2843 768 2875 Apringium
776 2844 891 2875 judicent,
902 2844 961 2875 fratr

243 2844 407 2875 (a)1\'esc'tmus
416 2848 448 2867 an
458 2844 498 2867 hic
507 2844 558 2866 des'
595 2846 621 2868 et
630 2847 647 2866 A
677 2844 768 2874 ingium
776 2844 891 2875 judicent,
902 2844 1002 2870 fratrem

209 2873 351 2904 mellini,
364 2879 397 2899 ex
420 2872 522 2905 epistola
533 2849 593 2904 la?
599 2880 624 2898 n.
636 2850 700 2904 {et
710 2874 879 2905 proconsulem
889 2876 915 2902 in
926 2874 1001 2903 Africa

333 2915 448 2952 SANGT.
464 2915 605 2949 Aususr.
628 2914 667 2950 ll.

673 2878 700 2899 et
710 2874 879 2907 proconsulem
889 2876 915 2902 in
926 2874 1001 2903 Africa

786 146 1024 186 EPISTOLARUM
1043 152 1176 186 caassts
1195 157 1237 185 Ill.

1782 161 1833 192 650

1046 213 1143 240 sacculo
1168 213 1307 242 amiciores
1328 221 1387 242 esse
1402 222 1480 251 quam
1493 214 1615 249 Christo;
1638 224 1787 253 quanquam
1805 224 1833 248 et

1046 258 1252 294 ipsejuvenilern
1261 260 1335 295 prius
1345 262 1551 298 saecularemque
1560 262 1639 290 vitam
1647 271 1729 292 uxore
1738 264 1829 300 ducta,

1047 311 1101 331 non
1114 312 1194 339 parva
1215 314 1247 334 ex
1260 311 1335 342 parte
1353 313 1515 335 correxerat.
1529 308 1586 336 Non
1607 313 1706 337 tamen-
1716 309 1831 340 fortasse

1046 350 1200 380 misericors
1213 353 1284 381 Deus
1303 352 1393 382 fratris
1412 362 1473 382 eum
1485 362 1544 384 esse
1562 355 1588 383 in
1601 360 1687 384 morte
1704 357 1829 386 comitem

1047 397 1098 424 nisi
1110 397 1240 426 miserans
1251 399 1344 427 voluit.
1361 399 1407 428 llle
1419 408 1483 428 vero
1499 401 1565 429 alius
1576 401 1699 437 religiose
1711 403 1786 435 vixit,
1806 408 1833 432 et

1023 484 1026 489 ⁴
1047 441 1158 470 multum
1171 444 1363 481 cordevitaque
1371 446 1524 474 christiana.
1537 447 1600 476 Haac
1612 456 1673 477 eum
1684 449 1752 477 fama
1765 457 1834 486 prac-

1047 488 1137 525 cessit,
1152 493 1181 516 ut
1193 489 1219 517 in
1234 497 1313 518 causa
1326 491 1453 520 Ecclesia:
1468 493 1505 530 (α)
1515 493 1554 522 sic
1562 494 1681 529 veniret;
1696 494 1754 523 haec
1767 504 1832 524 con-

1047 538 1138 562 secuta
1158 540 1199 563 est
1220 543 1281 564 cum
1301 538 1427 566 venisset.
1447 538 1511 573 Qua:
1525 540 1563 568 illi
1586 548 1649 569 vero
1670 542 1789 578 probitas
1803 543 1831 571 in

1047 580 1176 615 moribus,
1193 581 1218 609 in
1239 582 1355 611 amicitia
1369 584 1434 612 ﬁdes
1445 605 1453 617 ,
1467 584 1493 612 in
1515 584 1635 614 doctrina
1655 587 1788 621 studium,
1805 588 1831 616 in

1047 625 1176 661 religione
1190 627 1340 662 sinceritas,
1355 629 1382 657 in
1401 630 1522 666 coniugio
1533 632 1657 667 pudicitia
1669 653 1677 667 ,
1693 633 1719 661 iu
1732 633 1832 670 judicio

1047 671 1224 706 continentia;
1238 680 1299 709 erga
1314 674 1435 703 inimicos
1446 676 1571 711 patientia
1577 698 1591 711 ,,
1605 685 1666 714 erga
1680 680 1780 708 amicos
1793 679 1834 708 af-

1047 714 1170 760 fabilitas,
1180 724 1241 754 erga
1253 723 1359 748 sanctos
1368 720 1511 756 humilitas,
1520 729 1582 759 erga
1595 731 1688 752 omnes
1697 725 1830 760 charitas;

1047 759 1075 788 in
1098 761 1231 791 beneﬁciis
1241 765 1396 799 praestandis
1414 765 1536 801 facilitas,
1552 767 1579 796 in
1592 770 1710 804 petendis
1733 770 1830 806 pudor,

1048 805 1076 834 in
1088 812 1159 835 recte
1172 807 1248 836 factis
1256 817 1339 844 amor,
1354 811 1381 839 in
1395 812 1510 847 peccatis
1522 813 1618 842 dolor!
1632 805 1764 849 Quantum
1779 815 1831 844 de-

1047 859 1095 880 cus
1108 852 1263 889 honestatis,
1279 855 1323 890 qui
1335 856 1460 892 splendor
1471 858 1581 894 gratia),
1595 867 1655 895 quae
1672 868 1736 889 cura
1749 861 1834 897 pieta-

1048 898 1096 932 tis;
1110 906 1168 934 qute
1180 899 1206 927 in
1216 900 1395 930 subveniendo
1408 903 1591 933 tnisericordia
1603 927 1610 939 ,
1625 906 1652 934 in
1667 907 1831 942 ignoscendo

1047 943 1241 980 benevolentia,
1253 947 1279 974 in
1292 948 1393 976 orando
1402 949 1510 978 ﬁducia!
1524 951 1599 985 Quod
1609 953 1752 982 salubriter
1762 954 1833 983 scie-

1048 988 1103 1024 bat,
1119 998 1171 1026 qua
1182 992 1309 1021 modestia
1321 994 1492 1030 loquebatur!
1506 997 1576 1032 quod
1587 998 1713 1027 inutiliter
1725 1000 1832 1029 nescie-

1048 1035 1102 1070 bat,
1116 1045 1167 1073 qua
1180 1038 1315 1074 diligentia
1334 1041 1519 1070 scrutabatur!
1538 1043 1657 1077 Quantus
1671 1046 1699 1072 in
1718 1053 1752 1074 eo
1765 1054 1834 1074 cono

1049 1086 1163 1119 temptus
1172 1092 1259 1112 rerum
1267 1087 1434 1120 praesentium
1442 1088 1450 1116 i
1460 1092 1556 1123 quanta
1563 1097 1625 1124 spes
1633 1094 1660 1118 et
1674 1089 1834 1120 desiderium

1048 1127 1177 1158 bonorum
1188 1133 1360 1160 aeternorum!
1373 1133 1412 1161 Ne
1423 1134 1523 1162 relictis
1531 1136 1653 1163 omnibus
1663 1137 1835 1166 saecularibus

1049 1175 1196 1204 actionibus
1217 1178 1363 1213 susciperet
1381 1179 1514 1215 cingulum
1538 1180 1639 1209 militia:
1659 1181 1831 1218 christiana,

1048 1220 1181 1249 vinculum
1200 1223 1380 1258 prtepediebat
1402 1225 1541 1260 uxorium,
1556 1234 1610 1262 quo
1625 1226 1680 1263 jam
1694 1227 1837 1258 inuodatns

1049 1271 1166 1301 coeperat
1178 1269 1367 1304 concupiscere
1379 1271 1501 1305 meliora,
1517 1272 1624 1308 quando
1635 1274 1691 1310 jam
1701 1283 1755 1303 non
1769 1275 1835 1304 lice-

1048 1312 1094 1340 bat
1108 1313 1162 1348 illa,
1175 1314 1296 1349 quamvis
1311 1315 1446 1350 inferiora,
1459 1317 1635 1354 disrumpere.

1085 1358 1111 1386 9.
1127 1358 1246 1392 Quodam
1260 1360 1303 1388 die
1315 1360 1397 1389 frater
1406 1362 1464 1398 ejus
1475 1383 1484 1397 ,
1500 1370 1561 1391 cum
1574 1364 1629 1400 jam
1639 1365 1739 1401 pariter
1749 1365 1777 1395 in
1787 1374 1835 1396 cu-

1050 1405 1135 1433 stodia
1161 1401 1387 1443 tenerentur,'ait
1410 1409 1448 1437 illi
1474 1418 1481 1437 :
1497 1410 1529 1438 Si
1550 1419 1595 1448 ego
1608 1412 1661 1440 hac
1675 1421 1722 1449 pro
1740 1413 1836 1442 meﬁtt‘s

1050 1451 1133 1486 patior
1156 1457 1313 1487 peccatorum
1326 1461 1436 1481 meorum
1447 1463 1458 1488 ;
1477 1459 1503 1482 tu
1512 1475 1522 1489 ,
1541 1457 1613 1493 cujus
1624 1458 1699 1486 vitam
1710 1459 1836 1494 novimus.

1051 1501 1102 1524 tam
1123 1502 1215 1526 attente
1237 1499 1405 1536 ferventerque
1424 1501 1433 1517 ⁸
1447 1501 1619 1538 christianum,
1646 1504 1735 1540 quibus
1759 1506 1835 1534 malis

1050 1543 1145 1571 meritis
1154 1544 1187 1571 ad
1199 1544 1249 1572 ista
1254 1546 1388 1581 perductus
1401 1547 1444 1575 es?
1458 1548 1544 1576 Atille
1557 1557 1563 1576 :
1577 1548 1728 1585 Parvumne,
1743 1552 1837 1588 inquit,

1051 1589 1113 1617 milii
1135 1590 1263 1618 existimat
1284 1593 1394 1628 conferri
1407 1593 1526 1622 divinitus
1541 1594 1701 1631 beneﬁcium,
1714 1598 1736 1625 si
1754 1603 1836 1627 tam

1051 1634 1099 1662 hoc
1121 1635 1290 1663 testimonium
1312 1641 1382 1664 tuum
1404 1638 1434 1666 de
1449 1639 1498 1666 vita
1511 1648 1566 1667 mea
1588 1649 1672 1669 verum
1685 1647 1731 1677 ω,
1746 1647 1773 1670 ut
1790 1643 1838 1671 Ιιοὶ

1051 1681 1119 1718 quod
1129 1683 1221 1719 patior,
1236 1683 1336 1713 etiamn'
1348 1693 1425 1722 usque
1441 1686 1476 1715 ad
1486 1686 1633 1723 eﬂ'usionzm
1646 1690 1777 1728 sanguinis
1789 1699 1835 1726 pa-

1052 1729 1111 1775 tiar,
1125 1729 1160 1757 ibi
1176 1736 1276 1767 peccata
1290 1741 1345 1760 mea
1362 1734 1500 1769 puniantur
1511 1756 1519 1770 ,
1535 1744 1580 1763 nec
1593 1737 1653 1765 mihi
1670 1738 1705 1765 ad
1722 1741 1838 1775 futurum

1047 1773 1175 1811 judicium
1195 1784 1359 1807 reserventur.
1384 1780 1433 1809 Hic
1454 1781 1522 1810 forte
1542 1782 1639 1819 aliquis
1659 1773 1750 1812 credat
1774 1793 1836 1815 eum

1052 1821 1135 1850 fuisse
1147 1822 1196 1851 sibi
1206 1825 1343 1853 conscium
1354 1825 1502 1861 aliquorum
1514 1828 1679 1858 occultorum
1698 1830 1840 1866 impudici-

1052 1866 1096 1895 tia:
1107 1873 1288 1903 peccatorum.
1303 1871 1393 1899 Dicam
1409 1880 1472 1908 ergo
1480 1873 1543 1909 quid
1561 1882 1604 1903 me
1615 1875 1744 1904 Dominus
1756 1876 1838 1911 Deus,

1052 1912 1086 1940 ad
1100 1921 1222 1950 magnam
1231 1923 1317 1944 meam
1330 1918 1549 1953 consolationem,
1560 1927 1593 1948 ex
1603 1920 1660 1956 ejus
1674 1929 1723 1950 ore
1733 1923 1835 1956 audire,

1053 1963 1081 1986 et
1092 1959 1169 1994 plane
1184 1960 1254 1989 seire
1266 1961 1388 1990 voluerit.
1408 1963 1475 1991 Cum
1485 1964 1518 1992 de
1530 1964 1581 1993 hoc
1593 1966 1663 2001 ipso,
1676 1971 1704 1994 ut
1716 1973 1779 1996 sunt
1794 1969 1841 1996 hu-

1053 2011 1142 2039 mana,
1156 2006 1286 2035 sollicitus
1298 2027 1306 2042 ,
1324 2008 1397 2037 solus
1410 2017 1470 2037 cum
1483 2010 1541 2038 solo
1557 2018 1662 2047 agerem
1671 2032 1678 2046 ,
1691 2012 1747 2048 jam
1759 2013 1785 2041 in
1799 2021 1841 2042 ea-

1053 2050 1114 2079 dem
1128 2052 1247 2081 custodia
1260 2054 1403 2082 constituto
1412 2075 1421 2090 ,
1434 2063 1468 2084 ne
1489 2056 1551 2092 quid
1565 2062 1637 2085 esset
1649 2058 1721 2087 unde
1739 2059 1841 2095 majore

1054 2100 1081 2125 et
1092 2096 1236 2133 insigniore
1250 2099 1405 2134 poenitentia
1425 2100 1508 2129 Deum
1523 2101 1573 2130 sibi
1589 2102 1692 2138 placare
1705 2103 1833 2138 deberet:

1055 2141 1100 2169 ille
1114 2147 1143 2170 ut
1162 2147 1220 2171 erat
1232 2145 1398 2173 verecundiae
1413 2146 1553 2182 singularis
1564 2167 1572 2181 ,
1585 2155 1646 2176 cum
1666 2149 1761 2185 ipsam,
1776 2150 1839 2180 licet

1054 2186 1148 2215 falsam
1165 2196 1250 2216 meam
1265 2190 1443 2225 suspicionem
1459 2192 1636 2228 erubesceret,
1659 2194 1706 2223 sed
1718 2195 1837 2225 admoni-

1055 2232 1153 2261 tionem
1176 2234 1328 2269 gratissime
1352 2237 1503 2273 acciperet,
1524 2238 1645 2268 modeste
1667 2241 1836 2279 graviterque

1054 2278 1204 2311 subridens.
1220 2284 1247 2308 et
1262 2286 1373 2317 utraque
1394 2290 1474 2311 manu
1487 2292 1574 2313 meam
1594 2285 1729 2315 dexteram
1743 2278 1840 2325 appre-

1054 2323 1194 2354 hendens:
1211 2325 1314 2361 Testor,
1333 2328 1428 2364 inquit,
1456 2329 1621 2360 Sacramenta
1638 2342 1695 2369 quae
1714 2323 1838 2370 peri/iane

1053 2370 1212 2404 alfertmtur'
1224 2381 1337 2408 manum,
1352 2382 1392 2401 me
1402 2374 1502 2403 nullum
1514 2384 1567 2405 esse
1581 2383 1708 2414 expertum
1720 2374 1841 2408 eam“

1054 2420 1107 2444 tum
1118 2422 1209 2453 preter
1217 2427 1329 2453 uxorem,
1342 2428 1386 2447 nec
1395 2426 1461 2455 ante,
1474 2431 1518 2450 nec
1530 2429 1630 2459 postea.~

1090 2463 1133 2491 io.
1149 2463 1217 2498 Quid
1229 2472 1292 2500 ergo
1305 2465 1366 2493 huic
1379 2466 1405 2494 in
1426 2472 1512 2496 morte
1531 2470 1625 2499 accidit
1643 2472 1724 2508 mali,
1739 2481 1771 2503 ac
1783 2481 1838 2505 non

1054 2508 1142 2544 potius
1165 2508 1305 2544 plurimum
1326 2511 1405 2547 boni,
1425 2519 1485 2540 cum
1505 2513 1563 2543 lucc
1589 2516 1689 2546 habens
1714 2518 1784 2549 dona
1802 2521 1838 2550 ad

1412 2570 1571 2610 erectas!-
1582 2572 1636 2610 ίδδε
1647 2580 1672 2599 ιι-
1685 2574 1709 2605 3.
1722 2575 1839 2610 intentai-

1053 2597 1478 2641 esjsuincheetzasssne
1482 2597 1519 2641 Ide
1529 2602 1560 2628 iis
1569 2597 1672 2635 propitii
1679 2597 1838 2641 εδδῡῖέιτί»

1086 2690 1097 2694 -
1131 2676 1178 2694 ..Ὗ
1214 2691 1230 2694 .-
1371 2679 1379 2687 ⁵

1160 2676 1178 2690 .,
1188 2663 1379 2692 frequenterque.

1086 2690 1097 2723 ξ
1113 2689 1337 2723 ᾼΙίεεοίοπὶίηριιανῖ
1364 2696 1392 2718 M-

1086 2720 1315 2762 E'fiﬂ‘é‘raﬁu‘jﬁ
1325 2729 1442 2762 aequam
1454 2725 1558 2762 989810
1568 2726 1593 2762 in
1603 2727 1774 2762 mutuum.
1796 2732 1840 2757 trt-

1054 2751 1430 2792 ‘i‘flflt‘ieh'lE‘Pﬁ't'ﬁ'miséPm
1450 2751 1485 2792 at?
1604 2751 1787 2792 ιίῗΑἶΕωῗίἶι
1796 2751 1838 2788 Et;

1168 2787 1235 2825 seu
1243 2783 1592 2825 asseruereer
1603 2794 1630 2815 ει
1639 2783 1840 2825 ράάἓῖείπὲῖατιι

1055 2818 1080 2853 in
1091 2820 1231 2853 musasese
1241 2819 1343 2853 strenue
1354 2818 1442 2853 gessit,_
1451 2822 1525 2849 atque
1541 2819 1629 2846 idcirco
1650 2822 1726 2853 ipsius
1738 2818 1840 2850 interi‘eQ

1054 2850 1155 2878 ctorem,
1167 2848 1294 2873 Ecclesiam
1305 2848 1329 2872 in
1339 2854 1370 2874 eo
1381 2848 1647 2881 maxime’petsecumm
1658 2848 1715 2880 csse
1724 2848 1784 2881 dicit
1790 2848 1840 2882 ttu-

1055 2879 1174 2902 trustinus.
1185 2885 1257 2902 supra
1267 2885 1292 2902 n.
1307 2878 1329 2902 4.

1055 2882 1174 2911 gummis,
1185 2885 1257 2912 supra
1267 2885 1292 2904 n.
1307 2882 1329 2903 4.

1031 2957 1069 2966 ,μμ
1119 2960 1126 2964 υ
1159 2965 1165 2968 η
1201 2965 1203 2968 _
1474 2922 1702 2968 (Viam-une.)
