4112 6346
509 307 606 364 651

509 422 799 488 Christum,
823 420 938 478 sine
963 436 1068 491 quo
1088 421 1314 478 inaniter
1337 417 1614 486 habentur,
1642 435 1709 475 ex
1731 419 1831 476 hac
1857 421 1963 474 vita
1986 421 2085 472 mi-

510 501 706 584 grarit?
734 515 862 582 Quae
907 515 1045 586 apud
1073 525 1123 570 te
1155 532 1257 568 non
1286 529 1780 580 connuemorarem,
1812 514 1857 568 si
1896 513 2084 581 crede:

509 597 626 661 rem
655 615 705 660 te
731 605 977 664 laudibus
1027 606 1147 676 ejus
1193 606 1406 664 offendi.
1446 606 1578 660 Cum
1619 615 1798 660 autem
1845 609 1946 660 hoc
1975 620 2083 675 non

510 697 689 761 credo,
719 713 815 751 nec
841 697 969 752 illud
999 696 1256 767 profecto,
1281 697 1419 768 quod
1447 707 1518 765 te,
1549 713 1654 753 non
1680 697 1800 752 dico
1829 698 2082 762 instante,

511 786 602 852 sed
633 787 822 842 saltem
845 789 1056 843 volente
1075 798 1162 842 aut
1192 796 1408 859 optante
1434 800 1613 862 posset
1638 790 1830 845 occidi.
1858 789 2086 848 Proinde

509 876 999 947 judicasnobiscum
1029 887 1174 934 tanto
1192 880 1472 947 sincerius,
1500 890 1699 952 quanto
1725 883 2082 950 innocentius,

510 969 651 1036 quod
699 969 785 1026 ille
814 984 932 1024 cum
975 959 1148 1023 anima
1176 985 1267 1025 sua
1295 1012 1310 1037 ,
1340 987 1495 1041 quam
1527 987 1646 1026 cum
1679 972 1832 1026 istius
1861 986 2087 1042 corpore

513 1059 782 1114 crudelius
808 1059 1006 1130 egerit;
1053 1061 1262 1131 quando
1287 1063 1604 1132 contemptis
1631 1063 1785 1120 nobis
1805 1104 1821 1130 ,
1843 1071 2084 1134 contem:

512 1151 613 1220 ptis
643 1151 1085 1222 promissionibus
1116 1153 1246 1219 suis,
1275 1154 1593 1222 contemptis
1626 1163 1701 1208 tot
1724 1167 1786 1208 ac
1809 1153 1967 1208 tantis
1992 1167 2084 1222 pe~

511 1242 781 1320 titionibus
809 1250 860 1296 et
886 1233 1335 1302 admonitionibus
1365 1246 1486 1308 tuis,
1518 1253 1818 1315 contempta
1851 1244 2084 1315 denique

510 1331 740 1390 Ecclesia
774 1331 968 1389 Christi
1001 1332 1092 1406 (et
1121 1337 1171 1390 in
1209 1352 1270 1414 ea
1295 1352 1420 1408 quo,
1451 1337 1550 1392 nisi
1581 1337 1848 1409 Christo?)
1875 1379 1889 1405 ,
1922 1337 1988 1393 ad
2013 1336 2080 1393 fi-

508 1441 629 1498 nem
685 1441 793 1479 suzn
846 1422 1248 1482 machinationis
1305 1428 1456 1497 hujus
1500 1437 1667 1482 morte
1715 1430 1973 1500 pervenit.
2003 1431 2084 1486 An

508 1531 637 1588 vero
666 1517 807 1572 illius
833 1517 1023 1584 honos,
1056 1519 1206 1573 istius
1226 1519 1308 1572 vel
1336 1518 1538 1575 carceri
1571 1520 1954 1590 cou'tparandus
1973 1529 2082 1590 est,

508 1621 627 1661 cum
658 1607 747 1664 ille
789 1607 988 1664 fureret
1027 1609 1361 1675 sublimatus,
1408 1609 1507 1664 iste
1533 1609 1788 1680 gauderet
1813 1610 2084 1666 inclusus?

511 1699 799 1755 llorrendis
821 1711 874 1755 et
903 1701 1198 1769 pmnalibus
1227 1701 1459 1758 tenebris
1483 1742 1497 1765 ,
1530 1716 1715 1756 omnes
1745 1719 1847 1757 non
1881 1710 2083 1766 tantum

508 1778 774 1858 carceres,
807 1790 896 1845 sed
928 1782 1084 1846 etiam
1133 1791 1328 1846 inferos
1369 1791 1532 1847 vincit
1577 1792 1822 1847 scelerati
1852 1792 2082 1848 hominis

508 1881 849 1936 conscientia.
885 1881 997 1935 Tibi
1027 1883 1182 1936 etiam
1207 1882 1331 1952 quid
1355 1883 1552 1946 nocuit,
1579 1882 1730 1951 cujus
1758 1883 1854 1936 etsi
1884 1884 2080 1938 famam

505 1964 738 2042 graviter
789 1971 962 2037 la-sit,
1020 1982 1194 2026 tamen
1258 1974 1612 2028 innocentiam
1672 1989 1775 2027 non
1829 1974 2083 2042 peremit?

511 2061 766 2130 Quamvis
797 2061 933 2116 fama
961 2078 1169 2134 quoque
1194 2063 1313 2134 ipsa
1337 2064 1482 2117 salva
1512 2065 1599 2131 sit,
1627 2073 1680 2118 et
1708 2063 1844 2133 apud
1873 2078 1966 2118 eos
1994 2065 2081 2134 qui

509 2149 562 2210 te
587 2155 777 2211 melius
803 2165 1063 2212 noverunt
1093 2172 1249 2226 quam
1282 2171 1398 2222 nos,
1431 2166 1482 2211 et
1509 2157 1647 2226 apud
1676 2173 1772 2211 nos
1803 2157 1967 2227 ipsos,
1993 2157 2082 2226 qui

506 2260 659 2300 curas
684 2246 956 2301 nobiscum
1006 2256 1142 2311 tuas,
1175 2261 1241 2300 ne
1285 2256 1388 2300 tam
1417 2247 1646 2301 immane
1691 2255 2084 2317 perpetraretur

507 2337 702 2402 scelus,
745 2345 890 2391 tanto
917 2352 1194 2406 expressas
1240 2337 1645 2407 inspieiebamus
1669 2337 1854 2392 affectu
1878 2379 1890 2401 ,
1921 2347 1979 2393 ut
2011 2338 2082 2392 tui

505 2426 684 2484 cordis
711 2425 990 2480 invisibilia
1031 2443 1164 2496 pene
1191 2427 1360 2483 oculis
1389 2442 1748 2484 cerneremus.
1782 2427 1890 2482 Sibi
1924 2428 2082 2499 igitur

503 2518 592 2575 ille
612 2519 810 2587 nocuit,
840 2518 1089 2590 quidquid
1118 2519 1324 2586 nocuit;
1353 2535 1501 2575 suam
1529 2521 1794 2577 transfixit
1820 2523 2078 2589 animam,

503 2627 656 2668 suam
680 2611 864 2681 vitam,
886 2624 1035 2668 suam
1054 2611 1462 2696 conscientiam;
1486 2627 1637 2673 suam
1658 2613 1885 2690 denique
1910 2615 2082 2691 ipsam

504 2710 695 2786 famam
721 2750 736 2778 ,
771 2724 928 2780 quam
961 2709 1152 2763 bonam
1181 2710 1356 2766 solent
1398 2711 1558 2768 etiam
1591 2713 1802 2783 pessimi
1829 2715 2081 2784 concupi-

503 2791 672 2864 3ccre,
703 2814 840 2853 caeca
889 2799 973 2852 illa
1020 2798 1333 2855 crudelitate
1357 2801 1603 2856 vastavit.
1634 2803 1802 2856 Tanto
1827 2805 1969 2858 enim
2000 2813 2082 2859 est

502 2873 735 2945 odiosior
760 2890 1008 2944 onmibus
1038 2889 1213 2958 bonis,
1243 2900 1442 2960 quanto
1470 2879 1639 2962 magis
1665 2893 1840 2964 impiis
1871 2894 2080 2964 placere

500 2987 721 3036 Cenatus
740 2989 823 3037 est
844 3022 858 3046 ,
890 2980 972 3034 vel
1004 2981 1264 3052 placuisse
1287 2981 1512 3036 lmtatus.

572 3073 658 3126 ll.
687 3071 786 3127 Ubi
814 3080 988 3126 autem
1020 3074 1186 3143 magis
1216 3074 1384 3143 potuit
1420 3089 1677 3144 apparere
1702 3091 1806 3131 non
1831 3093 1951 3132 eum
1984 3077 2077 3132 ha-

500 3162 678 3217 buisse
705 3165 1072 3218 necessitatem
1096 3180 1250 3233 quam
1274 3181 1331 3219 se
1361 3164 1552 3220 habere
1580 3169 1852 3233 confinxit,
1889 3181 1943 3224 ut
1963 3171 2078 3239 ejus

500 3255 717 3311 obtentu
751 3264 995 3326 tanquam
1028 3257 1199 3312 bonus
1220 3255 1413 3312 faceret
1445 3267 1645 3314 tantum
1678 3261 1891 3329 malum,
1918 3279 2076 3332 quam

500 3350 639 3418 quod
671 3367 768 3404 nec
817 3350 891 3404 illi
931 3349 1126 3419 placuit
1151 3350 1218 3406 de
1244 3350 1396 3418 cujus
1421 3363 1685 3423 praecepto
1712 3369 1770 3407 se
1813 3369 1969 3408 ausus
1995 3364 2076 3410 est

499 3443 786 3494 excusare?
824 3440 1042 3495 Rcl'erat.
1089 3439 1414 3495 Prtestautiae
1445 3453 1543 3494 tua:
1569 3452 1784 3497 sanctus
1823 3444 2078 3502 diaconus

409 3605 411 3608 g
499 3531 588 3599 qui
617 3544 714 3600 per
747 3529 813 3585 N.
844 3546 1062 3597 manus,
1111 3535 1225 3601 ipse
1265 3531 1408 3588 enim
1436 3530 1608 3588 fuerat
1633 3535 1880 3604 episcopo
1918 3519 2074 3606 quem

503 3637 599 3692 pro
629 3622 732 3676 illis
781 3623 1094 3678 miseramus
1135 3623 1436 3694 adjunctus,
1479 3625 1922 3696 quemadmodum
1976 3628 2085 3684 nec

500 3713 824 3784 indulgentia
852 3714 955 3768 illis
981 3714 1152 3770 danda
1193 3715 1302 3770 visa
1331 3726 1430 3782 est,
1464 3733 1530 3771 ne
1556 3717 1639 3772 vel
1665 3716 1742 3770 sic
1771 3717 1944 3788 aliquo
1971 3720 2074 3773 cri-

499 3805 641 3860 mine
663 3812 1008 3869 notarentur;
1033 3806 1124 3860 sed
1152 3815 1348 3860 tantum
1374 3807 1834 3862 commonitorium
1860 3827 1962 3879 quo
1981 3826 2074 3868 eos

497 3893 564 3947 ab
589 3894 732 3947 omni
779 3893 1020 3949 molestia
1063 3885 1258 3952 liberos
1297 3896 1579 3952 dimittere.
1601 3896 1895 3966 juberctur.
1939 3898 2071 3954 Gra-

499 3985 629 4039 tuita
655 3983 813 4055 igitur
839 3985 1174 4053 crudelitate,
1215 3987 1356 4041 nulla
1385 3989 1706 4060 necessitate
1732 3989 1995 4060 (quamvis
2018 4000 2072 4052 et.

495 4073 614 4129 alia:
643 4091 836 4138 causai.
868 4093 996 4150 quas
1037 4077 1399 4147 suspicamur,
1434 4094 1532 4132 nec
1557 4094 1687 4151 opus
1714 4091 1795 4150 est
1821 4083 2068 4138 commit-

500 4173 610 4221 tere
650 4168 855 4238 litteris,
898 4168 1113 4224 forsitan
1158 4168 1412 4240 fuerint),
1461 4173 1712 4227 atrociter
1741 4175 2072 4232 contristavit

495 4255 810 4314 Ecclesiam.
865 4262 940 4314 Ad
972 4262 1121 4331 cujus
1167 4262 1416 4317 Ecclesiae
1455 4267 1713 4337 gremium
1747 4269 1906 4324 frater
1931 4271 2066 4340 ejus,

495 4361 736 4406 metuens
769 4354 939 4420 perire
963 4395 977 4418 ,
1008 4353 1338 4423 confugerat,
1373 4364 1427 4408 ut
1453 4374 1571 4411 eum
1599 4359 1773 4412 vivum
1800 4361 1929 4415 lauti
1951 4378 2068 4416 sce-

497 4441 622 4496 leris
669 4443 1021 4497 consiliarlum
1076 4447 1376 4514 reperiret:
1409 4449 1556 4518 cujus
1607 4451 1856 4507 Ecclesiae
1907 4457 2065 4509 etiam

496 4531 629 4602 ipse,
659 4547 777 4587 eum
807 4544 1079 4602 patronum
1122 4535 1446 4600 offendisset,
1477 4541 1658 4609 petivit
1684 4544 1885 4612 asylum
1913 4586 1926 4609 ,
1969 4562 2069 4600 ncc

494 4623 543 4677 ei
574 4623 736 4692 potuit
758 4624 1022 4692 denegari.
1051 4625 1197 4678 lianc
1231 4627 1272 4684 si
1305 4627 1495 4696 diligis,
1532 4629 1829 4697 detestare;
1871 4634 1915 4688 si
1961 4652 2066 4692 non

495 4715 578 4768 vis
604 4723 658 4767 ut
690 4714 740 4767 in
787 4723 1041 4768 atcrnum
1090 4718 1352 4786 puniatur,
1394 4718 1637 4772 exhorre.
1684 4720 1771 4790 Sic
1799 4725 2067 4782 existima-

494 4805 619 4860 tloni
653 4814 777 4872 tuac,
809 4805 883 4860 sic
913 4816 992 4858 est
1022 4808 1140 4860 vitae
1166 4807 1304 4861 illius
1330 4811 1704 4867 consulendum
1753 4831 1767 4868 :
1812 4830 1933 4870 nam
1976 4820 2069 4888 qui

491 4896 545 4951 in
575 4910 640 4948 eo
667 4895 832 4972 diligit
859 4895 997 4964 quod
1045 4897 1150 4950 odit
1181 4897 1319 4951 Deus
1339 4940 1352 4965 ,
1387 4917 1485 4954 non
1517 4901 1687 4957 solum
1717 4904 1828 4960 odit
1850 4905 2020 4976 ipsum
2043 4949 2061 4975 ,

488 4987 580 5039 sed
609 4985 767 5038 etiam
797 4987 1050 5054 scipsum.
2069 5053 2074 5056 _

559 5076 648 5130 t2.
689 5076 818 5142 Quae
842 5092 958 5131 cum
983 5079 1052 5131 ita
1067 5073 1199 5145 'siut,
1225 5095 1322 5135 nec
1352 5081 1415 5136 de
1443 5090 1524 5136 tua
1558 5084 1879 5156 benignitate
1901 5091 2060 5149 credo

487 5169 626 5237 quod
658 5169 787 5222 tanti
809 5170 1026 5224 sceleris
1053 5181 1236 5225 auctor
1261 5175 1340 5227 vel
1371 5160 1634 5249 particeps
1660 5179 1820 5236 fueris
1844 5222 1860 5247 ,
1888 5197 2061 5255 neque

487 5261 625 5330 quod
662 5263 918 5318 malitiosa
947 5265 1301 5333 crudelitate
1331 5269 1577 5325 lclelleris
1616 5289 1630 5325 :
1671 5273 1812 5341 quod
1851 5274 1987 5328 absit
2029 5292 2060 5330 a

488 5354 587 5406 vita
623 5362 675 5408 et
697 5355 931 5408 moribus
959 5356 1089 5409 tuis!
1119 5355 1225 5412 Nec
1245 5358 1501 5413 amicitias
1530 5371 1730 5416 vestras
1759 5363 1891 5418 tales
1913 5365 2054 5430 volo,

486 5447 674 5520 quibus
700 5456 752 5502 ct
779 5448 863 5504 ille
893 5449 943 5502 in
974 5465 1127 5504 suum
1163 5443 1432 5507 interitum
1455 5454 1707 5521 glorietur
1733 5455 1800 5508 de
1827 5457 1982 5520 malo,
2005 5467 2056 5511 et

484 5525 1064 5591 conrmeturhumana
1091 5543 1352 5610 suspicio;
1378 5541 1466 5596 sed
1497 5544 1624 5597 tales
1649 5546 1841 5613 potius,
1863 5547 2054 5616 quibus

485 5628 549 5682 ad
577 5631 938 5699 pteniteutiam
964 5633 1290 5702 disponatur,
1315 5646 1367 5691 et
1389 5636 1544 5690 talem
1573 5654 1633 5691 ac
1662 5647 1855 5692 tantam
1887 5643 2054 5710 pinni-

583 5744 999 5801 metuatur-vane.
1023 5742 1153 5792 unde
1181 5753 1317 5794 eruta
1343 5754 1416 5796 est
1441 5727 1661 5809 epistola,
1687 5749 1984 5802 credulitate.

1675 306 1733 361 Si
1772 302 2138 363 AUGUSTIM
2177 297 2472 360 EPISGOPI

3661 304 3769 378 .35!

2195 419 2433 498 tentiam,
2462 417 2668 489 qualem
2697 427 3053 496 quantamque
3076 418 3339 492 postulant
3361 427 3472 476 tam
3497 419 3763 498 horrenda

2192 495 2409 566 vulnera
2435 511 2750 565 medicinam
2777 529 2789 566 :
2816 520 2959 566 tanto
2981 513 3173 582 quippe
3190 513 3406 568 amicior
3423 514 3551 577 eris.
3569 495 3765 588 quanto

2195 602 2483 680 sceleribus
2521 603 2635 672 ejus
2679 603 2959 660 inimicior.
3001 603 3276 660 Curiosum
3317 614 3401 672 est
3440 607 3766 682 Praestantiqt

2196 703 2298 768 tua:
2323 707 2477 748 nosse
2499 695 2787 766 rescriptis,
2817 697 2904 750 ubi
2928 711 2993 750 eo
3010 697 3093 752 die
3108 696 3270 754 fueris
3293 713 3396 768 quo
3413 697 3538 753 illud
3563 699 3763 768 admis

2192 801 2308 844 sum
2331 796 2439 852 est;
2467 788 2735 861 quomodo
2763 791 3051 859 acceperis,
3082 790 3205 861 quid
3234 801 3416 861 postea
3444 791 3618 864 egeris
3638 833 3654 857 ,
3680 804 3767 858 aut

2191 894 2310 944 cum
2334 895 2456 935 eum
2480 879 2674 934 videris
2701 881 2826 950 quid
2845 882 2893 935 ei
2921 881 3138 948 dixeris,
3163 882 3287 953 quid
3309 884 3374 938 ab
3395 885 3485 938 illo
3508 883 3765 946 audieris.

2193 971 2303 1040 Ego
2324 972 2466 1025 enim
2495 987 2560 1026 ex
2581 986 2687 1042 quo
2715 971 2836 1028 inde
2867 973 3117 1044 postridie
3139 983 3355 1043 repente
3373 973 3612 1042 discessi,
3635 975 3767 1032 nihil

2192 1047 2331 1136 quod
2356 1064 2491 1120 hanc
2521 1081 2633 1121 rem
2662 1065 2868 1131 attinet,
2902 1065 2969 1120 de
2995 1074 3048 1121 te
3074 1066 3256 1122 audire
3281 1067 3450 1136 potui.

2195 1203 2202 1210 ..
2266 1157 2349 1211 l5.
2389 1155 2539 1224 Quod
2566 1171 2694 1210 vero
2721 1155 2770 1212 in
2797 1157 3018 1225 epistola
3046 1165 3132 1210 tua
3158 1157 3280 1226 legi,
3300 1158 3408 1227 jam
3439 1167 3489 1214 te
3508 1158 3624 1229 cogi
3643 1175 3764 1216 cre-

2191 1240 2318 1311 dere
2337 1283 2352 1308 ,
2385 1257 2452 1296 ne
2477 1257 2506 1295 a
2538 1256 2622 1297 me
2645 1241 2899 1296 videreris
2919 1283 2931 1305 ,
2968 1251 3021 1296 et
3047 1241 3350 1312 Carthagini
3382 1258 3466 1298 me
3495 1252 3765 1314 negatum,

2191 1340 2246 1407 tu
2271 1331 2444 1401 potius
2463 1332 2607 1402 cogis
2629 1331 2714 1386 his
2739 1332 2914 1388 verbis
2943 1340 2998 1386 ut
3019 1331 3273 1388 absentia:
3297 1348 3427 1388 mete
3451 1348 3638 1387 causas
3662 1350 3765 1389 non

2195 1430 2418 1490 taceam.
2455 1422 2692 1487 Quarum
2721 1429 2802 1477 est
2829 1437 2953 1489 una,
2985 1423 3232 1493 queniam
3265 1422 3494 1477 laborem
3525 1439 3684 1493 quem
3715 1424 3767 1495 in

2191 1507 2276 1564 illa
2303 1505 2430 1564 urbe
2453 1512 2656 1582 perpeti
2681 1525 2901 1566 necesse
2928 1521 3029 1575 est,
3061 1519 3114 1565 et
3137 1527 3293 1581 quem
3323 1512 3366 1566 si
3393 1527 3662 1581 exponere
3689 1528 3768 1567 vc-

2191 1583 2300 1666 lim,
2331 1599 2472 1655 aliud
2507 1609 2706 1656 tantum
2734 1601 3054 1671 loquendum
3081 1612 3193 1670 est,
3217 1603 3324 1674 jam
3357 1605 3621 1660 sustinere
3661 1621 3766 1662 non

2193 1686 2428 1772 possum,
2458 1694 2593 1764 quod
2623 1694 2914 1748 infirmitati
2944 1709 3076 1748 mea:
3108 1696 3352 1764 preprizn,
3385 1711 3501 1765 qua:
3534 1706 3657 1750 nota
3684 1706 3767 1752 est

2189 1786 2433 1854 omnibus
2461 1788 2547 1856 qui
2578 1785 2884 1840 familiarius
2919 1802 3004 1842 me
3034 1796 3326 1854 noverunt,
3354 1787 3574 1843 accessit
3600 1790 3764 1846 etiam

2189 1885 2451 1941 senectus,
2482 1893 2598 1946 quae
2629 1879 2841 1947 generis
2874 1878 3087 1940 humani
3116 1889 3196 1932 est
3220 1881 3516 1934 communis
3544 1881 3765 1939 infirmi-

2191 1957 2290 2018 tas.
2324 1965 2502 2019 Altera
2531 1982 2688 2020 causa
2715 1975 2818 2034 est,
2849 1966 2989 2037 quod
3020 1968 3177 2022 statui
3203 2010 3218 2032 ,
3260 1967 3303 2023 si
3342 1969 3596 2040 Dominus
3618 1972 3764 2040 velit,

2190 2065 2441 2124 quantum
2468 2055 2593 2109 mihi
2623 2072 2687 2111 ex
2710 2056 2810 2110 illis
2836 2057 3299 2128 occupationibus,
3327 2076 3459 2129 quas
3486 2059 3765 2134 Ecclesiae,

2194 2147 2276 2200 cui
2307 2147 2522 2217 protvrio
2553 2164 2770 2202 munere
2801 2151 2975 2204 servio
2998 2190 3013 2213 ,
3048 2153 3335 2206 necessitas
3360 2151 3579 2224 agitat,
3611 2153 3766 2211 datur

2190 2237 2480 2305 temporis,
2531 2237 2580 2291 id
2627 2247 2790 2292 totum
2837 2239 3142 2309 impendere
3183 2241 3346 2297 labori
3375 2243 3666 2300 studiorum
3695 2245 3766 2302 ad

2189 2320 2572 2382 ecclesiasticas
2599 2329 2845 2384 scientias
2865 2331 3267 2399 pertinentium;
3299 2333 3384 2387 ubi
3409 2350 3495 2389 me
3512 2334 3764 2402 arbitror,

2189 2413 2233 2500 si
2261 2419 2350 2474 Dei
2375 2419 2752 2500 miscricordize
2781 2420 2970 2490 placet,
2998 2421 3155 2500 etiam
3182 2423 3405 2494 posteris
3427 2424 3619 2496 aliquid
3642 2441 3766 2498 pros

2185 2497 2440 2566 futurum.
3648 2497 3653 2498 7

2243 2605 2344 2682 lt.
2386 2603 2556 2670 Unum
2585 2614 2664 2656 est
2694 2605 2888 2676 autem,
2914 2603 2955 2664 si
2979 2619 3160 2664 verum
3183 2607 3376 2679 (
3391 2607 3594 2676 audire,
3618 2599 3768 2680 quod

2187 2700 2236 2756 in
2271 2711 2319 2757 te
2351 2697 2725 2756 molestissime
2762 2699 2906 2770 fero,
2951 2701 3089 2770 quod
3128 2717 3250 2755 cum
3285 2701 3358 2754 sis
3388 2709 3441 2767 ct
3471 2701 3624 2770 hujus
3649 2700 3766 2770 jam,

2187 2794 2378 2858 aetatis,
2411 2803 2462 2846 ct
2491 2790 2646 2862 hujus
2673 2791 2794 2846 vitae
2816 2807 2877 2844 ac
2903 2790 3191 2860 probitatis,
3224 2789 3396 2845 adhuc
3421 2792 3498 2845 vis
3527 2806 3643 2846 esse
3667 2807 3760 2846 ca-

2188 2885 2571 2950 techumenos;
2609 2885 2758 2954 quasi
2789 2882 2971 2938 deles
3010 2880 3114 2937 non
3146 2883 3386 2953 possint,
3431 2893 3626 2954 quanto
3655 2885 3764 2942 sint

2187 2975 2450 3029 fideliores
2477 2986 2633 3045 atque
2663 2974 2928 3040 meliores,
2963 2983 3108 3028 tanto
3139 2972 3344 3029 delius
3371 2991 3433 3028 ac
3463 2975 3649 3029 melius
3676 2975 3762 3029 ad~

2187 3066 2486 3120 ministrare
2513 3062 2909 3133 rempublicam.
2932 3063 3065 3130 Quid
3093 3074 3266 3118 autem
3287 3065 3406 3118 boni
3429 3065 3582 3136 agitis
3605 3065 3653 3117 in
3679 3064 3762 3120 bis

2186 3157 2344 3210 tantis
2365 3155 2506 3209 curis
2533 3163 2584 3208 et
2612 3153 2878 3208 laboribus
2905 3155 3113 3217 vestris,
3138 3155 3235 3207 nisi
3262 3163 3315 3208 ut
3338 3155 3470 3210 bene
3498 3157 3563 3208 sit
3586 3155 3760 3208 Immi-

2184 3249 2338 3301 nibus
2359 3247 2382 3300 ?
2407 3247 2462 3302 Si
2493 3246 2634 3301 enim
2664 3244 2764 3300 hoc
2793 3261 2894 3298 non
2925 3245 3097 3315 agilis,
3127 3245 3207 3299 vel
3228 3247 3458 3301 dormire
3483 3247 3648 3301 satius
3676 3254 3756 3302 est

2184 3350 2469 3409 noetesquc
2500 3337 2740 3408 diesque,
2771 3352 2924 3407 quam
2954 3338 3168 3406 vigilare
3193 3338 3243 3391 in
3275 3339 3541 3393 laboribus
3581 3339 3752 3409 publi-

2180 3429 2276 3496 (,
2298 3429 2428 3482 nulli
2453 3428 2663 3483 utilitati
2686 3427 2953 3482 hominum
2977 3427 3280 3497 profuturis.
3300 3429 3407 3485 Nec
3427 3437 3552 3484 Sane
3573 3417 3756 3485 dubito

2183 3521 2558 3577 Excellentiam
2588 3530 2818 3576 tuam....

2629 3640 2953 3697 EPISTOLA
2989 3639 3118 3696 CLII
3199 3638 3300 3712 ().

2193 3715 2548 3810 ilacedonittt
2573 3751 2877 3821 Augustino,
2905 3769 3134 3824 quwrens
3160 3769 3282 3806 nam
3306 3768 3369 3808 ea:
3391 3751 3626 3821 religione
3651 3751 3720 3806 sit

2289 3841 2423 3911 quod
2451 3843 2671 3915 episcopi
2695 3844 2832 3913 apud
2850 3844 3050 3914 judices
3075 3843 3381 3898 intercedant
3408 3859 3498 3912 pro
3526 3843 3642 3896 reis.

2179 3953 2403 4008 Domino
2453 3954 2642 4009 merito
2687 3955 3111 4018 venerabili,et
3154 3956 3308 4010 unice
3348 3956 3571 4010 colendo
3617 3955 3760 4027 patri-

2601 4047 2923 4114 Aucus'nxo,
2961 4046 3314 4102 Macenonws.

2191 4177 2200 4184 .
2249 4136 2299 4190 .
2345 4135 2558 4207 Optata;
2584 4138 2856 4192 admodum
2897 4139 3188 4193 Sanctitatia
3228 4149 3328 4191 tua:
3363 4139 3551 4192 litteras
3576 4141 3764 4210 accepi

2179 4230 2268 4297 per
2304 4226 2622 4298 Bonifacium
2669 4229 2963 4284 ratemnda:
3008 4230 3128 4299 legis
3163 4230 3469 4295 antistitem;
3504 4247 3651 4301 quem
3697 4249 3758 4286 co

2179 4319 2338 4389 magis
2363 4327 2614 4389 receptum
2644 4318 2795 4372 dilexi
2821 4321 2952 4384 quod
2981 4335 3012 4372 a
3039 4335 3117 4374 me
3143 4320 3422 4374 desiderata
3451 4323 3751 4390 pertulerat,

2177 4425 2455 4466 sermonem
2486 4407 2782 4463 Sonctitatis
2808 4420 2906 4464 tum
2930 4420 2972 4465 ct
3001 4412 3407 4472 incolumitatem,
3430 4413 3631 4466 domine
3649 4411 3757 4467 me;

2175 4503 2271 4558 tito
2292 4500 2602 4567 venerabilis,
2629 4511 2678 4555 et
2706 4502 2848 4555 unice
2875 4501 3079 4556 colendo
3109 4513 3266 4573 pater.
3290 4501 3465 4574 Itaque
3483 4505 3759 4560 sinemom

2174 4594 2307 4663 quod
2335 4593 2521 4665 petebat
2547 4594 2777 4647 obtinuit.
2823 4593 3000 4649 Verum
3032 4596 3267 4667 quoniam
3303 4599 3469 4650 existi:
3515 4602 3718 4651 occasio
3739 4644 3754 4666 ,

2177 4685 2267 4741 hoc
2282 4686 2446 4754 ipsum
2465 4687 2972 4758 quantulumcumque
2992 4697 3064 4742 est
3082 4689 3216 4756 quod
3228 4691 3512 4744 adntonitus
3531 4692 3754 4761 indulsi,

2174 4775 2290 4829 nolo
2317 4777 2423 4830 sine
2446 4780 2668 4831 mercede
2695 4794 2966 4832 remanere.
3013 4779 3171 4850 Cupio
3205 4782 3338 4835 enim
3376 4777 3605 4852 accipere
3636 4801 3756 4836 cum

2171 4881 2282 4936 qui:
2323 4866 2444 4922 mihi
2481 4868 2757 4921 commodet
2797 4869 2904 4922 sine
2944 4871 3200 4939 pendentis
3245 4872 3558 4928 incommodo
3585 4913 3599 4941 ,
3643 4877 3772 4929 imo.

2171 4973 2282 5028 qua:
2307 4959 2429 5013 mihi
2457 4960 2734 5014 commodet
2807 4977 2922 5014 cum
2940 4963 3101 5032 gloria
3129 4960 3470 5034 dependentis.

2190 5097 2192 5100 ,
2240 5048 2292 5102 2.
2338 5047 2566 5119 Ofcium
2605 5053 2866 5106 sacerdotii
2906 5053 3054 5108 vestri
3099 5071 3203 5109 esse
3243 5056 3407 5111 dicitis
3444 5057 3756 5116 intervenire

2171 5157 2260 5210 pro
2287 5141 2402 5201 rcis,
2435 5150 2480 5195 et
2506 5143 2601 5196 nisi
2622 5145 2902 5211 obtinentia,
2934 5145 3140 5214 offendi,
3168 5147 3310 5217 quasi
3333 5151 3466 5217 quod
3488 5159 3600 5205 erat
3625 5153 3754 5222 orli-

2169 5234 2232 5287 cii
2256 5233 2402 5287 vestri
2427 5233 2628 5289 minime
2651 5237 2932 5306 reportans.
2961 5237 3062 5291 llic
3089 5254 3180 5310 ego
3211 5235 3515 5296 uehementer
3539 5243 3754 5314 antbigo

2188 5425 2202 5432 -
2228 5387 2730 5460 l'Lov.referuntlegrt
2754 5391 2802 5460 in
2819 5392 3104 5453 qtubusdam
3125 5392 3446 5460 \tss.,en-qnw
3467 5394 3585 5449 mea
3607 5414 3754 5453 (0m-

2163 5446 2342 5497 tnones.
2353 5485 2384 5496 ..
2408 5448 2519 5499 imo.
2529 5485 2539 5497 .
2549 5486 2560 5497 .
2585 5446 2869 5502 commodes.

2267 5513 2435 5577 illisit.
2473 5518 2571 5577 cui
2607 5520 2657 5561 et
2683 5522 2794 5562 cur
2836 5513 3113 5577 macedonii,
3135 5523 3247 5565 cun
3271 5525 3322 5567 et
3351 5525 3448 5567 (
3482 5521 3544 5571 nd
3584 5531 3770 5575 --

2164 5573 2374 5638 (tornum.
2393 5574 2661 5651 emendata:
2674 5583 2790 5651 sunt
2808 5575 2866 5623 ad
2887 5590 2934 5624 .
2955 5579 3034 5651 bg.
3052 5577 3116 5626 l:l.
3143 5581 3224 5627 tm.
3245 5592 3287 5630 c.
3315 5593 3384 5629 cc.
3402 5584 3474 5630 cli.
3502 5585 3547 5632 tl.
3576 5599 3626 5647 g.
3654 5573 3752 5651 ,

2161 5645 2239 5704 gt';
2271 5634 2306 5704 j.
2329 5643 2516 5704 iur.
2536 5634 2718 5704 vd.
2745 5637 2865 5686 duos
2879 5634 3067 5704 annos
3090 5649 3124 5688 t.
3151 5649 3355 5704 quatuor
3379 5656 3424 5692 v.

2458 5689 2546 5741 55:
2559 5702 2674 5753 quae
2693 5706 2860 5746 autem
2879 5701 2966 5750 152
2987 5710 3106 5756 erat
3135 5689 3262 5754 nunc
3281 5689 3590 5770 hia-lpus
3613 5709 3755 5766 forte
