  <div class='ocr_page' id='page_1' title='image "/cluster/home/n/w/nwhite01/storage/ocr_20150623/33/hvd.32044015471451/333.png"; bbox 0 0 4112 6346; ppageno 0'>
   <div class='ocr_carea' id='block_1_1' title="bbox 470 347 578 414">
    <p class='ocr_par' dir='ltr' id='par_1_1' title="bbox 470 347 578 414">
     <span class='ocr_line' id='line_1_1' title="bbox 470 347 578 414; baseline 0 0"><span class='ocrx_word' id='word_1_1' title='bbox 470 347 578 414; x_wconf 73' lang='lat'><strong>655</strong></span> 
     </span>
    </p>
   </div>
   <div class='ocr_carea' id='block_1_2' title="bbox 467 461 2059 543">
    <p class='ocr_par' dir='ltr' id='par_1_2' title="bbox 467 461 2059 543">
     <span class='ocr_line' id='line_1_2' title="bbox 467 461 2059 543; baseline -0.007 -16"><span class='ocrx_word' id='word_1_2' title='bbox 467 476 624 543; x_wconf 73' lang='lat' dir='ltr'><strong>super</strong></span> <span class='ocrx_word' id='word_1_3' title='bbox 639 470 807 543; x_wconf 82' lang='lat' dir='ltr'><strong>justas</strong></span> <span class='ocrx_word' id='word_1_4' title='bbox 821 478 868 525; x_wconf 86' lang='lat' dir='ltr'><strong>et</strong></span> <span class='ocrx_word' id='word_1_5' title='bbox 883 469 1098 540; x_wconf 83' lang='lat' dir='ltr'><strong>injustas</strong></span> <span class='ocrx_word' id='word_1_6' title='bbox 1125 463 1352 540; x_wconf 74' lang='lat' dir='ltr'><strong>(Matth.</strong></span> <span class='ocrx_word' id='word_1_7' title='bbox 1375 479 1434 534; x_wconf 83' lang='lat' dir='ltr'><strong>v,</strong></span> <span class='ocrx_word' id='word_1_8' title='bbox 1454 465 1544 531; x_wconf 67' lang='grc'><strong>64,</strong></span> <span class='ocrx_word' id='word_1_9' title='bbox 1575 463 1646 521; x_wconf 71' lang='grc'><strong>45</strong></span> <span class='ocrx_word' id='word_1_10' title='bbox 1676 462 1720 536; x_wconf 87' lang='grc'><strong>).</strong></span> <span class='ocrx_word' id='word_1_11' title='bbox 1746 461 2059 520; x_wconf 84' lang='lat' dir='ltr'><strong>Hacindul-</strong></span> 
     </span>
    </p>
   </div>
   <div class='ocr_carea' id='block_1_3' title="bbox 468 555 2059 639">
    <p class='ocr_par' dir='ltr' id='par_1_3' title="bbox 468 555 2059 639">
     <span class='ocr_line' id='line_1_3' title="bbox 468 555 2059 639; baseline -0.01 -14"><span class='ocrx_word' id='word_1_12' title='bbox 468 565 648 639; x_wconf 86' lang='lat' dir='ltr'><strong>gentia</strong></span> <span class='ocrx_word' id='word_1_13' title='bbox 673 574 729 622; x_wconf 89' lang='lat' dir='ltr'><strong>et</strong></span> <span class='ocrx_word' id='word_1_14' title='bbox 754 564 975 621; x_wconf 76' lang='lat' dir='ltr'><strong>lenitate</strong></span> <span class='ocrx_word' id='word_1_15' title='bbox 1015 561 1195 618; x_wconf 90' lang='lat' dir='ltr'><strong>divina</strong></span> <span class='ocrx_word' id='word_1_16' title='bbox 1242 559 1441 615; x_wconf 89' lang='lat' dir='ltr'><strong>multos</strong></span> <span class='ocrx_word' id='word_1_17' title='bbox 1483 557 1632 613; x_wconf 91' lang='lat' dir='ltr'><strong>abuti</strong></span> <span class='ocrx_word' id='word_1_18' title='bbox 1672 555 1739 612; x_wconf 90' lang='lat' dir='ltr'><strong>ad</strong></span> <span class='ocrx_word' id='word_1_19' title='bbox 1765 555 2059 626; x_wconf 84' lang='lat' dir='ltr'><strong>perniciem</strong></span> 
     </span>
    </p>
   </div>
   <div class='ocr_carea' id='block_1_4' title="bbox 465 647 2061 729">
    <p class='ocr_par' dir='ltr' id='par_1_4' title="bbox 465 647 2061 729">
     <span class='ocr_line' id='line_1_4' title="bbox 465 647 2061 729; baseline -0.007 -16"><span class='ocrx_word' id='word_1_20' title='bbox 465 671 621 716; x_wconf 82' lang='lat' dir='ltr'><strong>suam</strong></span> <span class='ocrx_word' id='word_1_21' title='bbox 647 657 770 729; x_wconf 83' lang='lat' dir='ltr'><strong>quis</strong></span> <span class='ocrx_word' id='word_1_22' title='bbox 791 654 1035 712; x_wconf 75' lang='lat' dir='ltr'><strong>nesciat?</strong></span> <span class='ocrx_word' id='word_1_23' title='bbox 1061 653 1206 722; x_wconf 89' lang='lat' dir='ltr'><strong>Quos</strong></span> <span class='ocrx_word' id='word_1_24' title='bbox 1230 667 1457 724; x_wconf 88' lang='lat' dir='ltr'><strong>arguens</strong></span> <span class='ocrx_word' id='word_1_25' title='bbox 1483 649 1767 721; x_wconf 79' lang='lat' dir='ltr'><strong>Apostolus</strong></span> <span class='ocrx_word' id='word_1_26' title='bbox 1795 657 1852 706; x_wconf 88' lang='lat' dir='ltr'><strong>et</strong></span> <span class='ocrx_word' id='word_1_27' title='bbox 1875 647 2061 719; x_wconf 85' lang='lat' dir='ltr'><strong>gravi-</strong></span> 
     </span>
    </p>
   </div>
   <div class='ocr_carea' id='block_1_5' title="bbox 470 741 2059 821">
    <p class='ocr_par' dir='ltr' id='par_1_5' title="bbox 470 741 2059 821">
     <span class='ocr_line' id='line_1_5' title="bbox 470 741 2059 821; baseline -0.004 -17"><span class='ocrx_word' id='word_1_28' title='bbox 470 759 552 806; x_wconf 89' lang='lat' dir='ltr'><strong>ter</strong></span> <span class='ocrx_word' id='word_1_29' title='bbox 579 748 862 821; x_wconf 83' lang='lat' dir='ltr'><strong>increpans</strong></span> <span class='ocrx_word' id='word_1_30' title='bbox 901 746 1033 803; x_wconf 91' lang='lat' dir='ltr'><strong>dicit</strong></span> <span class='ocrx_word' id='word_1_31' title='bbox 1061 762 1074 800; x_wconf 90' lang='lat'><strong>:</strong></span> <span class='ocrx_word' id='word_1_32' title='bbox 1102 744 1384 801; x_wconf 75' lang='lat' dir='ltr'><strong>Existimas</strong></span> <span class='ocrx_word' id='word_1_33' title='bbox 1419 753 1607 809; x_wconf 87' lang='lat' dir='ltr'><strong>autem,</strong></span> <span class='ocrx_word' id='word_1_34' title='bbox 1649 758 1680 798; x_wconf 90' lang='grc' dir='ltr'><strong><em>ο</em></strong></span> <span class='ocrx_word' id='word_1_35' title='bbox 1716 742 1866 797; x_wconf 84' lang='lat' dir='ltr'><strong>homo</strong></span> <span class='ocrx_word' id='word_1_36' title='bbox 1894 741 2059 797; x_wconf 89' lang='lat' dir='ltr'><strong>omnis</strong></span> 
     </span>
    </p>
   </div>
   <div class='ocr_carea' id='block_1_6' title="bbox 468 833 2059 913">
    <p class='ocr_par' dir='ltr' id='par_1_6' title="bbox 468 833 2059 913">
     <span class='ocr_line' id='line_1_6' title="bbox 468 833 2059 913; baseline -0.006 -17"><span class='ocrx_word' id='word_1_37' title='bbox 468 841 558 913; x_wconf 88' lang='lat' dir='ltr'><strong>qui</strong></span> <span class='ocrx_word' id='word_1_38' title='bbox 573 841 781 913; x_wconf 80' lang='lat' dir='ltr'><strong>judices</strong></span> <span class='ocrx_word' id='word_1_39' title='bbox 807 856 891 896; x_wconf 84' lang='lat' dir='ltr'><strong>eos</strong></span> <span class='ocrx_word' id='word_1_40' title='bbox 928 838 1015 910; x_wconf 91' lang='lat' dir='ltr'><strong>qui</strong></span> <span class='ocrx_word' id='word_1_41' title='bbox 1057 838 1180 892; x_wconf 85' lang='lat' dir='ltr'><strong>talia</strong></span> <span class='ocrx_word' id='word_1_42' title='bbox 1203 844 1380 909; x_wconf 85' lang='lat' dir='ltr'><strong>agunt,</strong></span> <span class='ocrx_word' id='word_1_43' title='bbox 1407 844 1454 890; x_wconf 89' lang='lat' dir='ltr'><strong>et</strong></span> <span class='ocrx_word' id='word_1_44' title='bbox 1480 835 1608 906; x_wconf 78' lang='lat' dir='ltr'><strong>facis</strong></span> <span class='ocrx_word' id='word_1_45' title='bbox 1631 851 1712 902; x_wconf 87' lang='lat' dir='ltr'><strong>ea,</strong></span> <span class='ocrx_word' id='word_1_46' title='bbox 1740 833 1980 904; x_wconf 88' lang='lat' dir='ltr'><strong>quoniam</strong></span> <span class='ocrx_word' id='word_1_47' title='bbox 2003 842 2059 887; x_wconf 91' lang='lat' dir='ltr'><strong>tu</strong></span> 
     </span>
    </p>
   </div>
   <div class='ocr_carea' id='block_1_7' title="bbox 477 926 2058 1006">
    <p class='ocr_par' dir='ltr' id='par_1_7' title="bbox 477 926 2058 1006">
     <span class='ocr_line' id='line_1_7' title="bbox 477 926 2058 1006; baseline -0.006 -17"><span class='ocrx_word' id='word_1_48' title='bbox 477 931 690 1005; x_wconf 70' lang='lat' dir='ltr'><strong>effugies</strong></span> <span class='ocrx_word' id='word_1_49' title='bbox 702 931 958 1006; x_wconf 82' lang='lat' dir='ltr'><strong>judicium</strong></span> <span class='ocrx_word' id='word_1_50' title='bbox 997 929 1136 986; x_wconf 83' lang='lat' dir='ltr'><strong>Dei?</strong></span> <span class='ocrx_word' id='word_1_51' title='bbox 1164 929 1245 984; x_wconf 82' lang='lat' dir='ltr'><strong>Au</strong></span> <span class='ocrx_word' id='word_1_52' title='bbox 1271 929 1471 984; x_wconf 75' lang='lat' dir='ltr'><strong>divitias</strong></span> <span class='ocrx_word' id='word_1_53' title='bbox 1497 927 1819 1000; x_wconf 84' lang='lat' dir='ltr'><strong>benignitatis</strong></span> <span class='ocrx_word' id='word_1_54' title='bbox 1845 926 1978 998; x_wconf 84' lang='lat' dir='ltr'><strong>ejus,</strong></span> <span class='ocrx_word' id='word_1_55' title='bbox 2009 933 2058 981; x_wconf 88' lang='lat' dir='ltr'><strong>et</strong></span> 
     </span>
    </p>
   </div>
   <div class='ocr_carea' id='block_1_8' title="bbox 470 1021 2058 1097">
    <p class='ocr_par' dir='ltr' id='par_1_8' title="bbox 470 1021 2058 1097">
     <span class='ocr_line' id='line_1_8' title="bbox 470 1021 2058 1097; baseline -0.005 -15"><span class='ocrx_word' id='word_1_56' title='bbox 470 1026 751 1096; x_wconf 62' lang='lat' dir='ltr'><strong>patientius,</strong></span> <span class='ocrx_word' id='word_1_57' title='bbox 776 1034 826 1082; x_wconf 90' lang='lat' dir='ltr'><strong>et</strong></span> <span class='ocrx_word' id='word_1_58' title='bbox 867 1024 1266 1097; x_wconf 82' lang='lat' dir='ltr'><strong>longanimitatis</strong></span> <span class='ocrx_word' id='word_1_59' title='bbox 1309 1022 1586 1078; x_wconf 86' lang='lat' dir='ltr'><strong>contemnis</strong></span> <span class='ocrx_word' id='word_1_60' title='bbox 1606 1023 1632 1077; x_wconf 71' lang='grc' dir='ltr'><em>ἵ</em></span> <span class='ocrx_word' id='word_1_61' title='bbox 1677 1021 1882 1093; x_wconf 86' lang='lat' dir='ltr'><strong>ignoras</strong></span> <span class='ocrx_word' id='word_1_62' title='bbox 1925 1036 2058 1091; x_wconf 79' lang='lat' dir='ltr'><strong>quo-</strong></span> 
     </span>
    </p>
   </div>
   <div class='ocr_carea' id='block_1_9' title="bbox 472 1110 2054 1189">
    <p class='ocr_par' dir='ltr' id='par_1_9' title="bbox 472 1110 2054 1189">
     <span class='ocr_line' id='line_1_9' title="bbox 472 1110 2054 1189; baseline -0.004 -18"><span class='ocrx_word' id='word_1_63' title='bbox 472 1119 610 1176; x_wconf 87' lang='lat' dir='ltr'><strong>uiam</strong></span> <span class='ocrx_word' id='word_1_64' title='bbox 633 1117 914 1189; x_wconf 76' lang='lat' dir='ltr'><strong>benignitas</strong></span> <span class='ocrx_word' id='word_1_65' title='bbox 941 1116 1040 1172; x_wconf 86' lang='lat' dir='ltr'><strong>Dei</strong></span> <span class='ocrx_word' id='word_1_66' title='bbox 1058 1117 1127 1171; x_wconf 91' lang='lat' dir='ltr'><strong>ad</strong></span> <span class='ocrx_word' id='word_1_67' title='bbox 1149 1115 1490 1188; x_wconf 72' lang='lat' dir='ltr'><strong>paenitentiam</strong></span> <span class='ocrx_word' id='word_1_68' title='bbox 1523 1122 1570 1168; x_wconf 87' lang='lat' dir='ltr'><strong>te</strong></span> <span class='ocrx_word' id='word_1_69' title='bbox 1595 1111 1838 1167; x_wconf 77' lang='lat' dir='ltr'><strong>adducit?</strong></span> <span class='ocrx_word' id='word_1_70' title='bbox 1856 1110 2054 1168; x_wconf 84' lang='lat' dir='ltr'><strong>Secun-</strong></span> 
     </span>
    </p>
   </div>
   <div class='ocr_carea' id='block_1_10' title="bbox 470 1203 2058 1278">
    <p class='ocr_par' dir='ltr' id='par_1_10' title="bbox 470 1203 2058 1278">
     <span class='ocr_line' id='line_1_10' title="bbox 470 1203 2058 1278; baseline -0.004 -14"><span class='ocrx_word' id='word_1_71' title='bbox 470 1211 594 1265; x_wconf 88' lang='lat' dir='ltr'><strong>dum</strong></span> <span class='ocrx_word' id='word_1_72' title='bbox 613 1218 780 1266; x_wconf 90' lang='lat' dir='ltr'><strong>autem</strong></span> <span class='ocrx_word' id='word_1_73' title='bbox 797 1209 1037 1264; x_wconf 85' lang='lat' dir='ltr'><strong>duritiam</strong></span> <span class='ocrx_word' id='word_1_74' title='bbox 1054 1217 1195 1263; x_wconf 87' lang='lat' dir='ltr'><strong>tuam</strong></span> <span class='ocrx_word' id='word_1_75' title='bbox 1211 1216 1262 1262; x_wconf 89' lang='lat' dir='ltr'><strong>et</strong></span> <span class='ocrx_word' id='word_1_76' title='bbox 1288 1223 1374 1262; x_wconf 86' lang='lat' dir='ltr'><strong>cor</strong></span> <span class='ocrx_word' id='word_1_77' title='bbox 1402 1205 1719 1278; x_wconf 68' lang='lat' dir='ltr'><strong>impaenitens</strong></span> <span class='ocrx_word' id='word_1_78' title='bbox 1743 1203 2058 1258; x_wconf 79' lang='lat' dir='ltr'><strong>thesaurizas</strong></span> 
     </span>
    </p>
   </div>
   <div class='ocr_carea' id='block_1_11' title="bbox 467 1290 2058 1366">
    <p class='ocr_par' dir='ltr' id='par_1_11' title="bbox 467 1290 2058 1366">
     <span class='ocr_line' id='line_1_11' title="bbox 467 1290 2058 1366; baseline -0.006 -11"><span class='ocrx_word' id='word_1_79' title='bbox 467 1300 556 1357; x_wconf 78' lang='lat' dir='ltr'><strong>tibi</strong></span> <span class='ocrx_word' id='word_1_80' title='bbox 573 1300 706 1355; x_wconf 85' lang='lat' dir='ltr'><strong>iram</strong></span> <span class='ocrx_word' id='word_1_81' title='bbox 730 1300 785 1356; x_wconf 93' lang='lat' dir='ltr'><strong>in</strong></span> <span class='ocrx_word' id='word_1_82' title='bbox 811 1300 894 1355; x_wconf 90' lang='lat' dir='ltr'><strong>die</strong></span> <span class='ocrx_word' id='word_1_83' title='bbox 924 1299 1018 1355; x_wconf 73' lang='lat' dir='ltr'><strong>irae</strong></span> <span class='ocrx_word' id='word_1_84' title='bbox 1035 1307 1084 1354; x_wconf 89' lang='lat' dir='ltr'><strong>et</strong></span> <span class='ocrx_word' id='word_1_85' title='bbox 1107 1297 1427 1354; x_wconf 80' lang='lat' dir='ltr'><strong>reuelationis</strong></span> <span class='ocrx_word' id='word_1_86' title='bbox 1447 1296 1575 1365; x_wconf 85' lang='lat' dir='ltr'><strong>justi</strong></span> <span class='ocrx_word' id='word_1_87' title='bbox 1610 1294 1796 1366; x_wconf 85' lang='lat' dir='ltr'><strong>judicii</strong></span> <span class='ocrx_word' id='word_1_88' title='bbox 1825 1292 1942 1359; x_wconf 84' lang='lat' dir='ltr'><strong>Dei,</strong></span> <span class='ocrx_word' id='word_1_89' title='bbox 1970 1290 2058 1362; x_wconf 86' lang='lat' dir='ltr'><strong>qui</strong></span> 
     </span>
    </p>
   </div>
   <div class='ocr_carea' id='block_1_12' title="bbox 465 1382 2057 1463">
    <p class='ocr_par' dir='ltr' id='par_1_12' title="bbox 465 1382 2057 1463">
     <span class='ocr_line' id='line_1_12' title="bbox 465 1382 2057 1463; baseline -0.005 -15"><span class='ocrx_word' id='word_1_90' title='bbox 465 1392 642 1448; x_wconf 85' lang='lat' dir='ltr'><strong>reddet</strong></span> <span class='ocrx_word' id='word_1_91' title='bbox 666 1393 940 1463; x_wconf 85' lang='lat' dir='ltr'><strong>unicuique</strong></span> <span class='ocrx_word' id='word_1_92' title='bbox 961 1391 1240 1447; x_wconf 88' lang='lat' dir='ltr'><strong>secundum</strong></span> <span class='ocrx_word' id='word_1_93' title='bbox 1269 1406 1424 1462; x_wconf 87' lang='lat' dir='ltr'><strong><em>opera</em></strong></span> <span class='ocrx_word' id='word_1_94' title='bbox 1447 1389 1557 1461; x_wconf 86' lang='lat' dir='ltr'><strong>ejus</strong></span> <span class='ocrx_word' id='word_1_95' title='bbox 1578 1390 1596 1457; x_wconf 87' lang='lat'><strong>(</strong></span> <span class='ocrx_word' id='word_1_96' title='bbox 1616 1387 1770 1442; x_wconf 80' lang='lat' dir='ltr'><strong>Rem.</strong></span> <span class='ocrx_word' id='word_1_97' title='bbox 1800 1402 1860 1453; x_wconf 87' lang='lat' dir='ltr'><strong>tt,</strong></span> <span class='ocrx_word' id='word_1_98' title='bbox 1886 1383 1987 1442; x_wconf 82' lang='lat'><strong>3—6</strong></span> <span class='ocrx_word' id='word_1_99' title='bbox 2007 1382 2057 1457; x_wconf 86' lang='lat'><strong>).</strong></span> 
     </span>
    </p>
   </div>
   <div class='ocr_carea' id='block_1_13' title="bbox 467 1479 2056 1556">
    <p class='ocr_par' dir='ltr' id='par_1_13' title="bbox 467 1479 2056 1556">
     <span class='ocr_line' id='line_1_13' title="bbox 467 1479 2056 1556; baseline -0.006 -17"><span class='ocrx_word' id='word_1_100' title='bbox 467 1483 738 1555; x_wconf 84' lang='lat' dir='ltr'><strong>Numquid</strong></span> <span class='ocrx_word' id='word_1_101' title='bbox 766 1486 1018 1556; x_wconf 88' lang='lat' dir='ltr'><strong>quoniam</strong></span> <span class='ocrx_word' id='word_1_102' title='bbox 1051 1483 1138 1538; x_wconf 89' lang='lat' dir='ltr'><strong>isti</strong></span> <span class='ocrx_word' id='word_1_103' title='bbox 1176 1483 1230 1537; x_wconf 91' lang='lat' dir='ltr'><strong>in</strong></span> <span class='ocrx_word' id='word_1_104' title='bbox 1281 1496 1377 1536; x_wconf 88' lang='lat' dir='ltr'><strong>sua</strong></span> <span class='ocrx_word' id='word_1_105' title='bbox 1425 1479 1662 1549; x_wconf 85' lang='lat' dir='ltr'><strong>nequitia</strong></span> <span class='ocrx_word' id='word_1_106' title='bbox 1689 1481 2056 1548; x_wconf 87' lang='lat' dir='ltr'><strong>perseverant,</strong></span> 
     </span>
    </p>
   </div>
   <div class='ocr_carea' id='block_1_14' title="bbox 463 1575 2057 1646">
    <p class='ocr_par' dir='ltr' id='par_1_14' title="bbox 463 1575 2057 1646">
     <span class='ocr_line' id='line_1_14' title="bbox 463 1575 2057 1646; baseline -0.004 -14"><span class='ocrx_word' id='word_1_107' title='bbox 463 1575 588 1640; x_wconf 84' lang='lat' dir='ltr'><strong>ideo</strong></span> <span class='ocrx_word' id='word_1_108' title='bbox 616 1577 754 1632; x_wconf 90' lang='lat' dir='ltr'><strong>Deus</strong></span> <span class='ocrx_word' id='word_1_109' title='bbox 775 1576 827 1630; x_wconf 92' lang='lat' dir='ltr'><strong>in</strong></span> <span class='ocrx_word' id='word_1_110' title='bbox 857 1591 951 1631; x_wconf 91' lang='lat' dir='ltr'><strong>sua</strong></span> <span class='ocrx_word' id='word_1_111' title='bbox 973 1575 1225 1646; x_wconf 84' lang='lat' dir='ltr'><strong>patientia</strong></span> <span class='ocrx_word' id='word_1_112' title='bbox 1256 1589 1363 1628; x_wconf 90' lang='lat' dir='ltr'><strong>non</strong></span> <span class='ocrx_word' id='word_1_113' title='bbox 1391 1579 1700 1643; x_wconf 85' lang='lat' dir='ltr'><strong>perseverat</strong></span> <span class='ocrx_word' id='word_1_114' title='bbox 1726 1586 1741 1637; x_wconf 92' lang='lat'><strong>;</strong></span> <span class='ocrx_word' id='word_1_115' title='bbox 1771 1585 1868 1642; x_wconf 92' lang='lat' dir='ltr'><strong>per</strong></span> <span class='ocrx_word' id='word_1_116' title='bbox 1888 1583 2057 1640; x_wconf 87' lang='lat' dir='ltr'><strong>pauca</strong></span> 
     </span>
    </p>
   </div>
   <div class='ocr_carea' id='block_1_15' title="bbox 463 1664 2061 1739">
    <p class='ocr_par' dir='ltr' id='par_1_15' title="bbox 463 1664 2061 1739">
     <span class='ocr_line' id='line_1_15' title="bbox 463 1664 2061 1739; baseline -0.004 -15"><span class='ocrx_word' id='word_1_117' title='bbox 463 1671 519 1725; x_wconf 90' lang='lat' dir='ltr'><strong>in</strong></span> <span class='ocrx_word' id='word_1_118' title='bbox 541 1668 643 1724; x_wconf 92' lang='lat' dir='ltr'><strong>hoc</strong></span> <span class='ocrx_word' id='word_1_119' title='bbox 671 1668 869 1724; x_wconf 63' lang='lat' dir='ltr'><strong>saeculo</strong></span> <span class='ocrx_word' id='word_1_120' title='bbox 899 1669 1143 1739; x_wconf 88' lang='lat' dir='ltr'><strong>puniens,</strong></span> <span class='ocrx_word' id='word_1_121' title='bbox 1167 1683 1234 1723; x_wconf 89' lang='lat' dir='ltr'><strong>ne</strong></span> <span class='ocrx_word' id='word_1_122' title='bbox 1253 1667 1430 1722; x_wconf 88' lang='lat' dir='ltr'><strong>divina</strong></span> <span class='ocrx_word' id='word_1_123' title='bbox 1457 1664 1790 1737; x_wconf 87' lang='lat' dir='ltr'><strong>providentia</strong></span> <span class='ocrx_word' id='word_1_124' title='bbox 1815 1679 1920 1719; x_wconf 92' lang='lat' dir='ltr'><strong>non</strong></span> <span class='ocrx_word' id='word_1_125' title='bbox 1937 1675 2061 1718; x_wconf 86' lang='lat' dir='ltr'><strong>esse</strong></span> 
     </span>
    </p>
   </div>
   <div class='ocr_carea' id='block_1_16' title="bbox 465 1753 2058 1827">
    <p class='ocr_par' dir='ltr' id='par_1_16' title="bbox 465 1753 2058 1827">
     <span class='ocr_line' id='line_1_16' title="bbox 465 1753 2058 1827; baseline -0.006 -9"><span class='ocrx_word' id='word_1_126' title='bbox 465 1759 736 1827; x_wconf 85' lang='lat' dir='ltr'><strong>credatur,</strong></span> <span class='ocrx_word' id='word_1_127' title='bbox 755 1769 810 1815; x_wconf 89' lang='lat' dir='ltr'><strong>et</strong></span> <span class='ocrx_word' id='word_1_128' title='bbox 831 1761 996 1815; x_wconf 89' lang='lat' dir='ltr'><strong>multa</strong></span> <span class='ocrx_word' id='word_1_129' title='bbox 1012 1774 1236 1814; x_wconf 85' lang='lat' dir='ltr'><strong>servans</strong></span> <span class='ocrx_word' id='word_1_130' title='bbox 1255 1758 1444 1813; x_wconf 91' lang='lat' dir='ltr'><strong>ultimo</strong></span> <span class='ocrx_word' id='word_1_131' title='bbox 1463 1756 1720 1825; x_wconf 78' lang='lat' dir='ltr'><strong>examini,</strong></span> <span class='ocrx_word' id='word_1_132' title='bbox 1740 1763 1800 1811; x_wconf 92' lang='lat' dir='ltr'><strong>ut</strong></span> <span class='ocrx_word' id='word_1_133' title='bbox 1823 1753 2058 1810; x_wconf 87' lang='lat' dir='ltr'><strong>futurum</strong></span> 
     </span>
    </p>
   </div>
   <div class='ocr_carea' id='block_1_17' title="bbox 457 1851 1190 1922">
    <p class='ocr_par' dir='ltr' id='par_1_17' title="bbox 457 1851 1190 1922">
     <span class='ocr_line' id='line_1_17' title="bbox 457 1851 1190 1922; baseline -0.003 -14"><span class='ocrx_word' id='word_1_134' title='bbox 457 1851 718 1922; x_wconf 85' lang='lat' dir='ltr'><strong>judicium</strong></span> <span class='ocrx_word' id='word_1_135' title='bbox 747 1853 1190 1910; x_wconf 79' lang='lat' dir='ltr'><strong>commendetur?</strong></span> 
     </span>
    </p>
   </div>
   <div class='ocr_carea' id='block_1_18' title="bbox 473 1937 2060 2018">
    <p class='ocr_par' dir='ltr' id='par_1_18' title="bbox 473 1937 2060 2018">
     <span class='ocr_line' id='line_1_18' title="bbox 473 1937 2060 2018; baseline -0.004 -18"><span class='ocrx_word' id='word_1_136' title='bbox 473 1996 478 2000; x_wconf 86' lang='lat'><strong>.</strong></span> <span class='ocrx_word' id='word_1_137' title='bbox 531 1946 585 2002; x_wconf 86' lang='lat'><strong>5.</strong></span> <span class='ocrx_word' id='word_1_138' title='bbox 613 1945 752 2012; x_wconf 88' lang='lat' dir='ltr'><strong>Non,</strong></span> <span class='ocrx_word' id='word_1_139' title='bbox 780 1953 837 2001; x_wconf 90' lang='lat' dir='ltr'><strong>ut</strong></span> <span class='ocrx_word' id='word_1_140' title='bbox 859 1945 1068 2018; x_wconf 90' lang='lat' dir='ltr'><strong>opinor,</strong></span> <span class='ocrx_word' id='word_1_141' title='bbox 1095 1943 1346 2015; x_wconf 80' lang='lat' dir='ltr'><strong>magister</strong></span> <span class='ocrx_word' id='word_1_142' title='bbox 1364 1941 1454 1998; x_wconf 91' lang='lat' dir='ltr'><strong>ille</strong></span> <span class='ocrx_word' id='word_1_143' title='bbox 1473 1938 1706 1998; x_wconf 60' lang='lat' dir='ltr'><strong>celestis</strong></span> <span class='ocrx_word' id='word_1_144' title='bbox 1731 1937 2060 2010; x_wconf 86' lang='lat' dir='ltr'><strong>impietatem</strong></span> 
     </span>
    </p>
   </div>
   <div class='ocr_carea' id='block_1_19' title="bbox 459 2030 2057 2108">
    <p class='ocr_par' dir='ltr' id='par_1_19' title="bbox 459 2030 2057 2108">
     <span class='ocr_line' id='line_1_19' title="bbox 459 2030 2057 2108; baseline -0.004 -16"><span class='ocrx_word' id='word_1_145' title='bbox 459 2051 561 2093; x_wconf 90' lang='lat' dir='ltr'><strong>nos</strong></span> <span class='ocrx_word' id='word_1_146' title='bbox 585 2037 807 2108; x_wconf 81' lang='lat' dir='ltr'><strong>diligere</strong></span> <span class='ocrx_word' id='word_1_147' title='bbox 832 2037 1094 2108; x_wconf 77' lang='lat' dir='ltr'><strong>praecipit,</strong></span> <span class='ocrx_word' id='word_1_148' title='bbox 1125 2051 1248 2090; x_wconf 93' lang='lat' dir='ltr'><strong>cum</strong></span> <span class='ocrx_word' id='word_1_149' title='bbox 1281 2034 1521 2105; x_wconf 66' lang='lat' dir='ltr'><strong>praecipit</strong></span> <span class='ocrx_word' id='word_1_150' title='bbox 1544 2041 1602 2088; x_wconf 92' lang='lat' dir='ltr'><strong>ut</strong></span> <span class='ocrx_word' id='word_1_151' title='bbox 1621 2041 1834 2087; x_wconf 90' lang='lat' dir='ltr'><strong>nostros</strong></span> <span class='ocrx_word' id='word_1_152' title='bbox 1864 2030 2057 2100; x_wconf 86' lang='lat' dir='ltr'><strong>diliga-</strong></span> 
     </span>
    </p>
   </div>
   <div class='ocr_carea' id='block_1_20' title="bbox 458 2123 2060 2195">
    <p class='ocr_par' dir='ltr' id='par_1_20' title="bbox 458 2123 2060 2195">
     <span class='ocr_line' id='line_1_20' title="bbox 458 2123 2060 2195; baseline -0.005 -10"><span class='ocrx_word' id='word_1_153' title='bbox 458 2145 580 2185; x_wconf 88' lang='lat' dir='ltr'><strong>mus</strong></span> <span class='ocrx_word' id='word_1_154' title='bbox 609 2129 872 2193; x_wconf 86' lang='lat' dir='ltr'><strong>inimicos,</strong></span> <span class='ocrx_word' id='word_1_155' title='bbox 902 2126 1298 2183; x_wconf 90' lang='lat' dir='ltr'><strong>benefaciamus</strong></span> <span class='ocrx_word' id='word_1_156' title='bbox 1317 2126 1396 2180; x_wconf 90' lang='lat' dir='ltr'><strong>eis</strong></span> <span class='ocrx_word' id='word_1_157' title='bbox 1415 2125 1506 2195; x_wconf 90' lang='lat' dir='ltr'><strong>qui</strong></span> <span class='ocrx_word' id='word_1_158' title='bbox 1525 2140 1623 2180; x_wconf 91' lang='lat' dir='ltr'><strong>nos</strong></span> <span class='ocrx_word' id='word_1_159' title='bbox 1648 2123 1896 2188; x_wconf 89' lang='lat' dir='ltr'><strong>oderunt,</strong></span> <span class='ocrx_word' id='word_1_160' title='bbox 1931 2135 2060 2178; x_wconf 87' lang='lat' dir='ltr'><strong>ore-</strong></span> 
     </span>
    </p>
   </div>
   <div class='ocr_carea' id='block_1_21' title="bbox 457 2213 2054 2292">
    <p class='ocr_par' dir='ltr' id='par_1_21' title="bbox 457 2213 2054 2292">
     <span class='ocr_line' id='line_1_21' title="bbox 457 2213 2054 2292; baseline -0.004 -16"><span class='ocrx_word' id='word_1_161' title='bbox 457 2235 580 2276; x_wconf 88' lang='lat' dir='ltr'><strong>mus</strong></span> <span class='ocrx_word' id='word_1_162' title='bbox 604 2236 701 2291; x_wconf 89' lang='lat' dir='ltr'><strong>pro</strong></span> <span class='ocrx_word' id='word_1_163' title='bbox 724 2219 804 2275; x_wconf 85' lang='lat' dir='ltr'><strong>eis</strong></span> <span class='ocrx_word' id='word_1_164' title='bbox 830 2220 921 2292; x_wconf 92' lang='lat' dir='ltr'><strong>qui</strong></span> <span class='ocrx_word' id='word_1_165' title='bbox 942 2234 1040 2276; x_wconf 91' lang='lat' dir='ltr'><strong>nos</strong></span> <span class='ocrx_word' id='word_1_166' title='bbox 1061 2227 1488 2290; x_wconf 88' lang='lat' dir='ltr'><strong>persequuntur;</strong></span> <span class='ocrx_word' id='word_1_167' title='bbox 1519 2233 1640 2272; x_wconf 92' lang='lat' dir='ltr'><strong>cum</strong></span> <span class='ocrx_word' id='word_1_168' title='bbox 1664 2215 1849 2287; x_wconf 89' lang='lat' dir='ltr'><strong>procul</strong></span> <span class='ocrx_word' id='word_1_169' title='bbox 1870 2213 2054 2280; x_wconf 91' lang='lat' dir='ltr'><strong>dubio,</strong></span> 
     </span>
    </p>
   </div>
   <div class='ocr_carea' id='block_1_22' title="bbox 456 2307 2057 2384">
    <p class='ocr_par' dir='ltr' id='par_1_22' title="bbox 456 2307 2057 2384">
     <span class='ocr_line' id='line_1_22' title="bbox 456 2307 2057 2384; baseline -0.004 -17"><span class='ocrx_word' id='word_1_170' title='bbox 456 2313 506 2384; x_wconf 84' lang='lat' dir='ltr'><strong>si</strong></span> <span class='ocrx_word' id='word_1_171' title='bbox 536 2311 623 2383; x_wconf 90' lang='lat' dir='ltr'><strong>pie</strong></span> <span class='ocrx_word' id='word_1_172' title='bbox 651 2312 820 2368; x_wconf 92' lang='lat' dir='ltr'><strong>Deum</strong></span> <span class='ocrx_word' id='word_1_173' title='bbox 849 2313 1098 2379; x_wconf 90' lang='lat' dir='ltr'><strong>colimus,</strong></span> <span class='ocrx_word' id='word_1_174' title='bbox 1131 2310 1383 2366; x_wconf 89' lang='lat' dir='ltr'><strong>inimicos</strong></span> <span class='ocrx_word' id='word_1_175' title='bbox 1419 2319 1580 2380; x_wconf 89' lang='lat' dir='ltr'><strong>atque</strong></span> <span class='ocrx_word' id='word_1_176' title='bbox 1608 2309 1746 2364; x_wconf 90' lang='lat' dir='ltr'><strong>odiis</strong></span> <span class='ocrx_word' id='word_1_177' title='bbox 1771 2307 2057 2363; x_wconf 88' lang='lat' dir='ltr'><strong>adversum</strong></span> 
     </span>
    </p>
   </div>
   <div class='ocr_carea' id='block_1_23' title="bbox 455 2397 2058 2473">
    <p class='ocr_par' dir='ltr' id='par_1_23' title="bbox 455 2397 2058 2473">
     <span class='ocr_line' id='line_1_23' title="bbox 455 2397 2058 2473; baseline -0.004 -15"><span class='ocrx_word' id='word_1_178' title='bbox 455 2419 558 2459; x_wconf 86' lang='lat' dir='ltr'><strong>nos</strong></span> <span class='ocrx_word' id='word_1_179' title='bbox 583 2405 864 2460; x_wconf 89' lang='lat' dir='ltr'><strong>acerrimis</strong></span> <span class='ocrx_word' id='word_1_180' title='bbox 904 2403 1153 2459; x_wconf 88' lang='lat' dir='ltr'><strong>incitatos</strong></span> <span class='ocrx_word' id='word_1_181' title='bbox 1180 2417 1245 2458; x_wconf 91' lang='lat' dir='ltr'><strong>ac</strong></span> <span class='ocrx_word' id='word_1_182' title='bbox 1293 2410 1688 2473; x_wconf 88' lang='lat' dir='ltr'><strong>persecutores,</strong></span> <span class='ocrx_word' id='word_1_183' title='bbox 1720 2400 1821 2455; x_wconf 90' lang='lat' dir='ltr'><strong>nisi</strong></span> <span class='ocrx_word' id='word_1_184' title='bbox 1862 2397 2058 2468; x_wconf 89' lang='lat' dir='ltr'><strong>impios</strong></span> 
     </span>
    </p>
   </div>
   <div class='ocr_carea' id='block_1_24' title="bbox 461 2490 2056 2566">
    <p class='ocr_par' dir='ltr' id='par_1_24' title="bbox 461 2490 2056 2566">
     <span class='ocr_line' id='line_1_24' title="bbox 461 2490 2056 2566; baseline -0.004 -17"><span class='ocrx_word' id='word_1_185' title='bbox 461 2495 666 2551; x_wconf 88' lang='lat' dir='ltr'><strong>habere</strong></span> <span class='ocrx_word' id='word_1_186' title='bbox 695 2511 804 2551; x_wconf 91' lang='lat' dir='ltr'><strong>non</strong></span> <span class='ocrx_word' id='word_1_187' title='bbox 833 2495 1121 2566; x_wconf 84' lang='lat' dir='ltr'><strong>possimus.</strong></span> <span class='ocrx_word' id='word_1_188' title='bbox 1151 2494 1288 2549; x_wconf 88' lang='lat' dir='ltr'><strong>Num</strong></span> <span class='ocrx_word' id='word_1_189' title='bbox 1337 2495 1496 2566; x_wconf 89' lang='lat' dir='ltr'><strong>igitur</strong></span> <span class='ocrx_word' id='word_1_190' title='bbox 1524 2492 1778 2562; x_wconf 84' lang='lat' dir='ltr'><strong>diligendi</strong></span> <span class='ocrx_word' id='word_1_191' title='bbox 1801 2499 1926 2548; x_wconf 92' lang='lat' dir='ltr'><strong>sunt</strong></span> <span class='ocrx_word' id='word_1_192' title='bbox 1951 2490 2056 2544; x_wconf 86' lang='lat' dir='ltr'><strong>im-</strong></span> 
     </span>
    </p>
   </div>
   <div class='ocr_carea' id='block_1_25' title="bbox 455 2580 2055 2658">
    <p class='ocr_par' dir='ltr' id='par_1_25' title="bbox 455 2580 2055 2658">
     <span class='ocr_line' id='line_1_25' title="bbox 455 2580 2055 2658; baseline -0.004 -16"><span class='ocrx_word' id='word_1_193' title='bbox 455 2587 577 2657; x_wconf 81' lang='lat' dir='ltr'><strong>pii?</strong></span> <span class='ocrx_word' id='word_1_194' title='bbox 603 2603 730 2642; x_wconf 89' lang='lat' dir='ltr'><strong>num</strong></span> <span class='ocrx_word' id='word_1_195' title='bbox 759 2587 935 2658; x_wconf 87' lang='lat' dir='ltr'><strong>impiis</strong></span> <span class='ocrx_word' id='word_1_196' title='bbox 965 2584 1406 2643; x_wconf 88' lang='lat' dir='ltr'><strong>benefaciendum</strong></span> <span class='ocrx_word' id='word_1_197' title='bbox 1435 2586 1555 2641; x_wconf 83' lang='lat' dir='ltr'><strong>est?</strong></span> <span class='ocrx_word' id='word_1_198' title='bbox 1585 2600 1712 2640; x_wconf 92' lang='lat' dir='ltr'><strong>num</strong></span> <span class='ocrx_word' id='word_1_199' title='bbox 1745 2598 1842 2654; x_wconf 93' lang='lat' dir='ltr'><strong>pro</strong></span> <span class='ocrx_word' id='word_1_200' title='bbox 1868 2580 2055 2652; x_wconf 89' lang='lat' dir='ltr'><strong>impiis</strong></span> 
     </span>
    </p>
   </div>
   <div class='ocr_carea' id='block_1_26' title="bbox 454 2675 2053 2750">
    <p class='ocr_par' dir='ltr' id='par_1_26' title="bbox 454 2675 2053 2750">
     <span class='ocr_line' id='line_1_26' title="bbox 454 2675 2053 2750; baseline -0.006 -14"><span class='ocrx_word' id='word_1_201' title='bbox 454 2681 618 2736; x_wconf 88' lang='lat' dir='ltr'><strong>etiam</strong></span> <span class='ocrx_word' id='word_1_202' title='bbox 647 2681 908 2737; x_wconf 89' lang='lat' dir='ltr'><strong>orandum</strong></span> <span class='ocrx_word' id='word_1_203' title='bbox 932 2680 1055 2737; x_wconf 88' lang='lat' dir='ltr'><strong>est?</strong></span> <span class='ocrx_word' id='word_1_204' title='bbox 1077 2679 1152 2736; x_wconf 90' lang='lat' dir='ltr'><strong>lta</strong></span> <span class='ocrx_word' id='word_1_205' title='bbox 1180 2679 1357 2750; x_wconf 89' lang='lat' dir='ltr'><strong>plane.</strong></span> <span class='ocrx_word' id='word_1_206' title='bbox 1377 2679 1478 2748; x_wconf 87' lang='lat' dir='ltr'><strong>Qui</strong></span> <span class='ocrx_word' id='word_1_207' title='bbox 1495 2677 1640 2733; x_wconf 89' lang='lat' dir='ltr'><strong>enim</strong></span> <span class='ocrx_word' id='word_1_208' title='bbox 1667 2677 1769 2732; x_wconf 90' lang='lat' dir='ltr'><strong>hoc</strong></span> <span class='ocrx_word' id='word_1_209' title='bbox 1789 2675 1946 2747; x_wconf 63' lang='lat' dir='ltr'><strong>praei</strong></span> <span class='ocrx_word' id='word_1_210' title='bbox 1955 2676 2053 2744; x_wconf 88' lang='lat' dir='ltr'><strong>pit,</strong></span> 
     </span>
    </p>
   </div>
   <div class='ocr_carea' id='block_1_27' title="bbox 453 2766 2056 2840">
    <p class='ocr_par' dir='ltr' id='par_1_27' title="bbox 453 2766 2056 2840">
     <span class='ocr_line' id='line_1_27' title="bbox 453 2766 2056 2840; baseline -0.004 -14"><span class='ocrx_word' id='word_1_211' title='bbox 453 2771 598 2828; x_wconf 90' lang='lat' dir='ltr'><strong>Deus</strong></span> <span class='ocrx_word' id='word_1_212' title='bbox 631 2781 752 2839; x_wconf 90' lang='lat' dir='ltr'><strong>est;</strong></span> <span class='ocrx_word' id='word_1_213' title='bbox 791 2788 895 2829; x_wconf 91' lang='lat' dir='ltr'><strong>nec</strong></span> <span class='ocrx_word' id='word_1_214' title='bbox 923 2781 1101 2827; x_wconf 89' lang='lat' dir='ltr'><strong>tamen</strong></span> <span class='ocrx_word' id='word_1_215' title='bbox 1133 2785 1232 2826; x_wconf 91' lang='lat' dir='ltr'><strong>nos</strong></span> <span class='ocrx_word' id='word_1_216' title='bbox 1261 2769 1366 2826; x_wconf 90' lang='lat' dir='ltr'><strong>hoc</strong></span> <span class='ocrx_word' id='word_1_217' title='bbox 1400 2778 1556 2840; x_wconf 89' lang='lat' dir='ltr'><strong>pacto</strong></span> <span class='ocrx_word' id='word_1_218' title='bbox 1585 2767 1828 2824; x_wconf 88' lang='lat' dir='ltr'><strong>societati</strong></span> <span class='ocrx_word' id='word_1_219' title='bbox 1863 2766 2056 2837; x_wconf 84' lang='lat' dir='ltr'><strong>adjun-</strong></span> 
     </span>
    </p>
   </div>
   <div class='ocr_carea' id='block_1_28' title="bbox 454 2857 2057 2936">
    <p class='ocr_par' dir='ltr' id='par_1_28' title="bbox 454 2857 2057 2936">
     <span class='ocr_line' id='line_1_28' title="bbox 454 2857 2057 2936; baseline -0.003 -19"><span class='ocrx_word' id='word_1_220' title='bbox 454 2863 532 2936; x_wconf 86' lang='lat' dir='ltr'><strong>git</strong></span> <span class='ocrx_word' id='word_1_221' title='bbox 562 2863 867 2934; x_wconf 88' lang='lat' dir='ltr'><strong>impiorum,</strong></span> <span class='ocrx_word' id='word_1_222' title='bbox 897 2863 1092 2935; x_wconf 88' lang='lat' dir='ltr'><strong>quibus</strong></span> <span class='ocrx_word' id='word_1_223' title='bbox 1114 2871 1170 2919; x_wconf 89' lang='lat' dir='ltr'><strong>et</strong></span> <span class='ocrx_word' id='word_1_224' title='bbox 1195 2862 1312 2932; x_wconf 90' lang='lat' dir='ltr'><strong>ipse</strong></span> <span class='ocrx_word' id='word_1_225' title='bbox 1334 2859 1624 2932; x_wconf 90' lang='lat' dir='ltr'><strong>parcendo,</strong></span> <span class='ocrx_word' id='word_1_226' title='bbox 1653 2866 1708 2915; x_wconf 91' lang='lat' dir='ltr'><strong>et</strong></span> <span class='ocrx_word' id='word_1_227' title='bbox 1723 2858 1884 2913; x_wconf 91' lang='lat' dir='ltr'><strong>vitam</strong></span> <span class='ocrx_word' id='word_1_228' title='bbox 1910 2857 2057 2912; x_wconf 86' lang='lat' dir='ltr'><strong>salu-</strong></span> 
     </span>
    </p>
   </div>
   <div class='ocr_carea' id='block_1_29' title="bbox 453 2953 2052 3029">
    <p class='ocr_par' dir='ltr' id='par_1_29' title="bbox 453 2953 2052 3029">
     <span class='ocr_line' id='line_1_29' title="bbox 453 2953 2052 3029; baseline -0.003 -17"><span class='ocrx_word' id='word_1_229' title='bbox 453 2966 671 3029; x_wconf 88' lang='lat' dir='ltr'><strong>temque</strong></span> <span class='ocrx_word' id='word_1_230' title='bbox 717 2958 1010 3029; x_wconf 81' lang='lat' dir='ltr'><strong>largiendo,</strong></span> <span class='ocrx_word' id='word_1_231' title='bbox 1059 2972 1168 3013; x_wconf 89' lang='lat' dir='ltr'><strong>non</strong></span> <span class='ocrx_word' id='word_1_232' title='bbox 1222 2957 1405 3027; x_wconf 91' lang='lat' dir='ltr'><strong>utique</strong></span> <span class='ocrx_word' id='word_1_233' title='bbox 1457 2955 1712 3012; x_wconf 88' lang='lat' dir='ltr'><strong>sociatur.</strong></span> <span class='ocrx_word' id='word_1_234' title='bbox 1761 2953 2052 3009; x_wconf 89' lang='lat' dir='ltr'><strong>Consilium</strong></span> 
     </span>
    </p>
   </div>
   <div class='ocr_carea' id='block_1_30' title="bbox 451 3046 2048 3122">
    <p class='ocr_par' dir='ltr' id='par_1_30' title="bbox 451 3046 2048 3122">
     <span class='ocr_line' id='line_1_30' title="bbox 451 3046 2048 3122; baseline -0.004 -18"><span class='ocrx_word' id='word_1_235' title='bbox 451 3050 651 3121; x_wconf 87' lang='lat' dir='ltr'><strong>quippe</strong></span> <span class='ocrx_word' id='word_1_236' title='bbox 673 3049 809 3121; x_wconf 87' lang='lat' dir='ltr'><strong>ejus,</strong></span> <span class='ocrx_word' id='word_1_237' title='bbox 832 3062 1088 3122; x_wconf 90' lang='lat' dir='ltr'><strong>quantum</strong></span> <span class='ocrx_word' id='word_1_238' title='bbox 1122 3049 1324 3105; x_wconf 91' lang='lat' dir='ltr'><strong>homini</strong></span> <span class='ocrx_word' id='word_1_239' title='bbox 1359 3049 1446 3119; x_wconf 90' lang='lat' dir='ltr'><strong>pie</strong></span> <span class='ocrx_word' id='word_1_240' title='bbox 1474 3061 1634 3102; x_wconf 90' lang='lat' dir='ltr'><strong>nesse</strong></span> <span class='ocrx_word' id='word_1_241' title='bbox 1659 3046 1912 3102; x_wconf 88' lang='lat' dir='ltr'><strong>donatum</strong></span> <span class='ocrx_word' id='word_1_242' title='bbox 1944 3053 2048 3113; x_wconf 87' lang='lat' dir='ltr'><strong>est,</strong></span> 
     </span>
    </p>
   </div>
   <div class='ocr_carea' id='block_1_31' title="bbox 451 3138 2052 3215">
    <p class='ocr_par' dir='ltr' id='par_1_31' title="bbox 451 3138 2052 3215">
     <span class='ocr_line' id='line_1_31' title="bbox 451 3138 2052 3215; baseline -0.006 -14"><span class='ocrx_word' id='word_1_243' title='bbox 451 3145 673 3215; x_wconf 76' lang='lat' dir='ltr'><strong>exponit</strong></span> <span class='ocrx_word' id='word_1_244' title='bbox 694 3145 982 3215; x_wconf 81' lang='lat' dir='ltr'><strong>Apostolus</strong></span> <span class='ocrx_word' id='word_1_245' title='bbox 1002 3144 1209 3209; x_wconf 87' lang='lat' dir='ltr'><strong>dicens,</strong></span> <span class='ocrx_word' id='word_1_246' title='bbox 1227 3143 1446 3214; x_wconf 78' lang='lat' dir='ltr'><strong>Ignoras</strong></span> <span class='ocrx_word' id='word_1_247' title='bbox 1467 3141 1586 3212; x_wconf 84' lang='lat' dir='ltr'><strong>quia</strong></span> <span class='ocrx_word' id='word_1_248' title='bbox 1601 3140 1842 3212; x_wconf 82' lang='lat' dir='ltr'><strong>patientia</strong></span> <span class='ocrx_word' id='word_1_249' title='bbox 1860 3138 1958 3193; x_wconf 91' lang='lat' dir='ltr'><strong>Dei</strong></span> <span class='ocrx_word' id='word_1_250' title='bbox 1981 3138 2052 3192; x_wconf 88' lang='lat' dir='ltr'><strong>ad</strong></span> 
     </span>
    </p>
   </div>
   <div class='ocr_carea' id='block_1_32' title="bbox 453 3231 2051 3309">
    <p class='ocr_par' dir='ltr' id='par_1_32' title="bbox 453 3231 2051 3309">
     <span class='ocr_line' id='line_1_32' title="bbox 453 3231 2051 3309; baseline -0.004 -16"><span class='ocrx_word' id='word_1_251' title='bbox 453 3237 802 3309; x_wconf 74' lang='lat' dir='ltr'><strong>paenitentiam</strong></span> <span class='ocrx_word' id='word_1_252' title='bbox 847 3245 896 3292; x_wconf 83' lang='lat' dir='ltr'><strong>te</strong></span> <span class='ocrx_word' id='word_1_253' title='bbox 926 3236 1175 3292; x_wconf 80' lang='lat' dir='ltr'><strong>adducit?</strong></span> <span class='ocrx_word' id='word_1_254' title='bbox 1199 3233 1284 3291; x_wconf 82' lang='lat' dir='ltr'><strong>Ad</strong></span> <span class='ocrx_word' id='word_1_255' title='bbox 1309 3235 1447 3290; x_wconf 90' lang='lat' dir='ltr'><strong>hanc</strong></span> <span class='ocrx_word' id='word_1_256' title='bbox 1470 3234 1717 3289; x_wconf 88' lang='lat' dir='ltr'><strong>velumus</strong></span> <span class='ocrx_word' id='word_1_257' title='bbox 1737 3231 1926 3288; x_wconf 90' lang='lat' dir='ltr'><strong>adduci</strong></span> <span class='ocrx_word' id='word_1_258' title='bbox 1952 3246 2051 3301; x_wconf 90' lang='lat' dir='ltr'><strong>pro</strong></span> 
     </span>
    </p>
   </div>
   <div class='ocr_carea' id='block_1_33' title="bbox 450 3322 2050 3401">
    <p class='ocr_par' dir='ltr' id='par_1_33' title="bbox 450 3322 2050 3401">
     <span class='ocr_line' id='line_1_33' title="bbox 450 3322 2050 3401; baseline -0.004 -16"><span class='ocrx_word' id='word_1_259' title='bbox 450 3331 647 3401; x_wconf 88' lang='lat' dir='ltr'><strong>quibus</strong></span> <span class='ocrx_word' id='word_1_260' title='bbox 675 3329 1101 3396; x_wconf 86' lang='lat' dir='ltr'><strong>intervenimus;</strong></span> <span class='ocrx_word' id='word_1_261' title='bbox 1131 3343 1240 3384; x_wconf 90' lang='lat' dir='ltr'><strong>non</strong></span> <span class='ocrx_word' id='word_1_262' title='bbox 1267 3341 1456 3384; x_wconf 89' lang='lat' dir='ltr'><strong>eorum</strong></span> <span class='ocrx_word' id='word_1_263' title='bbox 1497 3325 1734 3397; x_wconf 88' lang='lat' dir='ltr'><strong>peccatis</strong></span> <span class='ocrx_word' id='word_1_264' title='bbox 1761 3325 1846 3381; x_wconf 88' lang='lat' dir='ltr'><strong>vel</strong></span> <span class='ocrx_word' id='word_1_265' title='bbox 1870 3322 2050 3396; x_wconf 85' lang='lat' dir='ltr'><strong>parci-</strong></span> 
     </span>
    </p>
   </div>
   <div class='ocr_carea' id='block_1_34' title="bbox 449 3421 988 3488">
    <p class='ocr_par' dir='ltr' id='par_1_34' title="bbox 449 3421 988 3488">
     <span class='ocr_line' id='line_1_34' title="bbox 449 3421 988 3488; baseline 0.002 -12"><span class='ocrx_word' id='word_1_266' title='bbox 449 3436 592 3488; x_wconf 89' lang='lat' dir='ltr'><strong>mus,</strong></span> <span class='ocrx_word' id='word_1_267' title='bbox 620 3423 700 3478; x_wconf 91' lang='lat' dir='ltr'><strong>vel</strong></span> <span class='ocrx_word' id='word_1_268' title='bbox 728 3421 988 3477; x_wconf 86' lang='lat' dir='ltr'><strong>favemus.</strong></span> 
     </span>
    </p>
   </div>
   <div class='ocr_carea' id='block_1_35' title="bbox 528 3505 2048 3584">
    <p class='ocr_par' dir='ltr' id='par_1_35' title="bbox 528 3505 2048 3584">
     <span class='ocr_line' id='line_1_35' title="bbox 528 3505 2048 3584; baseline -0.004 -16"><span class='ocrx_word' id='word_1_269' title='bbox 528 3513 759 3568; x_wconf 75' lang='lat' dir='ltr'><strong>CAPUT</strong></span> <span class='ocrx_word' id='word_1_270' title='bbox 799 3513 887 3568; x_wconf 90' lang='lat' dir='ltr'><strong>lll.</strong></span> <span class='ocrx_word' id='word_1_271' title='bbox 915 3541 987 3555; x_wconf 88' lang='lat'><strong>—</strong></span> <span class='ocrx_word' id='word_1_272' title='bbox 1011 3511 1067 3568; x_wconf 87' lang='lat'><strong>6.</strong></span> <span class='ocrx_word' id='word_1_273' title='bbox 1097 3510 1232 3570; x_wconf 82' lang='lat' dir='ltr'><strong>Nam</strong></span> <span class='ocrx_word' id='word_1_274' title='bbox 1264 3508 1522 3584; x_wconf 90' lang='lat' dir='ltr'><strong>quosdam</strong></span> <span class='ocrx_word' id='word_1_275' title='bbox 1552 3523 1777 3581; x_wconf 87' lang='lat' dir='ltr'><strong>quorum</strong></span> <span class='ocrx_word' id='word_1_276' title='bbox 1821 3505 2048 3564; x_wconf 80' lang='lat' dir='ltr'><strong>crimina</strong></span> 
     </span>
    </p>
   </div>
   <div class='ocr_carea' id='block_1_36' title="bbox 448 3597 2049 3670">
    <p class='ocr_par' dir='ltr' id='par_1_36' title="bbox 448 3597 2049 3670">
     <span class='ocr_line' id='line_1_36' title="bbox 448 3597 2049 3670; baseline -0.003 -12"><span class='ocrx_word' id='word_1_277' title='bbox 448 3603 732 3658; x_wconf 83' lang='lat' dir='ltr'><strong>manifesta</strong></span> <span class='ocrx_word' id='word_1_278' title='bbox 759 3610 906 3670; x_wconf 90' lang='lat' dir='ltr'><strong>sunt,</strong></span> <span class='ocrx_word' id='word_1_279' title='bbox 932 3617 966 3656; x_wconf 87' lang='lat' dir='ltr'><strong>a</strong></span> <span class='ocrx_word' id='word_1_280' title='bbox 1000 3610 1179 3658; x_wconf 88' lang='lat' dir='ltr'><strong>vestra</strong></span> <span class='ocrx_word' id='word_1_281' title='bbox 1206 3602 1492 3657; x_wconf 88' lang='lat' dir='ltr'><strong>severitate</strong></span> <span class='ocrx_word' id='word_1_282' title='bbox 1515 3599 1791 3667; x_wconf 90' lang='lat' dir='ltr'><strong>liberates,</strong></span> <span class='ocrx_word' id='word_1_283' title='bbox 1808 3613 1840 3652; x_wconf 91' lang='lat' dir='ltr'><strong>a</strong></span> <span class='ocrx_word' id='word_1_284' title='bbox 1868 3597 2049 3654; x_wconf 58' lang='lat' dir='ltr'><strong>socie-</strong></span> 
     </span>
    </p>
   </div>
   <div class='ocr_carea' id='block_1_37' title="bbox 450 3688 2046 3761">
    <p class='ocr_par' dir='ltr' id='par_1_37' title="bbox 450 3688 2046 3761">
     <span class='ocr_line' id='line_1_37' title="bbox 450 3688 2046 3761; baseline -0.004 -10"><span class='ocrx_word' id='word_1_285' title='bbox 450 3701 562 3752; x_wconf 89' lang='lat' dir='ltr'><strong>tate</strong></span> <span class='ocrx_word' id='word_1_286' title='bbox 592 3703 769 3750; x_wconf 90' lang='lat' dir='ltr'><strong>tamen</strong></span> <span class='ocrx_word' id='word_1_287' title='bbox 795 3707 1137 3750; x_wconf 88' lang='lat' dir='ltr'><strong>removemus</strong></span> <span class='ocrx_word' id='word_1_288' title='bbox 1171 3693 1380 3756; x_wconf 87' lang='lat' dir='ltr'><strong>altaris,</strong></span> <span class='ocrx_word' id='word_1_289' title='bbox 1408 3700 1467 3746; x_wconf 86' lang='lat' dir='ltr'><strong>ut</strong></span> <span class='ocrx_word' id='word_1_290' title='bbox 1504 3689 1810 3761; x_wconf 66' lang='lat' dir='ltr'><strong>paenitendo</strong></span> <span class='ocrx_word' id='word_1_291' title='bbox 1831 3688 2046 3761; x_wconf 89' lang='lat' dir='ltr'><strong>placare</strong></span> 
     </span>
    </p>
   </div>
   <div class='ocr_carea' id='block_1_38' title="bbox 448 3781 2044 3857">
    <p class='ocr_par' dir='ltr' id='par_1_38' title="bbox 448 3781 2044 3857">
     <span class='ocr_line' id='line_1_38' title="bbox 448 3781 2044 3857; baseline -0.003 -17"><span class='ocrx_word' id='word_1_292' title='bbox 448 3785 658 3857; x_wconf 88' lang='lat' dir='ltr'><strong>possint</strong></span> <span class='ocrx_word' id='word_1_293' title='bbox 685 3786 703 3817; x_wconf 83' lang='grc'>¹</span> <span class='ocrx_word' id='word_1_294' title='bbox 733 3799 894 3855; x_wconf 90' lang='lat' dir='ltr'><strong>quem</strong></span> <span class='ocrx_word' id='word_1_295' title='bbox 919 3782 1189 3854; x_wconf 86' lang='lat' dir='ltr'><strong>peccando</strong></span> <span class='ocrx_word' id='word_1_296' title='bbox 1213 3788 1674 3852; x_wconf 86' lang='lat' dir='ltr'><strong>contempserant,</strong></span> <span class='ocrx_word' id='word_1_297' title='bbox 1705 3795 1870 3851; x_wconf 89' lang='lat' dir='ltr'><strong>seque</strong></span> <span class='ocrx_word' id='word_1_298' title='bbox 1898 3781 2044 3850; x_wconf 88' lang='lat' dir='ltr'><strong>ipsos</strong></span> 
     </span>
    </p>
   </div>
   <div class='ocr_carea' id='block_1_39' title="bbox 447 3873 2042 3949">
    <p class='ocr_par' dir='ltr' id='par_1_39' title="bbox 447 3873 2042 3949">
     <span class='ocr_line' id='line_1_39' title="bbox 447 3873 2042 3949; baseline -0.003 -17"><span class='ocrx_word' id='word_1_299' title='bbox 447 3877 742 3949; x_wconf 87' lang='lat' dir='ltr'><strong>puniendo.</strong></span> <span class='ocrx_word' id='word_1_300' title='bbox 761 3875 893 3932; x_wconf 89' lang='lat' dir='ltr'><strong>Nam</strong></span> <span class='ocrx_word' id='word_1_301' title='bbox 911 3875 1041 3931; x_wconf 90' lang='lat' dir='ltr'><strong>nihil</strong></span> <span class='ocrx_word' id='word_1_302' title='bbox 1063 3874 1204 3931; x_wconf 87' lang='lat' dir='ltr'><strong>aliud</strong></span> <span class='ocrx_word' id='word_1_303' title='bbox 1219 3875 1326 3946; x_wconf 89' lang='lat' dir='ltr'><strong>agit</strong></span> <span class='ocrx_word' id='word_1_304' title='bbox 1339 3888 1496 3945; x_wconf 89' lang='lat' dir='ltr'><strong>quem</strong></span> <span class='ocrx_word' id='word_1_305' title='bbox 1518 3873 1778 3928; x_wconf 87' lang='lat' dir='ltr'><strong>veraciter</strong></span> <span class='ocrx_word' id='word_1_306' title='bbox 1795 3873 2042 3943; x_wconf 72' lang='lat' dir='ltr'><strong>poenitet,</strong></span> 
     </span>
    </p>
   </div>
   <div class='ocr_carea' id='block_1_40' title="bbox 447 3965 2043 4042">
    <p class='ocr_par' dir='ltr' id='par_1_40' title="bbox 447 3965 2043 4042">
     <span class='ocr_line' id='line_1_40' title="bbox 447 3965 2043 4042; baseline -0.003 -16"><span class='ocrx_word' id='word_1_307' title='bbox 447 3970 553 4026; x_wconf 88' lang='lat' dir='ltr'><strong>nisi</strong></span> <span class='ocrx_word' id='word_1_308' title='bbox 574 3979 634 4026; x_wconf 92' lang='lat' dir='ltr'><strong>ut</strong></span> <span class='ocrx_word' id='word_1_309' title='bbox 654 3971 708 4026; x_wconf 91' lang='lat' dir='ltr'><strong>id</strong></span> <span class='ocrx_word' id='word_1_310' title='bbox 732 3969 874 4042; x_wconf 89' lang='lat' dir='ltr'><strong>quod</strong></span> <span class='ocrx_word' id='word_1_311' title='bbox 893 3969 1017 4025; x_wconf 90' lang='lat' dir='ltr'><strong>mali</strong></span> <span class='ocrx_word' id='word_1_312' title='bbox 1044 3967 1247 4034; x_wconf 87' lang='lat' dir='ltr'><strong>fecerit,</strong></span> <span class='ocrx_word' id='word_1_313' title='bbox 1271 3966 1586 4037; x_wconf 89' lang='lat' dir='ltr'><strong>impunitum</strong></span> <span class='ocrx_word' id='word_1_314' title='bbox 1607 3980 1725 4021; x_wconf 90' lang='lat' dir='ltr'><strong>esse</strong></span> <span class='ocrx_word' id='word_1_315' title='bbox 1741 3980 1848 4021; x_wconf 90' lang='lat' dir='ltr'><strong>non</strong></span> <span class='ocrx_word' id='word_1_316' title='bbox 1867 3965 2008 4021; x_wconf 88' lang='lat' dir='ltr'><strong>sinat</strong></span> <span class='ocrx_word' id='word_1_317' title='bbox 2027 3983 2043 4022; x_wconf 89' lang='lat'><strong>:</strong></span> 
     </span>
    </p>
   </div>
   <div class='ocr_carea' id='block_1_41' title="bbox 448 4057 2043 4134">
    <p class='ocr_par' dir='ltr' id='par_1_41' title="bbox 448 4057 2043 4134">
     <span class='ocr_line' id='line_1_41' title="bbox 448 4057 2043 4134; baseline -0.003 -15"><span class='ocrx_word' id='word_1_318' title='bbox 448 4077 516 4119; x_wconf 85' lang='lat' dir='ltr'><strong>eo</strong></span> <span class='ocrx_word' id='word_1_319' title='bbox 542 4061 739 4134; x_wconf 90' lang='lat' dir='ltr'><strong>quippe</strong></span> <span class='ocrx_word' id='word_1_320' title='bbox 764 4062 924 4118; x_wconf 91' lang='lat' dir='ltr'><strong>modo</strong></span> <span class='ocrx_word' id='word_1_321' title='bbox 948 4060 1050 4118; x_wconf 88' lang='lat' dir='ltr'><strong>sibi</strong></span> <span class='ocrx_word' id='word_1_322' title='bbox 1076 4076 1182 4116; x_wconf 92' lang='lat' dir='ltr'><strong>non</strong></span> <span class='ocrx_word' id='word_1_323' title='bbox 1208 4059 1445 4132; x_wconf 88' lang='lat' dir='ltr'><strong>parcenti</strong></span> <span class='ocrx_word' id='word_1_324' title='bbox 1466 4059 1555 4114; x_wconf 90' lang='lat' dir='ltr'><strong>ille</strong></span> <span class='ocrx_word' id='word_1_325' title='bbox 1568 4059 1752 4129; x_wconf 88' lang='lat' dir='ltr'><strong>parcit,</strong></span> <span class='ocrx_word' id='word_1_326' title='bbox 1780 4058 1931 4130; x_wconf 88' lang='lat' dir='ltr'><strong>cujus</strong></span> <span class='ocrx_word' id='word_1_327' title='bbox 1960 4057 2043 4114; x_wconf 85' lang='lat' dir='ltr'><strong>al-</strong></span> 
     </span>
    </p>
   </div>
   <div class='ocr_carea' id='block_1_42' title="bbox 448 4151 2041 4227">
    <p class='ocr_par' dir='ltr' id='par_1_42' title="bbox 448 4151 2041 4227">
     <span class='ocr_line' id='line_1_42' title="bbox 448 4151 2041 4227; baseline -0.003 -17"><span class='ocrx_word' id='word_1_328' title='bbox 448 4163 562 4210; x_wconf 82' lang='lat' dir='ltr'><strong>tum</strong></span> <span class='ocrx_word' id='word_1_329' title='bbox 589 4156 899 4227; x_wconf 89' lang='lat' dir='ltr'><strong>justumque</strong></span> <span class='ocrx_word' id='word_1_330' title='bbox 935 4155 1190 4227; x_wconf 85' lang='lat' dir='ltr'><strong>judicium</strong></span> <span class='ocrx_word' id='word_1_331' title='bbox 1238 4153 1413 4209; x_wconf 88' lang='lat' dir='ltr'><strong>nullus</strong></span> <span class='ocrx_word' id='word_1_332' title='bbox 1460 4162 1794 4225; x_wconf 91' lang='lat' dir='ltr'><strong>contemptor</strong></span> <span class='ocrx_word' id='word_1_333' title='bbox 1845 4151 2041 4209; x_wconf 87' lang='lat' dir='ltr'><strong>evadit.</strong></span> 
     </span>
    </p>
   </div>
   <div class='ocr_carea' id='block_1_43' title="bbox 449 4244 2041 4318">
    <p class='ocr_par' dir='ltr' id='par_1_43' title="bbox 449 4244 2041 4318">
     <span class='ocr_line' id='line_1_43' title="bbox 449 4244 2041 4318; baseline -0.002 -16"><span class='ocrx_word' id='word_1_334' title='bbox 449 4244 602 4316; x_wconf 85' lang='lat' dir='ltr'><strong>Quod</strong></span> <span class='ocrx_word' id='word_1_335' title='bbox 633 4248 678 4303; x_wconf 90' lang='lat' dir='ltr'><strong>si</strong></span> <span class='ocrx_word' id='word_1_336' title='bbox 701 4248 894 4318; x_wconf 86' lang='lat' dir='ltr'><strong>iniquis</strong></span> <span class='ocrx_word' id='word_1_337' title='bbox 923 4257 977 4302; x_wconf 88' lang='lat' dir='ltr'><strong>et</strong></span> <span class='ocrx_word' id='word_1_338' title='bbox 990 4247 1231 4303; x_wconf 91' lang='lat' dir='ltr'><strong>scelestis</strong></span> <span class='ocrx_word' id='word_1_339' title='bbox 1261 4246 1350 4302; x_wconf 91' lang='lat' dir='ltr'><strong>ille</strong></span> <span class='ocrx_word' id='word_1_340' title='bbox 1369 4244 1656 4317; x_wconf 89' lang='lat' dir='ltr'><strong>parcendo,</strong></span> <span class='ocrx_word' id='word_1_341' title='bbox 1677 4245 1860 4316; x_wconf 90' lang='lat' dir='ltr'><strong>eisque</strong></span> <span class='ocrx_word' id='word_1_342' title='bbox 1879 4245 2041 4299; x_wconf 89' lang='lat' dir='ltr'><strong>vitam</strong></span> 
     </span>
    </p>
   </div>
   <div class='ocr_carea' id='block_1_44' title="bbox 459 4339 2044 4410">
    <p class='ocr_par' dir='ltr' id='par_1_44' title="bbox 459 4339 2044 4410">
     <span class='ocr_line' id='line_1_44' title="bbox 459 4339 2044 4410; baseline -0.001 -16"><span class='ocrx_word' id='word_1_343' title='bbox 459 4340 800 4410; x_wconf 88' lang='lat' dir='ltr'><strong>salutemque</strong></span> <span class='ocrx_word' id='word_1_344' title='bbox 849 4339 1147 4410; x_wconf 89' lang='lat' dir='ltr'><strong>largiendo,</strong></span> <span class='ocrx_word' id='word_1_345' title='bbox 1170 4340 1331 4395; x_wconf 87' lang='lat' dir='ltr'><strong>etiam</strong></span> <span class='ocrx_word' id='word_1_346' title='bbox 1382 4339 1655 4409; x_wconf 87' lang='lat' dir='ltr'><strong>plerisque</strong></span> <span class='ocrx_word' id='word_1_347' title='bbox 1683 4353 1868 4393; x_wconf 88' lang='lat' dir='ltr'><strong>eorum</strong></span> <span class='ocrx_word' id='word_1_348' title='bbox 1909 4351 2044 4407; x_wconf 85' lang='lat' dir='ltr'><strong>quos</strong></span> 
     </span>
    </p>
   </div>
   <div class='ocr_carea' id='block_1_45' title="bbox 452 4429 2037 4501">
    <p class='ocr_par' dir='ltr' id='par_1_45' title="bbox 452 4429 2037 4501">
     <span class='ocr_line' id='line_1_45' title="bbox 452 4429 2037 4501; baseline -0.001 -15"><span class='ocrx_word' id='word_1_349' title='bbox 452 4430 608 4486; x_wconf 87' lang='lat' dir='ltr'><strong>novit</strong></span> <span class='ocrx_word' id='word_1_350' title='bbox 626 4445 734 4485; x_wconf 90' lang='lat' dir='ltr'><strong>non</strong></span> <span class='ocrx_word' id='word_1_351' title='bbox 749 4438 963 4486; x_wconf 88' lang='lat' dir='ltr'><strong>acturos</strong></span> <span class='ocrx_word' id='word_1_352' title='bbox 981 4431 1370 4501; x_wconf 73' lang='lat' dir='ltr'><strong>paenitentiam,</strong></span> <span class='ocrx_word' id='word_1_353' title='bbox 1393 4438 1568 4484; x_wconf 87' lang='lat' dir='ltr'><strong>tamen</strong></span> <span class='ocrx_word' id='word_1_354' title='bbox 1595 4429 1812 4484; x_wconf 81' lang='lat' dir='ltr'><strong>exhibet</strong></span> <span class='ocrx_word' id='word_1_355' title='bbox 1828 4430 2037 4499; x_wconf 80' lang='lat' dir='ltr'><strong>patien-</strong></span> 
     </span>
    </p>
   </div>
   <div class='ocr_carea' id='block_1_46' title="bbox 449 4523 2041 4594">
    <p class='ocr_par' dir='ltr' id='par_1_46' title="bbox 449 4523 2041 4594">
     <span class='ocr_line' id='line_1_46' title="bbox 449 4523 2041 4594; baseline 0.001 -17"><span class='ocrx_word' id='word_1_356' title='bbox 449 4524 578 4578; x_wconf 88' lang='lat' dir='ltr'><strong>tiam</strong></span> <span class='ocrx_word' id='word_1_357' title='bbox 601 4537 617 4588; x_wconf 93' lang='lat'><strong>;</strong></span> <span class='ocrx_word' id='word_1_358' title='bbox 643 4533 842 4593; x_wconf 87' lang='lat' dir='ltr'><strong>quanto</strong></span> <span class='ocrx_word' id='word_1_359' title='bbox 857 4523 1029 4594; x_wconf 87' lang='lat' dir='ltr'><strong>magis</strong></span> <span class='ocrx_word' id='word_1_360' title='bbox 1054 4538 1153 4578; x_wconf 89' lang='lat' dir='ltr'><strong>nos</strong></span> <span class='ocrx_word' id='word_1_361' title='bbox 1179 4523 1232 4578; x_wconf 91' lang='lat' dir='ltr'><strong>in</strong></span> <span class='ocrx_word' id='word_1_362' title='bbox 1251 4537 1346 4578; x_wconf 92' lang='lat' dir='ltr'><strong>eos</strong></span> <span class='ocrx_word' id='word_1_363' title='bbox 1371 4523 1461 4593; x_wconf 88' lang='lat' dir='ltr'><strong>qui</strong></span> <span class='ocrx_word' id='word_1_364' title='bbox 1486 4523 1883 4578; x_wconf 89' lang='lat' dir='ltr'><strong>correctionem</strong></span> <span class='ocrx_word' id='word_1_365' title='bbox 1914 4538 2041 4592; x_wconf 90' lang='lat' dir='ltr'><strong>pro-</strong></span> 
     </span>
    </p>
   </div>
   <div class='ocr_carea' id='block_1_47' title="bbox 450 4614 2036 4686">
    <p class='ocr_par' dir='ltr' id='par_1_47' title="bbox 450 4614 2036 4686">
     <span class='ocr_line' id='line_1_47' title="bbox 450 4614 2036 4686; baseline -0.002 -14"><span class='ocrx_word' id='word_1_366' title='bbox 450 4615 690 4682; x_wconf 85' lang='lat' dir='ltr'><strong>mittunt,</strong></span> <span class='ocrx_word' id='word_1_367' title='bbox 722 4624 777 4671; x_wconf 90' lang='lat' dir='ltr'><strong>et</strong></span> <span class='ocrx_word' id='word_1_368' title='bbox 806 4624 982 4671; x_wconf 87' lang='lat' dir='ltr'><strong>tttrum</strong></span> <span class='ocrx_word' id='word_1_369' title='bbox 1009 4614 1205 4671; x_wconf 89' lang='lat' dir='ltr'><strong>faciant</strong></span> <span class='ocrx_word' id='word_1_370' title='bbox 1220 4615 1362 4686; x_wconf 90' lang='lat' dir='ltr'><strong>quod</strong></span> <span class='ocrx_word' id='word_1_371' title='bbox 1391 4615 1706 4685; x_wconf 91' lang='lat' dir='ltr'><strong>promittunt</strong></span> <span class='ocrx_word' id='word_1_372' title='bbox 1731 4615 1920 4670; x_wconf 89' lang='lat' dir='ltr'><strong>incerti</strong></span> <span class='ocrx_word' id='word_1_373' title='bbox 1941 4629 2036 4670; x_wconf 89' lang='lat' dir='ltr'><strong>su-</strong></span> 
     </span>
    </p>
   </div>
   <div class='ocr_carea' id='block_1_48' title="bbox 447 4707 2035 4778">
    <p class='ocr_par' dir='ltr' id='par_1_48' title="bbox 447 4707 2035 4778">
     <span class='ocr_line' id='line_1_48' title="bbox 447 4707 2035 4778; baseline -0.003 -12"><span class='ocrx_word' id='word_1_374' title='bbox 447 4724 592 4775; x_wconf 86' lang='lat' dir='ltr'><strong>mus,</strong></span> <span class='ocrx_word' id='word_1_375' title='bbox 620 4707 994 4765; x_wconf 82' lang='lat' dir='ltr'><strong>misericordes</strong></span> <span class='ocrx_word' id='word_1_376' title='bbox 1017 4723 1139 4765; x_wconf 90' lang='lat' dir='ltr'><strong>esse</strong></span> <span class='ocrx_word' id='word_1_377' title='bbox 1159 4707 1436 4774; x_wconf 88' lang='lat' dir='ltr'><strong>debemus,</strong></span> <span class='ocrx_word' id='word_1_378' title='bbox 1461 4717 1518 4762; x_wconf 91' lang='lat' dir='ltr'><strong>ut</strong></span> <span class='ocrx_word' id='word_1_379' title='bbox 1543 4707 1773 4778; x_wconf 79' lang='lat' dir='ltr'><strong>rigorem</strong></span> <span class='ocrx_word' id='word_1_380' title='bbox 1799 4715 2035 4762; x_wconf 89' lang='lat' dir='ltr'><strong>vestrum</strong></span> 
     </span>
    </p>
   </div>
   <div class='ocr_carea' id='block_1_49' title="bbox 446 4799 2039 4874">
    <p class='ocr_par' dir='ltr' id='par_1_49' title="bbox 446 4799 2039 4874">
     <span class='ocr_line' id='line_1_49' title="bbox 446 4799 2039 4874; baseline -0.001 -16"><span class='ocrx_word' id='word_1_381' title='bbox 446 4817 548 4874; x_wconf 88' lang='lat' dir='ltr'><strong>pro</strong></span> <span class='ocrx_word' id='word_1_382' title='bbox 573 4802 652 4859; x_wconf 91' lang='lat' dir='ltr'><strong>eis</strong></span> <span class='ocrx_word' id='word_1_383' title='bbox 675 4801 1057 4858; x_wconf 89' lang='lat' dir='ltr'><strong>intercedendo</strong></span> <span class='ocrx_word' id='word_1_384' title='bbox 1079 4801 1377 4868; x_wconf 84' lang='lat' dir='ltr'><strong>ﬂectamus,</strong></span> <span class='ocrx_word' id='word_1_385' title='bbox 1425 4816 1524 4872; x_wconf 91' lang='lat' dir='ltr'><strong>pro</strong></span> <span class='ocrx_word' id='word_1_386' title='bbox 1558 4799 1752 4872; x_wconf 85' lang='lat' dir='ltr'><strong>quibus</strong></span> <span class='ocrx_word' id='word_1_387' title='bbox 1777 4809 1832 4856; x_wconf 94' lang='lat' dir='ltr'><strong>et</strong></span> <span class='ocrx_word' id='word_1_388' title='bbox 1855 4801 2039 4857; x_wconf 84' lang='lat' dir='ltr'><strong>Domi-</strong></span> 
     </span>
    </p>
   </div>
   <div class='ocr_carea' id='block_1_50' title="bbox 446 4892 2036 4967">
    <p class='ocr_par' dir='ltr' id='par_1_50' title="bbox 446 4892 2036 4967">
     <span class='ocr_line' id='line_1_50' title="bbox 446 4892 2036 4967; baseline -0.002 -16"><span class='ocrx_word' id='word_1_389' title='bbox 446 4910 599 4964; x_wconf 92' lang='lat' dir='ltr'><strong>num,</strong></span> <span class='ocrx_word' id='word_1_390' title='bbox 631 4911 788 4967; x_wconf 89' lang='lat' dir='ltr'><strong>quem</strong></span> <span class='ocrx_word' id='word_1_391' title='bbox 811 4893 944 4950; x_wconf 91' lang='lat' dir='ltr'><strong>nihil</strong></span> <span class='ocrx_word' id='word_1_392' title='bbox 969 4893 1036 4950; x_wconf 91' lang='lat' dir='ltr'><strong>de</strong></span> <span class='ocrx_word' id='word_1_393' title='bbox 1063 4893 1300 4950; x_wconf 89' lang='lat' dir='ltr'><strong>moribus</strong></span> <span class='ocrx_word' id='word_1_394' title='bbox 1326 4908 1512 4950; x_wconf 91' lang='lat' dir='ltr'><strong>eorum</strong></span> <span class='ocrx_word' id='word_1_395' title='bbox 1539 4893 1697 4949; x_wconf 88' lang='lat' dir='ltr'><strong>etiam</strong></span> <span class='ocrx_word' id='word_1_396' title='bbox 1730 4892 1923 4949; x_wconf 86' lang='lat' dir='ltr'><strong>futuris</strong></span> <span class='ocrx_word' id='word_1_397' title='bbox 1955 4892 2036 4950; x_wconf 86' lang='lat' dir='ltr'><strong>la-</strong></span> 
     </span>
    </p>
   </div>
   <div class='ocr_carea' id='block_1_51' title="bbox 449 4986 2030 5061">
    <p class='ocr_par' dir='ltr' id='par_1_51' title="bbox 449 4986 2030 5061">
     <span class='ocr_line' id='line_1_51' title="bbox 449 4986 2030 5061; baseline 0 -17"><span class='ocrx_word' id='word_1_398' title='bbox 449 4999 546 5057; x_wconf 89' lang='lat' dir='ltr'><strong>tet,</strong></span> <span class='ocrx_word' id='word_1_399' title='bbox 579 5005 685 5044; x_wconf 90' lang='lat' dir='ltr'><strong>non</strong></span> <span class='ocrx_word' id='word_1_400' title='bbox 727 4998 907 5046; x_wconf 87' lang='lat' dir='ltr'><strong>tamen</strong></span> <span class='ocrx_word' id='word_1_401' title='bbox 935 4987 1292 5061; x_wconf 90' lang='lat' dir='ltr'><strong>impudenter,</strong></span> <span class='ocrx_word' id='word_1_402' title='bbox 1324 4988 1446 5060; x_wconf 90' lang='lat' dir='ltr'><strong>quia</strong></span> <span class='ocrx_word' id='word_1_403' title='bbox 1474 4986 1579 5044; x_wconf 91' lang='lat' dir='ltr'><strong>hoc</strong></span> <span class='ocrx_word' id='word_1_404' title='bbox 1615 4988 1730 5059; x_wconf 89' lang='lat' dir='ltr'><strong>ipse</strong></span> <span class='ocrx_word' id='word_1_405' title='bbox 1755 4988 2030 5060; x_wconf 64' lang='lat' dir='ltr'><strong>praecepit,</strong></span> 
     </span>
    </p>
   </div>
   <div class='ocr_carea' id='block_1_52' title="bbox 443 5082 697 5138">
    <p class='ocr_par' dir='ltr' id='par_1_52' title="bbox 443 5082 697 5138">
     <span class='ocr_line' id='line_1_52' title="bbox 443 5082 697 5138; baseline 0 -2"><span class='ocrx_word' id='word_1_406' title='bbox 443 5097 655 5138; x_wconf 87' lang='lat' dir='ltr'><strong>eramus</strong></span> <span class='ocrx_word' id='word_1_407' title='bbox 683 5082 697 5136; x_wconf 83' lang='lat' dir='ltr'><strong>l</strong></span> 
     </span>
    </p>
   </div>
   <div class='ocr_carea' id='block_1_53' title="bbox 520 5171 2034 5247">
    <p class='ocr_par' dir='ltr' id='par_1_53' title="bbox 520 5171 2034 5247">
     <span class='ocr_line' id='line_1_53' title="bbox 520 5171 2034 5247; baseline 0.003 -20"><span class='ocrx_word' id='word_1_408' title='bbox 520 5174 574 5228; x_wconf 88' lang='grc'><strong>7.</strong></span> <span class='ocrx_word' id='word_1_409' title='bbox 617 5173 674 5228; x_wconf 91' lang='lat' dir='ltr'><strong>ln</strong></span> <span class='ocrx_word' id='word_1_410' title='bbox 706 5179 911 5229; x_wconf 88' lang='lat' dir='ltr'><strong>tantunt</strong></span> <span class='ocrx_word' id='word_1_411' title='bbox 948 5181 1126 5230; x_wconf 89' lang='lat' dir='ltr'><strong>autem</strong></span> <span class='ocrx_word' id='word_1_412' title='bbox 1152 5171 1425 5229; x_wconf 89' lang='lat' dir='ltr'><strong>hominum</strong></span> <span class='ocrx_word' id='word_1_413' title='bbox 1463 5173 1750 5246; x_wconf 86' lang='lat' dir='ltr'><strong>aliquando</strong></span> <span class='ocrx_word' id='word_1_414' title='bbox 1783 5171 2034 5247; x_wconf 86' lang='lat' dir='ltr'><strong>iniquitas</strong></span> 
     </span>
    </p>
   </div>
   <div class='ocr_carea' id='block_1_54' title="bbox 451 5265 2033 5338">
    <p class='ocr_par' dir='ltr' id='par_1_54' title="bbox 451 5265 2033 5338">
     <span class='ocr_line' id='line_1_54' title="bbox 451 5265 2033 5338; baseline 0.001 -18"><span class='ocrx_word' id='word_1_415' title='bbox 451 5265 811 5337; x_wconf 81' lang='lat' dir='ltr'><strong>progreditur,</strong></span> <span class='ocrx_word' id='word_1_416' title='bbox 841 5275 900 5321; x_wconf 88' lang='lat' dir='ltr'><strong>ut</strong></span> <span class='ocrx_word' id='word_1_417' title='bbox 935 5268 1095 5322; x_wconf 90' lang='lat' dir='ltr'><strong>etiam</strong></span> <span class='ocrx_word' id='word_1_418' title='bbox 1140 5275 1260 5338; x_wconf 91' lang='lat' dir='ltr'><strong>post</strong></span> <span class='ocrx_word' id='word_1_419' title='bbox 1288 5276 1462 5322; x_wconf 88' lang='lat' dir='ltr'><strong>actam</strong></span> <span class='ocrx_word' id='word_1_420' title='bbox 1490 5265 1880 5337; x_wconf 63' lang='lat' dir='ltr'><strong>paenitentiam,</strong></span> <span class='ocrx_word' id='word_1_421' title='bbox 1912 5277 2033 5336; x_wconf 88' lang='lat' dir='ltr'><strong>post</strong></span> 
     </span>
    </p>
   </div>
   <div class='ocr_carea' id='block_1_55' title="bbox 446 5357 2033 5428">
    <p class='ocr_par' dir='ltr' id='par_1_55' title="bbox 446 5357 2033 5428">
     <span class='ocr_line' id='line_1_55' title="bbox 446 5357 2033 5428; baseline -0.001 -15"><span class='ocrx_word' id='word_1_422' title='bbox 446 5357 634 5414; x_wconf 78' lang='lat' dir='ltr'><strong>altaris</strong></span> <span class='ocrx_word' id='word_1_423' title='bbox 653 5357 1162 5426; x_wconf 86' lang='lat' dir='ltr'><strong>reconciliationem,</strong></span> <span class='ocrx_word' id='word_1_424' title='bbox 1185 5359 1268 5414; x_wconf 89' lang='lat' dir='ltr'><strong>vel</strong></span> <span class='ocrx_word' id='word_1_425' title='bbox 1297 5359 1486 5414; x_wconf 88' lang='lat' dir='ltr'><strong>similia</strong></span> <span class='ocrx_word' id='word_1_426' title='bbox 1509 5358 1592 5413; x_wconf 90' lang='lat' dir='ltr'><strong>vel</strong></span> <span class='ocrx_word' id='word_1_427' title='bbox 1618 5359 1856 5428; x_wconf 82' lang='lat' dir='ltr'><strong>graviora</strong></span> <span class='ocrx_word' id='word_1_428' title='bbox 1884 5371 2033 5412; x_wconf 86' lang='lat' dir='ltr'><strong>com-</strong></span> 
     </span>
    </p>
   </div>
   <div class='ocr_carea' id='block_1_56' title="bbox 445 5449 2032 5520">
    <p class='ocr_par' dir='ltr' id='par_1_56' title="bbox 445 5449 2032 5520">
     <span class='ocr_line' id='line_1_56' title="bbox 445 5449 2032 5520; baseline -0.003 -14"><span class='ocrx_word' id='word_1_429' title='bbox 445 5451 662 5506; x_wconf 86' lang='lat' dir='ltr'><strong>mittant</strong></span> <span class='ocrx_word' id='word_1_430' title='bbox 693 5468 706 5506; x_wconf 90' lang='lat'><strong>:</strong></span> <span class='ocrx_word' id='word_1_431' title='bbox 733 5459 790 5507; x_wconf 89' lang='lat' dir='ltr'><strong>et</strong></span> <span class='ocrx_word' id='word_1_432' title='bbox 811 5461 987 5507; x_wconf 90' lang='lat' dir='ltr'><strong>tamen</strong></span> <span class='ocrx_word' id='word_1_433' title='bbox 1016 5451 1153 5507; x_wconf 92' lang='lat' dir='ltr'><strong>Deus</strong></span> <span class='ocrx_word' id='word_1_434' title='bbox 1201 5449 1327 5507; x_wconf 82' lang='lat' dir='ltr'><strong>facit</strong></span> <span class='ocrx_word' id='word_1_435' title='bbox 1356 5451 1516 5505; x_wconf 88' lang='lat' dir='ltr'><strong>etiam</strong></span> <span class='ocrx_word' id='word_1_436' title='bbox 1554 5464 1716 5520; x_wconf 87' lang='lat' dir='ltr'><strong>super</strong></span> <span class='ocrx_word' id='word_1_437' title='bbox 1760 5449 1894 5503; x_wconf 88' lang='lat' dir='ltr'><strong>tales</strong></span> <span class='ocrx_word' id='word_1_438' title='bbox 1923 5449 2032 5503; x_wconf 86' lang='lat' dir='ltr'><strong>eri-</strong></span> 
     </span>
    </p>
   </div>
   <div class='ocr_carea' id='block_1_57' title="bbox 442 5541 2031 5613">
    <p class='ocr_par' dir='ltr' id='par_1_57' title="bbox 442 5541 2031 5613">
     <span class='ocr_line' id='line_1_57' title="bbox 442 5541 2031 5613; baseline -0.001 -15"><span class='ocrx_word' id='word_1_439' title='bbox 442 5542 495 5598; x_wconf 81' lang='lat' dir='ltr'><strong>ri</strong></span> <span class='ocrx_word' id='word_1_440' title='bbox 537 5542 706 5598; x_wconf 88' lang='lat' dir='ltr'><strong>solem</strong></span> <span class='ocrx_word' id='word_1_441' title='bbox 733 5549 920 5608; x_wconf 84' lang='lat' dir='ltr'><strong>suum;</strong></span> <span class='ocrx_word' id='word_1_442' title='bbox 945 5559 1043 5598; x_wconf 88' lang='lat' dir='ltr'><strong>nec</strong></span> <span class='ocrx_word' id='word_1_443' title='bbox 1069 5545 1244 5598; x_wconf 88' lang='lat' dir='ltr'><strong>minus</strong></span> <span class='ocrx_word' id='word_1_444' title='bbox 1276 5543 1458 5597; x_wconf 88' lang='lat' dir='ltr'><strong>tribuit</strong></span> <span class='ocrx_word' id='word_1_445' title='bbox 1481 5557 1639 5613; x_wconf 85' lang='lat' dir='ltr'><strong>quam</strong></span> <span class='ocrx_word' id='word_1_446' title='bbox 1668 5550 1792 5596; x_wconf 88' lang='lat' dir='ltr'><strong>ante</strong></span> <span class='ocrx_word' id='word_1_447' title='bbox 1831 5541 2031 5596; x_wconf 89' lang='lat' dir='ltr'><strong>tribue-</strong></span> 
     </span>
    </p>
   </div>
   <div class='ocr_carea' id='block_1_58' title="bbox 443 5633 2029 5705">
    <p class='ocr_par' dir='ltr' id='par_1_58' title="bbox 443 5633 2029 5705">
     <span class='ocr_line' id='line_1_58' title="bbox 443 5633 2029 5705; baseline 0 -14"><span class='ocrx_word' id='word_1_448' title='bbox 443 5646 532 5696; x_wconf 83' lang='lat' dir='ltr'><strong>nat</strong></span> <span class='ocrx_word' id='word_1_449' title='bbox 563 5633 858 5704; x_wconf 89' lang='lat' dir='ltr'><strong>largissima</strong></span> <span class='ocrx_word' id='word_1_450' title='bbox 889 5651 1109 5691; x_wconf 88' lang='lat' dir='ltr'><strong>munera</strong></span> <span class='ocrx_word' id='word_1_451' title='bbox 1133 5637 1254 5690; x_wconf 74' lang='lat' dir='ltr'><strong>vitae</strong></span> <span class='ocrx_word' id='word_1_452' title='bbox 1279 5650 1342 5692; x_wconf 89' lang='lat' dir='ltr'><strong>ac</strong></span> <span class='ocrx_word' id='word_1_453' title='bbox 1370 5635 1658 5690; x_wconf 88' lang='lat' dir='ltr'><strong>salutis.Et</strong></span> <span class='ocrx_word' id='word_1_454' title='bbox 1681 5636 1926 5705; x_wconf 86' lang='lat' dir='ltr'><strong>quamvis</strong></span> <span class='ocrx_word' id='word_1_455' title='bbox 1951 5635 2029 5692; x_wconf 89' lang='lat' dir='ltr'><strong>eis</strong></span> 
     </span>
    </p>
   </div>
   <div class='ocr_carea' id='block_1_59' title="bbox 497 5772 2028 5845">
    <p class='ocr_par' dir='ltr' id='par_1_59' title="bbox 497 5772 2028 5845">
     <span class='ocr_line' id='line_1_59' title="bbox 497 5772 2028 5845; baseline 0.009 -24"><span class='ocrx_word' id='word_1_456' title='bbox 497 5773 519 5805; x_wconf 74' lang='grc' dir='ltr'><strong>ι</strong></span> <span class='ocrx_word' id='word_1_457' title='bbox 553 5779 660 5845; x_wconf 76' lang='lat' dir='ltr'><strong>uss.</strong></span> <span class='ocrx_word' id='word_1_458' title='bbox 689 5772 824 5845; x_wconf 67' lang='lat' dir='ltr'><strong>(lori).</strong></span> <span class='ocrx_word' id='word_1_459' title='bbox 850 5780 1006 5845; x_wconf 60' lang='lat' dir='ltr'><strong>Germ.</strong></span> <span class='ocrx_word' id='word_1_460' title='bbox 1035 5775 1194 5845; x_wconf 72' lang='lat' dir='ltr'><strong>etalii</strong></span> <span class='ocrx_word' id='word_1_461' title='bbox 1211 5784 1415 5845; x_wconf 73' lang='lat' dir='ltr'><strong>quatuor</strong></span> <span class='ocrx_word' id='word_1_462' title='bbox 1451 5779 1614 5845; x_wconf 70' lang='lat' dir='ltr'><strong>proba:</strong></span> <span class='ocrx_word' id='word_1_463' title='bbox 1638 5790 1764 5834; x_wconf 72' lang='lat' dir='ltr'><strong>nota:</strong></span> <span class='ocrx_word' id='word_1_464' title='bbox 1790 5796 1803 5833; x_wconf 92' lang='lat'><strong>:</strong></span> <span class='ocrx_word' id='word_1_465' title='bbox 1831 5783 2028 5836; x_wconf 79' lang='lat' dir='ltr'><strong>Placere</strong></span> 
     </span>
    </p>
   </div>
   <div class='ocr_carea' id='block_1_60' title="bbox 435 5837 2018 5921">
    <p class='ocr_par' dir='ltr' id='par_1_60' title="bbox 435 5837 2018 5921">
     <span class='ocr_line' id='line_1_60' title="bbox 435 5837 2018 5921; baseline 0.009 -36"><span class='ocrx_word' id='word_1_466' title='bbox 435 5842 634 5921; x_wconf 72' lang='lat' dir='ltr'><strong>possunt,</strong></span> <span class='ocrx_word' id='word_1_467' title='bbox 669 5837 1029 5902; x_wconf 77' lang='lat' dir='ltr'><strong>contemplanda</strong></span> <span class='ocrx_word' id='word_1_468' title='bbox 1051 5839 1152 5902; x_wconf 76' lang='lat' dir='ltr'><strong>ejus</strong></span> <span class='ocrx_word' id='word_1_469' title='bbox 1166 5837 1429 5904; x_wconf 72' lang='lat' dir='ltr'><strong>judicium,</strong></span> <span class='ocrx_word' id='word_1_470' title='bbox 1454 5837 1615 5911; x_wconf 78' lang='lat' dir='ltr'><strong>&#39;qumu</strong></span> <span class='ocrx_word' id='word_1_471' title='bbox 1636 5850 1894 5911; x_wconf 73' lang='lat' dir='ltr'><strong>permuta.</strong></span> <span class='ocrx_word' id='word_1_472' title='bbox 1927 5861 2018 5900; x_wconf 78' lang='lat' dir='ltr'><strong>etc.</strong></span> 
     </span>
    </p>
   </div>
   <div class='ocr_carea' id='block_1_61' title="bbox 1733 342 2548 410">
    <p class='ocr_par' dir='ltr' id='par_1_61' title="bbox 1733 342 2548 410">
     <span class='ocr_line' id='line_1_61' title="bbox 1733 342 2548 410; baseline 0 -2"><span class='ocrx_word' id='word_1_473' title='bbox 1733 343 1794 408; x_wconf 82' lang='lat'><strong>8.</strong></span> <span class='ocrx_word' id='word_1_474' title='bbox 1835 342 2202 408; x_wconf 77' lang='lat' dir='ltr'><strong>AUGUSTINI</strong></span> <span class='ocrx_word' id='word_1_475' title='bbox 2240 343 2548 410; x_wconf 73' lang='lat' dir='ltr'><strong>EPISCOPI</strong></span> 
     </span>
    </p>
   </div>
   <div class='ocr_carea' id='block_1_62' title="bbox 2167 456 3750 540">
    <p class='ocr_par' dir='ltr' id='par_1_62' title="bbox 2167 456 3750 540">
     <span class='ocr_line' id='line_1_62' title="bbox 2167 456 3750 540; baseline 0.007 -22"><span class='ocrx_word' id='word_1_476' title='bbox 2167 462 2222 518; x_wconf 94' lang='lat' dir='ltr'><strong>in</strong></span> <span class='ocrx_word' id='word_1_477' title='bbox 2252 461 2486 520; x_wconf 86' lang='lat' dir='ltr'><strong>Ecclesia</strong></span> <span class='ocrx_word' id='word_1_478' title='bbox 2513 465 2659 522; x_wconf 90' lang='lat' dir='ltr'><strong>locus</strong></span> <span class='ocrx_word' id='word_1_479' title='bbox 2683 464 2990 524; x_wconf 71' lang='lat' dir='ltr'><strong>humillima:</strong></span> <span class='ocrx_word' id='word_1_480' title='bbox 3017 456 3340 540; x_wconf 59' lang='lat' dir='ltr'><strong>paenitentiae</strong></span> <span class='ocrx_word' id='word_1_481' title='bbox 3365 469 3384 503; x_wconf 73' lang='grc' dir='ltr'>ί</span> <span class='ocrx_word' id='word_1_482' title='bbox 3413 483 3521 528; x_wconf 91' lang='lat' dir='ltr'><strong>non</strong></span> <span class='ocrx_word' id='word_1_483' title='bbox 3555 484 3750 529; x_wconf 87' lang='lat' dir='ltr'><strong>conce-</strong></span> 
     </span>
    </p>
   </div>
   <div class='ocr_carea' id='block_1_63' title="bbox 2163 552 3742 634">
    <p class='ocr_par' dir='ltr' id='par_1_63' title="bbox 2163 552 3742 634">
     <span class='ocr_line' id='line_1_63' title="bbox 2163 552 3742 634; baseline 0.008 -25"><span class='ocrx_word' id='word_1_484' title='bbox 2163 552 2346 623; x_wconf 88' lang='lat' dir='ltr'><strong>datur;</strong></span> <span class='ocrx_word' id='word_1_485' title='bbox 2374 555 2514 612; x_wconf 89' lang='lat' dir='ltr'><strong>Deus</strong></span> <span class='ocrx_word' id='word_1_486' title='bbox 2541 566 2718 615; x_wconf 89' lang='lat' dir='ltr'><strong>tamen</strong></span> <span class='ocrx_word' id='word_1_487' title='bbox 2741 574 2902 630; x_wconf 89' lang='lat' dir='ltr'><strong>super</strong></span> <span class='ocrx_word' id='word_1_488' title='bbox 2929 575 3024 618; x_wconf 92' lang='lat' dir='ltr'><strong>eos</strong></span> <span class='ocrx_word' id='word_1_489' title='bbox 3053 577 3163 618; x_wconf 82' lang='lat' dir='ltr'><strong>suae</strong></span> <span class='ocrx_word' id='word_1_490' title='bbox 3186 561 3452 634; x_wconf 72' lang='lat' dir='ltr'><strong>patientia:</strong></span> <span class='ocrx_word' id='word_1_491' title='bbox 3467 579 3577 620; x_wconf 89' lang='lat' dir='ltr'><strong>non</strong></span> <span class='ocrx_word' id='word_1_492' title='bbox 3603 565 3742 622; x_wconf 81' lang='lat' dir='ltr'><strong>obli-</strong></span> 
     </span>
    </p>
   </div>
   <div class='ocr_carea' id='block_1_64' title="bbox 2163 645 3745 725">
    <p class='ocr_par' dir='ltr' id='par_1_64' title="bbox 2163 645 3745 725">
     <span class='ocr_line' id='line_1_64' title="bbox 2163 645 3745 725; baseline 0.01 -26"><span class='ocrx_word' id='word_1_493' title='bbox 2163 645 2400 702; x_wconf 87' lang='lat' dir='ltr'><strong>viscitur.</strong></span> <span class='ocrx_word' id='word_1_494' title='bbox 2441 647 2518 702; x_wconf 80' lang='lat' dir='ltr'><strong>Ex</strong></span> <span class='ocrx_word' id='word_1_495' title='bbox 2547 664 2774 720; x_wconf 91' lang='lat' dir='ltr'><strong>quorum</strong></span> <span class='ocrx_word' id='word_1_496' title='bbox 2799 666 3024 708; x_wconf 89' lang='lat' dir='ltr'><strong>numero</strong></span> <span class='ocrx_word' id='word_1_497' title='bbox 3044 653 3089 708; x_wconf 93' lang='lat' dir='ltr'><strong>si</strong></span> <span class='ocrx_word' id='word_1_498' title='bbox 3113 652 3235 725; x_wconf 91' lang='lat' dir='ltr'><strong>quis</strong></span> <span class='ocrx_word' id='word_1_499' title='bbox 3261 654 3414 711; x_wconf 93' lang='lat' dir='ltr'><strong>nobis</strong></span> <span class='ocrx_word' id='word_1_500' title='bbox 3443 654 3609 724; x_wconf 88' lang='lat' dir='ltr'><strong>dicat,</strong></span> <span class='ocrx_word' id='word_1_501' title='bbox 3636 656 3745 715; x_wconf 82' lang='lat' dir='ltr'><strong>Aut</strong></span> 
     </span>
    </p>
   </div>
   <div class='ocr_carea' id='block_1_65' title="bbox 2163 738 3745 817">
    <p class='ocr_par' dir='ltr' id='par_1_65' title="bbox 2163 738 3745 817">
     <span class='ocr_line' id='line_1_65' title="bbox 2163 738 3745 817; baseline 0.008 -23"><span class='ocrx_word' id='word_1_502' title='bbox 2163 738 2287 796; x_wconf 89' lang='lat' dir='ltr'><strong>date</strong></span> <span class='ocrx_word' id='word_1_503' title='bbox 2305 739 2435 796; x_wconf 91' lang='lat' dir='ltr'><strong>mihi</strong></span> <span class='ocrx_word' id='word_1_504' title='bbox 2463 741 2712 799; x_wconf 89' lang='lat' dir='ltr'><strong>eumdem</strong></span> <span class='ocrx_word' id='word_1_505' title='bbox 2741 745 2931 801; x_wconf 88' lang='lat' dir='ltr'><strong>iterum</strong></span> <span class='ocrx_word' id='word_1_506' title='bbox 2957 747 3251 817; x_wconf 70' lang='lat' dir='ltr'><strong>paenitendi</strong></span> <span class='ocrx_word' id='word_1_507' title='bbox 3304 748 3500 816; x_wconf 90' lang='lat' dir='ltr'><strong>locum,</strong></span> <span class='ocrx_word' id='word_1_508' title='bbox 3529 761 3624 806; x_wconf 90' lang='lat' dir='ltr'><strong>aut</strong></span> <span class='ocrx_word' id='word_1_509' title='bbox 3643 749 3745 806; x_wconf 83' lang='lat' dir='ltr'><strong>de-</strong></span> 
     </span>
    </p>
   </div>
   <div class='ocr_carea' id='block_1_66' title="bbox 2171 836 3744 912">
    <p class='ocr_par' dir='ltr' id='par_1_66' title="bbox 2171 836 3744 912">
     <span class='ocr_line' id='line_1_66' title="bbox 2171 836 3744 912; baseline 0.008 -26"><span class='ocrx_word' id='word_1_510' title='bbox 2171 842 2451 902; x_wconf 88' lang='lat' dir='ltr'><strong>speratum</strong></span> <span class='ocrx_word' id='word_1_511' title='bbox 2484 849 2572 891; x_wconf 91' lang='lat' dir='ltr'><strong>me</strong></span> <span class='ocrx_word' id='word_1_512' title='bbox 2593 836 2900 905; x_wconf 88' lang='lat' dir='ltr'><strong>permittite,</strong></span> <span class='ocrx_word' id='word_1_513' title='bbox 2929 847 2987 893; x_wconf 93' lang='lat' dir='ltr'><strong>ut</strong></span> <span class='ocrx_word' id='word_1_514' title='bbox 3004 838 3192 894; x_wconf 88' lang='lat' dir='ltr'><strong>faciam</strong></span> <span class='ocrx_word' id='word_1_515' title='bbox 3216 839 3469 912; x_wconf 90' lang='lat' dir='ltr'><strong>quidquid</strong></span> <span class='ocrx_word' id='word_1_516' title='bbox 3509 841 3744 912; x_wconf 88' lang='lat' dir='ltr'><strong>libuerit,</strong></span> 
     </span>
    </p>
   </div>
   <div class='ocr_carea' id='block_1_67' title="bbox 2163 923 3746 1004">
    <p class='ocr_par' dir='ltr' id='par_1_67' title="bbox 2163 923 3746 1004">
     <span class='ocr_line' id='line_1_67' title="bbox 2163 923 3746 1004; baseline 0.01 -29"><span class='ocrx_word' id='word_1_517' title='bbox 2163 932 2415 993; x_wconf 87' lang='lat' dir='ltr'><strong>quantum</strong></span> <span class='ocrx_word' id='word_1_518' title='bbox 2437 923 2570 980; x_wconf 89' lang='lat' dir='ltr'><strong>meis</strong></span> <span class='ocrx_word' id='word_1_519' title='bbox 2584 924 2775 997; x_wconf 90' lang='lat' dir='ltr'><strong>opibus</strong></span> <span class='ocrx_word' id='word_1_520' title='bbox 2793 927 3036 998; x_wconf 88' lang='lat' dir='ltr'><strong>adjuver,</strong></span> <span class='ocrx_word' id='word_1_521' title='bbox 3058 939 3113 987; x_wconf 90' lang='lat' dir='ltr'><strong>et</strong></span> <span class='ocrx_word' id='word_1_522' title='bbox 3145 930 3388 988; x_wconf 87' lang='lat' dir='ltr'><strong>humanis</strong></span> <span class='ocrx_word' id='word_1_523' title='bbox 3403 931 3609 1004; x_wconf 83' lang='lat' dir='ltr'><strong>legibus</strong></span> <span class='ocrx_word' id='word_1_524' title='bbox 3636 949 3746 992; x_wconf 87' lang='lat' dir='ltr'><strong>non</strong></span> 
     </span>
    </p>
   </div>
   <div class='ocr_carea' id='block_1_68' title="bbox 2161 1011 3750 1097">
    <p class='ocr_par' dir='ltr' id='par_1_68' title="bbox 2161 1011 3750 1097">
     <span class='ocr_line' id='line_1_68' title="bbox 2161 1011 3750 1097; baseline 0.009 -30"><span class='ocrx_word' id='word_1_525' title='bbox 2161 1011 2466 1082; x_wconf 84' lang='lat' dir='ltr'><strong>prohibeor,</strong></span> <span class='ocrx_word' id='word_1_526' title='bbox 2492 1015 2546 1071; x_wconf 91' lang='lat' dir='ltr'><strong>in</strong></span> <span class='ocrx_word' id='word_1_527' title='bbox 2567 1018 2779 1088; x_wconf 91' lang='lat' dir='ltr'><strong>scortis,</strong></span> <span class='ocrx_word' id='word_1_528' title='bbox 2805 1019 3054 1092; x_wconf 90' lang='lat' dir='ltr'><strong>omnique</strong></span> <span class='ocrx_word' id='word_1_529' title='bbox 3075 1021 3303 1090; x_wconf 82' lang='lat' dir='ltr'><strong>luxuria,</strong></span> <span class='ocrx_word' id='word_1_530' title='bbox 3323 1021 3606 1080; x_wconf 89' lang='lat' dir='ltr'><strong>damnabili</strong></span> <span class='ocrx_word' id='word_1_531' title='bbox 3631 1027 3750 1097; x_wconf 82' lang='lat' dir='ltr'><strong>qui-</strong></span> 
     </span>
    </p>
   </div>
   <div class='ocr_carea' id='block_1_69' title="bbox 2161 1102 3749 1190">
    <p class='ocr_par' dir='ltr' id='par_1_69' title="bbox 2161 1102 3749 1190">
     <span class='ocr_line' id='line_1_69' title="bbox 2161 1102 3749 1190; baseline 0.011 -32"><span class='ocrx_word' id='word_1_532' title='bbox 2161 1102 2285 1159; x_wconf 91' lang='lat' dir='ltr'><strong>dem</strong></span> <span class='ocrx_word' id='word_1_533' title='bbox 2335 1106 2475 1176; x_wconf 89' lang='lat' dir='ltr'><strong>apud</strong></span> <span class='ocrx_word' id='word_1_534' title='bbox 2511 1108 2816 1179; x_wconf 91' lang='lat' dir='ltr'><strong>Dominum,</strong></span> <span class='ocrx_word' id='word_1_535' title='bbox 2862 1111 2960 1170; x_wconf 89' lang='lat' dir='ltr'><strong>sed</strong></span> <span class='ocrx_word' id='word_1_536' title='bbox 2999 1114 3139 1184; x_wconf 86' lang='lat' dir='ltr'><strong>apud</strong></span> <span class='ocrx_word' id='word_1_537' title='bbox 3183 1114 3428 1173; x_wconf 91' lang='lat' dir='ltr'><strong>homines</strong></span> <span class='ocrx_word' id='word_1_538' title='bbox 3466 1117 3749 1190; x_wconf 86' lang='lat' dir='ltr'><strong>pleresque</strong></span> 
     </span>
    </p>
   </div>
   <div class='ocr_carea' id='block_1_70' title="bbox 2161 1198 3746 1280">
    <p class='ocr_par' dir='ltr' id='par_1_70' title="bbox 2161 1198 3746 1280">
     <span class='ocr_line' id='line_1_70' title="bbox 2161 1198 3746 1280; baseline 0.009 -26"><span class='ocrx_word' id='word_1_539' title='bbox 2161 1198 2324 1254; x_wconf 88' lang='lat' dir='ltr'><strong>etiam</strong></span> <span class='ocrx_word' id='word_1_540' title='bbox 2355 1199 2606 1257; x_wconf 89' lang='lat' dir='ltr'><strong>laudabili</strong></span> <span class='ocrx_word' id='word_1_541' title='bbox 2633 1221 2649 1259; x_wconf 91' lang='lat'><strong>:</strong></span> <span class='ocrx_word' id='word_1_542' title='bbox 2675 1212 2769 1260; x_wconf 90' lang='lat' dir='ltr'><strong>aut</strong></span> <span class='ocrx_word' id='word_1_543' title='bbox 2795 1206 2842 1261; x_wconf 93' lang='lat' dir='ltr'><strong>si</strong></span> <span class='ocrx_word' id='word_1_544' title='bbox 2868 1221 2957 1262; x_wconf 89' lang='lat' dir='ltr'><strong>me</strong></span> <span class='ocrx_word' id='word_1_545' title='bbox 2981 1206 3049 1262; x_wconf 91' lang='lat' dir='ltr'><strong>ab</strong></span> <span class='ocrx_word' id='word_1_546' title='bbox 3075 1205 3176 1264; x_wconf 88' lang='lat' dir='ltr'><strong>hac</strong></span> <span class='ocrx_word' id='word_1_547' title='bbox 3201 1209 3433 1280; x_wconf 76' lang='lat' dir='ltr'><strong>nequitia</strong></span> <span class='ocrx_word' id='word_1_548' title='bbox 3461 1209 3746 1279; x_wconf 82' lang='lat' dir='ltr'><strong>revocatis,</strong></span> 
     </span>
    </p>
   </div>
   <div class='ocr_carea' id='block_1_71' title="bbox 2162 1289 3750 1372">
    <p class='ocr_par' dir='ltr' id='par_1_71' title="bbox 2162 1289 3750 1372">
     <span class='ocr_line' id='line_1_71' title="bbox 2162 1289 3750 1372; baseline 0.009 -28"><span class='ocrx_word' id='word_1_549' title='bbox 2162 1289 2325 1346; x_wconf 92' lang='lat' dir='ltr'><strong>dicite</strong></span> <span class='ocrx_word' id='word_1_550' title='bbox 2349 1299 2526 1348; x_wconf 88' lang='lat' dir='ltr'><strong>utrum</strong></span> <span class='ocrx_word' id='word_1_551' title='bbox 2551 1293 2682 1350; x_wconf 90' lang='lat' dir='ltr'><strong>mihi</strong></span> <span class='ocrx_word' id='word_1_552' title='bbox 2709 1296 2906 1368; x_wconf 89' lang='lat' dir='ltr'><strong>aliquid</strong></span> <span class='ocrx_word' id='word_1_553' title='bbox 2948 1301 3118 1370; x_wconf 87' lang='lat' dir='ltr'><strong>prosit</strong></span> <span class='ocrx_word' id='word_1_554' title='bbox 3139 1298 3209 1355; x_wconf 90' lang='lat' dir='ltr'><strong>ad</strong></span> <span class='ocrx_word' id='word_1_555' title='bbox 3246 1301 3406 1356; x_wconf 89' lang='lat' dir='ltr'><strong>vitam</strong></span> <span class='ocrx_word' id='word_1_556' title='bbox 3429 1300 3684 1372; x_wconf 89' lang='lat' dir='ltr'><strong>futuram,</strong></span> <span class='ocrx_word' id='word_1_557' title='bbox 3703 1303 3750 1359; x_wconf 92' lang='lat' dir='ltr'><strong>si</strong></span> 
     </span>
    </p>
   </div>
   <div class='ocr_carea' id='block_1_72' title="bbox 2163 1381 3753 1462">
    <p class='ocr_par' dir='ltr' id='par_1_72' title="bbox 2163 1381 3753 1462">
     <span class='ocr_line' id='line_1_72' title="bbox 2163 1381 3753 1462; baseline 0.008 -24"><span class='ocrx_word' id='word_1_558' title='bbox 2163 1381 2217 1438; x_wconf 93' lang='lat' dir='ltr'><strong>in</strong></span> <span class='ocrx_word' id='word_1_559' title='bbox 2263 1384 2366 1440; x_wconf 89' lang='lat' dir='ltr'><strong>ista</strong></span> <span class='ocrx_word' id='word_1_560' title='bbox 2405 1385 3022 1447; x_wconf 74' lang='lat' dir='ltr'><strong>vita&#39;illccebrosissima:</strong></span> <span class='ocrx_word' id='word_1_561' title='bbox 3060 1392 3346 1462; x_wconf 87' lang='lat' dir='ltr'><strong>voluptatis</strong></span> <span class='ocrx_word' id='word_1_562' title='bbox 3389 1393 3753 1452; x_wconf 85' lang='lat' dir='ltr'><strong>blandimenta</strong></span> 
     </span>
    </p>
   </div>
   <div class='ocr_carea' id='block_1_73' title="bbox 2161 1479 3750 1552">
    <p class='ocr_par' dir='ltr' id='par_1_73' title="bbox 2161 1479 3750 1552">
     <span class='ocr_line' id='line_1_73' title="bbox 2161 1479 3750 1552; baseline 0.006 -21"><span class='ocrx_word' id='word_1_563' title='bbox 2161 1485 2554 1548; x_wconf 85' lang='lat' dir='ltr'><strong>contempsere,</strong></span> <span class='ocrx_word' id='word_1_564' title='bbox 2582 1479 2629 1534; x_wconf 89' lang='lat' dir='ltr'><strong>si</strong></span> <span class='ocrx_word' id='word_1_565' title='bbox 2672 1480 2949 1539; x_wconf 91' lang='lat' dir='ltr'><strong>libidinum</strong></span> <span class='ocrx_word' id='word_1_566' title='bbox 2990 1481 3332 1540; x_wconf 90' lang='lat' dir='ltr'><strong>incitamenta</strong></span> <span class='ocrx_word' id='word_1_567' title='bbox 3357 1483 3663 1552; x_wconf 85' lang='lat' dir='ltr'><strong>frenavero,</strong></span> <span class='ocrx_word' id='word_1_568' title='bbox 3704 1486 3750 1541; x_wconf 88' lang='lat' dir='ltr'><strong>si</strong></span> 
     </span>
    </p>
   </div>
   <div class='ocr_carea' id='block_1_74' title="bbox 2162 1567 3741 1643">
    <p class='ocr_par' dir='ltr' id='par_1_74' title="bbox 2162 1567 3741 1643">
     <span class='ocr_line' id='line_1_74' title="bbox 2162 1567 3741 1643; baseline 0.006 -20"><span class='ocrx_word' id='word_1_569' title='bbox 2162 1567 2229 1624; x_wconf 84' lang='lat' dir='ltr'><strong>ad</strong></span> <span class='ocrx_word' id='word_1_570' title='bbox 2243 1570 2606 1642; x_wconf 87' lang='lat' dir='ltr'><strong>castigandum</strong></span> <span class='ocrx_word' id='word_1_571' title='bbox 2627 1587 2819 1643; x_wconf 91' lang='lat' dir='ltr'><strong>corpus</strong></span> <span class='ocrx_word' id='word_1_572' title='bbox 2846 1589 3023 1630; x_wconf 90' lang='lat' dir='ltr'><strong>meum</strong></span> <span class='ocrx_word' id='word_1_573' title='bbox 3051 1575 3218 1631; x_wconf 90' lang='lat' dir='ltr'><strong>multa</strong></span> <span class='ocrx_word' id='word_1_574' title='bbox 3244 1575 3376 1632; x_wconf 84' lang='lat' dir='ltr'><strong>mihi</strong></span> <span class='ocrx_word' id='word_1_575' title='bbox 3409 1577 3569 1632; x_wconf 88' lang='lat' dir='ltr'><strong>etiam</strong></span> <span class='ocrx_word' id='word_1_576' title='bbox 3596 1578 3741 1634; x_wconf 89' lang='lat' dir='ltr'><strong>licita</strong></span> 
     </span>
    </p>
   </div>
   <div class='ocr_carea' id='block_1_75' title="bbox 2161 1665 3750 1738">
    <p class='ocr_par' dir='ltr' id='par_1_75' title="bbox 2161 1665 3750 1738">
     <span class='ocr_line' id='line_1_75' title="bbox 2161 1665 3750 1738; baseline 0.004 -19"><span class='ocrx_word' id='word_1_577' title='bbox 2161 1671 2219 1719; x_wconf 87' lang='lat' dir='ltr'><strong>et</strong></span> <span class='ocrx_word' id='word_1_578' title='bbox 2241 1678 2496 1720; x_wconf 87' lang='lat' dir='ltr'><strong>concessa</strong></span> <span class='ocrx_word' id='word_1_579' title='bbox 2518 1665 2850 1734; x_wconf 83' lang='lat' dir='ltr'><strong>subtraxero,</strong></span> <span class='ocrx_word' id='word_1_580' title='bbox 2867 1667 2913 1721; x_wconf 88' lang='lat' dir='ltr'><strong>si</strong></span> <span class='ocrx_word' id='word_1_581' title='bbox 2939 1683 3025 1723; x_wconf 91' lang='lat' dir='ltr'><strong>me</strong></span> <span class='ocrx_word' id='word_1_582' title='bbox 3045 1667 3352 1738; x_wconf 61' lang='lat' dir='ltr'><strong>paenitendo</strong></span> <span class='ocrx_word' id='word_1_583' title='bbox 3380 1667 3750 1726; x_wconf 89' lang='lat' dir='ltr'><strong>vehementius</strong></span> 
     </span>
    </p>
   </div>
   <div class='ocr_carea' id='block_1_76' title="bbox 2161 1757 3744 1833">
    <p class='ocr_par' dir='ltr' id='par_1_76' title="bbox 2161 1757 3744 1833">
     <span class='ocr_line' id='line_1_76' title="bbox 2161 1757 3744 1833; baseline 0.006 -23"><span class='ocrx_word' id='word_1_584' title='bbox 2161 1769 2320 1826; x_wconf 86' lang='lat' dir='ltr'><strong>quam</strong></span> <span class='ocrx_word' id='word_1_585' title='bbox 2351 1757 2495 1829; x_wconf 90' lang='lat' dir='ltr'><strong>prius</strong></span> <span class='ocrx_word' id='word_1_586' title='bbox 2520 1761 2920 1828; x_wconf 82' lang='lat' dir='ltr'><strong>excruciavero,</strong></span> <span class='ocrx_word' id='word_1_587' title='bbox 2947 1761 2991 1816; x_wconf 90' lang='lat' dir='ltr'><strong>si</strong></span> <span class='ocrx_word' id='word_1_588' title='bbox 3019 1761 3372 1818; x_wconf 86' lang='lat' dir='ltr'><strong>miserabilius</strong></span> <span class='ocrx_word' id='word_1_589' title='bbox 3408 1761 3744 1833; x_wconf 84' lang='lat' dir='ltr'><strong>ingemuere;</strong></span> 
     </span>
    </p>
   </div>
   <div class='ocr_carea' id='block_1_77' title="bbox 2162 1847 3746 1926">
    <p class='ocr_par' dir='ltr' id='par_1_77' title="bbox 2162 1847 3746 1926">
     <span class='ocr_line' id='line_1_77' title="bbox 2162 1847 3746 1926; baseline 0.008 -24"><span class='ocrx_word' id='word_1_590' title='bbox 2162 1847 2210 1902; x_wconf 91' lang='lat' dir='ltr'><strong>si</strong></span> <span class='ocrx_word' id='word_1_591' title='bbox 2242 1847 2441 1906; x_wconf 83' lang='lat' dir='ltr'><strong>flevere</strong></span> <span class='ocrx_word' id='word_1_592' title='bbox 2480 1851 2714 1917; x_wconf 89' lang='lat' dir='ltr'><strong>uberius,</strong></span> <span class='ocrx_word' id='word_1_593' title='bbox 2745 1852 2790 1908; x_wconf 91' lang='lat' dir='ltr'><strong>si</strong></span> <span class='ocrx_word' id='word_1_594' title='bbox 2815 1853 2996 1909; x_wconf 83' lang='lat' dir='ltr'><strong>vixero</strong></span> <span class='ocrx_word' id='word_1_595' title='bbox 3025 1853 3235 1922; x_wconf 89' lang='lat' dir='ltr'><strong>melius,</strong></span> <span class='ocrx_word' id='word_1_596' title='bbox 3265 1855 3312 1911; x_wconf 90' lang='lat' dir='ltr'><strong>si</strong></span> <span class='ocrx_word' id='word_1_597' title='bbox 3350 1869 3614 1926; x_wconf 90' lang='lat' dir='ltr'><strong>pauperes</strong></span> <span class='ocrx_word' id='word_1_598' title='bbox 3654 1872 3746 1913; x_wconf 90' lang='lat' dir='ltr'><strong>su-</strong></span> 
     </span>
    </p>
   </div>
   <div class='ocr_carea' id='block_1_78' title="bbox 2163 1945 3752 2020">
    <p class='ocr_par' dir='ltr' id='par_1_78' title="bbox 2163 1945 3752 2020">
     <span class='ocr_line' id='line_1_78' title="bbox 2163 1945 3752 2020; baseline 0.005 -22"><span class='ocrx_word' id='word_1_599' title='bbox 2163 1951 2469 2000; x_wconf 90' lang='lat' dir='ltr'><strong>stentavero</strong></span> <span class='ocrx_word' id='word_1_600' title='bbox 2491 1945 2708 2018; x_wconf 83' lang='lat' dir='ltr'><strong>largius,</strong></span> <span class='ocrx_word' id='word_1_601' title='bbox 2736 1946 2781 2002; x_wconf 90' lang='lat' dir='ltr'><strong>si</strong></span> <span class='ocrx_word' id='word_1_602' title='bbox 2801 1946 3080 2017; x_wconf 90' lang='lat' dir='ltr'><strong>charitate,</strong></span> <span class='ocrx_word' id='word_1_603' title='bbox 3111 1964 3229 2020; x_wconf 64' lang='lat' dir='ltr'><strong>qua:</strong></span> <span class='ocrx_word' id='word_1_604' title='bbox 3253 1949 3424 2020; x_wconf 90' lang='lat' dir='ltr'><strong>operit</strong></span> <span class='ocrx_word' id='word_1_605' title='bbox 3450 1950 3752 2007; x_wconf 81' lang='lat' dir='ltr'><strong>multitudi-</strong></span> 
     </span>
    </p>
   </div>
   <div class='ocr_carea' id='block_1_79' title="bbox 2162 2035 3750 2111">
    <p class='ocr_par' dir='ltr' id='par_1_79' title="bbox 2162 2035 3750 2111">
     <span class='ocr_line' id='line_1_79' title="bbox 2162 2035 3750 2111; baseline 0.006 -22"><span class='ocrx_word' id='word_1_606' title='bbox 2162 2047 2285 2090; x_wconf 92' lang='lat' dir='ltr'><strong>nem</strong></span> <span class='ocrx_word' id='word_1_607' title='bbox 2326 2044 2664 2105; x_wconf 89' lang='lat' dir='ltr'><strong>peccatorum</strong></span> <span class='ocrx_word' id='word_1_608' title='bbox 2691 2036 2744 2108; x_wconf 85' lang='grc' dir='ltr'><strong>(Ι</strong></span> <span class='ocrx_word' id='word_1_609' title='bbox 2783 2035 2928 2093; x_wconf 86' lang='lat' dir='ltr'><strong>Petr.</strong></span> <span class='ocrx_word' id='word_1_610' title='bbox 2967 2054 3080 2107; x_wconf 88' lang='lat' dir='ltr'><strong>vnt,</strong></span> <span class='ocrx_word' id='word_1_611' title='bbox 3108 2039 3204 2111; x_wconf 74' lang='grc'><strong>4),</strong></span> <span class='ocrx_word' id='word_1_612' title='bbox 3238 2038 3533 2110; x_wconf 84' lang='lat' dir='ltr'><strong>ﬂagravere</strong></span> <span class='ocrx_word' id='word_1_613' title='bbox 3555 2042 3750 2098; x_wconf 74' lang='lat' dir='ltr'><strong>arden-</strong></span> 
     </span>
    </p>
   </div>
   <div class='ocr_carea' id='block_1_80' title="bbox 2163 2125 3747 2204">
    <p class='ocr_par' dir='ltr' id='par_1_80' title="bbox 2163 2125 3747 2204">
     <span class='ocr_line' id='line_1_80' title="bbox 2163 2125 3747 2204; baseline 0.006 -24"><span class='ocrx_word' id='word_1_614' title='bbox 2163 2125 2442 2197; x_wconf 81' lang='lat' dir='ltr'><strong>tius;-quis</strong></span> <span class='ocrx_word' id='word_1_615' title='bbox 2475 2137 2714 2184; x_wconf 91' lang='lat' dir='ltr'><strong>nostrum</strong></span> <span class='ocrx_word' id='word_1_616' title='bbox 2741 2128 2814 2184; x_wconf 91' lang='lat' dir='ltr'><strong>ita</strong></span> <span class='ocrx_word' id='word_1_617' title='bbox 2859 2129 3072 2202; x_wconf 89' lang='lat' dir='ltr'><strong>desipit,</strong></span> <span class='ocrx_word' id='word_1_618' title='bbox 3106 2139 3164 2186; x_wconf 92' lang='lat' dir='ltr'><strong>ut</strong></span> <span class='ocrx_word' id='word_1_619' title='bbox 3194 2131 3318 2188; x_wconf 90' lang='lat' dir='ltr'><strong>huic</strong></span> <span class='ocrx_word' id='word_1_620' title='bbox 3352 2132 3556 2190; x_wconf 87' lang='lat' dir='ltr'><strong>homini</strong></span> <span class='ocrx_word' id='word_1_621' title='bbox 3581 2132 3747 2204; x_wconf 89' lang='lat' dir='ltr'><strong>dicat,</strong></span> 
     </span>
    </p>
   </div>
   <div class='ocr_carea' id='block_1_81' title="bbox 2161 2215 3745 2294">
    <p class='ocr_par' dir='ltr' id='par_1_81' title="bbox 2161 2215 3745 2294">
     <span class='ocr_line' id='line_1_81' title="bbox 2161 2215 3745 2294; baseline 0.006 -22"><span class='ocrx_word' id='word_1_622' title='bbox 2161 2215 2302 2272; x_wconf 88' lang='lat' dir='ltr'><strong>Nihil</strong></span> <span class='ocrx_word' id='word_1_623' title='bbox 2335 2219 2426 2273; x_wconf 92' lang='lat' dir='ltr'><strong>tibi</strong></span> <span class='ocrx_word' id='word_1_624' title='bbox 2473 2218 2572 2275; x_wconf 92' lang='lat' dir='ltr'><strong>ista</strong></span> <span class='ocrx_word' id='word_1_625' title='bbox 2603 2219 2893 2290; x_wconf 90' lang='lat' dir='ltr'><strong>proderunt</strong></span> <span class='ocrx_word' id='word_1_626' title='bbox 2928 2223 2982 2276; x_wconf 91' lang='lat' dir='ltr'><strong>in</strong></span> <span class='ocrx_word' id='word_1_627' title='bbox 3013 2231 3326 2292; x_wconf 90' lang='lat' dir='ltr'><strong>posterum;</strong></span> <span class='ocrx_word' id='word_1_628' title='bbox 3357 2225 3514 2294; x_wconf 90' lang='lat' dir='ltr'><strong>vade,</strong></span> <span class='ocrx_word' id='word_1_629' title='bbox 3548 2225 3745 2282; x_wconf 87' lang='lat' dir='ltr'><strong>saltem</strong></span> 
     </span>
    </p>
   </div>
   <div class='ocr_carea' id='block_1_82' title="bbox 2159 2308 3750 2384">
    <p class='ocr_par' dir='ltr' id='par_1_82' title="bbox 2159 2308 3750 2384">
     <span class='ocr_line' id='line_1_82' title="bbox 2159 2308 3750 2384; baseline 0.008 -21"><span class='ocrx_word' id='word_1_630' title='bbox 2159 2308 2284 2364; x_wconf 83' lang='lat' dir='ltr'><strong>vitae</strong></span> <span class='ocrx_word' id='word_1_631' title='bbox 2333 2309 2491 2382; x_wconf 86' lang='lat' dir='ltr'><strong>hujus</strong></span> <span class='ocrx_word' id='word_1_632' title='bbox 2534 2313 2795 2369; x_wconf 90' lang='lat' dir='ltr'><strong>suavitate</strong></span> <span class='ocrx_word' id='word_1_633' title='bbox 2842 2312 3395 2384; x_wconf 88' lang='lat' dir='ltr'><strong>perfruere?Avertat</strong></span> <span class='ocrx_word' id='word_1_634' title='bbox 3442 2317 3584 2374; x_wconf 90' lang='lat' dir='ltr'><strong>Deus</strong></span> <span class='ocrx_word' id='word_1_635' title='bbox 3641 2328 3750 2376; x_wconf 90' lang='lat' dir='ltr'><strong>tam</strong></span> 
     </span>
    </p>
   </div>
   <div class='ocr_carea' id='block_1_83' title="bbox 2160 2399 3750 2483">
    <p class='ocr_par' dir='ltr' id='par_1_83' title="bbox 2160 2399 3750 2483">
     <span class='ocr_line' id='line_1_83' title="bbox 2160 2399 3750 2483; baseline 0.009 -29"><span class='ocrx_word' id='word_1_636' title='bbox 2160 2399 2448 2457; x_wconf 89' lang='lat' dir='ltr'><strong>immanem</strong></span> <span class='ocrx_word' id='word_1_637' title='bbox 2495 2404 2912 2476; x_wconf 84' lang='lat' dir='ltr'><strong>sacrilegamque</strong></span> <span class='ocrx_word' id='word_1_638' title='bbox 2951 2406 3308 2463; x_wconf 86' lang='lat' dir='ltr'><strong>dementiam!</strong></span> <span class='ocrx_word' id='word_1_639' title='bbox 3340 2408 3590 2476; x_wconf 84' lang='lat' dir='ltr'><strong>Quamvis</strong></span> <span class='ocrx_word' id='word_1_640' title='bbox 3619 2427 3750 2483; x_wconf 91' lang='lat' dir='ltr'><strong>ergo</strong></span> 
     </span>
    </p>
   </div>
   <div class='ocr_carea' id='block_1_84' title="bbox 2163 2493 3748 2568">
    <p class='ocr_par' dir='ltr' id='par_1_84' title="bbox 2163 2493 3748 2568">
     <span class='ocr_line' id='line_1_84' title="bbox 2163 2493 3748 2568; baseline 0.006 -20"><span class='ocrx_word' id='word_1_641' title='bbox 2163 2501 2318 2548; x_wconf 84' lang='lat' dir='ltr'><strong>caute</strong></span> <span class='ocrx_word' id='word_1_642' title='bbox 2344 2493 2733 2566; x_wconf 89' lang='lat' dir='ltr'><strong>salubriterque</strong></span> <span class='ocrx_word' id='word_1_643' title='bbox 2751 2498 3018 2568; x_wconf 88' lang='lat' dir='ltr'><strong>provisum</strong></span> <span class='ocrx_word' id='word_1_644' title='bbox 3041 2499 3108 2553; x_wconf 91' lang='lat' dir='ltr'><strong>sit</strong></span> <span class='ocrx_word' id='word_1_645' title='bbox 3134 2506 3192 2554; x_wconf 91' lang='lat' dir='ltr'><strong>ut</strong></span> <span class='ocrx_word' id='word_1_646' title='bbox 3210 2499 3358 2556; x_wconf 89' lang='lat' dir='ltr'><strong>locus</strong></span> <span class='ocrx_word' id='word_1_647' title='bbox 3383 2500 3522 2556; x_wconf 92' lang='lat' dir='ltr'><strong>illius</strong></span> <span class='ocrx_word' id='word_1_648' title='bbox 3547 2500 3748 2558; x_wconf 88' lang='lat' dir='ltr'><strong>humil-</strong></span> 
     </span>
    </p>
   </div>
   <div class='ocr_carea' id='block_1_85' title="bbox 2158 2582 3750 2662">
    <p class='ocr_par' dir='ltr' id='par_1_85' title="bbox 2158 2582 3750 2662">
     <span class='ocr_line' id='line_1_85' title="bbox 2158 2582 3750 2662; baseline 0.008 -24"><span class='ocrx_word' id='word_1_649' title='bbox 2158 2582 2299 2638; x_wconf 68' lang='lat' dir='ltr'><strong>lima:</strong></span> <span class='ocrx_word' id='word_1_650' title='bbox 2331 2585 2655 2655; x_wconf 69' lang='lat' dir='ltr'><strong>poenitentiae</strong></span> <span class='ocrx_word' id='word_1_651' title='bbox 2684 2589 2850 2643; x_wconf 89' lang='lat' dir='ltr'><strong>semel</strong></span> <span class='ocrx_word' id='word_1_652' title='bbox 2896 2589 2948 2643; x_wconf 91' lang='lat' dir='ltr'><strong>in</strong></span> <span class='ocrx_word' id='word_1_653' title='bbox 2991 2589 3232 2646; x_wconf 88' lang='lat' dir='ltr'><strong>Ecclesia</strong></span> <span class='ocrx_word' id='word_1_654' title='bbox 3277 2591 3631 2662; x_wconf 90' lang='lat' dir='ltr'><strong>concedatur,</strong></span> <span class='ocrx_word' id='word_1_655' title='bbox 3679 2609 3750 2651; x_wconf 88' lang='lat' dir='ltr'><strong>ne</strong></span> 
     </span>
    </p>
   </div>
   <div class='ocr_carea' id='block_1_86' title="bbox 2157 2673 3748 2757">
    <p class='ocr_par' dir='ltr' id='par_1_86' title="bbox 2157 2673 3748 2757">
     <span class='ocr_line' id='line_1_86' title="bbox 2157 2673 3748 2757; baseline 0.01 -29"><span class='ocrx_word' id='word_1_656' title='bbox 2157 2673 2422 2730; x_wconf 88' lang='lat' dir='ltr'><strong>medicina</strong></span> <span class='ocrx_word' id='word_1_657' title='bbox 2451 2676 2570 2731; x_wconf 90' lang='lat' dir='ltr'><strong>vilis</strong></span> <span class='ocrx_word' id='word_1_658' title='bbox 2598 2678 2774 2734; x_wconf 90' lang='lat' dir='ltr'><strong>minus</strong></span> <span class='ocrx_word' id='word_1_659' title='bbox 2808 2679 2950 2734; x_wconf 89' lang='lat' dir='ltr'><strong>utilis</strong></span> <span class='ocrx_word' id='word_1_660' title='bbox 2978 2690 3122 2737; x_wconf 89' lang='lat' dir='ltr'><strong>esset</strong></span> <span class='ocrx_word' id='word_1_661' title='bbox 3161 2685 3391 2754; x_wconf 70' lang='lat' dir='ltr'><strong>aegrotis,</strong></span> <span class='ocrx_word' id='word_1_662' title='bbox 3440 2703 3559 2757; x_wconf 74' lang='lat' dir='ltr'><strong>qua:</strong></span> <span class='ocrx_word' id='word_1_663' title='bbox 3598 2695 3748 2744; x_wconf 80' lang='lat' dir='ltr'><strong>tante</strong></span> 
     </span>
    </p>
   </div>
   <div class='ocr_carea' id='block_1_87' title="bbox 2162 2765 3743 2848">
    <p class='ocr_par' dir='ltr' id='par_1_87' title="bbox 2162 2765 3743 2848">
     <span class='ocr_line' id='line_1_87' title="bbox 2162 2765 3743 2848; baseline 0.01 -30"><span class='ocrx_word' id='word_1_664' title='bbox 2162 2765 2333 2837; x_wconf 88' lang='lat' dir='ltr'><strong>magis</strong></span> <span class='ocrx_word' id='word_1_665' title='bbox 2361 2767 2591 2824; x_wconf 90' lang='lat' dir='ltr'><strong>salubris</strong></span> <span class='ocrx_word' id='word_1_666' title='bbox 2611 2779 2712 2835; x_wconf 90' lang='lat' dir='ltr'><strong>est,</strong></span> <span class='ocrx_word' id='word_1_667' title='bbox 2740 2779 2938 2840; x_wconf 88' lang='lat' dir='ltr'><strong>quanto</strong></span> <span class='ocrx_word' id='word_1_668' title='bbox 2967 2772 3147 2828; x_wconf 88' lang='lat' dir='ltr'><strong>minus</strong></span> <span class='ocrx_word' id='word_1_669' title='bbox 3179 2777 3590 2848; x_wconf 89' lang='lat' dir='ltr'><strong>contemptibilis</strong></span> <span class='ocrx_word' id='word_1_670' title='bbox 3619 2777 3743 2835; x_wconf 83' lang='lat' dir='ltr'><strong>fue-</strong></span> 
     </span>
    </p>
   </div>
   <div class='ocr_carea' id='block_1_88' title="bbox 2156 2857 3747 2935">
    <p class='ocr_par' dir='ltr' id='par_1_88' title="bbox 2156 2857 3747 2935">
     <span class='ocr_line' id='line_1_88' title="bbox 2156 2857 3747 2935; baseline 0.01 -24"><span class='ocrx_word' id='word_1_671' title='bbox 2156 2857 2225 2912; x_wconf 91' lang='lat' dir='ltr'><strong>rit</strong></span> <span class='ocrx_word' id='word_1_672' title='bbox 2250 2872 2266 2924; x_wconf 93' lang='lat'><strong>;</strong></span> <span class='ocrx_word' id='word_1_673' title='bbox 2297 2859 2416 2930; x_wconf 90' lang='lat' dir='ltr'><strong>quis</strong></span> <span class='ocrx_word' id='word_1_674' title='bbox 2434 2870 2610 2916; x_wconf 90' lang='lat' dir='ltr'><strong>tamen</strong></span> <span class='ocrx_word' id='word_1_675' title='bbox 2634 2861 2827 2917; x_wconf 89' lang='lat' dir='ltr'><strong>audeat</strong></span> <span class='ocrx_word' id='word_1_676' title='bbox 2852 2862 3031 2920; x_wconf 89' lang='lat' dir='ltr'><strong>dicere</strong></span> <span class='ocrx_word' id='word_1_677' title='bbox 3053 2864 3161 2920; x_wconf 89' lang='lat' dir='ltr'><strong>Deo</strong></span> <span class='ocrx_word' id='word_1_678' title='bbox 3187 2883 3199 2918; x_wconf 91' lang='lat'><strong>:</strong></span> <span class='ocrx_word' id='word_1_679' title='bbox 3228 2867 3403 2935; x_wconf 87' lang='lat' dir='ltr'><strong>Quare</strong></span> <span class='ocrx_word' id='word_1_680' title='bbox 3424 2869 3546 2926; x_wconf 89' lang='lat' dir='ltr'><strong>huic</strong></span> <span class='ocrx_word' id='word_1_681' title='bbox 3571 2868 3747 2927; x_wconf 57' lang='lat' dir='ltr'><strong>benti-</strong></span> 
     </span>
    </p>
   </div>
   <div class='ocr_carea' id='block_1_89' title="bbox 2156 2949 3748 3032">
    <p class='ocr_par' dir='ltr' id='par_1_89' title="bbox 2156 2949 3748 3032">
     <span class='ocr_line' id='line_1_89' title="bbox 2156 2949 3748 3032; baseline 0.01 -28"><span class='ocrx_word' id='word_1_682' title='bbox 2156 2949 2234 3017; x_wconf 92' lang='lat' dir='ltr'><strong>ni,</strong></span> <span class='ocrx_word' id='word_1_683' title='bbox 2257 2951 2346 3020; x_wconf 93' lang='lat' dir='ltr'><strong>qui</strong></span> <span class='ocrx_word' id='word_1_684' title='bbox 2369 2961 2488 3021; x_wconf 91' lang='lat' dir='ltr'><strong>post</strong></span> <span class='ocrx_word' id='word_1_685' title='bbox 2507 2953 2731 3023; x_wconf 90' lang='lat' dir='ltr'><strong>primam</strong></span> <span class='ocrx_word' id='word_1_686' title='bbox 2754 2955 3119 3024; x_wconf 66' lang='lat' dir='ltr'><strong>paenitentiam</strong></span> <span class='ocrx_word' id='word_1_687' title='bbox 3141 2972 3326 3014; x_wconf 88' lang='lat' dir='ltr'><strong>rursus</strong></span> <span class='ocrx_word' id='word_1_688' title='bbox 3343 2974 3401 3016; x_wconf 90' lang='lat' dir='ltr'><strong>se</strong></span> <span class='ocrx_word' id='word_1_689' title='bbox 3423 2960 3626 3032; x_wconf 86' lang='lat' dir='ltr'><strong>laqueis</strong></span> <span class='ocrx_word' id='word_1_690' title='bbox 3653 2965 3748 3020; x_wconf 78' lang='lat' dir='ltr'><strong>ini-</strong></span> 
     </span>
    </p>
   </div>
   <div class='ocr_carea' id='block_1_90' title="bbox 2155 3045 3745 3122">
    <p class='ocr_par' dir='ltr' id='par_1_90' title="bbox 2155 3045 3745 3122">
     <span class='ocr_line' id='line_1_90' title="bbox 2155 3045 3745 3122; baseline 0.009 -22"><span class='ocrx_word' id='word_1_691' title='bbox 2155 3045 2374 3116; x_wconf 91' lang='lat' dir='ltr'><strong>quitatis</strong></span> <span class='ocrx_word' id='word_1_692' title='bbox 2400 3047 2700 3120; x_wconf 87' lang='lat' dir='ltr'><strong>obstringit,</strong></span> <span class='ocrx_word' id='word_1_693' title='bbox 2728 3048 2901 3106; x_wconf 89' lang='lat' dir='ltr'><strong>adhuc</strong></span> <span class='ocrx_word' id='word_1_694' title='bbox 2927 3049 3117 3106; x_wconf 91' lang='lat' dir='ltr'><strong>iterum</strong></span> <span class='ocrx_word' id='word_1_695' title='bbox 3145 3053 3362 3122; x_wconf 86' lang='lat' dir='ltr'><strong>parcis?</strong></span> <span class='ocrx_word' id='word_1_696' title='bbox 3399 3055 3527 3122; x_wconf 88' lang='lat' dir='ltr'><strong>Quis</strong></span> <span class='ocrx_word' id='word_1_697' title='bbox 3549 3057 3745 3114; x_wconf 87' lang='lat' dir='ltr'><strong>audeat</strong></span> 
     </span>
    </p>
   </div>
   <div class='ocr_carea' id='block_1_91' title="bbox 2155 3137 3742 3220">
    <p class='ocr_par' dir='ltr' id='par_1_91' title="bbox 2155 3137 3742 3220">
     <span class='ocr_line' id='line_1_91' title="bbox 2155 3137 3742 3220; baseline 0.008 -26"><span class='ocrx_word' id='word_1_698' title='bbox 2155 3137 2333 3196; x_wconf 88' lang='lat' dir='ltr'><strong>dicere</strong></span> <span class='ocrx_word' id='word_1_699' title='bbox 2356 3155 2478 3212; x_wconf 88' lang='lat' dir='ltr'><strong>erga</strong></span> <span class='ocrx_word' id='word_1_700' title='bbox 2508 3141 2639 3196; x_wconf 91' lang='lat' dir='ltr'><strong>istos</strong></span> <span class='ocrx_word' id='word_1_701' title='bbox 2664 3157 2772 3198; x_wconf 93' lang='lat' dir='ltr'><strong>non</strong></span> <span class='ocrx_word' id='word_1_702' title='bbox 2798 3143 2880 3214; x_wconf 91' lang='lat' dir='ltr'><strong>agi</strong></span> <span class='ocrx_word' id='word_1_703' title='bbox 2917 3142 3061 3214; x_wconf 93' lang='lat' dir='ltr'><strong>quod</strong></span> <span class='ocrx_word' id='word_1_704' title='bbox 3090 3145 3378 3215; x_wconf 82' lang='lat' dir='ltr'><strong>Apostolus</strong></span> <span class='ocrx_word' id='word_1_705' title='bbox 3396 3148 3489 3213; x_wconf 87' lang='lat' dir='ltr'><strong>ait,</strong></span> <span class='ocrx_word' id='word_1_706' title='bbox 3519 3145 3742 3220; x_wconf 82' lang='lat' dir='ltr'><strong>Ignoras</strong></span> 
     </span>
    </p>
   </div>
   <div class='ocr_carea' id='block_1_92' title="bbox 2154 3232 3740 3306">
    <p class='ocr_par' dir='ltr' id='par_1_92' title="bbox 2154 3232 3740 3306">
     <span class='ocr_line' id='line_1_92' title="bbox 2154 3232 3740 3306; baseline 0.009 -22"><span class='ocrx_word' id='word_1_707' title='bbox 2154 3232 2273 3301; x_wconf 91' lang='lat' dir='ltr'><strong>quia</strong></span> <span class='ocrx_word' id='word_1_708' title='bbox 2294 3233 2536 3303; x_wconf 86' lang='lat' dir='ltr'><strong>patientia</strong></span> <span class='ocrx_word' id='word_1_709' title='bbox 2563 3232 2660 3288; x_wconf 85' lang='lat' dir='ltr'><strong>Dei</strong></span> <span class='ocrx_word' id='word_1_710' title='bbox 2686 3236 2754 3288; x_wconf 89' lang='lat' dir='ltr'><strong>ad</strong></span> <span class='ocrx_word' id='word_1_711' title='bbox 2790 3236 3134 3306; x_wconf 67' lang='lat' dir='ltr'><strong>panitentiatn</strong></span> <span class='ocrx_word' id='word_1_712' title='bbox 3165 3245 3212 3292; x_wconf 84' lang='lat' dir='ltr'><strong>te</strong></span> <span class='ocrx_word' id='word_1_713' title='bbox 3241 3238 3448 3295; x_wconf 84' lang='lat' dir='ltr'><strong>adducit</strong></span> <span class='ocrx_word' id='word_1_714' title='bbox 3467 3241 3492 3295; x_wconf 85' lang='lat'><strong><em>?</em></strong></span> <span class='ocrx_word' id='word_1_715' title='bbox 3511 3253 3602 3296; x_wconf 88' lang='lat' dir='ltr'><strong>aut</strong></span> <span class='ocrx_word' id='word_1_716' title='bbox 3625 3244 3740 3298; x_wconf 85' lang='lat' dir='ltr'><strong>istis</strong></span> 
     </span>
    </p>
   </div>
   <div class='ocr_carea' id='block_1_93' title="bbox 2153 3326 3734 3400">
    <p class='ocr_par' dir='ltr' id='par_1_93' title="bbox 2153 3326 3734 3400">
     <span class='ocr_line' id='line_1_93' title="bbox 2153 3326 3734 3400; baseline 0.009 -21"><span class='ocrx_word' id='word_1_717' title='bbox 2153 3326 2393 3396; x_wconf 81' lang='lat' dir='ltr'><strong>exceptis</strong></span> <span class='ocrx_word' id='word_1_718' title='bbox 2413 3341 2532 3382; x_wconf 87' lang='lat' dir='ltr'><strong>esse</strong></span> <span class='ocrx_word' id='word_1_719' title='bbox 2553 3326 2830 3383; x_wconf 85' lang='lat' dir='ltr'><strong>definitum</strong></span> <span class='ocrx_word' id='word_1_720' title='bbox 2847 3329 2987 3400; x_wconf 92' lang='lat' dir='ltr'><strong>quod</strong></span> <span class='ocrx_word' id='word_1_721' title='bbox 3002 3329 3258 3400; x_wconf 89' lang='lat' dir='ltr'><strong>scriptum</strong></span> <span class='ocrx_word' id='word_1_722' title='bbox 3279 3341 3382 3399; x_wconf 89' lang='lat' dir='ltr'><strong>est,</strong></span> <span class='ocrx_word' id='word_1_723' title='bbox 3404 3332 3552 3390; x_wconf 83' lang='lat' dir='ltr'><strong>Beati</strong></span> <span class='ocrx_word' id='word_1_724' title='bbox 3567 3353 3734 3393; x_wconf 85' lang='lat' dir='ltr'><strong>omnes</strong></span> 
     </span>
    </p>
   </div>
   <div class='ocr_carea' id='block_1_94' title="bbox 2153 3417 3739 3493">
    <p class='ocr_par' dir='ltr' id='par_1_94' title="bbox 2153 3417 3739 3493">
     <span class='ocr_line' id='line_1_94' title="bbox 2153 3417 3739 3493; baseline 0.009 -24"><span class='ocrx_word' id='word_1_725' title='bbox 2153 3417 2240 3487; x_wconf 86' lang='lat' dir='ltr'><strong>qui</strong></span> <span class='ocrx_word' id='word_1_726' title='bbox 2279 3417 2540 3488; x_wconf 80' lang='lat' dir='ltr'><strong>conﬁdunt</strong></span> <span class='ocrx_word' id='word_1_727' title='bbox 2567 3419 2621 3473; x_wconf 91' lang='lat' dir='ltr'><strong>in</strong></span> <span class='ocrx_word' id='word_1_728' title='bbox 2647 3435 2761 3473; x_wconf 86' lang='lat' dir='ltr'><strong>eum</strong></span> <span class='ocrx_word' id='word_1_729' title='bbox 2784 3419 2805 3493; x_wconf 97' lang='lat'>(</span> <span class='ocrx_word' id='word_1_730' title='bbox 2826 3417 2972 3475; x_wconf 86' lang='lat' dir='ltr'><strong>Psal.</strong></span> <span class='ocrx_word' id='word_1_731' title='bbox 2995 3436 3054 3487; x_wconf 87' lang='lat' dir='ltr'><strong>tt,</strong></span> <span class='ocrx_word' id='word_1_732' title='bbox 3082 3422 3188 3492; x_wconf 78' lang='lat' dir='ltr'><strong>l3)</strong></span> <span class='ocrx_word' id='word_1_733' title='bbox 3216 3422 3241 3478; x_wconf 83' lang='lat'><strong>?</strong></span> <span class='ocrx_word' id='word_1_734' title='bbox 3265 3434 3357 3479; x_wconf 89' lang='lat' dir='ltr'><strong>aut</strong></span> <span class='ocrx_word' id='word_1_735' title='bbox 3380 3425 3446 3480; x_wconf 87' lang='lat' dir='ltr'><strong>ad</strong></span> <span class='ocrx_word' id='word_1_736' title='bbox 3469 3425 3599 3482; x_wconf 82' lang='lat' dir='ltr'><strong>istos</strong></span> <span class='ocrx_word' id='word_1_737' title='bbox 3630 3443 3739 3484; x_wconf 90' lang='lat' dir='ltr'><strong>non</strong></span> 
     </span>
    </p>
   </div>
   <div class='ocr_carea' id='block_1_95' title="bbox 2152 3508 3739 3589">
    <p class='ocr_par' dir='ltr' id='par_1_95' title="bbox 2152 3508 3739 3589">
     <span class='ocr_line' id='line_1_95' title="bbox 2152 3508 3739 3589; baseline 0.008 -28"><span class='ocrx_word' id='word_1_738' title='bbox 2152 3508 2422 3578; x_wconf 89' lang='lat' dir='ltr'><strong>pertinere</strong></span> <span class='ocrx_word' id='word_1_739' title='bbox 2447 3509 2590 3580; x_wconf 91' lang='lat' dir='ltr'><strong>quod</strong></span> <span class='ocrx_word' id='word_1_740' title='bbox 2629 3509 2842 3579; x_wconf 90' lang='lat' dir='ltr'><strong>dicitur,</strong></span> <span class='ocrx_word' id='word_1_741' title='bbox 2904 3509 3130 3567; x_wconf 84' lang='lat' dir='ltr'><strong>Virititer</strong></span> <span class='ocrx_word' id='word_1_742' title='bbox 3155 3514 3309 3585; x_wconf 84' lang='lat' dir='ltr'><strong>agite,</strong></span> <span class='ocrx_word' id='word_1_743' title='bbox 3341 3525 3390 3571; x_wconf 88' lang='lat' dir='ltr'><strong>et</strong></span> <span class='ocrx_word' id='word_1_744' title='bbox 3425 3520 3739 3589; x_wconf 77' lang='lat' dir='ltr'><strong>con/artetur</strong></span> 
     </span>
    </p>
   </div>
   <div class='ocr_carea' id='block_1_96' title="bbox 2150 3602 3732 3680">
    <p class='ocr_par' dir='ltr' id='par_1_96' title="bbox 2150 3602 3732 3680">
     <span class='ocr_line' id='line_1_96' title="bbox 2150 3602 3732 3680; baseline 0.008 -28"><span class='ocrx_word' id='word_1_745' title='bbox 2150 3613 2240 3652; x_wconf 89' lang='lat' dir='ltr'><strong>cor</strong></span> <span class='ocrx_word' id='word_1_746' title='bbox 2277 3608 2510 3667; x_wconf 80' lang='lat' dir='ltr'><strong>vestrum,</strong></span> <span class='ocrx_word' id='word_1_747' title='bbox 2556 3616 2726 3656; x_wconf 86' lang='lat' dir='ltr'><strong>omnes</strong></span> <span class='ocrx_word' id='word_1_748' title='bbox 2743 3602 2830 3673; x_wconf 89' lang='lat' dir='ltr'><strong>qui</strong></span> <span class='ocrx_word' id='word_1_749' title='bbox 2868 3602 3084 3674; x_wconf 82' lang='lat' dir='ltr'><strong>speratis</strong></span> <span class='ocrx_word' id='word_1_750' title='bbox 3134 3604 3188 3659; x_wconf 91' lang='lat' dir='ltr'><strong>in</strong></span> <span class='ocrx_word' id='word_1_751' title='bbox 3229 3603 3497 3663; x_wconf 87' lang='lat' dir='ltr'><strong>Dominum</strong></span> <span class='ocrx_word' id='word_1_752' title='bbox 3533 3607 3732 3680; x_wconf 81' lang='lat' dir='ltr'><strong>(Psal.</strong></span> 
     </span>
    </p>
   </div>
   <div class='ocr_carea' id='block_1_97' title="bbox 2149 3689 2470 3761">
    <p class='ocr_par' dir='ltr' id='par_1_97' title="bbox 2149 3689 2470 3761">
     <span class='ocr_line' id='line_1_97' title="bbox 2149 3689 2470 3761; baseline 0.003 -16"><span class='ocrx_word' id='word_1_753' title='bbox 2149 3702 2288 3759; x_wconf 76' lang='lat' dir='ltr'><strong>xxx,</strong></span> <span class='ocrx_word' id='word_1_754' title='bbox 2309 3689 2384 3748; x_wconf 66' lang='grc' dir='ltr'><strong>ΞΒ</strong></span> <span class='ocrx_word' id='word_1_755' title='bbox 2408 3689 2470 3761; x_wconf 80' lang='lat'><strong>)?</strong></span> 
     </span>
    </p>
   </div>
   <div class='ocr_carea' id='block_1_98' title="bbox 2221 3781 3736 3862">
    <p class='ocr_par' dir='ltr' id='par_1_98' title="bbox 2221 3781 3736 3862">
     <span class='ocr_line' id='line_1_98' title="bbox 2221 3781 3736 3862; baseline 0.007 -24"><span class='ocrx_word' id='word_1_756' title='bbox 2221 3781 2277 3838; x_wconf 88' lang='lat'><strong>8.</strong></span> <span class='ocrx_word' id='word_1_757' title='bbox 2305 3782 2436 3838; x_wconf 89' lang='lat' dir='ltr'><strong>Cum</strong></span> <span class='ocrx_word' id='word_1_758' title='bbox 2463 3782 2625 3854; x_wconf 88' lang='lat' dir='ltr'><strong>igitur</strong></span> <span class='ocrx_word' id='word_1_759' title='bbox 2649 3798 2810 3856; x_wconf 89' lang='lat' dir='ltr'><strong>super</strong></span> <span class='ocrx_word' id='word_1_760' title='bbox 2837 3795 3146 3858; x_wconf 89' lang='lat' dir='ltr'><strong>peccatores</strong></span> <span class='ocrx_word' id='word_1_761' title='bbox 3175 3795 3319 3844; x_wconf 88' lang='lat' dir='ltr'><strong>tanta</strong></span> <span class='ocrx_word' id='word_1_762' title='bbox 3349 3789 3418 3845; x_wconf 88' lang='lat' dir='ltr'><strong>sit</strong></span> <span class='ocrx_word' id='word_1_763' title='bbox 3459 3789 3736 3862; x_wconf 89' lang='lat' dir='ltr'><strong>patientia,</strong></span> 
     </span>
    </p>
   </div>
   <div class='ocr_carea' id='block_1_99' title="bbox 2151 3873 3739 3952">
    <p class='ocr_par' dir='ltr' id='par_1_99' title="bbox 2151 3873 3739 3952">
     <span class='ocr_line' id='line_1_99' title="bbox 2151 3873 3739 3952; baseline 0.008 -25"><span class='ocrx_word' id='word_1_764' title='bbox 2151 3879 2296 3928; x_wconf 89' lang='lat' dir='ltr'><strong>tanta</strong></span> <span class='ocrx_word' id='word_1_765' title='bbox 2337 3873 2701 3932; x_wconf 89' lang='lat' dir='ltr'><strong>misericordia</strong></span> <span class='ocrx_word' id='word_1_766' title='bbox 2730 3878 2845 3946; x_wconf 91' lang='lat' dir='ltr'><strong>Dei,</strong></span> <span class='ocrx_word' id='word_1_767' title='bbox 2868 3885 2928 3933; x_wconf 90' lang='lat' dir='ltr'><strong>ut</strong></span> <span class='ocrx_word' id='word_1_768' title='bbox 2954 3878 3007 3934; x_wconf 91' lang='lat' dir='ltr'><strong>in</strong></span> <span class='ocrx_word' id='word_1_769' title='bbox 3042 3879 3143 3936; x_wconf 88' lang='lat' dir='ltr'><strong>hac</strong></span> <span class='ocrx_word' id='word_1_770' title='bbox 3175 3881 3448 3952; x_wconf 86' lang='lat' dir='ltr'><strong>temporali</strong></span> <span class='ocrx_word' id='word_1_771' title='bbox 3478 3883 3584 3938; x_wconf 88' lang='lat' dir='ltr'><strong>vita</strong></span> <span class='ocrx_word' id='word_1_772' title='bbox 3613 3899 3739 3940; x_wconf 85' lang='lat' dir='ltr'><strong>mo-</strong></span> 
     </span>
    </p>
   </div>
   <div class='ocr_carea' id='block_1_100' title="bbox 2148 3965 3741 4047">
    <p class='ocr_par' dir='ltr' id='par_1_100' title="bbox 2148 3965 3741 4047">
     <span class='ocr_line' id='line_1_100' title="bbox 2148 3965 3741 4047; baseline 0.009 -27"><span class='ocrx_word' id='word_1_773' title='bbox 2148 3965 2296 4022; x_wconf 88' lang='lat' dir='ltr'><strong>ribus</strong></span> <span class='ocrx_word' id='word_1_774' title='bbox 2315 3966 2633 4036; x_wconf 89' lang='lat' dir='ltr'><strong>emendatis,</strong></span> <span class='ocrx_word' id='word_1_775' title='bbox 2652 3984 2760 4025; x_wconf 92' lang='lat' dir='ltr'><strong>non</strong></span> <span class='ocrx_word' id='word_1_776' title='bbox 2784 3968 3170 4042; x_wconf 38' lang='lat' dir='ltr'><strong>damnenturlin</strong></span> <span class='ocrx_word' id='word_1_777' title='bbox 3194 3982 3481 4042; x_wconf 65' lang='lat' dir='ltr'><strong>retentum;</strong></span> <span class='ocrx_word' id='word_1_778' title='bbox 3505 3977 3591 4047; x_wconf 92' lang='lat' dir='ltr'><strong>qui</strong></span> <span class='ocrx_word' id='word_1_779' title='bbox 3619 3979 3741 4034; x_wconf 86' lang='lat' dir='ltr'><strong>nul-</strong></span> 
     </span>
    </p>
   </div>
   <div class='ocr_carea' id='block_1_101' title="bbox 2149 4057 3743 4140">
    <p class='ocr_par' dir='ltr' id='par_1_101' title="bbox 2149 4057 3743 4140">
     <span class='ocr_line' id='line_1_101' title="bbox 2149 4057 3743 4140; baseline 0.009 -28"><span class='ocrx_word' id='word_1_780' title='bbox 2149 4057 2254 4114; x_wconf 86' lang='lat' dir='ltr'><strong>lius</strong></span> <span class='ocrx_word' id='word_1_781' title='bbox 2269 4074 2388 4130; x_wconf 71' lang='lat' dir='ltr'><strong>qua:</strong></span> <span class='ocrx_word' id='word_1_782' title='bbox 2407 4060 2506 4116; x_wconf 90' lang='lat' dir='ltr'><strong>sibi</strong></span> <span class='ocrx_word' id='word_1_783' title='bbox 2528 4061 2830 4132; x_wconf 63' lang='lat' dir='ltr'><strong>prabeatnr</strong></span> <span class='ocrx_word' id='word_1_784' title='bbox 2848 4073 3122 4135; x_wconf 85' lang='lat' dir='ltr'><strong>exspectat</strong></span> <span class='ocrx_word' id='word_1_785' title='bbox 3142 4065 3580 4136; x_wconf 88' lang='lat' dir='ltr'><strong>misericordiam,</strong></span> <span class='ocrx_word' id='word_1_786' title='bbox 3603 4085 3743 4140; x_wconf 83' lang='lat' dir='ltr'><strong>quo-</strong></span> 
     </span>
    </p>
   </div>
   <div class='ocr_carea' id='block_1_102' title="bbox 2146 4151 3734 4228">
    <p class='ocr_par' dir='ltr' id='par_1_102' title="bbox 2146 4151 3734 4228">
     <span class='ocr_line' id='line_1_102' title="bbox 2146 4151 3734 4228; baseline 0.006 -22"><span class='ocrx_word' id='word_1_787' title='bbox 2146 4151 2290 4206; x_wconf 88' lang='lat' dir='ltr'><strong>niam</strong></span> <span class='ocrx_word' id='word_1_788' title='bbox 2313 4166 2472 4206; x_wconf 91' lang='lat' dir='ltr'><strong>nemo</strong></span> <span class='ocrx_word' id='word_1_789' title='bbox 2519 4160 2604 4207; x_wconf 89' lang='lat' dir='ltr'><strong>est</strong></span> <span class='ocrx_word' id='word_1_790' title='bbox 2648 4152 2739 4207; x_wconf 91' lang='lat' dir='ltr'><strong>ille</strong></span> <span class='ocrx_word' id='word_1_791' title='bbox 2784 4151 3009 4223; x_wconf 88' lang='lat' dir='ltr'><strong>beatior,</strong></span> <span class='ocrx_word' id='word_1_792' title='bbox 3049 4171 3210 4212; x_wconf 91' lang='lat' dir='ltr'><strong>nemo</strong></span> <span class='ocrx_word' id='word_1_793' title='bbox 3246 4158 3531 4228; x_wconf 85' lang='lat' dir='ltr'><strong>potentior,</strong></span> <span class='ocrx_word' id='word_1_794' title='bbox 3566 4174 3734 4218; x_wconf 87' lang='lat' dir='ltr'><strong>nemo</strong></span> 
     </span>
    </p>
   </div>
   <div class='ocr_carea' id='block_1_103' title="bbox 2142 4242 3740 4323">
    <p class='ocr_par' dir='ltr' id='par_1_103' title="bbox 2142 4242 3740 4323">
     <span class='ocr_line' id='line_1_103' title="bbox 2142 4242 3740 4323; baseline 0.007 -23"><span class='ocrx_word' id='word_1_795' title='bbox 2142 4242 2337 4316; x_wconf 91' lang='lat' dir='ltr'><strong>justior</strong></span> <span class='ocrx_word' id='word_1_796' title='bbox 2357 4264 2370 4300; x_wconf 92' lang='lat'>:</span> <span class='ocrx_word' id='word_1_797' title='bbox 2394 4245 2578 4316; x_wconf 87' lang='lat' dir='ltr'><strong>quales</strong></span> <span class='ocrx_word' id='word_1_798' title='bbox 2589 4261 2694 4302; x_wconf 91' lang='lat' dir='ltr'><strong>non</strong></span> <span class='ocrx_word' id='word_1_799' title='bbox 2715 4262 2834 4303; x_wconf 91' lang='lat' dir='ltr'><strong>esse</strong></span> <span class='ocrx_word' id='word_1_800' title='bbox 2849 4257 3060 4320; x_wconf 87' lang='lat' dir='ltr'><strong>oportet</strong></span> <span class='ocrx_word' id='word_1_801' title='bbox 3075 4251 3449 4323; x_wconf 86' lang='lat' dir='ltr'><strong>homineserga</strong></span> <span class='ocrx_word' id='word_1_802' title='bbox 3469 4253 3740 4323; x_wconf 88' lang='lat' dir='ltr'><strong>homines,</strong></span> 
     </span>
    </p>
   </div>
   <div class='ocr_carea' id='block_1_104' title="bbox 2147 4339 3744 4414">
    <p class='ocr_par' dir='ltr' id='par_1_104' title="bbox 2147 4339 3744 4414">
     <span class='ocr_line' id='line_1_104' title="bbox 2147 4339 3744 4414; baseline 0.006 -22"><span class='ocrx_word' id='word_1_803' title='bbox 2147 4339 2237 4408; x_wconf 88' lang='lat' dir='ltr'><strong>qui</strong></span> <span class='ocrx_word' id='word_1_804' title='bbox 2268 4339 2407 4395; x_wconf 91' lang='lat' dir='ltr'><strong>hanc</strong></span> <span class='ocrx_word' id='word_1_805' title='bbox 2431 4339 2594 4395; x_wconf 89' lang='lat' dir='ltr'><strong>vitam</strong></span> <span class='ocrx_word' id='word_1_806' title='bbox 2617 4351 2853 4396; x_wconf 87' lang='lat' dir='ltr'><strong>nostram</strong></span> <span class='ocrx_word' id='word_1_807' title='bbox 2878 4351 3301 4414; x_wconf 85' lang='lat' dir='ltr'><strong>quantacumque</strong></span> <span class='ocrx_word' id='word_1_808' title='bbox 3319 4345 3474 4400; x_wconf 85' lang='lat' dir='ltr'><strong>laude</strong></span> <span class='ocrx_word' id='word_1_809' title='bbox 3493 4346 3744 4403; x_wconf 86' lang='lat' dir='ltr'><strong>cumule-</strong></span> 
     </span>
    </p>
   </div>
   <div class='ocr_carea' id='block_1_105' title="bbox 2145 4433 3741 4510">
    <p class='ocr_par' dir='ltr' id='par_1_105' title="bbox 2145 4433 3741 4510">
     <span class='ocr_line' id='line_1_105' title="bbox 2145 4433 3741 4510; baseline 0.006 -24"><span class='ocrx_word' id='word_1_810' title='bbox 2145 4445 2286 4496; x_wconf 89' lang='lat' dir='ltr'><strong>mus,</strong></span> <span class='ocrx_word' id='word_1_811' title='bbox 2313 4447 2430 4488; x_wconf 89' lang='lat' dir='ltr'><strong>eam</strong></span> <span class='ocrx_word' id='word_1_812' title='bbox 2457 4433 2575 4489; x_wconf 89' lang='lat' dir='ltr'><strong>sine</strong></span> <span class='ocrx_word' id='word_1_813' title='bbox 2604 4441 2826 4504; x_wconf 88' lang='lat' dir='ltr'><strong>peccato</strong></span> <span class='ocrx_word' id='word_1_814' title='bbox 2847 4449 2966 4491; x_wconf 89' lang='lat' dir='ltr'><strong>esse</strong></span> <span class='ocrx_word' id='word_1_815' title='bbox 2996 4452 3100 4491; x_wconf 89' lang='lat' dir='ltr'><strong>nett</strong></span> <span class='ocrx_word' id='word_1_816' title='bbox 3127 4437 3385 4494; x_wconf 83' lang='lat' dir='ltr'><strong>dicimus?</strong></span> <span class='ocrx_word' id='word_1_817' title='bbox 3412 4440 3552 4510; x_wconf 87' lang='lat' dir='ltr'><strong>quod</strong></span> <span class='ocrx_word' id='word_1_818' title='bbox 3576 4440 3624 4496; x_wconf 91' lang='lat' dir='ltr'><strong>si</strong></span> <span class='ocrx_word' id='word_1_819' title='bbox 3645 4441 3741 4495; x_wconf 79' lang='lat' dir='ltr'><strong>di-</strong></span> 
     </span>
    </p>
   </div>
   <div class='ocr_carea' id='block_1_106' title="bbox 2143 4523 3743 4601">
    <p class='ocr_par' dir='ltr' id='par_1_106' title="bbox 2143 4523 3743 4601">
     <span class='ocr_line' id='line_1_106' title="bbox 2143 4523 3743 4601; baseline 0.008 -25"><span class='ocrx_word' id='word_1_820' title='bbox 2143 4523 2388 4590; x_wconf 65' lang='lat' dir='ltr'><strong>xerimus,</strong></span> <span class='ocrx_word' id='word_1_821' title='bbox 2431 4540 2523 4579; x_wconf 88' lang='lat' dir='ltr'><strong>nos</strong></span> <span class='ocrx_word' id='word_1_822' title='bbox 2565 4525 2723 4596; x_wconf 86' lang='lat' dir='ltr'><strong>ipsos,</strong></span> <span class='ocrx_word' id='word_1_823' title='bbox 2771 4527 2907 4582; x_wconf 90' lang='lat' dir='ltr'><strong>sicut</strong></span> <span class='ocrx_word' id='word_1_824' title='bbox 2931 4528 3184 4598; x_wconf 87' lang='lat' dir='ltr'><strong>scriptum</strong></span> <span class='ocrx_word' id='word_1_825' title='bbox 3225 4537 3328 4597; x_wconf 87' lang='lat' dir='ltr'><strong>est,</strong></span> <span class='ocrx_word' id='word_1_826' title='bbox 3360 4530 3659 4601; x_wconf 85' lang='lat' dir='ltr'><strong>decipimus,</strong></span> <span class='ocrx_word' id='word_1_827' title='bbox 3688 4543 3743 4589; x_wconf 85' lang='lat' dir='ltr'><strong>et</strong></span> 
     </span>
    </p>
   </div>
   <div class='ocr_carea' id='block_1_107' title="bbox 2144 4616 3744 4694">
    <p class='ocr_par' dir='ltr' id='par_1_107' title="bbox 2144 4616 3744 4694">
     <span class='ocr_line' id='line_1_107' title="bbox 2144 4616 3744 4694; baseline 0.008 -26"><span class='ocrx_word' id='word_1_828' title='bbox 2144 4617 2327 4670; x_wconf 81' lang='lat' dir='ltr'><strong>ueritas</strong></span> <span class='ocrx_word' id='word_1_829' title='bbox 2375 4616 2428 4670; x_wconf 88' lang='lat' dir='ltr'><strong>iu</strong></span> <span class='ocrx_word' id='word_1_830' title='bbox 2466 4617 2609 4672; x_wconf 85' lang='lat' dir='ltr'><strong>nobis</strong></span> <span class='ocrx_word' id='word_1_831' title='bbox 2637 4633 2738 4672; x_wconf 86' lang='lat' dir='ltr'><strong>non</strong></span> <span class='ocrx_word' id='word_1_832' title='bbox 2777 4617 2926 4691; x_wconf 87' lang='lat' dir='ltr'><strong>est(l</strong></span> <span class='ocrx_word' id='word_1_833' title='bbox 2951 4618 3108 4674; x_wconf 85' lang='lat' dir='ltr'><strong>Joan.</strong></span> <span class='ocrx_word' id='word_1_834' title='bbox 3144 4635 3182 4685; x_wconf 85' lang='grc' dir='ltr'>ι,</span> <span class='ocrx_word' id='word_1_835' title='bbox 3209 4619 3298 4694; x_wconf 89' lang='grc'><strong>8).</strong></span> <span class='ocrx_word' id='word_1_836' title='bbox 3349 4622 3580 4679; x_wconf 89' lang='lat' dir='ltr'><strong>Proinde</strong></span> <span class='ocrx_word' id='word_1_837' title='bbox 3609 4625 3744 4682; x_wconf 83' lang='lat' dir='ltr'><strong>licet</strong></span> 
     </span>
    </p>
   </div>
   <div class='ocr_carea' id='block_1_108' title="bbox 2142 4707 3742 4782">
    <p class='ocr_par' dir='ltr' id='par_1_108' title="bbox 2142 4707 3742 4782">
     <span class='ocr_line' id='line_1_108' title="bbox 2142 4707 3742 4782; baseline 0.008 -22"><span class='ocrx_word' id='word_1_838' title='bbox 2142 4707 2470 4762; x_wconf 85' lang='lat' dir='ltr'><strong>accusatoris</strong></span> <span class='ocrx_word' id='word_1_839' title='bbox 2494 4709 2595 4764; x_wconf 87' lang='lat' dir='ltr'><strong>alia</strong></span> <span class='ocrx_word' id='word_1_840' title='bbox 2619 4724 2846 4779; x_wconf 85' lang='lat' dir='ltr'><strong>persona</strong></span> <span class='ocrx_word' id='word_1_841' title='bbox 2862 4709 2950 4776; x_wconf 88' lang='lat' dir='ltr'><strong>sit,</strong></span> <span class='ocrx_word' id='word_1_842' title='bbox 2981 4711 3084 4765; x_wconf 90' lang='lat' dir='ltr'><strong>alia</strong></span> <span class='ocrx_word' id='word_1_843' title='bbox 3097 4711 3416 4782; x_wconf 84' lang='lat' dir='ltr'><strong>defensoris,</strong></span> <span class='ocrx_word' id='word_1_844' title='bbox 3437 4715 3538 4770; x_wconf 83' lang='lat' dir='ltr'><strong>alia</strong></span> <span class='ocrx_word' id='word_1_845' title='bbox 3561 4715 3742 4772; x_wconf 53' lang='lat' dir='ltr'><strong>intetu</strong></span> 
     </span>
    </p>
   </div>
   <div class='ocr_carea' id='block_1_109' title="bbox 2142 4801 3745 4876">
    <p class='ocr_par' dir='ltr' id='par_1_109' title="bbox 2142 4801 3745 4876">
     <span class='ocr_line' id='line_1_109' title="bbox 2142 4801 3745 4876; baseline 0.007 -21"><span class='ocrx_word' id='word_1_846' title='bbox 2142 4801 2393 4868; x_wconf 90' lang='lat' dir='ltr'><strong>cesseris,</strong></span> <span class='ocrx_word' id='word_1_847' title='bbox 2449 4801 2551 4855; x_wconf 91' lang='lat' dir='ltr'><strong>alia</strong></span> <span class='ocrx_word' id='word_1_848' title='bbox 2609 4801 2823 4872; x_wconf 88' lang='lat' dir='ltr'><strong>judicis,</strong></span> <span class='ocrx_word' id='word_1_849' title='bbox 2871 4801 2942 4858; x_wconf 90' lang='lat' dir='ltr'><strong>de</strong></span> <span class='ocrx_word' id='word_1_850' title='bbox 2994 4819 3218 4874; x_wconf 91' lang='lat' dir='ltr'><strong>quorum</strong></span> <span class='ocrx_word' id='word_1_851' title='bbox 3268 4804 3499 4876; x_wconf 89' lang='lat' dir='ltr'><strong>prepriis</strong></span> <span class='ocrx_word' id='word_1_852' title='bbox 3537 4806 3745 4866; x_wconf 73' lang='lat' dir='ltr'><strong>ciliciis</strong></span> 
     </span>
    </p>
   </div>
   <div class='ocr_carea' id='block_1_110' title="bbox 2142 4891 3748 4964">
    <p class='ocr_par' dir='ltr' id='par_1_110' title="bbox 2142 4891 3748 4964">
     <span class='ocr_line' id='line_1_110' title="bbox 2142 4891 3748 4964; baseline 0.006 -17"><span class='ocrx_word' id='word_1_853' title='bbox 2142 4891 2304 4948; x_wconf 90' lang='lat' dir='ltr'><strong>nimis</strong></span> <span class='ocrx_word' id='word_1_854' title='bbox 2334 4891 2548 4964; x_wconf 87' lang='lat' dir='ltr'><strong>longum</strong></span> <span class='ocrx_word' id='word_1_855' title='bbox 2591 4901 2694 4960; x_wconf 89' lang='lat' dir='ltr'><strong>est,</strong></span> <span class='ocrx_word' id='word_1_856' title='bbox 2716 4903 2774 4950; x_wconf 89' lang='lat' dir='ltr'><strong>et</strong></span> <span class='ocrx_word' id='word_1_857' title='bbox 2815 4909 2921 4950; x_wconf 89' lang='lat' dir='ltr'><strong>non</strong></span> <span class='ocrx_word' id='word_1_858' title='bbox 2943 4896 3302 4952; x_wconf 88' lang='lat' dir='ltr'><strong>necessarium</strong></span> <span class='ocrx_word' id='word_1_859' title='bbox 3353 4897 3456 4954; x_wconf 92' lang='lat' dir='ltr'><strong>hoc</strong></span> <span class='ocrx_word' id='word_1_860' title='bbox 3479 4915 3748 4960; x_wconf 76' lang='lat' dir='ltr'><strong>sermone</strong></span> 
     </span>
    </p>
   </div>
   <div class='ocr_carea' id='block_1_111' title="bbox 2143 4987 3735 5063">
    <p class='ocr_par' dir='ltr' id='par_1_111' title="bbox 2143 4987 3735 5063">
     <span class='ocr_line' id='line_1_111' title="bbox 2143 4987 3735 5063; baseline 0.005 -20"><span class='ocrx_word' id='word_1_861' title='bbox 2143 4987 2442 5056; x_wconf 87' lang='lat' dir='ltr'><strong>disserere;</strong></span> <span class='ocrx_word' id='word_1_862' title='bbox 2483 4988 2562 5044; x_wconf 84' lang='lat' dir='ltr'><strong>sic</strong></span> <span class='ocrx_word' id='word_1_863' title='bbox 2599 4995 2777 5044; x_wconf 90' lang='lat' dir='ltr'><strong>tamen</strong></span> <span class='ocrx_word' id='word_1_864' title='bbox 2807 4989 2966 5044; x_wconf 89' lang='lat' dir='ltr'><strong>etiam</strong></span> <span class='ocrx_word' id='word_1_865' title='bbox 2999 4990 3145 5060; x_wconf 86' lang='lat' dir='ltr'><strong>ipsos</strong></span> <span class='ocrx_word' id='word_1_866' title='bbox 3169 4991 3455 5047; x_wconf 90' lang='lat' dir='ltr'><strong>criminum</strong></span> <span class='ocrx_word' id='word_1_867' title='bbox 3495 4993 3735 5063; x_wconf 82' lang='lat' dir='ltr'><strong>ultores,</strong></span> 
     </span>
    </p>
   </div>
   <div class='ocr_carea' id='block_1_112' title="bbox 2141 5079 3745 5155">
    <p class='ocr_par' dir='ltr' id='par_1_112' title="bbox 2141 5079 3745 5155">
     <span class='ocr_line' id='line_1_112' title="bbox 2141 5079 3745 5155; baseline 0.007 -22"><span class='ocrx_word' id='word_1_868' title='bbox 2141 5088 2300 5152; x_wconf 90' lang='lat' dir='ltr'><strong>atque</strong></span> <span class='ocrx_word' id='word_1_869' title='bbox 2325 5081 2378 5135; x_wconf 94' lang='lat' dir='ltr'><strong>in</strong></span> <span class='ocrx_word' id='word_1_870' title='bbox 2408 5079 2510 5136; x_wconf 91' lang='lat' dir='ltr'><strong>hoc</strong></span> <span class='ocrx_word' id='word_1_871' title='bbox 2535 5079 2713 5136; x_wconf 82' lang='lat' dir='ltr'><strong>efficio</strong></span> <span class='ocrx_word' id='word_1_872' title='bbox 2745 5096 2851 5136; x_wconf 92' lang='lat' dir='ltr'><strong>non</strong></span> <span class='ocrx_word' id='word_1_873' title='bbox 2905 5081 2982 5138; x_wconf 90' lang='lat' dir='ltr'><strong>ira</strong></span> <span class='ocrx_word' id='word_1_874' title='bbox 3012 5083 3224 5155; x_wconf 87' lang='lat' dir='ltr'><strong>propria</strong></span> <span class='ocrx_word' id='word_1_875' title='bbox 3262 5085 3574 5149; x_wconf 88' lang='lat' dir='ltr'><strong>concitatos,</strong></span> <span class='ocrx_word' id='word_1_876' title='bbox 3630 5085 3745 5145; x_wconf 76' lang='lat' dir='ltr'><strong>sed</strong></span> 
     </span>
    </p>
   </div>
   <div class='ocr_carea' id='block_1_113' title="bbox 2139 5169 3743 5244">
    <p class='ocr_par' dir='ltr' id='par_1_113' title="bbox 2139 5169 3743 5244">
     <span class='ocr_line' id='line_1_113' title="bbox 2139 5169 3743 5244; baseline 0.004 -17"><span class='ocrx_word' id='word_1_877' title='bbox 2139 5169 2313 5244; x_wconf 84' lang='lat' dir='ltr'><strong>legum</strong></span> <span class='ocrx_word' id='word_1_878' title='bbox 2335 5173 2631 5239; x_wconf 90' lang='lat' dir='ltr'><strong>ministres,</strong></span> <span class='ocrx_word' id='word_1_879' title='bbox 2653 5189 2754 5230; x_wconf 89' lang='lat' dir='ltr'><strong>nec</strong></span> <span class='ocrx_word' id='word_1_880' title='bbox 2775 5189 3012 5241; x_wconf 89' lang='lat' dir='ltr'><strong>suarum,</strong></span> <span class='ocrx_word' id='word_1_881' title='bbox 3030 5175 3123 5231; x_wconf 90' lang='lat' dir='ltr'><strong>sed</strong></span> <span class='ocrx_word' id='word_1_882' title='bbox 3141 5176 3432 5232; x_wconf 86' lang='lat' dir='ltr'><strong>alienarum</strong></span> <span class='ocrx_word' id='word_1_883' title='bbox 3453 5179 3743 5237; x_wconf 77' lang='lat' dir='ltr'><strong>examina-</strong></span> 
     </span>
    </p>
   </div>
   <div class='ocr_carea' id='block_1_114' title="bbox 2139 5267 3745 5346">
    <p class='ocr_par' dir='ltr' id='par_1_114' title="bbox 2139 5267 3745 5346">
     <span class='ocr_line' id='line_1_114' title="bbox 2139 5267 3745 5346; baseline 0.006 -23"><span class='ocrx_word' id='word_1_884' title='bbox 2139 5276 2312 5323; x_wconf 85' lang='lat' dir='ltr'><strong>tarum</strong></span> <span class='ocrx_word' id='word_1_885' title='bbox 2335 5267 2642 5338; x_wconf 89' lang='lat' dir='ltr'><strong>injuriarum</strong></span> <span class='ocrx_word' id='word_1_886' title='bbox 2668 5267 2927 5338; x_wconf 89' lang='lat' dir='ltr'><strong>vindices,</strong></span> <span class='ocrx_word' id='word_1_887' title='bbox 2945 5269 3132 5341; x_wconf 85' lang='lat' dir='ltr'><strong>quales</strong></span> <span class='ocrx_word' id='word_1_888' title='bbox 3144 5269 3352 5340; x_wconf 91' lang='lat' dir='ltr'><strong>judices</strong></span> <span class='ocrx_word' id='word_1_889' title='bbox 3372 5288 3492 5330; x_wconf 88' lang='lat' dir='ltr'><strong>csse</strong></span> <span class='ocrx_word' id='word_1_890' title='bbox 3507 5274 3745 5346; x_wconf 86' lang='lat' dir='ltr'><strong>debent,</strong></span> 
     </span>
    </p>
   </div>
   <div class='ocr_carea' id='block_1_115' title="bbox 2138 5357 3747 5434">
    <p class='ocr_par' dir='ltr' id='par_1_115' title="bbox 2138 5357 3747 5434">
     <span class='ocr_line' id='line_1_115' title="bbox 2138 5357 3747 5434; baseline 0.006 -20"><span class='ocrx_word' id='word_1_891' title='bbox 2138 5359 2325 5414; x_wconf 90' lang='lat' dir='ltr'><strong>terruit</strong></span> <span class='ocrx_word' id='word_1_892' title='bbox 2354 5373 2577 5415; x_wconf 87' lang='lat' dir='ltr'><strong>censura</strong></span> <span class='ocrx_word' id='word_1_893' title='bbox 2616 5357 2812 5427; x_wconf 90' lang='lat' dir='ltr'><strong>divina,</strong></span> <span class='ocrx_word' id='word_1_894' title='bbox 2849 5370 2905 5416; x_wconf 92' lang='lat' dir='ltr'><strong>ut</strong></span> <span class='ocrx_word' id='word_1_895' title='bbox 2930 5360 3222 5432; x_wconf 84' lang='lat' dir='ltr'><strong>cogitarent</strong></span> <span class='ocrx_word' id='word_1_896' title='bbox 3249 5361 3350 5417; x_wconf 87' lang='lat' dir='ltr'><strong>sibi</strong></span> <span class='ocrx_word' id='word_1_897' title='bbox 3381 5373 3602 5434; x_wconf 84' lang='lat' dir='ltr'><strong>propter</strong></span> <span class='ocrx_word' id='word_1_898' title='bbox 3631 5382 3747 5424; x_wconf 79' lang='lat' dir='ltr'><strong>sua</strong></span> 
     </span>
    </p>
   </div>
   <div class='ocr_carea' id='block_1_116' title="bbox 2137 5451 3750 5524">
    <p class='ocr_par' dir='ltr' id='par_1_116' title="bbox 2137 5451 3750 5524">
     <span class='ocr_line' id='line_1_116' title="bbox 2137 5451 3750 5524; baseline 0.006 -17"><span class='ocrx_word' id='word_1_899' title='bbox 2137 5462 2354 5524; x_wconf 83' lang='lat' dir='ltr'><strong>peccata</strong></span> <span class='ocrx_word' id='word_1_900' title='bbox 2379 5451 2470 5507; x_wconf 91' lang='lat' dir='ltr'><strong>Dei</strong></span> <span class='ocrx_word' id='word_1_901' title='bbox 2495 5452 2913 5508; x_wconf 88' lang='lat' dir='ltr'><strong>misericordiam</strong></span> <span class='ocrx_word' id='word_1_902' title='bbox 2950 5454 3326 5520; x_wconf 89' lang='lat' dir='ltr'><strong>necessariam,</strong></span> <span class='ocrx_word' id='word_1_903' title='bbox 3355 5469 3452 5509; x_wconf 90' lang='lat' dir='ltr'><strong>nec</strong></span> <span class='ocrx_word' id='word_1_904' title='bbox 3478 5465 3750 5524; x_wconf 80' lang='lat' dir='ltr'><strong>putarent</strong></span> 
     </span>
    </p>
   </div>
   <div class='ocr_carea' id='block_1_117' title="bbox 2137 5545 3749 5619">
    <p class='ocr_par' dir='ltr' id='par_1_117' title="bbox 2137 5545 3749 5619">
     <span class='ocr_line' id='line_1_117' title="bbox 2137 5545 3749 5619; baseline 0.006 -19"><span class='ocrx_word' id='word_1_905' title='bbox 2137 5545 2204 5600; x_wconf 88' lang='lat' dir='ltr'><strong>ad</strong></span> <span class='ocrx_word' id='word_1_906' title='bbox 2225 5545 2434 5616; x_wconf 90' lang='lat' dir='ltr'><strong>culpam</strong></span> <span class='ocrx_word' id='word_1_907' title='bbox 2463 5546 2543 5601; x_wconf 91' lang='lat' dir='ltr'><strong>sui</strong></span> <span class='ocrx_word' id='word_1_908' title='bbox 2564 5545 2727 5603; x_wconf 80' lang='lat' dir='ltr'><strong>officii</strong></span> <span class='ocrx_word' id='word_1_909' title='bbox 2755 5547 3042 5617; x_wconf 90' lang='lat' dir='ltr'><strong>pertinere,</strong></span> <span class='ocrx_word' id='word_1_910' title='bbox 3077 5547 3267 5619; x_wconf 90' lang='lat' dir='ltr'><strong>siquid</strong></span> <span class='ocrx_word' id='word_1_911' title='bbox 3287 5564 3410 5619; x_wconf 88' lang='lat' dir='ltr'><strong>erga</strong></span> <span class='ocrx_word' id='word_1_912' title='bbox 3450 5565 3543 5604; x_wconf 90' lang='lat' dir='ltr'><strong>eos</strong></span> <span class='ocrx_word' id='word_1_913' title='bbox 3567 5554 3749 5610; x_wconf 81' lang='lat' dir='ltr'><strong>mise-</strong></span> 
     </span>
    </p>
   </div>
   <div class='ocr_carea' id='block_1_118' title="bbox 2137 5641 3749 5712">
    <p class='ocr_par' dir='ltr' id='par_1_118' title="bbox 2137 5641 3749 5712">
     <span class='ocr_line' id='line_1_118' title="bbox 2137 5641 3749 5712; baseline 0.005 -17"><span class='ocrx_word' id='word_1_914' title='bbox 2137 5641 2420 5696; x_wconf 88' lang='lat' dir='ltr'><strong>ricorditer</strong></span> <span class='ocrx_word' id='word_1_915' title='bbox 2461 5649 2700 5711; x_wconf 90' lang='lat' dir='ltr'><strong>agerent,</strong></span> <span class='ocrx_word' id='word_1_916' title='bbox 2746 5656 2972 5711; x_wconf 90' lang='lat' dir='ltr'><strong>quorum</strong></span> <span class='ocrx_word' id='word_1_917' title='bbox 3012 5642 3132 5696; x_wconf 76' lang='lat' dir='ltr'><strong>vita:</strong></span> <span class='ocrx_word' id='word_1_918' title='bbox 3182 5642 3436 5712; x_wconf 91' lang='lat' dir='ltr'><strong>necisque</strong></span> <span class='ocrx_word' id='word_1_919' title='bbox 3464 5642 3749 5708; x_wconf 73' lang='lat' dir='ltr'><strong>haberent</strong></span> 
     </span>
    </p>
   </div>
   <div class='ocr_carea' id='block_1_119' title="bbox 2201 5775 3749 5853">
    <p class='ocr_par' dir='ltr' id='par_1_119' title="bbox 2201 5775 3749 5853">
     <span class='ocr_line' id='line_1_119' title="bbox 2201 5775 3749 5853; baseline 0.009 -28"><span class='ocrx_word' id='word_1_920' title='bbox 2201 5779 2219 5809; x_wconf 71' lang='grc' dir='ltr'>ί</span> <span class='ocrx_word' id='word_1_921' title='bbox 2254 5783 2440 5853; x_wconf 6' lang='lat' dir='ltr'><strong>tnigatss.</strong></span> <span class='ocrx_word' id='word_1_922' title='bbox 2451 5775 2680 5853; x_wconf 73' lang='lat' dir='ltr'><strong>pluribus</strong></span> <span class='ocrx_word' id='word_1_923' title='bbox 2705 5790 2717 5826; x_wconf 87' lang='lat'><strong>:</strong></span> <span class='ocrx_word' id='word_1_924' title='bbox 2746 5786 2893 5853; x_wconf 61' lang='lat' dir='ltr'><strong>Locus</strong></span> <span class='ocrx_word' id='word_1_925' title='bbox 2927 5776 3009 5828; x_wconf 81' lang='lat' dir='ltr'><strong>ille</strong></span> <span class='ocrx_word' id='word_1_926' title='bbox 3033 5776 3306 5842; x_wconf 63' lang='lat' dir='ltr'><strong>mutendi.</strong></span> <span class='ocrx_word' id='word_1_927' title='bbox 3334 5786 3384 5834; x_wconf 86' lang='grc' dir='ltr'><strong>ιιι</strong></span> <span class='ocrx_word' id='word_1_928' title='bbox 3404 5779 3544 5834; x_wconf 84' lang='lat' dir='ltr'><strong>aliis:</strong></span> <span class='ocrx_word' id='word_1_929' title='bbox 3574 5792 3749 5853; x_wconf 63' lang='lat' dir='ltr'><strong>Lacu.</strong></span> 
     </span>
    </p>
   </div>
   <div class='ocr_carea' id='block_1_120' title="bbox 2133 5841 2972 5904">
    <p class='ocr_par' dir='ltr' id='par_1_120' title="bbox 2133 5841 2972 5904">
     <span class='ocr_line' id='line_1_120' title="bbox 2133 5841 2972 5904; baseline -0.005 -8"><span class='ocrx_word' id='word_1_930' title='bbox 2133 5841 2215 5898; x_wconf 80' lang='lat' dir='ltr'><strong>ille</strong></span> <span class='ocrx_word' id='word_1_931' title='bbox 2235 5841 2530 5904; x_wconf 71' lang='lat' dir='ltr'><strong>paenitentia:</strong></span> <span class='ocrx_word' id='word_1_932' title='bbox 2550 5853 2642 5893; x_wconf 84' lang='lat' dir='ltr'><strong>non</strong></span> <span class='ocrx_word' id='word_1_933' title='bbox 2665 5841 2972 5893; x_wconf 75' lang='lat' dir='ltr'><strong>cmtcedtuur.</strong></span> 
     </span>
    </p>
   </div>
  </div>
