4112 6346
796 330 823 341 ο
848 330 851 331 ,

352 506 643 581 legitimam
674 512 1008 578 potestatem.

419 598 648 657 CAPUT
686 598 771 654 IV.
787 627 860 639 -—
883 598 937 655 9.
958 595 1091 653 Nam
1116 608 1235 653 cum
1256 594 1323 651 ad
1346 592 1628 651 Dominum
1657 591 1923 648 Christum

350 688 521 747 Judaei
548 690 895 745 adduxissent
913 687 1192 744 mulierem
1224 687 1276 742 in
1293 685 1553 741 adulterio
1578 682 1929 753 comprehen—

356 795 492 846 sam,
524 795 752 851 eumque
780 788 1046 835 tentantes
1069 776 1308 833 dicerent
1333 774 1474 846 quod
1498 774 1645 843 jussa
1670 779 1812 847 esset
1826 769 1930 827 Le-

353 886 414 943 ge
439 870 680 940 lapidari,
704 884 765 923 ac
794 868 984 924 deinde
1007 874 1308 939 quaererent
1326 864 1451 937 quid
1470 864 1536 919 de
1554 864 1639 919 illa
1662 863 1774 933 ipse
1794 876 1931 932 prae-

354 962 592 1031 ciperet;
626 959 899 1030 respondit
924 959 1001 1014 eis
1031 977 1044 1014 :
1077 956 1175 1023 Qui
1213 958 1320 1011 sine
1347 965 1549 1029 peccato
1577 964 1648 1009 est
1686 963 1926 1022 vestrum,

354 1053 492 1120 prior
537 1052 591 1105 in
641 1068 750 1105 eam
794 1050 1014 1120 lapidem
1032 1050 1193 1119 jaciat
1219 1047 1239 1120 (
1262 1048 1418 1102 Joan.
1450 1063 1564 1113 vm,
1606 1045 1699 1117 7).
1730 1047 1803 1100 Ita
1830 1060 1929 1101 nec

352 1144 545 1212 Legem
576 1141 915 1211 improbavit,
942 1156 1060 1211 qua:
1080 1138 1382 1210 liujusmodi
1400 1153 1518 1193 reas
1538 1137 1696 1209 jussit
1721 1135 1925 1202 occidi;

351 1242 404 1289 et
430 1235 551 1289 illos
580 1232 824 1287 terrendo
846 1232 911 1286 ad
941 1230 1353 1286 misericordiam
1382 1230 1667 1296 revocavit,
1700 1243 1925 1299 quorum

350 1327 544 1398 judicio
566 1325 679 1379 haec
706 1332 886 1395 posset
914 1322 1102 1379 occidi.
1154 1322 1286 1377 Puto
1328 1320 1469 1392 quod
1523 1320 1623 1375 hac
1668 1318 1928 1374 sententia

272 1472 277 1477 .
351 1421 560 1475 Domini
586 1418 787 1486 audita,
819 1419 863 1473 si
894 1430 1128 1487 praesens
1158 1414 1252 1470 fuit
1272 1415 1431 1471 etiam
1457 1414 1678 1468 maritus
1703 1412 1815 1482 ipse
1838 1411 1928 1483 qui

350 1514 596 1568 violatam
621 1511 701 1566 sui
740 1511 839 1565 tori
866 1509 1025 1565 fidem
1047 1506 1300 1563 vindicari
1332 1506 1649 1576 postulabat,
1699 1504 1926 1559 exterri-

354 1613 434 1656 tus
457 1602 695 1656 aninntm
722 1598 787 1654 ad
808 1600 1132 1653 voluntatem
1160 1596 1408 1667 parcendi
1439 1594 1505 1650 ab
1526 1592 1808 1649 ulciscendi
1830 1607 1927 1647 cu-

351 1696 570 1768 piditate
612 1691 844 1747 deﬂexit.
884 1691 1016 1746 Nam
1059 1688 1325 1761 quomodo
1374 1702 1481 1742 non
1522 1696 1604 1742 est
1631 1686 1928 1741 admonitus

352 1795 628 1839 accusator
678 1798 746 1838 ne
796 1797 920 1837 suas
968 1789 1375 1854 persequeretur
1417 1778 1670 1848 injurias,
1716 1776 1927 1848 quando

352 1875 450 1948 ipsi
510 1873 715 1945 judices
742 1873 811 1927 ita
835 1879 959 1927 sunt
1001 1888 1031 1927 a
1074 1869 1387 1926 vindicando
1426 1868 1695 1938 prohibiti,
1746 1868 1835 1937 qui
1874 1867 1927 1921 in

351 1966 589 2021 adultera
614 1964 901 2035 punienda,
924 1978 1028 2018 non
1046 1962 1252 2032 privato
1276 1960 1445 2015 dolori
1472 1957 1929 2028 compcllebantur

350 2058 576 2123 servire,
604 2055 696 2110 sed
721 2054 880 2125 Legi?
910 2053 1061 2111 Unde
1078 2052 1295 2122 Joseph.
1326 2050 1411 2105 cui
1437 2049 1587 2119 virgo
1609 2048 1790 2114 Maria,
1816 2048 1922 2102 Do-

350 2148 481 2204 mini
504 2157 705 2212 mater,
733 2145 902 2199 fuerat
925 2143 1267 2214 desponsata,
1298 2156 1417 2195 eum
1443 2154 1558 2195 eam
1585 2138 1930 2208 comperisset

351 2256 468 2296 esse
510 2248 889 2311 praegnantem,
918 2238 1003 2291 cui
1025 2251 1083 2291 se
1122 2244 1343 2289 noverat
1390 2248 1494 2287 non
1524 2247 1640 2287 esse
1670 2232 1928 2286 commix-

350 2342 482 2400 tum,
534 2340 587 2387 et
610 2332 679 2386 ob
708 2330 808 2384 hoc
836 2329 964 2383 nihil
989 2327 1134 2383 aliud
1157 2341 1315 2397 quam
1347 2326 1638 2379 adulteram
1670 2322 1933 2377 credidis-

352 2432 453 2489 set,
487 2420 663 2492 puniri
711 2430 883 2475 tamen
911 2434 1026 2473 eam
1057 2416 1261 2483 noluit;
1295 2430 1393 2470 nec
1412 2414 1730 2484 approbator
1751 2411 1931 2482 ﬂagitii

350 2514 463 2570 fuit.
488 2513 620 2568 Nam
642 2513 756 2567 haec
780 2511 1024 2565 voluntas
1052 2510 1166 2578 ejus
1195 2508 1355 2563 etiam
1378 2506 1595 2575 justitize
1621 2505 1929 2575 deputatur:

347 2606 421 2663 ita
451 2605 647 2676 quippe
675 2605 740 2660 de
756 2605 847 2658 illo
891 2602 1147 2672 scriptum
1174 2608 1273 2666 est,
1302 2596 1371 2652 Et
1395 2613 1509 2651 cum
1534 2605 1659 2651 esset
1679 2597 1827 2650 homo
1839 2598 1931 2667 ju-

350 2711 479 2762 stus,
498 2709 543 2753 et
569 2698 719 2752 nollet
736 2714 845 2751 eam
866 2695 1144 2766 divulgare,
1174 2691 1345 2746 statuit
1366 2688 1688 2745 eant'occulte
1708 2688 1931 2741 dimitte-

348 2808 422 2847 re.
452 2790 581 2845 Hcce
621 2808 678 2844 eo
708 2789 976 2860 cogitante,
1008 2784 1247 2858 apparuit
1276 2782 1351 2836 illi
1375 2782 1583 2853 angelus
1603 2781 1690 2851 qui
1718 2780 1933 2835 doceret

351 2900 472 2941 esse
516 2884 770 2949 numinis,
818 2879 959 2953 quod
1006 2879 1096 2936 ille
1139 2884 1408 2950 putaverat
1440 2873 1677 2931 criminis
1709 2871 1933 2947 (Matth.

351 2991 389 3042 ι.
421 2973 640 3048 18-20).

424 3068 514 3125 10.
542 3067 600 3122 Si
629 3080 755 3136 ergo
784 3063 1007 3135 cogitata
1031 3059 1335 3117 inﬁrmitate
1362 3053 1667 3123 communi,
1689 3062 1743 3110 et
1773 3068 1933 3109 accu-

353 3160 585 3217 satorius
617 3157 789 3223 dolor,
825 3165 878 3210 et
902 3152 1249 3225 judicatorius
1294 3150 1437 3219 rigor
1474 3147 1769 3217 frangitur;
1795 3143 1936 3216 quod

356 3250 573 3306 tandem
604 3261 790 3303 censes
818 3260 914 3316 pro
942 3244 1047 3298 reis
1092 3256 1211 3296 esse
1250 3240 1465 3306 debere,
1514 3237 1599 3293 vel
1641 3235 1936 3292 defensoris

353 3342 441 3397 vel
468 3338 835 3395 intercessoris
864 3332 1139 3391 oflicinm?
1168 3328 1595 3402 quandoquidem
1640 3337 1693 3383 et
1714 3340 1808 3381 vos
1835 3325 1937 3381 viri

357 3430 488 3487 boni
515 3430 601 3501 qui
626 3444 764 3483 nunc
785 3426 993 3497 judices
1013 3424 1164 3490 estis,
1193 3431 1247 3477 et
1275 3422 1329 3475 in
1356 3419 1472 3475 foro
1498 3417 1781 3489 aliquando
1810 3432 1934 3473 ver-

357 3525 458 3582 sati
486 3538 670 3580 causas
707 3522 980 3577 hominum
1010 3515 1336 3587 suscepistis,
1381 3512 1531 3569 scitis
1574 3525 1731 3581 quam
1761 3508 1936 3565 liben-

353 3620 459 3676 tius
481 3616 773 3674 defendere
796 3627 955 3685 quam
975 3623 1225 3665 accusare
1251 3604 1513 3661 soleretis.
1545 3602 1612 3658 Et
1634 3614 1809 3657 tamen
1837 3602 1935 3656 de-

356 3711 539 3770 fensor
566 3710 633 3766 ab
662 3710 1019 3765 intercessore
1056 3701 1340 3774 plurimum
1371 3698 1532 3754 distat
1557 3716 1570 3753 :
1601 3713 1722 3751 nam
1740 3696 1830 3751 ille
1850 3696 1934 3751 di—

355 3803 567 3861 luendis
591 3802 676 3856 vel
691 3796 1002 3869 obtegendis
1021 3790 1332 3850 criminibus
1356 3804 1571 3860 operam
1593 3788 1821 3842 maxime
1844 3787 1937 3841 im-

354 3896 569 3969 pendit;
598 3894 917 3949 intercessor
930 3896 1108 3942 autem
1129 3885 1287 3940 etiam
1307 3897 1429 3938 cum
1450 3880 1516 3935 de
1533 3880 1684 3949 culpa
1705 3884 1937 3946 constat,

354 3967 455 4061 pro
481 4001 641 4059 pmna
702 3979 1022 4039 removenda
1064 3976 1150 4032 vel
1193 3969 1535 4043 temperanda
1572 3984 1751 4025 curam
1779 3967 1935 4038 gerit.

353 4059 471 4138 I‘Ioc
499 4087 623 4135 sunt
640 4075 780 4145 apud
804 4075 969 4129 Deum
1010 4084 1105 4139 pro
1130 4063 1494 4138 peccatoribus
1519 4061 1685 4131 justi;
1714 4059 1815 4113 hoc
1841 4072 1937 4127 pro

352 4189 421 4231 se
470 4171 573 4243 ipsi
617 4174 898 4239 peccantes
935 4161 1161 4217 invicem
1210 4164 1267 4211 ut
1301 4153 1495 4210 faciant
1540 4151 1933 4205 admouentur:

350 4281 479 4325 nam
510 4263 766 4332 scripturn
787 4266 889 4324 est,
931 4250 1247 4323 Conﬁtemini
1288 4247 1495 4302 invicem
1523 4253 1724 4313 peccata
1752 4250 1933 4308 vestra,

349 4368 404 4415 et
432 4366 574 4413 orate
594 4369 686 4425 pro
710 4349 881 4418 vobis(
903 4344 1080 4401 Jacobi
1100 4358 1152 4409 v,
1180 4340 1310 4413 16).
1369 4338 1475 4393 llas
1500 4335 1804 4425 sibiipartes
1833 4332 1936 4386 hu-

349 4424 656 4514 manitatis,
696 4441 784 4498 ubi
828 4445 1023 4511 potest,
1073 4432 1249 4489 omnis
1300 4430 1462 4484 homo
1489 4424 1629 4498 apud
1659 4424 1930 4479 hominem

348 4539 618 4597 vindicat.
670 4533 805 4591 Nam
838 4528 981 4601 quod
1018 4527 1133 4597 ipse
1156 4522 1378 4593 quisque
1416 4518 1560 4574 domi
1591 4531 1700 4571 suae
1725 4515 1938 4587 puniret

338 4630 677 4690 ‘ndmissum,
730 4622 783 4678 in
826 4618 1045 4675 alterius
1082 4615 1242 4670 domo
1290 4610 1396 4665 vult
1436 4608 1771 4678 impunitum.
1813 4604 1938 4662 Sive

346 4724 504 4782 enim
532 4717 851 4776 adhibeatur
878 4709 1019 4783 apud
1064 4707 1326 4770 amicum,
1356 4702 1469 4758 sive
1504 4700 1591 4755 ille
1614 4698 1856 4769 cuiquam
1882 4698 1936 4752 in

342 4829 519 4891 quem
544 4820 783 4885 potestas
810 4799 1095 4862 ulciscendi
1126 4807 1210 4855 est
1236 4812 1294 4852 se
1318 4803 1576 4865 praesente
1605 4798 1934 4857 succenseat,

345 4882 471 4967 sive
498 4882 752 4963 irascenti
782 4896 998 4954 fortuito
1039 4888 1375 4961 superveniat
1404 4902 1419 4951 ;
1452 4901 1555 4939 non
1584 4882 1935 4953 jnstissimus,

343 5000 451 5059 sed
476 4991 951 5056 inhumanissimus
964 4985 1247 5058 judicatur,
1264 4979 1309 5035 si
1329 4993 1436 5033 non
1458 4974 1791 5031 interveniat.
1815 4972 1939 5027 Scio

342 5108 457 5167 ego
485 5100 541 5147 te
567 5089 742 5160 ipsum
768 5098 887 5139 cum
914 5079 1033 5134 aliis
1052 5074 1236 5131 amicis
1264 5071 1367 5126 tuis
1392 5070 1444 5123 in
1470 5066 1693 5123 ecclesia
1719 5062 1940 5118 Cartha-

341 5158 566 5257 ginensi
589 5158 954 5234 intercessisse
978 5182 1076 5240 pro
1099 5163 1318 5229 clerico,
1339 5160 1422 5216 cui
1449 5158 1639 5214 merito
1659 5169 1942 5211 succense-

341 5247 451 5335 bat
472 5271 759 5344 episcopus
782 5281 797 5332 ;
822 5273 877 5320 et
901 5262 1081 5331 utique
1103 5257 1305 5313 nullum
1323 5253 1392 5309 ibi
1411 5250 1699 5307 discrimen
1726 5247 1942 5319 sangui-

342 5367 443 5425 nis
611 5361 884 5416 incruenta
909 5350 1185 5421 disciplina
1233 5344 1515 5403 timebatur
1542 5359 1555 5398 :
1596 5356 1695 5398 nec
1723 5357 1843 5397 cum
1864 5339 1938 5406 id,

342 5457 504 5535 quod
541 5454 702 5512 etiam
728 5450 879 5506 vobis
917 5442 1264 5514 displicebat,
1296 5438 1522 5494 inultum
1564 5449 1684 5490 esse
1711 5432 1936 5535 velletis,

343 5524 616 5624 tanquam
657 5543 835 5602 delicti
870 5536 1254 5610 approbatores
1293 5545 1390 5587 vos
1413 5527 1800 5624 judicia-bamus,
1846 5524 1941 5624 sed

343 5613 615 5715 tanquam
640 5631 1055 5693 humanissimos
1083 5626 1465 5681 intercessores
1495 5616 1857 5672 audiebamus.
1886 5613 1943 5671 Si

343 5706 492 5809 ergo
516 5731 666 5788 vobis
707 5728 785 5783 fas
808 5732 889 5780 est
913 5716 1331 5778 ecclesiasticam
1360 5709 1749 5779 correptionem
1777 5706 1941 5760 inter-

342 5795 605 5894 cedendo
645 5818 921 5892 mitigare;
951 5808 1222 5889 quomodo
1256 5805 1535 5883 cpiscopus
1565 5808 1743 5859 vestro
1770 5795 1945 5874 gladio

1547 374 2029 445 ΕΡιεΤοιΑιιυω
2064 374 2338 436 CLASSIS
2373 371 2460 438 lli.

2034 497 2193 556 debet
2207 500 2225 533 ¹
2255 499 2600 568 intercedere,
2619 513 2740 559 cum
2761 497 2849 557 illa
2871 507 3119 559 exerattn'
3140 494 3275 562 Itin
3312 514 3477 575 quem
3495 515 3594 562 ειη

2035 593 2201 649 eritur
2225 592 2362 650 bene
2380 593 2538 658 vivat,
2564 593 2664 651 iste
2688 609 2756 650 ne
2784 594 2952 650 vivatl

2107 684 2167 739 11
2180 724 2191 736 .
2207 684 2482 741 Postremo
2493 685 2605 756 ipse
2618 686 2867 742 Dominus
2878 684 3017 758 apud
3031 684 3272 742 homines
3283 685 3605 753 intercessit,

2034 790 2103 831 ne
2129 776 2449 847 lapidaretur
2472 777 2743 843 adultera,
2784 787 2839 833 et
2876 793 2942 835 eo
2986 777 3146 834 modo
3170 778 3323 834 nobis
3348 778 3606 835 interces-

2031 869 2199 926 sionis
2234 869 2623 926 commendavit
2660 869 2925 938 ofﬁcium;
2954 870 3053 925 nisi
3078 870 3199 942 quia
3229 870 3318 927 ille
3356 870 3607 928 terrendo

2033 960 2176 1031 fecit,
2200 962 2338 1034 quod
2365 980 2460 1018 nos
2486 963 2733 1034 petendo.
2765 964 2855 1019 Ille
2875 964 3016 1019 enim
3038 963 3315 1032 Dominus,
3343 979 3442 1020 nos
3465 964 3608 1021 servi

2033 1069 2214 1110 sumus
2238 1070 2253 1109 :
2279 1064 2641 1111 verumtamen
2667 1056 2755 1112 ille
2780 1055 2856 1110 sic
2877 1056 3079 1116 terruit.
3107 1064 3165 1110 ut
3201 1069 3389 1111 omnes
3416 1055 3609 1112 timere

2032 1145 2339 1203 debeamus.
2364 1146 2491 1215 Quis
2511 1146 2652 1201 enim
2674 1155 2755 1202 est
2782 1156 3018 1202 nostrum
3043 1150 3158 1202 sine
3177 1146 3432 1216 peccato?
3452 1145 3606 1213 Quod

2032 1252 2155 1294 cum
2197 1238 2299 1293 illis
2340 1237 2615 1293 dixisseta
2643 1238 2831 1308 quibus
2875 1236 2924 1292 ei
2970 1236 3294 1293 offerebatur
3339 1235 3607 1307 punienda

2034 1329 2321 1400 peccatrix,
2349 1328 2524 1398 utqui
2553 1328 2715 1383 sciret
2736 1342 2795 1383 se
2823 1342 2943 1384 esse
2975 1328 3091 1383 sine
3112 1336 3352 1399 peccato,
3379 1326 3527 1396 prior
3552 1328 3608 1382 in

2032 1420 2182 1476 illam
2197 1419 2426 1490 lapidem
2449 1418 2712 1485 mitteret;
2737 1417 2927 1473 cecidit
2946 1417 3168 1485 saevitia,
3194 1425 3453 1472 cernente
3475 1430 3609 1470 con-

2030 1510 2253 1566 scientia
2280 1526 2293 1563 :
2318 1519 2443 1565 tunc
2473 1510 2616 1564 enim
2642 1524 2709 1565 ex
2749 1508 2839 1564 illa
2874 1507 2984 1579 jam
3022 1508 3429 1577 congregatione
3468 1505 3608 1560 dila-

2032 1600 2143 1671 psi,
2183 1599 2353 1655 solam
2396 1599 2728 1655 misericordi
2772 1599 3022 1654 miseram
3050 1598 3399 1667 reliquerunt.
3442 1596 3609 1652 Cedat

2034 1690 2157 1748 huic
2193 1691 2469 1747 sententia:
2496 1691 2664 1762 pietas
2690 1689 3113 1747 Christianorum
3136 1729 3152 1754 ,
3177 1688 3262 1743 cui
3301 1688 3461 1744 cessit
3504 1688 3609 1743 im—

2033 1784 2199 1854 pietas
2220 1782 2557 1839 Iudaeorum:
2580 1783 2734 1839 cedat
2762 1782 3033 1838 humilitas
3059 1781 3491 1852 obsequentium,
3521 1778 3609 1837 cui

2031 1877 2193 1932 cessit
2220 1877 2468 1947 superbia
2497 1877 2924 1949 persequentium
2955 1893 2970 1932 :
2996 1875 3149 1932 cedat
3174 1874 3437 1931 confessio
3477 1874 3611 1929 ﬁde-

2032 1969 2127 2037 lis,
2154 1972 2237 2026 cui
2276 1977 2438 2029 cessit
2480 1971 2747 2027 simulatio
2791 1970 3089 2026 tentatoris.
3131 1968 3282 2025 Malis
3318 1984 3496 2040 parce,
3526 1967 3610 2021 vir

2030 2060 2169 2118 bone
2196 2080 2209 2115 :
2239 2072 2436 2134 quanto
2474 2063 2665 2119 melior
2685 2102 2702 2131 ,
2744 2070 2893 2117 tanto
2926 2069 3041 2117 esto
3081 2060 3294 2121 mitior;
3323 2067 3521 2129 quanto
3546 2057 3613 2112 lis

2033 2152 2227 2207 celsior
2253 2162 2532 2223 potestate,
2565 2161 2712 2207 tanto
2740 2148 2990 2206 humilior
3014 2150 3143 2205 ﬁere
3168 2150 3363 2219 pietate
3388 2151 3432 2203 ³.

2103 2246 2329 2301 CAPUT
2364 2246 2425 2302 V.
2442 2258 2515 2288 —-‘
2535 2246 2621 2301 12.
2650 2245 2761 2316 Ego
2786 2243 3000 2315 quidem
3021 2243 3434 2317 intuens.mores
3459 2248 3606 2304 tuos,

2034 2338 2292 2409 appellavi
2321 2347 2371 2393 te
2396 2339 2564 2392 virum
2588 2337 2821 2402 bonum;
2849 2334 2941 2390 sed
2969 2344 3025 2389 tu
3050 2334 3263 2389 intuens
3282 2331 3441 2386 verba
3460 2328 3617 2384 Chri-

2034 2431 2101 2485 sti
2122 2472 2136 2495 ,
2160 2430 2244 2484 die
2279 2429 2371 2483 tibi
2406 2429 2505 2499 ipsi
2530 2445 2544 2481 :
2568 2426 2734 2482 Nemo
2765 2426 2954 2490 bonus,
2977 2425 3076 2479 nisi
3100 2440 3231 2479 unus
3258 2422 3392 2477 Deus
3419 2420 3612 2494 (Marc.

2035 2537 2091 2589 x,
2124 2520 2234 2591 18).
2257 2520 2408 2588 Quod
2434 2535 2553 2575 cum
2581 2534 2764 2575 verum
2789 2518 2858 2573 sit
2891 2516 3015 2589 (hoc
3038 2516 3179 2572 enim
3198 2515 3408 2571 Veritas
3434 2513 3612 2584 dixit),

2036 2626 2136 2670 nec
2160 2626 2258 2682 ego
2287 2620 2462 2665 tamen
2493 2609 2623 2665 illud
2651 2609 2946 2666 existimari
2971 2608 3138 2664 debeo
3166 2606 3337 2662 fallaci
3371 2613 3615 2661 assenta-

2039 2704 2182 2760 tione
2211 2704 2427 2771 dixisse,
2456 2711 2509 2759 et
2529 2703 2809 2758 dominicis
2837 2701 3009 2756 verbis
3031 2700 3183 2771 quasi
3206 2697 3503 2759 contrarius
3521 2710 3618 2750 ex-

2038 2797 2254 2861 stitisse,
2272 2804 2330 2850 ut
2352 2810 2473 2849 eum
2498 2794 2584 2848 ille
2605 2793 2763 2858 dicat,
2785 2790 2946 2846 Nemo
2976 2791 3153 2858 bonus,
3182 2790 3276 2843 nisi
3302 2804 3430 2841 unus
3450 2786 3612 2853 Deus,

2039 2901 2138 2956 ego
2165 2894 2215 2941 te
2243 2884 2619 2957 appellaverim
2644 2884 2816 2937 virum
2841 2882 3036 2937 bonum
3060 2896 3074 2933 :
3101 2895 3205 2935 non
3231 2880 3374 2934 enim
3407 2886 3462 2933 et
3500 2880 3617 2946 ipse

2040 2977 2295 3033 Dominus
2336 2976 2599 3030 contraria
2637 2974 2738 3029 sibi
2783 2973 2987 3028 locutus
3022 2978 3138 3033 est,
3180 2970 3269 3023 ubi
3294 2972 3397 3031 ait,
3440 2965 3616 3022 Bonus

2041 3070 2188 3122 homo
2214 3068 2276 3121 de
2298 3069 2424 3120 bona
2453 3067 2685 3120 thesauro
2711 3063 2875 3118 cordis
2901 3062 2981 3141 sui
3007 3064 3194 3131 profert
3213 3058 3343 3112 bona
3364 3057 3513 3129 (Luc.
3536 3071 3611 3123 VI,

2039 3160 2152 3233 45).
2182 3161 2321 3215 Deus
2346 3174 2473 3229 ergo
2500 3157 2837 3229 singulariter
2860 3155 3032 3210 bonus
3051 3161 3151 3217 est,
3172 3160 3227 3207 et
3252 3151 3351 3205 hoc
3371 3149 3618 3205 amittere

2041 3268 2146 3309 non
2165 3260 2365 3321 potest;
2387 3249 2581 3304 nullius
2599 3247 2739 3303 enim
2755 3246 2878 3301 boni
2902 3242 3301 3315 participatione
3314 3240 3487 3296 bonus
3512 3246 3616 3304 est,

2042 3343 2291 3414 quoniam
2313 3342 2507 3396 bonum
2528 3355 2633 3410 quo
2652 3339 2821 3394 bonus
2836 3344 2940 3403 est,
2964 3334 3075 3405 ipse
3095 3334 3195 3389 sibi
3213 3340 3321 3389 est:
3343 3331 3502 3387 homo
3516 3344 3617 3384 au-

2042 3443 2148 3489 tem
2174 3448 2296 3488 cum
2338 3432 2509 3487 bonus
2543 3442 2658 3497 est,
2681 3429 2749 3484 ab
2776 3427 2866 3484 illo
2892 3427 3062 3482 bonus
3083 3434 3194 3491 est;
3222 3422 3363 3494 quod
3386 3438 3417 3477 a
3441 3421 3620 3491 seipso

2040 3543 2161 3584 esse
2180 3542 2284 3582 non
2311 3534 2502 3597 potest.
2520 3524 2665 3580 Illius
2681 3524 2824 3580 enim
2845 3522 3028 3593 spiritu
3049 3520 3174 3576 boni
3200 3518 3351 3585 ﬁunt,
3375 3518 3621 3589 quicum-

2040 3635 2146 3690 que
2166 3620 2289 3674 boni
2307 3618 2467 3683 fiunt;
2486 3618 2636 3687 cujus
2650 3631 2813 3685 capax
2836 3622 3015 3669 creata
3027 3620 3110 3668 est
3126 3620 3307 3667 nostra
3322 3618 3504 3665 natura
3520 3622 3619 3680 per

2040 3710 2309 3781 propriam
2327 3709 2670 3763 voluntatem.
2684 3706 2924 3762 Pertinet
2938 3719 3065 3775 ergo
3080 3703 3145 3757 ad
3168 3718 3286 3769 nos,
3311 3709 3368 3756 ut
3392 3700 3517 3757 boni
3540 3700 3620 3755 si-

2041 3817 2180 3864 mus,
2204 3800 2443 3870 accipere
2470 3808 2526 3855 et
2542 3798 2738 3853 habere
2751 3796 2890 3869 quod
2915 3795 3005 3851 dat
3016 3795 3104 3867 qui
3115 3794 3182 3850 de
3198 3808 3295 3848 suo
3309 3792 3480 3848 bonus
3496 3799 3579 3847 est
3599 3805 3616 3844 :

2042 3908 2148 3964 quo
2194 3892 2416 3963 quisque
2450 3890 2693 3961 neglecto
2711 3929 2727 3956 ,
2755 3888 2823 3943 de
2852 3902 2947 3942 suo
2973 3886 3143 3941 malus
3172 3894 3275 3940 est.
3306 3881 3536 3940 Proinde
3562 3881 3618 3936 in

2042 3993 2298 4054 quantum
2324 3982 2483 4036 homo
2509 3988 2655 4035 recte
2683 3980 2810 4050 agit,
2834 3977 2885 4032 id
2911 3986 3013 4043 est,
3044 3976 3276 4033 scienter
3298 3983 3353 4030 et
3380 3981 3624 4029 amanter

2040 4084 2098 4132 et
2127 4076 2210 4145 pie
2226 4075 2419 4130 bonum
2447 4081 2719 4142 operatur,
2740 4072 2791 4124 in
2811 4078 3015 4123 tantum
3037 4068 3207 4123 bonus
3234 4075 3314 4121 est
3339 4079 3354 4117 :
3385 4065 3438 4119 in
3455 4079 3625 4134 quan-

2042 4175 2156 4222 tum
2192 4174 2366 4220 autem
2412 4171 2627 4234 peccat,
2653 4161 2705 4217 id
2731 4169 2847 4225 est,
2878 4174 2907 4214 a
2933 4159 3153 4213 veritate
3193 4164 3249 4212 et
3286 4155 3541 4212 eharitate
3570 4162 3623 4212 et

2041 4260 2240 4329 pietate
2265 4256 2458 4319 deviat,
2480 4254 2533 4308 in
2556 4260 2756 4308 tantum
2785 4250 2954 4305 malus
2980 4256 3081 4304 est.
3113 4248 3241 4317 Quis
3267 4256 3446 4303 autem
3468 4255 3550 4303 est
3567 4246 3619 4306 in

2043 4351 2144 4407 hac
2185 4349 2291 4404 vita
2339 4347 2454 4403 sine
2491 4345 2667 4415 aliquo
2697 4340 2948 4414 peccato?
2975 4339 3081 4397 Sed
3110 4355 3234 4395 eum
3258 4338 3483 4395 dicimus
3524 4338 3620 4394 bo-

2042 4459 2169 4501 num
2189 4484 2204 4510 ,
2232 4440 2383 4513 cujus
2411 4437 2701 4510 praevalent
2737 4435 2910 4503 bona;
2943 4448 3170 4505 eumque
3208 4432 3465 4505 Optimum
3486 4471 3504 4503 ,
3531 4431 3621 4504 qui

2042 4546 2227 4611 peccat
2256 4535 2553 4592 minimum.
2960 4582 2963 4585 _
3118 4516 3121 4519 ’

2116 4631 2203 4685 15.
2244 4627 2445 4684 Idcirco
2475 4627 2587 4698 ipse
2613 4623 2889 4688 Dominus,
2911 4634 3046 4693 quos
3064 4618 3193 4675 dicit
3218 4618 3389 4676 bonos
3406 4626 3627 4690 propter

2042 4721 2498 4795 participationem
2539 4718 2722 4789 gratiae
2764 4714 2990 4780 divinm,
3016 4712 3232 4769 eosdem
3270 4714 3427 4769 etiam
3456 4712 3626 4767 malos

2044 4814 2173 4870 dicit
2198 4822 2413 4884 propter
2444 4810 2569 4865 vitia
2597 4808 2917 4864 inﬁrmitatis
2946 4807 3223 4870 humanae;
3255 4805 3426 4859 donec
3452 4810 3622 4859 totum

2044 4921 2150 4979 quo
2174 4913 2500 4970 constamus,
2523 4900 2590 4956 ab
2614 4899 2758 4955 omni
2786 4897 3071 4954 vitiositate
3101 4904 3364 4961 sanatum,
3391 4902 3627 4949 transeat

2046 4998 2099 5054 in
2129 5012 2246 5054 eam
2275 4995 2458 5059 vitam,
2482 4992 2571 5048 ubi
2596 4990 2731 5046 nihil
2755 4988 2973 5044 omnino
3001 4987 3325 5058 peccabitur.
3352 4984 3485 5040 Nam
3512 4985 3621 5041 uti-

2046 5104 2150 5161 que
2182 5087 2353 5144 bonos
2390 5083 2615 5141 docebat
2641 5097 2815 5147 orare,
2843 5096 2947 5137 non
2978 5080 3175 5146 malos,
3206 5079 3396 5149 quibus
3425 5092 3626 5148 praece-

2047 5180 2123 5251 pit
2150 5186 2207 5234 ut
2238 5177 2509 5242 dicerent,
2532 5171 2708 5228 Pater
2744 5182 2933 5239 noster,
2961 5169 3047 5239 qui
3072 5185 3122 5225 es
3146 5170 3199 5222 in
3226 5168 3383 5223 cistis.
3416 5168 3493 5222 Ex
3522 5167 3625 5223 hoc

2046 5270 2192 5327 enim
2213 5266 2340 5323 boni
2368 5280 2474 5337 quo
2503 5264 2595 5320 ﬁlii
2617 5264 2743 5330 Dei,
2772 5278 2880 5318 non
2901 5269 3088 5317 natura
3117 5258 3312 5330 geniti,
3334 5257 3428 5313 sed
3453 5258 3624 5327 gratia

2048 5362 2192 5428 facti,
2225 5369 2472 5429 tanquam
2500 5356 2554 5411 hi
2583 5356 2771 5427 quibus
2790 5351 3165 5423 recipientibus
3190 5363 3331 5416 eum,
3359 5347 3506 5404 dedit
3530 5362 3625 5418 po-

2050 5465 2291 5515 testatem
2330 5452 2465 5509 ﬁlios
2501 5450 2595 5506 Dei
2623 5448 2734 5504 ﬁeri
2762 5446 2939 5520 (Joan.
2970 5459 3009 5511 ι,
3041 5443 3149 5516 12).
3182 5442 3310 5510 Quae
3349 5440 3624 5513 generatio

2053 5598 2057 5603 ’
2114 5615 2132 5647 ι
2166 5611 2301 5681 add...
2323 5613 2476 5681 υιειερ
2497 5602 2932 5681 eademne?!
2952 5596 3461 5681 .ifficfff‘iﬁ'fsjb‘“
3481 5607 3575 5647 παι
3595 5607 3626 5648 ³

2050 5660 2546 5738 εθάύιτεϋῠέι
2562 5668 2706 5736 lectio
2729 5665 2931 5729 quadrat
2952 5664 3080 5712 hune
3098 5664 3147 5711 in
3171 5660 3345 5730 locum.

2113 5740 2134 5772 ³
2167 5735 2261 5786 Edd
2284 5768 2298 5794 ,
2316 5740 2489 5797 quanto
2504 5730 2748 5797 stscetstor
2764 5733 3012 5797 potestate,
3024 5722 3390 5797 tanto/tumtum
3404 5718 3626 5787 Meto.

2046 5809 2107 5857 Αι
2126 5783 2451 5859 ὶιέἆιιὸιὶωι,
2473 5792 2539 5847 sis
2560 5790 2747 5852 celsior,
2765 5783 2819 5842 'et
2836 5801 2971 5852 mox,
2994 5783 3220 5840 humilior
3237 5783 3375 5851 ﬁere.
