4112 6346
368 5734 378 5739 -
452 5701 548 5755 Det
580 5701 707 5753 sinu.
744 5703 837 5753 sed
879 5707 1155 5758 concinnior

472 334 608 460 6‘59"

464 489 801 593 spiritiiaiis‘,
832 496 983 574 more
1010 500 1423 587 Scripturarum,
1454 513 1613 569 etiam
1641 512 1855 584 adoptio
1881 515 2058 570 nomi-

470 622 653 682 natur,
682 621 735 667 ut
757 611 1109 682 distinguatur
1136 609 1203 663 ab
1229 607 1317 663 illa
1343 608 1684 681 generatione
1708 606 1799 663 Dei
1829 607 1896 665 de
1926 600 2069 676 Deo,

470 696 727 763 ceteterui
756 704 822 762 de
848 715 1069 773 :etcrno,
1091 703 1231 760 unde
1252 704 1506 775 scriptum
1533 711 1615 758 est
1638 720 1650 755 :
1677 700 2059 757 Generationem

470 800 580 871 ejus
611 798 720 870 quis
749 794 1002 852 enun'abit
1059 790 1207 867 (Isai.
1250 811 1376 863 Lm,
1414 792 1476 875 ‘8)
1501 794 1674 849 ?Cum
1721 810 1847 866 ergo
1889 792 2058 848 bonos

470 906 593 947 esse
622 888 1087 955 demonstraverit,
1106 903 1242 960 quos
1265 886 1430 943 voluit
1447 888 1555 942 Deo
1574 884 1833 942 veraciter
1859 886 2053 953 dicere,

472 981 629 1038 Pater
674 990 861 1042 noster,
907 980 992 1052 qui
1019 997 1073 1035 es
1102 979 1153 1035 in
1179 978 1351 1045 cretis;
1394 978 1643 1050 prtecepit
1683 989 1857 1035 tamen
1905 987 1959 1033 ut
2004 977 2055 1032 in

464 1076 664 1133 eadem
702 1074 942 1131 oratione
983 1074 1120 1129 inter
1145 1087 1334 1127 caetera
1364 1071 1602 1127 dicerent
1633 1090 1646 1126 τ
1677 1067 1887 1125 Dimitte
1916 1070 2058 1125 nobis

468 1170 632 1225 debita
657 1176 847 1231 nostra,
871 1166 997 1221 sicut
1019 1174 1063 1220 et
1089 1183 1181 1220 nos
1200 1164 1496 1219 dimittimus
1521 1162 1823 1220 debitoribus
1848 1164 2063 1219 nostris;

470 1240 598 1333 Qua:
640 1259 818 1317 debita
846 1274 965 1315 esse
1004 1267 1255 1330 peccata,
1284 1255 1524 1327 quamvis
1572 1255 1906 1311 manifestum
1949 1256 2053 1325 sit,

466 1360 653 1423 postea
694 1360 871 1407 tamen
911 1348 1243 1405 manifestius
1271 1344 1561 1403 declaravit
1587 1345 1807 1402 dicens:
1837 1346 1899 1403 Si
1924 1347 2058 1402 enim

466 1444 760 1501 dimiseritis
801 1452 1011 1517 peccata
1056 1441 1377 1515 Ιιοιηὶιιὶὺιιδ,
1406 1440 1618 1494 dimittet
1663 1438 1797 1495 vobis
1824 1449 1870 1495 et
1899 1438 2057 1494 Pater

468 1546 630 1593 uester
652 1545 862 1607 peccata
891 1543 1054 1591 vestra
1087 1533 1299 1608 (Matth.
1327 1549 1401 1600 vr,
1421 1532 1475 1598 9,
1506 1532 1594 1598 12,
1628 1531 1737 1604 id).
1759 1533 1903 1588 llanc
1930 1548 2053 1588 ora-

467 1629 668 1686 tionem
699 1629 952 1701 baptizati
977 1638 1154 1699 orant,
1188 1643 1287 1685 nec
1306 1636 1388 1684 est
1416 1641 1633 1698 prorsus
1663 1627 2054 1715 praeteritorum

464 1720 666 1792 aliquid
698 1729 1074 1791 peccatorum,
1101 1719 1243 1792 quod
1288 1735 1397 1776 non
1445 1720 1723 1791 baptizatis
1768 1719 1821 1774 in
1868 1730 2055 1776 sancta

464 1814 704 1872 Ecclesia
727 1813 1048 1870 dimittatur.
1082 1813 1187 1891 sed
1214 1821 1397 1884 postea
1431 1813 1657 1870 vivendo
1695 1814 1747 1869 in
1776 1813 1874 1891 hac
1897 1813 2056 1885 fragi-

462 1907 615 1965 litate
657 1906 904 1976 mortali,
932 1906 1035 1962 nisi
1078 1886 1455 1962 centraherent
1496 1904 1636 1977 quod
1679 1888 2053 1965 dimittendum

464 2005 641 2063 esset,
683 2014 790 2055 non
831 1997 1095 2054 veraciter
1129 1997 1407 2063 dicerent,
1450 1998 1658 2051 Dimitte
1703 1999 1845 2053 nobis
1889 1999 2055 2056 debita

467 2100 663 2147 nostra.
687 2091 822 2148 Boni
842 2107 991 2164 ergo,
1014 2092 1068 2147 in
1089 2100 1342 2162 quantum
1360 2091 1377 2123 ¹
1406 2090 1498 2145 lilii
1521 2091 1615 2149 Dei
1637 2102 1793 2159 sunt;
1822 2093 1875 2149 in
1896 2109 2055 2175 qu;th

463 2188 579 2237 tum
621 2190 801 2241 autem
848 2192 1069 2254 peccant
1091 2182 1255 2257 (quod
1281 2197 1376 2238 sua
1415 2197 1523 2239 non
1565 2185 1808 2241 mendaci
1843 2186 2056 2244 confes-

461 2274 616 2337 sione
646 2272 946 2350 testantur),
974 2276 1156 2350 utique
1182 2272 1309 2332 mali
1330 2284 1480 2332 sunt.

539 2368 632 2423 M.
661 2367 773 2424 Nisi
800 2367 940 2425 forte
967 2369 1086 2439 quis
1106 2368 1269 2438 dicat,
1296 2369 1397 2425 alia
1428 2369 1688 2426 bonorum
1708 2411 1726 2439 ,
1756 2371 1856 2429 alia
1883 2371 2051 2428 malo~

468 2477 589 2520 rum
622 2477 742 2518 esse
766 2473 1019 2533 peccata;
1047 2463 1188 2534 quod
1232 2480 1339 2520 non
1378 2479 1759 2537 usquequaque
1786 2467 2053 2537 improba-

460 2555 646 2612 biliter
668 2554 882 2612 dicitur.
916 2556 1289 2613 Verumtamen
1329 2558 1586 2613 Dominus
1619 2558 1774 2616 Jesus
1803 2562 1920 2617 sine
1948 2562 2050 2641 ulla

466 2648 813 2718 ambiguitate
857 2648 1027 2704 malos
1054 2650 1338 2720 appellavit
1377 2651 1593 2708 eosdem
1637 2652 1782 2727 ipsos
1823 2671 2048 2726 quorum

463 2748 673 2812 patrem
716 2743 926 2799 dicebat
972 2745 1160 2800 Deum.
1186 2743 1318 2800 Nam
1348 2746 1401 2801 in
1428 2747 1615 2802 eodem
1644 2762 1895 2805 sermone
1915 2791 1930 2817 ,
1962 2752 2049 2806 tibi

465 2834 614 2890 illam
642 2835 799 2892 docet
821 2836 1151 2905 orationem,
1190 2838 1297 2893 alio
1332 2839 1452 2894 loco
1492 2841 1785 2898 exhortans
1822 2844 1889 2898 ad
1931 2860 2053 2913 pre-

462 2927 691 2983 candum
720 2927 911 2996 Deum,
934 2928 1028 2993 ait,
1054 2928 1237 2996 Petite,
1258 2938 1305 2986 et
1339 2931 1623 3002 accipietis;
1642 2935 1868 3005 quaerite,
1893 2946 1939 2989 et
1965 2937 2049 2992 in-

461 3018 693 3084 venietis;
720 3019 917 3090 pulsate
934 3061 949 3085 ,
988 3029 1038 3076 et
1075 3022 1327 3092 aperietur
1374 3023 1529 3079 vobis.
1572 3023 1748 3081 Omnis
1788 3029 1921 3084 enim
1962 3031 2051 3101 qui

462 3110 602 3183 petit,
625 3112 841 3182 accipit;
864 3120 913 3167 et
935 3113 1022 3183 qui
1042 3114 1220 3182 quierit
1238 3156 1253 3181 ,
1284 3116 1507 3185 inuenit;
1534 3128 1579 3173 et
1602 3120 1823 3189 pulsanti
1846 3118 2046 3195 aperie-

462 3212 549 3260 tur
570 3218 591 3260 :
608 3212 664 3260 et
686 3205 842 3275 paulo
869 3215 1009 3276 post,
1042 3205 1106 3263 Si
1125 3224 1247 3280 ergo
1275 3225 1382 3275 uos,
1414 3209 1603 3281 inquit,
1627 3230 1740 3268 cum
1767 3216 1875 3271 sitis
1903 3220 2043 3286 mali,

460 3295 621 3350 nostis
647 3294 778 3351 bona
807 3296 929 3351 data
953 3297 1077 3352 dare
1102 3299 1224 3367 ﬁliis
1252 3301 1426 3356 uestris
1442 3317 1463 3368 ;
1486 3313 1674 3370 quanto
1702 3308 1864 3379 magis
1893 3308 2048 3369 Pater

458 3395 638 3454 tester,
660 3388 749 3457 qui
770 3388 825 3442 in
848 3389 987 3444 cretis
1014 3399 1107 3457 est,
1141 3390 1280 3446 dabit
1310 3391 1440 3447 bona
1464 3396 1741 3464 petentibus
1755 3415 1810 3454 se
1831 3397 1913 3473 (Μ
1917 3402 2042 3459 attlt.

460 3491 558 3544 vn,
585 3478 638 3541 7,
660 3478 717 3544 8,
746 3478 876 3548 li)?
916 3479 1053 3536 Num
1096 3482 1256 3552 igitur
1280 3484 1420 3543 Deus
1449 3495 1597 3555 pater
1630 3490 1892 3549 malorum
1932 3496 2048 3552 est?

460 3559 636 3621 Absit.
679 3561 958 3628 Quomodo
1006 3581 1136 3635 ergo
1174 3566 1388 3637 dicitur,
1432 3580 1574 3639 pater
1614 3583 1773 3629 vester
1810 3576 2042 3647 coalestis,

461 3649 656 3720 quibus
679 3651 893 3720 dicitur,
922 3670 1035 3709 cum
1062 3656 1171 3713 sitis
1191 3660 1349 3716 mali:
1369 3660 1470 3716 nisi
1493 3663 1612 3733 quia
1635 3675 1915 3737 utrumque.
1943 3669 2047 3726 Ve-

459 3739 590 3799 ritas
619 3751 912 3810 monstrat,
941 3746 1066 3816 quid
1091 3749 1259 3806 simus
1299 3749 1393 3809 Dei
1429 3750 1572 3808 bono
1591 3754 1634 3818 ‘,
1662 3755 1785 3823 quid
1815 3757 2045 3828 humano

459 3831 627 3898 ultio;
660 3832 764 3890 hoc
791 3839 1209 3906 commendans,
1246 3842 1372 3899 illud
1401 3845 1722 3902 emendatis?
1756 3848 1943 3907 Merito
1969 3854 2042 3910 ait

457 3921 660 3981 Seneca
684 3924 792 3998 (qui
824 3930 1153 3999 temporibus
1173 3932 1552 4000 Apostolorum
1580 3937 1692 4004 fuit,
1715 3941 1863 4009 cujus
1884 3945 2042 4001 etiam

456 4017 702 4085 quaidam
748 4020 815 4077 ad
859 4021 1077 4077 l’aulum
1120 4026 1418 4092 apoStolum
1461 4028 1710 4098 leguntur
1737 4033 2040 4110 episwltc):

462 4105 651 4165 Omnes
680 4110 767 4169 odi
794 4112 880 4180 qui
900 4112 1059 4169 malos
1078 4114 1204 4169 odit.
1232 4115 1298 4172 Et
1323 4124 1496 4174 tamen
1511 4118 1630 4175 ideo
1648 4121 1897 4194 diligendi
1917 4105 2043 4187 sunt

455 4199 615 4266 mali,
646 4210 707 4258 ut
744 4220 848 4261 non
878 4204 985 4259 sint
1015 4205 1166 4272 mali;
1196 4209 1673 4280 quemadmodum,
1707 4231 1810 4271 non
1839 4226 1897 4273 ut
1922 4234 2043 4290 per-

456 4305 731 4361 maneant,
758 4295 853 4351 sed
884 4304 941 4350 ut
963 4309 1237 4367 sanentur,
1266 4298 1557 4372 diliguntur
1585 4308 1790 4375 ingrati.

458 4440 463 4443 _
512 4385 619 4457 .15.
666 4386 930 4463 Quidquid
955 4400 1129 4445 autem
1162 4400 1281 4460 post
1306 4407 1426 4451 eam
1446 4410 1566 4464 quae
1586 4396 1645 4452 fit
1674 4397 1725 4453 in
1748 4400 2037 4473 Baptismo,

457 4470 798 4528 abolitionem
829 4486 1192 4544 peceatorum,
1220 4480 1270 4532 in
1302 4480 1399 4535 hac
1427 4485 1530 4537 vita
1564 4490 1827 4544 manendo
1856 4470 2042 4565 pecua;

448 4579 611 4631 plus,
653 4567 858 4621 etiamsi
908 4583 1014 4620 non
1066 4569 1167 4629 tale
1209 4571 1278 4624 sit
1319 4574 1457 4640 quod
1487 4590 1518 4629 a
1548 4576 1740 4634 divinis
1779 4577 2039 4640 removeri

448 4658 739 4727 compellat
767 4659 1044 4726 altaribus,
1077 4676 1181 4715 non
1209 4660 1393 4719 dolore
1417 4667 1606 4737 sterili,
1633 4669 1725 4725 sed
1748 4673 2041 4732 misericor-

454 4749 560 4805 diae
588 4749 865 4806 sacrificiis
888 4751 1148 4820 expiatur.
1180 4753 1330 4820 Quod
1356 4771 1482 4827 ergo
1519 4759 1723 4829 agimus
1753 4773 1808 4818 ut
1835 4764 2037 4824 faciatis

455 4841 904 4907 intercedentibus
934 4842 1107 4908 nobis,
1143 4845 1249 4900 Deo
1291 4863 1388 4903 nos
1430 4852 1682 4909 noveritis
1723 4855 1914 4914 offerre
1942 4877 2038 4931 pro

448 4933 626 4993 vobis.
674 4932 923 5006 Indigetis
966 4938 1106 4990 enim
1154 4938 1513 4997 misericordia
1556 4960 1711 5014 quam
1756 4951 2033 5023 praebetis;

454 5031 511 5080 et
532 5023 705 5080 videte
731 5026 851 5096 quis
878 5026 1090 5095 dixerit,
1109 5026 1353 5085 Dimittite
1376 5041 1423 5086 et
1449 5033 1724 5092 dimittetur
1744 5042 1898 5110 uobis,
1919 5045 2036 5103 date

450 5126 499 5177 ει
522 5116 724 5179 dabitur
746 5118 883 5177 uobis
917 5119 1063 5191 (Luc.
1093 5137 1144 5176 vi
1163 5164 1177 5189 ,
1202 5123 1291 5190 57,
1322 5126 1437 5196 '58).
1472 5128 1781 5202 Quanquam
1826 5136 2035 5197 etiamsi

450 5209 523 5269 ita
549 5209 879 5278 viveremus,
903 5220 961 5267 ut
984 5230 1090 5269 non
1116 5224 1262 5272 esset
1282 5232 1447 5287 quare
1470 5219 1798 5293 diceremus,
1828 5226 2036 5294 Dimitte

452 5300 596 5357 nobis
623 5301 790 5359 debita
817 5313 990 5363 nostra
1006 5320 1027 5370 ,°
1051 5315 1251 5377 quanto
1282 5323 1312 5363 a
1346 5314 1576 5382 nequitia
1620 5318 1799 5384 purior
1821 5323 2034 5381 animus

450 5400 618 5462 esset,
647 5401 797 5451 unto
822 5395 1103 5463 clementia
1129 5399 1338 5471 plenior
1361 5417 1483 5460 esse
1508 5405 1748 5476 deberet,
1778 5422 1834 5467 ut
1855 5416 1898 5468 si
1927 5432 2031 5483 non

452 5495 931 5558 eompungeremur
970 5491 1232 5546 sententia
1267 5492 1473 5550 Domini
1519 5497 1774 5570 dicentis,
1810 5503 1909 5570 Qui
1947 5524 2033 5577 ve-

517 5639 548 5729 :
570 5641 1155 5729 Ἒέξῖίιιξεὲαὲέὲεξὲ
1169 5645 1590 5729 macet!!!"
1610 5665 1704 5729 ηρη
1722 5660 2038 5729 peccat-tm

957 5716 1371 5791 ΞἮἎΨΞΕἯ
1392 5718 1576 5777 παίων
1599 5716 1787 5782 νθίθάο
1807 5732 1900 5775 ηαδ

453 5769 581 5825 ιω,
607 5765 737 5827 quod
759 5766 822 5814 ab
836 5768 1068 5827 omnibus
1086 5776 1191 5820 tum.
1220 5772 1380 5823 abest.

516 5827 541 5859 ⁸
572 5826 646 5877 sic
671 5833 776 5877 Mss.
802 5826 987 5890 plures.
1012 5837 1067 5884 At
1088 5830 1225 5894 ιω,
1247 5830 1501 5890 MM.

1734 396 1789 449 s.
1832 358 2195 457 δοίη]ὲέιῄ
2237 363 2560 466 apiscitur

2164 527 2318 573 strum
2364 534 2437 576 est
2475 523 2583 578 sine
2626 536 2826 598 peccato
2846 569 2859 594 ,
2898 528 3037 598 prior
3063 528 3113 582 in
3140 520 3281 584 illaut
3309 530 3528 603 lapidem
3550 537 3739 610 jaciat,
3806 599 3811 607 _

2165 612 2330 680 ipsius
2354 612 2441 684 qui
2484 613 2583 671 hoc
2623 616 2753 673 dixit
2791 622 3117 693 sectarcm'ur
3143 618 3590 698 exemplumgqni
3613 647 3737 701 cum

2165 715 2307 757 esset
2335 706 2511 775 utique
2542 706 2657 765 sine
2688 720 2923 779 peccato,
2951 714 3024 768 ait
3049 715 3253 770 mulieri
3284 735 3442 791 quam
3471 706 3741 789 perterriti

2164 795 2237 849 illi
2263 797 2616 868 reliquerant:
2638 800 2747 856 Nec
2759 820 2847 873 ego
2869 815 2915 859 te
2935 806 3181 861 dmmtubo
3196 825 3213 874 ;
3228 810 3366 876 vade,
3382 811 3497 882 jam
3511 813 3745 886 deinceps

2163 886 2269 941 noti
2290 902 2512 958 peccare.
2541 891 2717 947 Potuit
2743 896 2883 951 enim
2924 907 3161 954 metuere
3177 899 3433 971 ﬂagitiosa
3461 903 3654 960 mulier
3679 923 3745 963 ne

2162 976 2266 1034 illis
2283 970 2803 1055 discedentibus,qui
2822 1003 2913 1041 sua
2930 997 3144 1058 peccata
3164 970 3523 1064 cogitaverant
3538 1004 3594 1050 ut
3618 1012 3747 1066 pec-

2161 1078 2280 1125 cato
2308 1070 2581 1141 parcerent
2611 1075 2815 1143 alieno,
2848 1071 2992 1132 illam
3020 1079 3314 1149 iustissime
3344 1082 3451 1153 jam
3494 1085 3604 1155 ipse
3648 1087 3737 1142 da-

2163 1170 2374 1218 mnaret
2400 1164 2489 1235 qui
2512 1164 2762 1222 eratsine
2802 1178 3040 1239 peccato.
3071 1171 3139 1226 At
3162 1171 3250 1227 ille
3288 1190 3393 1228 non
3417 1177 3735 1232 conscienti:

2118 1312 2122 1315 Α
2161 1250 2380 1323 pavidus
2400 1297 2415 1322 ,
2444 1255 2538 1311 sed
2565 1256 2753 1327 plenus
2778 1258 3059 1317 clementia
3079 1302 3096 1331 ,
3123 1276 3244 1317 cum
3271 1263 3357 1317 illa
3386 1268 3748 1336 respondiSset

2159 1358 2191 1398 a
2238 1347 2447 1403 nemine
2487 1364 2545 1402 se
2572 1349 2734 1406 fuisse
2772 1350 3076 1407 damnatam
3100 1396 3117 1424 ,
3147 1352 3257 1409 Nec
3303 1372 3394 1428 ego
3432 1366 3508 1421 te,
3547 1357 3746 1428 inquit,

2160 1433 2723 1512 damnabomanquain
2762 1433 2995 1513 diceret,
3033 1446 3088 1501 Si
3137 1449 3337 1503 malitia
3386 1449 3476 1504 tibi
3526 1466 3747 1520 parcere

2157 1528 2358 1601 potuit,
2406 1530 2532 1602 quid
2575 1533 2767 1588 metuis
2810 1532 3205 1593 innocentiam?
3231 1540 3296 1594 Et
3322 1556 3391 1595 ne
3429 1540 3748 1596 delictorum

2160 1634 2266 1675 non
2296 1620 2541 1691 donator,
2566 1622 2659 1680 sed
2680 1626 3001 1696 approbator
3020 1629 3319 1697 videretur;
3355 1629 3512 1698 Vade,
3528 1633 3621 1699 ait,
3631 1635 3748 1705 jam

2159 1710 2393 1782 deinceps
2420 1712 2527 1769 noli
2551 1733 2792 1788 peccare;
2829 1728 2887 1774 ut
2924 1734 2984 1776 se
3020 1719 3219 1776 homini
3262 1725 3596 1794 pepercisse,
3640 1742 3746 1782 non

2158 1802 2388 1861 hominis
2414 1806 2621 1878 culpam
2649 1809 2749 1865 sibi
2780 1810 3040 1883 placuisse
3069 1824 3403 1869 monstraret.
3451 1815 3567 1870 Jani
3598 1816 3751 1875 vides

2158 1897 2319 1969 igitur
2342 1897 2408 1955 de
2447 1900 2701 1973 religione
2725 1902 3052 1961 descendere
3070 1948 3083 1971 ,
3112 1922 3213 1962 nec
3239 1924 3334 1962 nos
3361 1907 3618 1965 societate
3642 1911 3749 1966 cri-

2158 1988 2358 2044 minum
2385 1991 2660 2063 obstringi,
2688 1993 2830 2065 quod
2856 1995 3232 2052 intercedimus
3255 1999 3564 2071 plerumque
3584 2001 3749 2058 etiam

2157 2094 2256 2150 pro
2279 2080 2574 2150 sceleratis,
2602 2082 2700 2137 etsi
2726 2100 2829 2139 non
2860 2086 3136 2156 scelerati,
3163 2097 3337 2144 tamen
3365 2105 3465 2161 pro
3497 2101 3748 2160 peccato-

2157 2174 2305 2229 ribus
2333 2185 2659 2247 peccatores,
2690 2185 2746 2233 et
2771 2179 2911 2249 quod
2941 2181 3201 2236 veraciter
3228 2183 3402 2252 potius
3423 2200 3582 2255 quam
3610 2184 3750 2256 inju-

2156 2263 2299 2319 riose
2326 2264 2525 2321 dictum
2549 2264 2797 2337 accipias,
2821 2280 2946 2338 puto
2974 2270 3113 2342 quod
3141 2271 3279 2344 apud
3308 2285 3638 2345 peccatores.

2227 2352 2451 2412 CAPUT
2469 2354 2632 2412 VL—
2648 2359 2732 2414 16.
2752 2359 2859 2415 Nec
2876 2359 2995 2416 ideo
3015 2376 3142 2417 sane
3160 2361 3349 2417 frustra
3368 2362 3605 2421 instituta
3625 2376 3748 2424 sunt

2158 2457 2388 2520 potestas
2410 2452 2569 2521 regis,
2588 2450 2674 2521 jus
2702 2453 2861 2523 gladii
2889 2456 3200 2527 cegnitoris,
3225 2458 3430 2529 ungula:
3451 2461 3744 2533 carnificis,

2154 2554 2299 2595 arma
2348 2542 2557 2606 militis,
2586 2543 2863 2615 disciplina
2904 2544 3226 2603 dominantis
3252 2591 3267 2614 ,
3295 2551 3553 2607 severitas
3580 2554 3747 2611 etiam

2157 2631 2277 2688 boni
2304 2635 2489 2703 patris.
2520 2635 2726 2690 llabent
2754 2636 2851 2691 ista
2881 2639 3058 2694 omnia
3103 2641 3292 2696 modos
3329 2659 3487 2711 suos,
3523 2662 3744 2715 causas,

2154 2723 2407 2791 rationes,
2431 2725 2701 2781 utilitates.
2748 2727 2872 2783 Hatc
2901 2744 3020 2784 cum
3049 2732 3322 2800 timentur,
3350 2745 3404 2791 et
3430 2749 3745 2817 coercentur

2155 2813 2314 2883 mali,
2354 2822 2408 2870 et
2450 2817 2675 2886 quietius
2706 2817 2844 2873 inter
2874 2821 3042 2878 malos
3068 2822 3250 2878 vivunt
3277 2825 3400 2881 boui
3428 2846 3442 2883 :
3472 2845 3579 2884 non
3615 2813 3741 2901 quia

2155 2901 2277 2958 boui
2304 2907 2674 2974 pronuntiandi
2705 2919 2828 2964 sunt
2861 2911 2951 2981 qui
3001 2913 3121 2968 talia
3165 2917 3451 2974 metuendo
3477 2937 3583 2977 non
3613 2914 3741 2992 pec;

2153 3005 2295 3069 cant,
2326 3016 2430 3057 non
2457 3003 2596 3058 enim
2627 3004 2799 3062 bonus
2824 3017 2906 3064 est
2928 3011 3192 3081 quisliiam
3220 3014 3408 3072 timore
3430 3034 3621 3089 ptume,
3645 3016 3743 3077 sed

2152 3103 2335 3147 amore
2383 3091 2650 3163 justitire;
2704 3112 3073 3160 verumtamen
3124 3121 3232 3161 non
3277 3104 3534 3165 inutiliter
3576 3112 3740 3185 etiam

2153 3190 2298 3238 metu
2325 3183 2499 3255 legum
2522 3187 2752 3245 humana
2774 3204 3049 3251 coercetur
3075 3196 3313 3264 audacia,
3339 3209 3395 3255 ut
3424 3211 3479 3258 et
3523 3214 3630 3259 tuta
3668 3183 3739 3266 sit

2151 3270 2291 3327 inter
2319 3273 2593 3345 improbos
2623 3279 2954 3351 innocentia,
2981 3293 3037 3343 et
3076 3286 3130 3342 in
3170 3289 3300 3359 ipsis
3330 3290 3584 3362 improbis
3608 3295 3734 3379 duip

2152 3359 2435 3445 formidato
2478 3371 2738 3440 supplicio
2779 3374 3016 3432 frenatur
3044 3376 3295 3448 facultas,
3341 3359 3582 3442 invocato
3624 3359 3733 3449 Dee

2151 3463 2367 3511 sanetur
2392 3460 2650 3517 voluntas.
2674 3462 2778 3519 Sed
2804 3464 2924 3522 huic
2941 3468 3257 3528 ordinationi
3275 3488 3453 3530 rerum
3475 3468 3734 3535 humana;

2150 3560 2268 3599 rum
2297 3551 2577 3605 contraria:
2603 3568 2706 3610 non
2735 3565 2857 3610 sunt
2889 3557 3297 3619 intercessiones
3322 3566 3730 3640 episcoporum;

2150 3637 2257 3691 imo
2277 3654 2402 3696 vero
2422 3658 2521 3700 nec
2540 3661 2717 3714 causa,
2741 3664 2841 3706 nec
2860 3649 3004 3708 locus
3024 3637 3384 3728 intercedendi
3407 3661 3540 3717 ullus
3560 3673 3731 3732 esset,

2148 3732 2191 3787 si
2220 3732 2318 3788 ista
2342 3749 2448 3790 non
2472 3748 2671 3793 essent.
2701 3740 2870 3797 Tanto
2897 3730 3039 3800 enim
3063 3758 3188 3804 sunt
3209 3751 3646 3810 intercedentium
3676 3730 3738 3814 et

2146 3827 2477 3901 parcentium
2505 3828 2763 3887 beneficia
2779 3835 3032 3905 gratiora,
3060 3850 3256 3911 quanto
3280 3845 3612 3912 peccantium
3634 3844 3732 3918 ju-

2146 3910 2309 3971 stiora
2342 3920 2618 3988 supplicia.
2646 3922 2756 3981 Nec
2781 3926 2849 3981 ob
2878 3928 3041 3996 aliud,
3072 3910 3321 4002 quantum
3349 3935 3515 4005 sapio,
3547 3936 3598 3991 in
3629 3910 3739 3994 lle-

2149 4007 2245 4061 teri
2288 4006 2648 4078 Testamento,
2680 4017 3016 4086 antiquorum
3064 4023 3389 4092 temporibus
3434 4020 3736 4098 Propheta-

2146 4112 2265 4153 rum
2291 4101 2527 4157 severior
2555 4102 2710 4177 Legis
2731 4106 2961 4164 vindicta
2992 4109 3245 4179 fervebat,
3271 4114 3367 4170 nisi
3399 4108 3456 4171 ut
3482 4118 3742 4177 ostende-

2147 4203 2293 4247 retur
2336 4203 2483 4251 recte
2528 4196 2721 4268 iniquis
2770 4214 2955 4271 pinnas
3002 4204 3357 4261 constitutas:
3388 4210 3612 4280 utquod
3652 4213 3741 4272 eis

2145 4297 2366 4352 parcere
2406 4285 2535 4341 Novi
2566 4287 2889 4345 Testamenti
2937 4291 3259 4366 indulgentia
3302 4306 3735 4374 commonemur,

2143 4384 2235 4429 aut
2278 4377 2571 4433 remedium
2615 4379 2686 4435 sit
2730 4382 2949 4453 salutis,
2982 4402 3086 4455 quo
3133 4390 3365 4463 peccatis
3400 4404 3648 4462 parcatur
3677 4390 3741 4455 et

2144 4469 2378 4534 nostris;
2410 4479 2500 4524 aut
2524 4473 2915 4530 commendatio
2942 4481 3393 4550 mansuetudinis,
3424 4495 3479 4538 nt
3510 4503 3606 4558 per
3630 4484 3740 4569 eo?

2143 4558 2233 4628 qui
2278 4570 2527 4628 parcunt,
2549 4564 2743 4620 veritas
2773 4567 3054 4635 praedicata
3086 4586 3191 4629 non
3223 4584 3423 4653 tantum
3453 4558 3739 4655 timeatur;

2143 4666 2326 4705 verum
2353 4654 2513 4708 etiam
2533 4654 2805 4726 diligatur.
3708 4654 3722 4675 ί

2213 4744 2299 4799 17.
2330 4744 2621 4803 Plurimum
2648 4757 2823 4805 autem
2863 4751 3086 4810 interest
3126 4773 3229 4827 quo
3270 4760 3448 4817 animo
3494 4742 3746 4840 quisquto

2140 4844 2341 4904 parcat.
2357 4834 2503 4891 Sicut
2524 4839 2663 4892 enim
2685 4850 2765 4895 est
2786 4841 3068 4912 aliquando
3090 4846 3447 4907 misericordia
3471 4830 3742 4931 puniebg,

2141 4925 2214 4981 ita
2240 4935 2295 4980 et
2317 4928 2602 4984 crudelitas
2629 4947 2870 5002 parcens.
2896 4935 3048 5005 Nam,
3078 4949 3133 4995 ut
3157 4944 3381 5013 exempli
3410 4944 3582 5031 gratia
3607 4925 3746 5029 tua;

2140 5015 2388 5074 nifestum
2435 5019 2633 5091 aliquid
2681 5040 2905 5097 ponam,
2950 5030 3068 5098 quis
3097 5047 3199 5086 non
3228 5015 3498 5093 crudelem
3539 5024 3743 5104 verius

2138 5109 2332 5167 dixerit
2356 5127 2476 5167 eum
2503 5116 2589 5184 qui
2602 5130 2767 5185 puero
2790 5108 3750 5205 peperceritvolentiobstinatissimb

2137 5200 2205 5257 de
2230 5204 2562 5274 serpentibus
2592 5205 2811 5263 ludere?
2836 5212 2953 5281 quis
2974 5224 3150 5269 autem
3181 5232 3285 5271 non
3314 5200 3744 5297 misericordeiil

2136 5294 2225 5365 qui
2257 5294 2378 5349 talia
2419 5296 2734 5370 prohibens,
2762 5312 3177 5377 contemptorem
3229 5288 3748 5391 verborumetiaii:

2137 5386 2446 5444 verberibus
2471 5392 2865 5451 emendaverit?
2879 5406 2934 5454 et
2952 5399 3072 5455 ideo
3090 5417 3197 5458 non
3214 5420 3381 5477 usque
3400 5409 3467 5463 ad
3488 5386 3747 5474 murtetis

2136 5478 2499 5548 protendenda
2532 5483 2948 5557 estdisciplina,
2993 5501 3053 5547 ut
3079 5492 3149 5548 sit
3186 5495 3268 5550 cui
3310 5499 3748 5577 prodesselpnsf

2136 5568 2226 5624 sit.
2252 5569 2561 5644 Quanquam
2587 5573 2747 5631 etiam
2777 5592 2896 5639 cum
2921 5579 3081 5637 homo
3110 5583 3178 5640 ab
3200 5562 3413 5645 homine
3433 5562 3747 5663 occiditur,

2136 5658 2356 5731 multum
2375 5663 2535 5720 distet
2551 5672 2722 5721 atrum
2748 5669 2840 5724 liat
2854 5673 3076 5729 nocendi
3092 5676 3400 5747 cupiditate,
3420 5680 3505 5734 vel
3527 5674 3674 5753 injus
3685 5658 3755 5746 te

2136 5751 2333 5825 aliquid
2344 5754 2636 5835 auferendi,
2651 5759 2785 5816 sicut
2802 5761 2857 5817 fit
2872 5763 2939 5819 ab
2949 5765 3188 5845 inimico,
3208 5769 3343 5825 sicut
3357 5787 3385 5825 a
3404 5751 3635 5840 latrone;
3658 5760 3749 5838 ah

2138 5843 2426 5901 ulciscendi
2448 5846 2531 5902 vel
2548 5846 2827 5910 obediendi
2846 5843 3052 5926 ordine,
3072 5854 3210 5914 sicut
3228 5877 3256 5914 a
3268 5852 3485 5932 judice,
3513 5860 3667 5924 sicut
3700 5850 3750 5931 Ξι
