  <div class='ocr_page' id='page_1' title='image "/cluster/home/n/w/nwhite01/storage/ocr_20150623/33/hvd.32044015471451/336.png"; bbox 0 0 2077 3177; ppageno 0'>
   <div class='ocr_carea' id='block_1_1' title="bbox 220 206 267 233">
    <p class='ocr_par' dir='ltr' id='par_1_1' title="bbox 220 206 267 233">
     <span class='ocr_line' id='line_1_1' title="bbox 220 206 267 233; baseline 0 0"><span class='ocrx_word' id='word_1_1' title='bbox 220 206 267 233; x_wconf 62' lang='grc' dir='ltr'><strong>κει</strong></span> 
     </span>
    </p>
   </div>
   <div class='ocr_carea' id='block_1_2' title="bbox 219 257 1008 291">
    <p class='ocr_par' dir='ltr' id='par_1_2' title="bbox 219 257 1008 291">
     <span class='ocr_line' id='line_1_2' title="bbox 219 257 1008 291; baseline -0.006 -3"><span class='ocrx_word' id='word_1_2' title='bbox 219 260 362 291; x_wconf 76' lang='lat' dir='ltr'><strong>carniﬁce;</strong></span> <span class='ocrx_word' id='word_1_3' title='bbox 377 266 410 286; x_wconf 83' lang='lat' dir='ltr'><strong>an</strong></span> <span class='ocrx_word' id='word_1_4' title='bbox 432 259 559 286; x_wconf 79' lang='lat' dir='ltr'><strong>evadendi</strong></span> <span class='ocrx_word' id='word_1_5' title='bbox 581 258 622 285; x_wconf 86' lang='lat' dir='ltr'><strong>vel</strong></span> <span class='ocrx_word' id='word_1_6' title='bbox 641 257 813 284; x_wconf 82' lang='lat' dir='ltr'><strong>subveniendi</strong></span> <span class='ocrx_word' id='word_1_7' title='bbox 834 257 1008 288; x_wconf 87' lang='lat' dir='ltr'><strong>necessitate,</strong></span> 
     </span>
    </p>
   </div>
   <div class='ocr_carea' id='block_1_3' title="bbox 221 300 1042 336">
    <p class='ocr_par' dir='ltr' id='par_1_3' title="bbox 221 300 1042 336">
     <span class='ocr_line' id='line_1_3' title="bbox 221 300 1042 336; baseline -0.011 0"><span class='ocrx_word' id='word_1_8' title='bbox 221 308 288 336; x_wconf 90' lang='lat' dir='ltr'><strong>sicut</strong></span> <span class='ocrx_word' id='word_1_9' title='bbox 310 305 469 335; x_wconf 71' lang='lat' dir='ltr'><strong>interimitur</strong></span> <span class='ocrx_word' id='word_1_10' title='bbox 493 306 560 332; x_wconf 91' lang='lat' dir='ltr'><strong>latro</strong></span> <span class='ocrx_word' id='word_1_11' title='bbox 579 311 592 331; x_wconf 91' lang='lat' dir='ltr'><strong>a</strong></span> <span class='ocrx_word' id='word_1_12' title='bbox 610 304 725 336; x_wconf 81' lang='lat' dir='ltr'><strong>viatore,</strong></span> <span class='ocrx_word' id='word_1_13' title='bbox 742 303 824 330; x_wconf 86' lang='lat' dir='ltr'><strong>hostis</strong></span> <span class='ocrx_word' id='word_1_14' title='bbox 839 310 852 329; x_wconf 86' lang='lat' dir='ltr'><strong>a</strong></span> <span class='ocrx_word' id='word_1_15' title='bbox 869 302 961 329; x_wconf 87' lang='lat' dir='ltr'><strong>millte.</strong></span> <span class='ocrx_word' id='word_1_16' title='bbox 977 301 1010 328; x_wconf 85' lang='lat' dir='ltr'><strong>Et</strong></span> <span class='ocrx_word' id='word_1_17' title='bbox 1037 300 1042 303; x_wconf 75' lang='grc'><strong>“</strong></span> 
     </span>
    </p>
   </div>
   <div class='ocr_carea' id='block_1_4' title="bbox 220 348 1008 388">
    <p class='ocr_par' dir='ltr' id='par_1_4' title="bbox 220 348 1008 388">
     <span class='ocr_line' id='line_1_4' title="bbox 220 348 1008 388; baseline -0.008 -8"><span class='ocrx_word' id='word_1_18' title='bbox 220 352 362 388; x_wconf 71' lang='lat' dir='ltr'><strong>aliquando</strong></span> <span class='ocrx_word' id='word_1_19' title='bbox 373 353 418 387; x_wconf 88' lang='lat' dir='ltr'><strong>qui</strong></span> <span class='ocrx_word' id='word_1_20' title='bbox 432 359 511 379; x_wconf 76' lang='lat' dir='ltr'><strong>causa</strong></span> <span class='ocrx_word' id='word_1_21' title='bbox 527 349 618 378; x_wconf 81' lang='lat' dir='ltr'><strong>mortis</strong></span> <span class='ocrx_word' id='word_1_22' title='bbox 635 349 692 383; x_wconf 77' lang='lat' dir='ltr'><strong>fuit,</strong></span> <span class='ocrx_word' id='word_1_23' title='bbox 706 350 792 384; x_wconf 79' lang='lat' dir='ltr'><strong>potius</strong></span> <span class='ocrx_word' id='word_1_24' title='bbox 813 349 838 376; x_wconf 91' lang='lat' dir='ltr'><strong>in</strong></span> <span class='ocrx_word' id='word_1_25' title='bbox 861 348 938 383; x_wconf 84' lang='lat' dir='ltr'><strong>culpa</strong></span> <span class='ocrx_word' id='word_1_26' title='bbox 951 352 990 375; x_wconf 91' lang='lat' dir='ltr'><strong>est</strong></span> <span class='ocrx_word' id='word_1_27' title='bbox 1001 367 1008 380; x_wconf 97' lang='lat'><strong>,</strong></span> 
     </span>
    </p>
   </div>
   <div class='ocr_carea' id='block_1_5' title="bbox 220 392 1010 434">
    <p class='ocr_par' dir='ltr' id='par_1_5' title="bbox 220 392 1010 434">
     <span class='ocr_line' id='line_1_5' title="bbox 220 392 1010 434; baseline -0.009 -8"><span class='ocrx_word' id='word_1_28' title='bbox 220 407 299 434; x_wconf 79' lang='lat' dir='ltr'><strong>quam</strong></span> <span class='ocrx_word' id='word_1_29' title='bbox 312 399 357 425; x_wconf 87' lang='lat' dir='ltr'><strong>ille</strong></span> <span class='ocrx_word' id='word_1_30' title='bbox 367 399 410 433; x_wconf 89' lang='lat' dir='ltr'><strong>qui</strong></span> <span class='ocrx_word' id='word_1_31' title='bbox 424 398 536 429; x_wconf 79' lang='lat' dir='ltr'><strong>occidit;</strong></span> <span class='ocrx_word' id='word_1_32' title='bbox 549 397 621 424; x_wconf 88' lang='lat' dir='ltr'><strong>velut</strong></span> <span class='ocrx_word' id='word_1_33' title='bbox 633 397 655 423; x_wconf 84' lang='lat' dir='ltr'><strong>si</strong></span> <span class='ocrx_word' id='word_1_34' title='bbox 669 396 807 431; x_wconf 87' lang='lat' dir='ltr'><strong>quisquam</strong></span> <span class='ocrx_word' id='word_1_35' title='bbox 822 393 933 428; x_wconf 84' lang='lat' dir='ltr'><strong>decipiat</strong></span> <span class='ocrx_word' id='word_1_36' title='bbox 947 392 1010 419; x_wconf 83' lang='lat' dir='ltr'><strong>tide-</strong></span> 
     </span>
    </p>
   </div>
   <div class='ocr_carea' id='block_1_6' title="bbox 219 440 1010 481">
    <p class='ocr_par' dir='ltr' id='par_1_6' title="bbox 219 440 1010 481">
     <span class='ocr_line' id='line_1_6' title="bbox 219 440 1010 481; baseline -0.009 -8"><span class='ocrx_word' id='word_1_37' title='bbox 219 446 351 481; x_wconf 71' lang='lat' dir='ltr'><strong>jussorem</strong></span> <span class='ocrx_word' id='word_1_38' title='bbox 366 452 458 477; x_wconf 87' lang='lat' dir='ltr'><strong>suum,</strong></span> <span class='ocrx_word' id='word_1_39' title='bbox 471 448 550 478; x_wconf 80' lang='lat' dir='ltr'><strong>atque</strong></span> <span class='ocrx_word' id='word_1_40' title='bbox 565 443 609 471; x_wconf 88' lang='lat' dir='ltr'><strong>ille</strong></span> <span class='ocrx_word' id='word_1_41' title='bbox 624 450 672 479; x_wconf 88' lang='lat' dir='ltr'><strong>pro</strong></span> <span class='ocrx_word' id='word_1_42' title='bbox 687 443 737 470; x_wconf 89' lang='lat' dir='ltr'><strong>isto</strong></span> <span class='ocrx_word' id='word_1_43' title='bbox 752 441 908 477; x_wconf 78' lang='lat' dir='ltr'><strong>supplicium</strong></span> <span class='ocrx_word' id='word_1_44' title='bbox 920 440 1010 475; x_wconf 84' lang='lat' dir='ltr'><strong>legiti-</strong></span> 
     </span>
    </p>
   </div>
   <div class='ocr_carea' id='block_1_7' title="bbox 199 487 1011 524">
    <p class='ocr_par' dir='ltr' id='par_1_7' title="bbox 199 487 1011 524">
     <span class='ocr_line' id='line_1_7' title="bbox 199 487 1011 524; baseline -0.009 -4"><span class='ocrx_word' id='word_1_45' title='bbox 199 508 202 509; x_wconf 56' lang='grc' dir='ltr'><em>ν</em></span> <span class='ocrx_word' id='word_1_46' title='bbox 221 500 293 521; x_wconf 87' lang='lat' dir='ltr'><strong>nntm</strong></span> <span class='ocrx_word' id='word_1_47' title='bbox 306 491 371 519; x_wconf 81' lang='lat' dir='ltr'><strong>luat.</strong></span> <span class='ocrx_word' id='word_1_48' title='bbox 387 491 440 518; x_wconf 70' lang='lat' dir='ltr'><strong>Nec</strong></span> <span class='ocrx_word' id='word_1_49' title='bbox 453 495 541 517; x_wconf 85' lang='lat' dir='ltr'><strong>tamen</strong></span> <span class='ocrx_word' id='word_1_50' title='bbox 554 490 640 516; x_wconf 89' lang='lat' dir='ltr'><strong>omnis</strong></span> <span class='ocrx_word' id='word_1_51' title='bbox 654 489 698 524; x_wconf 90' lang='lat' dir='ltr'><strong>qui</strong></span> <span class='ocrx_word' id='word_1_52' title='bbox 711 496 789 516; x_wconf 89' lang='lat' dir='ltr'><strong>causa</strong></span> <span class='ocrx_word' id='word_1_53' title='bbox 805 487 898 515; x_wconf 70' lang='lat' dir='ltr'><strong>aliena:</strong></span> <span class='ocrx_word' id='word_1_54' title='bbox 918 487 1011 514; x_wconf 85' lang='lat' dir='ltr'><strong>mortis</strong></span> 
     </span>
    </p>
   </div>
   <div class='ocr_carea' id='block_1_8' title="bbox 220 535 1009 570">
    <p class='ocr_par' dir='ltr' id='par_1_8' title="bbox 220 535 1009 570">
     <span class='ocr_line' id='line_1_8' title="bbox 220 535 1009 570; baseline -0.008 -5"><span class='ocrx_word' id='word_1_55' title='bbox 220 543 271 570; x_wconf 78' lang='lat' dir='ltr'><strong>est,</strong></span> <span class='ocrx_word' id='word_1_56' title='bbox 288 545 349 564; x_wconf 87' lang='lat' dir='ltr'><strong>reus</strong></span> <span class='ocrx_word' id='word_1_57' title='bbox 361 542 410 565; x_wconf 86' lang='lat' dir='ltr'><strong>est.</strong></span> <span class='ocrx_word' id='word_1_58' title='bbox 423 536 490 570; x_wconf 81' lang='lat' dir='ltr'><strong>Quid</strong></span> <span class='ocrx_word' id='word_1_59' title='bbox 503 536 525 563; x_wconf 89' lang='lat' dir='ltr'><strong>si</strong></span> <span class='ocrx_word' id='word_1_60' title='bbox 539 535 609 563; x_wconf 84' lang='lat' dir='ltr'><strong>enim</strong></span> <span class='ocrx_word' id='word_1_61' title='bbox 625 535 761 570; x_wconf 91' lang='lat' dir='ltr'><strong>quisquam</strong></span> <span class='ocrx_word' id='word_1_62' title='bbox 777 538 897 569; x_wconf 89' lang='lat' dir='ltr'><strong>stuprum</strong></span> <span class='ocrx_word' id='word_1_63' title='bbox 920 537 1009 568; x_wconf 84' lang='lat' dir='ltr'><strong>petat,</strong></span> 
     </span>
    </p>
   </div>
   <div class='ocr_carea' id='block_1_9' title="bbox 221 579 1011 618">
    <p class='ocr_par' dir='ltr' id='par_1_9' title="bbox 221 579 1011 618">
     <span class='ocr_line' id='line_1_9' title="bbox 221 579 1011 618; baseline -0.008 -7"><span class='ocrx_word' id='word_1_64' title='bbox 221 592 350 618; x_wconf 75' lang='lat' dir='ltr'><strong>seseque,</strong></span> <span class='ocrx_word' id='word_1_65' title='bbox 367 583 387 610; x_wconf 85' lang='lat' dir='ltr'><strong>si</strong></span> <span class='ocrx_word' id='word_1_66' title='bbox 403 591 454 609; x_wconf 90' lang='lat' dir='ltr'><strong>non</strong></span> <span class='ocrx_word' id='word_1_67' title='bbox 470 582 663 616; x_wconf 85' lang='lat' dir='ltr'><strong>impetraverit,</strong></span> <span class='ocrx_word' id='word_1_68' title='bbox 675 581 825 608; x_wconf 84' lang='lat' dir='ltr'><strong>interimat?</strong></span> <span class='ocrx_word' id='word_1_69' title='bbox 838 580 931 615; x_wconf 80' lang='lat' dir='ltr'><strong>quidsi</strong></span> <span class='ocrx_word' id='word_1_70' title='bbox 942 579 1011 606; x_wconf 85' lang='lat' dir='ltr'><strong>ﬁlius</strong></span> 
     </span>
    </p>
   </div>
   <div class='ocr_carea' id='block_1_10' title="bbox 221 623 1011 663">
    <p class='ocr_par' dir='ltr' id='par_1_10' title="bbox 221 623 1011 663">
     <span class='ocr_line' id='line_1_10' title="bbox 221 623 1011 663; baseline -0.005 -8"><span class='ocrx_word' id='word_1_71' title='bbox 221 626 319 656; x_wconf 81' lang='lat' dir='ltr'><strong>timens</strong></span> <span class='ocrx_word' id='word_1_72' title='bbox 333 623 419 663; x_wconf 19' lang='lat' dir='ltr'><strong>patris}</strong></span> <span class='ocrx_word' id='word_1_73' title='bbox 433 628 474 662; x_wconf 88' lang='lat' dir='ltr'><strong>pia</strong></span> <span class='ocrx_word' id='word_1_74' title='bbox 489 628 609 659; x_wconf 88' lang='lat' dir='ltr'><strong>verbera,</strong></span> <span class='ocrx_word' id='word_1_75' title='bbox 626 625 772 662; x_wconf 74' lang='lat' dir='ltr'><strong>przccipitio</strong></span> <span class='ocrx_word' id='word_1_76' title='bbox 786 626 894 660; x_wconf 79' lang='lat' dir='ltr'><strong>pereat?</strong></span> <span class='ocrx_word' id='word_1_77' title='bbox 906 625 969 660; x_wconf 89' lang='lat' dir='ltr'><strong>quid</strong></span> <span class='ocrx_word' id='word_1_78' title='bbox 990 625 1011 652; x_wconf 92' lang='lat' dir='ltr'><strong>si</strong></span> 
     </span>
    </p>
   </div>
   <div class='ocr_carea' id='block_1_11' title="bbox 221 670 1012 704">
    <p class='ocr_par' dir='ltr' id='par_1_11' title="bbox 221 670 1012 704">
     <span class='ocr_line' id='line_1_11' title="bbox 221 670 1012 704; baseline -0.005 -4"><span class='ocrx_word' id='word_1_79' title='bbox 221 675 289 700; x_wconf 61' lang='lat' dir='ltr'><strong>alius</strong></span> <span class='ocrx_word' id='word_1_80' title='bbox 302 674 410 700; x_wconf 87' lang='lat' dir='ltr'><strong>homine</strong></span> <span class='ocrx_word' id='word_1_81' title='bbox 423 674 544 704; x_wconf 83' lang='lat' dir='ltr'><strong>liberato,</strong></span> <span class='ocrx_word' id='word_1_82' title='bbox 558 672 599 699; x_wconf 94' lang='lat' dir='ltr'><strong>vel</strong></span> <span class='ocrx_word' id='word_1_83' title='bbox 614 680 647 699; x_wconf 88' lang='lat' dir='ltr'><strong>ne</strong></span> <span class='ocrx_word' id='word_1_84' title='bbox 661 672 728 698; x_wconf 84' lang='lat' dir='ltr'><strong>alius</strong></span> <span class='ocrx_word' id='word_1_85' title='bbox 743 672 881 703; x_wconf 72' lang='lat' dir='ltr'><strong>liberetur,</strong></span> <span class='ocrx_word' id='word_1_86' title='bbox 896 670 943 697; x_wconf 84' lang='lat' dir='ltr'><strong>sibi</strong></span> <span class='ocrx_word' id='word_1_87' title='bbox 957 670 1012 704; x_wconf 84' lang='lat' dir='ltr'><strong>ipse</strong></span> 
     </span>
    </p>
   </div>
   <div class='ocr_carea' id='block_1_12' title="bbox 222 716 1011 752">
    <p class='ocr_par' dir='ltr' id='par_1_12' title="bbox 222 716 1011 752">
     <span class='ocr_line' id='line_1_12' title="bbox 222 716 1011 752; baseline -0.005 -7"><span class='ocrx_word' id='word_1_88' title='bbox 222 723 334 745; x_wconf 79' lang='lat' dir='ltr'><strong>mortem</strong></span> <span class='ocrx_word' id='word_1_89' title='bbox 359 718 472 744; x_wconf 76' lang='lat' dir='ltr'><strong>inferat?</strong></span> <span class='ocrx_word' id='word_1_90' title='bbox 485 717 552 745; x_wconf 90' lang='lat' dir='ltr'><strong>Ntnn</strong></span> <span class='ocrx_word' id='word_1_91' title='bbox 572 721 680 752; x_wconf 81' lang='lat' dir='ltr'><strong>propter</strong></span> <span class='ocrx_word' id='word_1_92' title='bbox 695 717 758 744; x_wconf 81' lang='lat' dir='ltr'><strong>istas</strong></span> <span class='ocrx_word' id='word_1_93' title='bbox 771 716 916 743; x_wconf 87' lang='lat' dir='ltr'><strong>alienarum</strong></span> <span class='ocrx_word' id='word_1_94' title='bbox 939 722 1011 741; x_wconf 87' lang='lat' dir='ltr'><strong>mor-</strong></span> 
     </span>
    </p>
   </div>
   <div class='ocr_carea' id='block_1_13' title="bbox 222 759 1013 795">
    <p class='ocr_par' dir='ltr' id='par_1_13' title="bbox 222 759 1013 795">
     <span class='ocr_line' id='line_1_13' title="bbox 222 759 1013 795; baseline -0.005 -5"><span class='ocrx_word' id='word_1_95' title='bbox 222 765 286 790; x_wconf 84' lang='lat' dir='ltr'><strong>tium</strong></span> <span class='ocrx_word' id='word_1_96' title='bbox 303 771 405 793; x_wconf 60' lang='lat' dir='ltr'><strong>musas,</strong></span> <span class='ocrx_word' id='word_1_97' title='bbox 421 768 465 789; x_wconf 84' lang='lat' dir='ltr'><strong>aut</strong></span> <span class='ocrx_word' id='word_1_98' title='bbox 480 763 573 789; x_wconf 77' lang='lat' dir='ltr'><strong>sceleri</strong></span> <span class='ocrx_word' id='word_1_99' title='bbox 593 761 811 789; x_wconf 85' lang='lat' dir='ltr'><strong>consentiendum</strong></span> <span class='ocrx_word' id='word_1_100' title='bbox 826 765 882 795; x_wconf 87' lang='lat' dir='ltr'><strong>est,</strong></span> <span class='ocrx_word' id='word_1_101' title='bbox 899 765 943 787; x_wconf 84' lang='lat' dir='ltr'><strong>ant</strong></span> <span class='ocrx_word' id='word_1_102' title='bbox 956 759 1013 786; x_wconf 89' lang='lat' dir='ltr'><strong>vin-</strong></span> 
     </span>
    </p>
   </div>
   <div class='ocr_carea' id='block_1_14' title="bbox 221 806 1012 843">
    <p class='ocr_par' dir='ltr' id='par_1_14' title="bbox 221 806 1012 843">
     <span class='ocr_line' id='line_1_14' title="bbox 221 806 1012 843; baseline -0.004 -8"><span class='ocrx_word' id='word_1_103' title='bbox 221 809 290 836; x_wconf 78' lang='lat' dir='ltr'><strong>dicta</strong></span> <span class='ocrx_word' id='word_1_104' title='bbox 307 809 426 843; x_wconf 72' lang='lat' dir='ltr'><strong>peccati,</strong></span> <span class='ocrx_word' id='word_1_105' title='bbox 439 816 498 843; x_wconf 76' lang='lat' dir='ltr'><strong>qurc</strong></span> <span class='ocrx_word' id='word_1_106' title='bbox 512 815 563 835; x_wconf 88' lang='lat' dir='ltr'><strong>non</strong></span> <span class='ocrx_word' id='word_1_107' title='bbox 589 808 618 834; x_wconf 81' lang='lat' dir='ltr'><strong>iit</strong></span> <span class='ocrx_word' id='word_1_108' title='bbox 639 807 768 841; x_wconf 77' lang='lat' dir='ltr'><strong>nocendi,</strong></span> <span class='ocrx_word' id='word_1_109' title='bbox 794 806 840 834; x_wconf 84' lang='lat' dir='ltr'><strong>sed</strong></span> <span class='ocrx_word' id='word_1_110' title='bbox 865 806 1012 840; x_wconf 73' lang='lat' dir='ltr'><strong>corrigendi</strong></span> 
     </span>
    </p>
   </div>
   <div class='ocr_carea' id='block_1_15' title="bbox 220 853 1015 888">
    <p class='ocr_par' dir='ltr' id='par_1_15' title="bbox 220 853 1015 888">
     <span class='ocr_line' id='line_1_15' title="bbox 220 853 1015 888; baseline -0.003 -7"><span class='ocrx_word' id='word_1_111' title='bbox 220 855 321 886; x_wconf 78' lang='lat' dir='ltr'><strong>studio,</strong></span> <span class='ocrx_word' id='word_1_112' title='bbox 337 855 415 881; x_wconf 85' lang='lat' dir='ltr'><strong>etiam</strong></span> <span class='ocrx_word' id='word_1_113' title='bbox 437 859 545 888; x_wconf 86' lang='lat' dir='ltr'><strong>paterna</strong></span> <span class='ocrx_word' id='word_1_114' title='bbox 565 853 694 886; x_wconf 86' lang='lat' dir='ltr'><strong>tollenda,</strong></span> <span class='ocrx_word' id='word_1_115' title='bbox 711 858 755 880; x_wconf 90' lang='lat' dir='ltr'><strong>aut</strong></span> <span class='ocrx_word' id='word_1_116' title='bbox 768 860 847 887; x_wconf 89' lang='lat' dir='ltr'><strong>opera</strong></span> <span class='ocrx_word' id='word_1_117' title='bbox 864 853 1015 879; x_wconf 81' lang='lat' dir='ltr'><strong>misericor-</strong></span> 
     </span>
    </p>
   </div>
   <div class='ocr_carea' id='block_1_16' title="bbox 222 898 1014 931">
    <p class='ocr_par' dir='ltr' id='par_1_16' title="bbox 222 898 1014 931">
     <span class='ocr_line' id='line_1_16' title="bbox 222 898 1014 931; baseline -0.003 -4"><span class='ocrx_word' id='word_1_118' title='bbox 222 900 274 927; x_wconf 65' lang='lat' dir='ltr'><strong>dias</strong></span> <span class='ocrx_word' id='word_1_119' title='bbox 298 900 443 927; x_wconf 81' lang='lat' dir='ltr'><strong>cohibenda</strong></span> <span class='ocrx_word' id='word_1_120' title='bbox 468 900 545 926; x_wconf 85' lang='lat' dir='ltr'><strong>sunt?</strong></span> <span class='ocrx_word' id='word_1_121' title='bbox 566 899 626 926; x_wconf 83' lang='lat' dir='ltr'><strong>llaec</strong></span> <span class='ocrx_word' id='word_1_122' title='bbox 646 907 705 926; x_wconf 91' lang='lat' dir='ltr'><strong>cum</strong></span> <span class='ocrx_word' id='word_1_123' title='bbox 729 899 867 931; x_wconf 87' lang='lat' dir='ltr'><strong>accidunt,</strong></span> <span class='ocrx_word' id='word_1_124' title='bbox 887 898 1014 925; x_wconf 80' lang='lat' dir='ltr'><strong>debemus</strong></span> 
     </span>
    </p>
   </div>
   <div class='ocr_carea' id='block_1_17' title="bbox 222 945 1012 980">
    <p class='ocr_par' dir='ltr' id='par_1_17' title="bbox 222 945 1012 980">
     <span class='ocr_line' id='line_1_17' title="bbox 222 945 1012 980; baseline -0.003 -7"><span class='ocrx_word' id='word_1_125' title='bbox 222 947 262 973; x_wconf 80' lang='lat' dir='ltr'><strong>eis</strong></span> <span class='ocrx_word' id='word_1_126' title='bbox 275 946 417 973; x_wconf 85' lang='lat' dir='ltr'><strong>humanum</strong></span> <span class='ocrx_word' id='word_1_127' title='bbox 433 946 567 977; x_wconf 81' lang='lat' dir='ltr'><strong>dolorem;</strong></span> <span class='ocrx_word' id='word_1_128' title='bbox 584 954 636 972; x_wconf 89' lang='lat' dir='ltr'><strong>non</strong></span> <span class='ocrx_word' id='word_1_129' title='bbox 652 950 757 980; x_wconf 81' lang='lat' dir='ltr'><strong>propter</strong></span> <span class='ocrx_word' id='word_1_130' title='bbox 771 945 823 978; x_wconf 91' lang='lat' dir='ltr'><strong>illa,</strong></span> <span class='ocrx_word' id='word_1_131' title='bbox 838 953 871 972; x_wconf 89' lang='lat' dir='ltr'><strong>ne</strong></span> <span class='ocrx_word' id='word_1_132' title='bbox 881 945 1012 979; x_wconf 83' lang='lat' dir='ltr'><strong>accidant,</strong></span> 
     </span>
    </p>
   </div>
   <div class='ocr_carea' id='block_1_18' title="bbox 223 987 807 1025">
    <p class='ocr_par' dir='ltr' id='par_1_18' title="bbox 223 987 807 1025">
     <span class='ocr_line' id='line_1_18' title="bbox 223 987 807 1025; baseline -0.002 -7"><span class='ocrx_word' id='word_1_133' title='bbox 223 987 296 1018; x_wconf 74' lang='lat' dir='ltr'><strong>recte</strong></span> <span class='ocrx_word' id='word_1_134' title='bbox 312 991 439 1018; x_wconf 80' lang='lat' dir='ltr'><strong>factorum</strong></span> <span class='ocrx_word' id='word_1_135' title='bbox 455 991 624 1025; x_wconf 88' lang='lat' dir='ltr'><strong>rcprimitutts</strong></span> <span class='ocrx_word' id='word_1_136' title='bbox 635 991 807 1018; x_wconf 85' lang='lat' dir='ltr'><strong>voluntatem.</strong></span> 
     </span>
    </p>
   </div>
   <div class='ocr_carea' id='block_1_19' title="bbox 266 1037 1014 1072">
    <p class='ocr_par' dir='ltr' id='par_1_19' title="bbox 266 1037 1014 1072">
     <span class='ocr_line' id='line_1_19' title="bbox 266 1037 1014 1072; baseline 0.001 -9"><span class='ocrx_word' id='word_1_137' title='bbox 266 1037 308 1064; x_wconf 68' lang='lat'><strong>£8.</strong></span> <span class='ocrx_word' id='word_1_138' title='bbox 335 1037 378 1064; x_wconf 81' lang='lat' dir='ltr'><strong>Sic</strong></span> <span class='ocrx_word' id='word_1_139' title='bbox 405 1037 484 1063; x_wconf 86' lang='lat' dir='ltr'><strong>etiam</strong></span> <span class='ocrx_word' id='word_1_140' title='bbox 514 1045 573 1063; x_wconf 85' lang='lat' dir='ltr'><strong>cum</strong></span> <span class='ocrx_word' id='word_1_141' title='bbox 599 1037 785 1063; x_wconf 76' lang='lat' dir='ltr'><strong>intcrcedimns</strong></span> <span class='ocrx_word' id='word_1_142' title='bbox 805 1044 854 1072; x_wconf 90' lang='lat' dir='ltr'><strong>pro</strong></span> <span class='ocrx_word' id='word_1_143' title='bbox 878 1042 1014 1072; x_wconf 72' lang='lat' dir='ltr'><strong>peccatore</strong></span> 
     </span>
    </p>
   </div>
   <div class='ocr_carea' id='block_1_20' title="bbox 222 1078 1008 1113">
    <p class='ocr_par' dir='ltr' id='par_1_20' title="bbox 222 1078 1008 1113">
     <span class='ocr_line' id='line_1_20' title="bbox 222 1078 1008 1113; baseline 0 -7"><span class='ocrx_word' id='word_1_144' title='bbox 222 1078 385 1111; x_wconf 85' lang='lat' dir='ltr'><strong>damnando,</strong></span> <span class='ocrx_word' id='word_1_145' title='bbox 401 1084 547 1112; x_wconf 87' lang='lat' dir='ltr'><strong>sequuntur</strong></span> <span class='ocrx_word' id='word_1_146' title='bbox 560 1078 702 1113; x_wconf 80' lang='lat' dir='ltr'><strong>aliquando</strong></span> <span class='ocrx_word' id='word_1_147' title='bbox 716 1085 774 1113; x_wconf 75' lang='lat' dir='ltr'><strong>qum</strong></span> <span class='ocrx_word' id='word_1_148' title='bbox 798 1079 938 1110; x_wconf 78' lang='lat' dir='ltr'><strong>nolumus;</strong></span> <span class='ocrx_word' id='word_1_149' title='bbox 953 1080 1008 1107; x_wconf 87' lang='lat' dir='ltr'><strong>sive</strong></span> 
     </span>
    </p>
   </div>
   <div class='ocr_carea' id='block_1_21' title="bbox 223 1120 1015 1155">
    <p class='ocr_par' dir='ltr' id='par_1_21' title="bbox 223 1120 1015 1155">
     <span class='ocr_line' id='line_1_21' title="bbox 223 1120 1015 1155; baseline -0.001 -7"><span class='ocrx_word' id='word_1_150' title='bbox 223 1120 251 1148; x_wconf 86' lang='lat' dir='ltr'><strong>in</strong></span> <span class='ocrx_word' id='word_1_151' title='bbox 267 1120 324 1155; x_wconf 86' lang='lat' dir='ltr'><strong>ipso</strong></span> <span class='ocrx_word' id='word_1_152' title='bbox 336 1121 380 1155; x_wconf 88' lang='lat' dir='ltr'><strong>qui</strong></span> <span class='ocrx_word' id='word_1_153' title='bbox 394 1125 486 1147; x_wconf 85' lang='lat' dir='ltr'><strong>nostra</strong></span> <span class='ocrx_word' id='word_1_154' title='bbox 508 1121 698 1148; x_wconf 76' lang='lat' dir='ltr'><strong>inlercrssione</strong></span> <span class='ocrx_word' id='word_1_155' title='bbox 714 1121 849 1153; x_wconf 80' lang='lat' dir='ltr'><strong>liberatur,</strong></span> <span class='ocrx_word' id='word_1_156' title='bbox 864 1126 892 1148; x_wconf 91' lang='lat' dir='ltr'><strong>ut</strong></span> <span class='ocrx_word' id='word_1_157' title='bbox 906 1121 947 1147; x_wconf 93' lang='lat' dir='ltr'><strong>vel</strong></span> <span class='ocrx_word' id='word_1_158' title='bbox 964 1121 1015 1148; x_wconf 90' lang='lat' dir='ltr'><strong>im-</strong></span> 
     </span>
    </p>
   </div>
   <div class='ocr_carea' id='block_1_22' title="bbox 226 1156 1015 1200">
    <p class='ocr_par' dir='ltr' id='par_1_22' title="bbox 226 1156 1015 1200">
     <span class='ocr_line' id='line_1_22' title="bbox 226 1156 1015 1200; baseline 0 -7"><span class='ocrx_word' id='word_1_159' title='bbox 226 1156 332 1194; x_wconf 78' lang='lat' dir='ltr'><strong>manius</strong></span> <span class='ocrx_word' id='word_1_160' title='bbox 351 1166 478 1200; x_wconf 83' lang='lat' dir='ltr'><strong>impunita</strong></span> <span class='ocrx_word' id='word_1_161' title='bbox 499 1172 634 1200; x_wconf 78' lang='lat' dir='ltr'><strong>grassetur</strong></span> <span class='ocrx_word' id='word_1_162' title='bbox 646 1165 767 1197; x_wconf 83' lang='lat' dir='ltr'><strong>audacia,</strong></span> <span class='ocrx_word' id='word_1_163' title='bbox 784 1166 888 1192; x_wconf 88' lang='lat' dir='ltr'><strong>subdita</strong></span> <span class='ocrx_word' id='word_1_164' title='bbox 911 1166 1015 1200; x_wconf 82' lang='lat' dir='ltr'><strong>cupidi—</strong></span> 
     </span>
    </p>
   </div>
   <div class='ocr_carea' id='block_1_23' title="bbox 225 1202 1016 1247">
    <p class='ocr_par' dir='ltr' id='par_1_23' title="bbox 225 1202 1016 1247">
     <span class='ocr_line' id='line_1_23' title="bbox 225 1202 1016 1247; baseline -0.003 -8"><span class='ocrx_word' id='word_1_165' title='bbox 225 1202 284 1246; x_wconf 53' lang='lat' dir='ltr'><strong>tati,</strong></span> <span class='ocrx_word' id='word_1_166' title='bbox 301 1212 399 1247; x_wconf 79' lang='lat' dir='ltr'><strong>ingrata</strong></span> <span class='ocrx_word' id='word_1_167' title='bbox 412 1212 524 1244; x_wconf 83' lang='lat' dir='ltr'><strong>lenitati,</strong></span> <span class='ocrx_word' id='word_1_168' title='bbox 540 1216 619 1246; x_wconf 86' lang='lat' dir='ltr'><strong>atque</strong></span> <span class='ocrx_word' id='word_1_169' title='bbox 639 1219 706 1238; x_wconf 86' lang='lat' dir='ltr'><strong>unus</strong></span> <span class='ocrx_word' id='word_1_170' title='bbox 720 1211 797 1238; x_wconf 84' lang='lat' dir='ltr'><strong>morti</strong></span> <span class='ocrx_word' id='word_1_171' title='bbox 811 1216 917 1246; x_wconf 83' lang='lat' dir='ltr'><strong>ereptus</strong></span> <span class='ocrx_word' id='word_1_172' title='bbox 933 1211 1016 1245; x_wconf 90' lang='lat' dir='ltr'><strong>pluri-</strong></span> 
     </span>
    </p>
   </div>
   <div class='ocr_carea' id='block_1_24' title="bbox 209 1258 1016 1298">
    <p class='ocr_par' dir='ltr' id='par_1_24' title="bbox 209 1258 1016 1298">
     <span class='ocr_line' id='line_1_24' title="bbox 209 1258 1016 1298; baseline -0.001 -13"><span class='ocrx_word' id='word_1_173' title='bbox 209 1266 286 1298; x_wconf 55' lang='lat' dir='ltr'><strong>unos</strong></span> <span class='ocrx_word' id='word_1_174' title='bbox 300 1262 394 1291; x_wconf 64' lang='lat' dir='ltr'><strong>necrt;</strong></span> <span class='ocrx_word' id='word_1_175' title='bbox 412 1258 453 1286; x_wconf 80' lang='lat' dir='ltr'><strong>vel</strong></span> <span class='ocrx_word' id='word_1_176' title='bbox 469 1259 526 1293; x_wconf 84' lang='lat' dir='ltr'><strong>ipso</strong></span> <span class='ocrx_word' id='word_1_177' title='bbox 542 1266 588 1293; x_wconf 88' lang='lat' dir='ltr'><strong>per</strong></span> <span class='ocrx_word' id='word_1_178' title='bbox 603 1258 759 1285; x_wconf 85' lang='lat' dir='ltr'><strong>beneﬁcium</strong></span> <span class='ocrx_word' id='word_1_179' title='bbox 775 1263 895 1285; x_wconf 87' lang='lat' dir='ltr'><strong>nostrum</strong></span> <span class='ocrx_word' id='word_1_180' title='bbox 911 1258 936 1284; x_wconf 90' lang='lat' dir='ltr'><strong>in</strong></span> <span class='ocrx_word' id='word_1_181' title='bbox 959 1265 1016 1284; x_wconf 92' lang='lat' dir='ltr'><strong>mc-</strong></span> 
     </span>
    </p>
   </div>
   <div class='ocr_carea' id='block_1_25' title="bbox 207 1304 1016 1341">
    <p class='ocr_par' dir='ltr' id='par_1_25' title="bbox 207 1304 1016 1341">
     <span class='ocr_line' id='line_1_25' title="bbox 207 1304 1016 1341; baseline -0.002 -9"><span class='ocrx_word' id='word_1_182' title='bbox 207 1336 211 1341; x_wconf 42' lang='lat'><strong>,</strong></span> <span class='ocrx_word' id='word_1_183' title='bbox 225 1304 279 1333; x_wconf 87' lang='lat' dir='ltr'><strong>lius</strong></span> <span class='ocrx_word' id='word_1_184' title='bbox 293 1307 465 1338; x_wconf 78' lang='lat' dir='ltr'><strong>connnuIato,‘</strong></span> <span class='ocrx_word' id='word_1_185' title='bbox 482 1305 653 1339; x_wconf 88' lang='lat' dir='ltr'><strong>moribusque</strong></span> <span class='ocrx_word' id='word_1_186' title='bbox 666 1309 797 1336; x_wconf 83' lang='lat' dir='ltr'><strong>cerrcclo,</strong></span> <span class='ocrx_word' id='word_1_187' title='bbox 810 1304 877 1331; x_wconf 87' lang='lat' dir='ltr'><strong>alius</strong></span> <span class='ocrx_word' id='word_1_188' title='bbox 892 1305 960 1331; x_wconf 86' lang='lat' dir='ltr'><strong>male</strong></span> <span class='ocrx_word' id='word_1_189' title='bbox 974 1304 1016 1331; x_wconf 89' lang='lat' dir='ltr'><strong>vi-</strong></span> 
     </span>
    </p>
   </div>
   <div class='ocr_carea' id='block_1_26' title="bbox 206 1350 1016 1385">
    <p class='ocr_par' dir='ltr' id='par_1_26' title="bbox 206 1350 1016 1385">
     <span class='ocr_line' id='line_1_26' title="bbox 206 1350 1016 1385; baseline -0.002 -6"><span class='ocrx_word' id='word_1_190' title='bbox 206 1350 313 1379; x_wconf 82' lang='lat' dir='ltr'><strong>.vendo</strong></span> <span class='ocrx_word' id='word_1_191' title='bbox 333 1355 441 1385; x_wconf 84' lang='lat' dir='ltr'><strong>pereat,</strong></span> <span class='ocrx_word' id='word_1_192' title='bbox 463 1351 565 1384; x_wconf 83' lang='lat' dir='ltr'><strong>sibique</strong></span> <span class='ocrx_word' id='word_1_193' title='bbox 586 1350 664 1384; x_wconf 84' lang='lat' dir='ltr'><strong>hujus</strong></span> <span class='ocrx_word' id='word_1_194' title='bbox 694 1350 850 1384; x_wconf 87' lang='lat' dir='ltr'><strong>impunitate</strong></span> <span class='ocrx_word' id='word_1_195' title='bbox 871 1351 1016 1385; x_wconf 73' lang='lat' dir='ltr'><strong>proposita,</strong></span> 
     </span>
    </p>
   </div>
   <div class='ocr_carea' id='block_1_27' title="bbox 227 1395 1018 1430">
    <p class='ocr_par' dir='ltr' id='par_1_27' title="bbox 227 1395 1018 1430">
     <span class='ocr_line' id='line_1_27' title="bbox 227 1395 1018 1430; baseline -0.001 -7"><span class='ocrx_word' id='word_1_196' title='bbox 227 1396 289 1424; x_wconf 82' lang='lat' dir='ltr'><strong>talia</strong></span> <span class='ocrx_word' id='word_1_197' title='bbox 301 1396 343 1425; x_wconf 82' lang='lat' dir='ltr'><strong>vel</strong></span> <span class='ocrx_word' id='word_1_198' title='bbox 362 1397 482 1430; x_wconf 80' lang='lat' dir='ltr'><strong>graviora</strong></span> <span class='ocrx_word' id='word_1_199' title='bbox 505 1396 664 1423; x_wconf 86' lang='lat' dir='ltr'><strong>committat.</strong></span> <span class='ocrx_word' id='word_1_200' title='bbox 688 1395 755 1426; x_wconf 76' lang='lat' dir='ltr'><strong>Non,</strong></span> <span class='ocrx_word' id='word_1_201' title='bbox 778 1400 805 1422; x_wconf 91' lang='lat' dir='ltr'><strong>ut</strong></span> <span class='ocrx_word' id='word_1_202' title='bbox 825 1396 936 1430; x_wconf 82' lang='lat' dir='ltr'><strong>opinor,</strong></span> <span class='ocrx_word' id='word_1_203' title='bbox 962 1395 1018 1422; x_wconf 74' lang='lat' dir='ltr'><strong>lucc</strong></span> 
     </span>
    </p>
   </div>
   <div class='ocr_carea' id='block_1_28' title="bbox 229 1440 1016 1476">
    <p class='ocr_par' dir='ltr' id='par_1_28' title="bbox 229 1440 1016 1476">
     <span class='ocr_line' id='line_1_28' title="bbox 229 1440 1016 1476; baseline -0.003 -7"><span class='ocrx_word' id='word_1_204' title='bbox 229 1442 299 1470; x_wconf 84' lang='lat' dir='ltr'><strong>mala</strong></span> <span class='ocrx_word' id='word_1_205' title='bbox 315 1441 467 1476; x_wconf 85' lang='lat' dir='ltr'><strong>imputanda</strong></span> <span class='ocrx_word' id='word_1_206' title='bbox 484 1446 545 1468; x_wconf 86' lang='lat' dir='ltr'><strong>sunt</strong></span> <span class='ocrx_word' id='word_1_207' title='bbox 557 1442 642 1473; x_wconf 85' lang='lat' dir='ltr'><strong>nobis,</strong></span> <span class='ocrx_word' id='word_1_208' title='bbox 654 1449 714 1468; x_wconf 92' lang='lat' dir='ltr'><strong>cum</strong></span> <span class='ocrx_word' id='word_1_209' title='bbox 728 1440 918 1468; x_wconf 70' lang='lat' dir='ltr'><strong>itttcrcedittttts</strong></span> <span class='ocrx_word' id='word_1_210' title='bbox 932 1441 1016 1468; x_wconf 81' lang='lat' dir='ltr'><strong>vobis:</strong></span> 
     </span>
    </p>
   </div>
   <div class='ocr_carea' id='block_1_29' title="bbox 212 1486 1018 1528">
    <p class='ocr_par' dir='ltr' id='par_1_29' title="bbox 212 1486 1018 1528">
     <span class='ocr_line' id='line_1_29' title="bbox 212 1486 1018 1528; baseline -0.002 -13"><span class='ocrx_word' id='word_1_211' title='bbox 212 1487 274 1528; x_wconf 37' lang='lat' dir='ltr'><strong>‘sed</strong></span> <span class='ocrx_word' id='word_1_212' title='bbox 291 1488 378 1522; x_wconf 88' lang='lat' dir='ltr'><strong>potius</strong></span> <span class='ocrx_word' id='word_1_213' title='bbox 396 1488 439 1515; x_wconf 88' lang='lat' dir='ltr'><strong>illa</strong></span> <span class='ocrx_word' id='word_1_214' title='bbox 458 1488 526 1515; x_wconf 82' lang='lat' dir='ltr'><strong>bona</strong></span> <span class='ocrx_word' id='word_1_215' title='bbox 540 1495 609 1522; x_wconf 63' lang='lat' dir='ltr'><strong>quae,</strong></span> <span class='ocrx_word' id='word_1_216' title='bbox 630 1494 689 1514; x_wconf 89' lang='lat' dir='ltr'><strong>cum</strong></span> <span class='ocrx_word' id='word_1_217' title='bbox 706 1486 731 1513; x_wconf 93' lang='lat' dir='ltr'><strong>id</strong></span> <span class='ocrx_word' id='word_1_218' title='bbox 747 1486 872 1519; x_wconf 78' lang='lat' dir='ltr'><strong>facimus,</strong></span> <span class='ocrx_word' id='word_1_219' title='bbox 886 1486 1018 1513; x_wconf 87' lang='lat' dir='ltr'><strong>intuentur</strong></span> 
     </span>
    </p>
   </div>
   <div class='ocr_carea' id='block_1_30' title="bbox 229 1531 1019 1566">
    <p class='ocr_par' dir='ltr' id='par_1_30' title="bbox 229 1531 1019 1566">
     <span class='ocr_line' id='line_1_30' title="bbox 229 1531 1019 1566; baseline -0.001 -5"><span class='ocrx_word' id='word_1_220' title='bbox 229 1538 255 1561; x_wconf 89' lang='lat' dir='ltr'><strong>et</strong></span> <span class='ocrx_word' id='word_1_221' title='bbox 270 1531 407 1566; x_wconf 73' lang='lat' dir='ltr'><strong>volumus;</strong></span> <span class='ocrx_word' id='word_1_222' title='bbox 434 1533 459 1560; x_wconf 91' lang='lat' dir='ltr'><strong>id</strong></span> <span class='ocrx_word' id='word_1_223' title='bbox 475 1538 516 1561; x_wconf 86' lang='lat' dir='ltr'><strong>cst</strong></span> <span class='ocrx_word' id='word_1_224' title='bbox 538 1533 733 1560; x_wconf 88' lang='lat' dir='ltr'><strong>commendatio</strong></span> <span class='ocrx_word' id='word_1_225' title='bbox 754 1532 964 1561; x_wconf 73' lang='lat' dir='ltr'><strong>nnmsuetndinis</strong></span> <span class='ocrx_word' id='word_1_226' title='bbox 985 1533 1019 1560; x_wconf 86' lang='lat' dir='ltr'><strong>ad</strong></span> 
     </span>
    </p>
   </div>
   <div class='ocr_carea' id='block_1_31' title="bbox 229 1579 1019 1614">
    <p class='ocr_par' dir='ltr' id='par_1_31' title="bbox 229 1579 1019 1614">
     <span class='ocr_line' id='line_1_31' title="bbox 229 1579 1019 1614; baseline -0.004 -5"><span class='ocrx_word' id='word_1_227' title='bbox 229 1581 421 1609; x_wconf 88' lang='lat' dir='ltr'><strong>conciliandam</strong></span> <span class='ocrx_word' id='word_1_228' title='bbox 442 1581 612 1609; x_wconf 81' lang='lat' dir='ltr'><strong>dilectionem</strong></span> <span class='ocrx_word' id='word_1_229' title='bbox 634 1580 715 1607; x_wconf 85' lang='lat' dir='ltr'><strong>verbo</strong></span> <span class='ocrx_word' id='word_1_230' title='bbox 730 1579 859 1612; x_wconf 87' lang='lat' dir='ltr'><strong>veritatis,</strong></span> <span class='ocrx_word' id='word_1_231' title='bbox 882 1584 909 1606; x_wconf 77' lang='lat' dir='ltr'><strong>et</strong></span> <span class='ocrx_word' id='word_1_232' title='bbox 932 1583 959 1606; x_wconf 91' lang='lat' dir='ltr'><strong>ut</strong></span> <span class='ocrx_word' id='word_1_233' title='bbox 974 1580 1019 1614; x_wconf 92' lang='lat' dir='ltr'><strong>qui</strong></span> 
     </span>
    </p>
   </div>
   <div class='ocr_carea' id='block_1_32' title="bbox 230 1622 1018 1661">
    <p class='ocr_par' dir='ltr' id='par_1_32' title="bbox 230 1622 1018 1661">
     <span class='ocr_line' id='line_1_32' title="bbox 230 1622 1018 1661; baseline -0.003 -6"><span class='ocrx_word' id='word_1_234' title='bbox 230 1627 377 1661; x_wconf 76' lang='lat' dir='ltr'><strong>liberantur</strong></span> <span class='ocrx_word' id='word_1_235' title='bbox 391 1634 405 1655; x_wconf 89' lang='lat' dir='ltr'><strong>a</strong></span> <span class='ocrx_word' id='word_1_236' title='bbox 422 1626 559 1660; x_wconf 84' lang='lat' dir='ltr'><strong>temporali</strong></span> <span class='ocrx_word' id='word_1_237' title='bbox 576 1630 671 1657; x_wconf 87' lang='lat' dir='ltr'><strong>morte,</strong></span> <span class='ocrx_word' id='word_1_238' title='bbox 687 1626 725 1652; x_wconf 88' lang='lat' dir='ltr'><strong>sic</strong></span> <span class='ocrx_word' id='word_1_239' title='bbox 740 1625 838 1658; x_wconf 86' lang='lat' dir='ltr'><strong>vivant,</strong></span> <span class='ocrx_word' id='word_1_240' title='bbox 853 1633 886 1652; x_wconf 90' lang='lat' dir='ltr'><strong>ne</strong></span> <span class='ocrx_word' id='word_1_241' title='bbox 901 1625 926 1652; x_wconf 91' lang='lat' dir='ltr'><strong>in</strong></span> <span class='ocrx_word' id='word_1_242' title='bbox 939 1622 1018 1653; x_wconf 73' lang='lat' dir='ltr'><strong>teter-</strong></span> 
     </span>
    </p>
   </div>
   <div class='ocr_carea' id='block_1_33' title="bbox 216 1670 862 1710">
    <p class='ocr_par' dir='ltr' id='par_1_33' title="bbox 216 1670 862 1710">
     <span class='ocr_line' id='line_1_33' title="bbox 216 1670 862 1710; baseline -0.005 -11"><span class='ocrx_word' id='word_1_243' title='bbox 216 1707 218 1709; x_wconf 93' lang='lat'><em>_</em></span> <span class='ocrx_word' id='word_1_244' title='bbox 231 1679 304 1706; x_wconf 77' lang='lat' dir='ltr'><strong>nam,</strong></span> <span class='ocrx_word' id='word_1_245' title='bbox 318 1672 386 1710; x_wconf 85' lang='lat' dir='ltr'><strong>unde</strong></span> <span class='ocrx_word' id='word_1_246' title='bbox 397 1679 529 1706; x_wconf 78' lang='lat' dir='ltr'><strong>nunquam</strong></span> <span class='ocrx_word' id='word_1_247' title='bbox 545 1671 700 1703; x_wconf 83' lang='lat' dir='ltr'><strong>liberentur,</strong></span> <span class='ocrx_word' id='word_1_248' title='bbox 716 1670 862 1697; x_wconf 82' lang='lat' dir='ltr'><strong>incurrant.</strong></span> 
     </span>
    </p>
   </div>
   <div class='ocr_carea' id='block_1_34' title="bbox 218 1716 1020 1752">
    <p class='ocr_par' dir='ltr' id='par_1_34' title="bbox 218 1716 1020 1752">
     <span class='ocr_line' id='line_1_34' title="bbox 218 1716 1020 1752; baseline 0 -8"><span class='ocrx_word' id='word_1_249' title='bbox 218 1748 222 1750; x_wconf 90' lang='lat'>_</span> <span class='ocrx_word' id='word_1_250' title='bbox 270 1718 313 1744; x_wconf 77' lang='grc'><strong>19.</strong></span> <span class='ocrx_word' id='word_1_251' title='bbox 328 1717 437 1751; x_wconf 78' lang='lat' dir='ltr'><strong>Prodest</strong></span> <span class='ocrx_word' id='word_1_252' title='bbox 456 1724 518 1751; x_wconf 73' lang='lat' dir='ltr'><strong>ergo</strong></span> <span class='ocrx_word' id='word_1_253' title='bbox 531 1722 558 1743; x_wconf 87' lang='lat' dir='ltr'><strong>et</strong></span> <span class='ocrx_word' id='word_1_254' title='bbox 579 1717 708 1744; x_wconf 78' lang='lat' dir='ltr'><strong>severitas</strong></span> <span class='ocrx_word' id='word_1_255' title='bbox 725 1720 811 1743; x_wconf 86' lang='lat' dir='ltr'><strong>vestra</strong></span> <span class='ocrx_word' id='word_1_256' title='bbox 822 1736 829 1748; x_wconf 90' lang='lat'><strong>,</strong></span> <span class='ocrx_word' id='word_1_257' title='bbox 844 1717 920 1752; x_wconf 85' lang='lat' dir='ltr'><strong>cujus</strong></span> <span class='ocrx_word' id='word_1_258' title='bbox 940 1716 1020 1744; x_wconf 87' lang='lat' dir='ltr'><strong>mini-</strong></span> 
     </span>
    </p>
   </div>
   <div class='ocr_carea' id='block_1_35' title="bbox 216 1762 1021 1798">
    <p class='ocr_par' dir='ltr' id='par_1_35' title="bbox 216 1762 1021 1798">
     <span class='ocr_line' id='line_1_35' title="bbox 216 1762 1021 1798; baseline 0 -8"><span class='ocrx_word' id='word_1_259' title='bbox 216 1792 219 1795; x_wconf 91' lang='lat'><strong><em>_</em></strong></span> <span class='ocrx_word' id='word_1_260' title='bbox 232 1762 320 1790; x_wconf 86' lang='lat' dir='ltr'><strong>sterio</strong></span> <span class='ocrx_word' id='word_1_261' title='bbox 336 1762 410 1798; x_wconf 86' lang='lat' dir='ltr'><strong>quies</strong></span> <span class='ocrx_word' id='word_1_262' title='bbox 422 1762 559 1796; x_wconf 82' lang='lat' dir='ltr'><strong>adjuvatur</strong></span> <span class='ocrx_word' id='word_1_263' title='bbox 572 1766 599 1790; x_wconf 88' lang='lat' dir='ltr'><strong>et</strong></span> <span class='ocrx_word' id='word_1_264' title='bbox 612 1766 718 1794; x_wconf 84' lang='lat' dir='ltr'><strong>nostra;</strong></span> <span class='ocrx_word' id='word_1_265' title='bbox 734 1762 842 1796; x_wconf 86' lang='lat' dir='ltr'><strong>prodest</strong></span> <span class='ocrx_word' id='word_1_266' title='bbox 856 1766 882 1789; x_wconf 90' lang='lat' dir='ltr'><strong>et</strong></span> <span class='ocrx_word' id='word_1_267' title='bbox 896 1762 1021 1790; x_wconf 87' lang='lat' dir='ltr'><strong>interces-</strong></span> 
     </span>
    </p>
   </div>
   <div class='ocr_carea' id='block_1_36' title="bbox 231 1808 1021 1843">
    <p class='ocr_par' dir='ltr' id='par_1_36' title="bbox 231 1808 1021 1843">
     <span class='ocr_line' id='line_1_36' title="bbox 231 1808 1021 1843; baseline 0 -8"><span class='ocrx_word' id='word_1_268' title='bbox 231 1808 271 1836; x_wconf 89' lang='lat' dir='ltr'><strong>sio</strong></span> <span class='ocrx_word' id='word_1_269' title='bbox 288 1813 389 1840; x_wconf 82' lang='lat' dir='ltr'><strong>nostra,</strong></span> <span class='ocrx_word' id='word_1_270' title='bbox 402 1808 478 1843; x_wconf 85' lang='lat' dir='ltr'><strong>cujus</strong></span> <span class='ocrx_word' id='word_1_271' title='bbox 503 1808 652 1836; x_wconf 85' lang='lat' dir='ltr'><strong>ministerio</strong></span> <span class='ocrx_word' id='word_1_272' title='bbox 672 1808 805 1835; x_wconf 85' lang='lat' dir='ltr'><strong>severitas</strong></span> <span class='ocrx_word' id='word_1_273' title='bbox 819 1813 981 1843; x_wconf 81' lang='lat' dir='ltr'><strong>temperatur</strong></span> <span class='ocrx_word' id='word_1_274' title='bbox 995 1815 1021 1836; x_wconf 86' lang='lat' dir='ltr'><strong>et</strong></span> 
     </span>
    </p>
   </div>
   <div class='ocr_carea' id='block_1_37' title="bbox 231 1853 1016 1888">
    <p class='ocr_par' dir='ltr' id='par_1_37' title="bbox 231 1853 1016 1888">
     <span class='ocr_line' id='line_1_37' title="bbox 231 1853 1016 1888; baseline 0 -7"><span class='ocrx_word' id='word_1_275' title='bbox 231 1858 329 1882; x_wconf 84' lang='lat' dir='ltr'><strong>vestra.</strong></span> <span class='ocrx_word' id='word_1_276' title='bbox 347 1853 404 1881; x_wconf 85' lang='lat' dir='ltr'><strong>Non</strong></span> <span class='ocrx_word' id='word_1_277' title='bbox 418 1853 492 1880; x_wconf 86' lang='lat' dir='ltr'><strong>vobis</strong></span> <span class='ocrx_word' id='word_1_278' title='bbox 505 1853 645 1888; x_wconf 83' lang='lat' dir='ltr'><strong>displiceat</strong></span> <span class='ocrx_word' id='word_1_279' title='bbox 660 1853 730 1888; x_wconf 84' lang='lat' dir='ltr'><strong>quod</strong></span> <span class='ocrx_word' id='word_1_280' title='bbox 751 1854 879 1888; x_wconf 75' lang='lat' dir='ltr'><strong>rogamini</strong></span> <span class='ocrx_word' id='word_1_281' title='bbox 894 1862 908 1881; x_wconf 86' lang='lat' dir='ltr'><strong>a</strong></span> <span class='ocrx_word' id='word_1_282' title='bbox 922 1853 1016 1888; x_wconf 82' lang='lat' dir='ltr'><strong>bonis;</strong></span> 
     </span>
    </p>
   </div>
   <div class='ocr_carea' id='block_1_38' title="bbox 219 1898 1019 1937">
    <p class='ocr_par' dir='ltr' id='par_1_38' title="bbox 219 1898 1019 1937">
     <span class='ocr_line' id='line_1_38' title="bbox 219 1898 1019 1937; baseline 0.001 -11"><span class='ocrx_word' id='word_1_283' title='bbox 219 1899 291 1937; x_wconf 34' lang='lat' dir='ltr'><strong>,guia</strong></span> <span class='ocrx_word' id='word_1_284' title='bbox 305 1906 355 1926; x_wconf 85' lang='lat' dir='ltr'><strong>nec</strong></span> <span class='ocrx_word' id='word_1_285' title='bbox 369 1899 445 1926; x_wconf 82' lang='lat' dir='ltr'><strong>bonis</strong></span> <span class='ocrx_word' id='word_1_286' title='bbox 459 1898 582 1933; x_wconf 83' lang='lat' dir='ltr'><strong>displicet</strong></span> <span class='ocrx_word' id='word_1_287' title='bbox 596 1898 666 1933; x_wconf 81' lang='lat' dir='ltr'><strong>quod</strong></span> <span class='ocrx_word' id='word_1_288' title='bbox 680 1899 809 1926; x_wconf 89' lang='lat' dir='ltr'><strong>timemini</strong></span> <span class='ocrx_word' id='word_1_289' title='bbox 824 1907 838 1926; x_wconf 79' lang='grc' dir='ltr'><strong>ιι</strong></span> <span class='ocrx_word' id='word_1_290' title='bbox 852 1900 938 1927; x_wconf 82' lang='lat' dir='ltr'><strong>malis.</strong></span> <span class='ocrx_word' id='word_1_291' title='bbox 955 1900 1019 1928; x_wconf 87' lang='lat' dir='ltr'><strong>Nam</strong></span> 
     </span>
    </p>
   </div>
   <div class='ocr_carea' id='block_1_39' title="bbox 231 1943 1022 1978">
    <p class='ocr_par' dir='ltr' id='par_1_39' title="bbox 231 1943 1022 1978">
     <span class='ocr_line' id='line_1_39' title="bbox 231 1943 1022 1978; baseline 0.004 -7"><span class='ocrx_word' id='word_1_292' title='bbox 231 1943 368 1972; x_wconf 82' lang='lat' dir='ltr'><strong>hominum</strong></span> <span class='ocrx_word' id='word_1_293' title='bbox 397 1944 565 1977; x_wconf 80' lang='lat' dir='ltr'><strong>iniquitatem</strong></span> <span class='ocrx_word' id='word_1_294' title='bbox 588 1947 668 1971; x_wconf 84' lang='lat' dir='ltr'><strong>etiam</strong></span> <span class='ocrx_word' id='word_1_295' title='bbox 692 1945 827 1978; x_wconf 84' lang='lat' dir='ltr'><strong>apostolus</strong></span> <span class='ocrx_word' id='word_1_296' title='bbox 849 1945 947 1973; x_wconf 82' lang='lat' dir='ltr'><strong>Paulus</strong></span> <span class='ocrx_word' id='word_1_297' title='bbox 969 1955 1022 1974; x_wconf 88' lang='lat' dir='ltr'><strong>non</strong></span> 
     </span>
    </p>
   </div>
   <div class='ocr_carea' id='block_1_40' title="bbox 232 1989 1023 2026">
    <p class='ocr_par' dir='ltr' id='par_1_40' title="bbox 232 1989 1023 2026">
     <span class='ocr_line' id='line_1_40' title="bbox 232 1989 1023 2026; baseline 0 -7"><span class='ocrx_word' id='word_1_298' title='bbox 232 1995 333 2019; x_wconf 72' lang='lat' dir='ltr'><strong>tantum</strong></span> <span class='ocrx_word' id='word_1_299' title='bbox 345 1990 379 2018; x_wconf 86' lang='lat' dir='ltr'><strong>de</strong></span> <span class='ocrx_word' id='word_1_300' title='bbox 396 1989 496 2025; x_wconf 79' lang='lat' dir='ltr'><strong>judicio</strong></span> <span class='ocrx_word' id='word_1_301' title='bbox 514 1991 614 2024; x_wconf 72' lang='lat' dir='ltr'><strong>futuro,</strong></span> <span class='ocrx_word' id='word_1_302' title='bbox 630 1998 721 2018; x_wconf 90' lang='lat' dir='ltr'><strong>verum</strong></span> <span class='ocrx_word' id='word_1_303' title='bbox 743 1992 822 2018; x_wconf 84' lang='lat' dir='ltr'><strong>etiam</strong></span> <span class='ocrx_word' id='word_1_304' title='bbox 836 1991 870 2018; x_wconf 89' lang='lat' dir='ltr'><strong>de</strong></span> <span class='ocrx_word' id='word_1_305' title='bbox 884 1993 1023 2026; x_wconf 71' lang='lat' dir='ltr'><strong>prmsenti-</strong></span> 
     </span>
    </p>
   </div>
   <div class='ocr_carea' id='block_1_41' title="bbox 220 2036 1020 2075">
    <p class='ocr_par' dir='ltr' id='par_1_41' title="bbox 220 2036 1020 2075">
     <span class='ocr_line' id='line_1_41' title="bbox 220 2036 1020 2075; baseline 0.001 -11"><span class='ocrx_word' id='word_1_306' title='bbox 220 2036 282 2075; x_wconf 7' lang='lat' dir='ltr'><strong>qbus</strong></span> <span class='ocrx_word' id='word_1_307' title='bbox 303 2037 401 2072; x_wconf 75' lang='lat' dir='ltr'><strong>vestris</strong></span> <span class='ocrx_word' id='word_1_308' title='bbox 415 2036 552 2065; x_wconf 86' lang='lat' dir='ltr'><strong>securibus</strong></span> <span class='ocrx_word' id='word_1_309' title='bbox 568 2037 575 2052; x_wconf 84' lang='grc'>¹</span> <span class='ocrx_word' id='word_1_310' title='bbox 598 2037 699 2068; x_wconf 86' lang='lat' dir='ltr'><strong>terruit,</strong></span> <span class='ocrx_word' id='word_1_311' title='bbox 715 2044 839 2063; x_wconf 83' lang='lat' dir='ltr'><strong>asserens</strong></span> <span class='ocrx_word' id='word_1_312' title='bbox 853 2041 880 2064; x_wconf 90' lang='lat' dir='ltr'><strong>et</strong></span> <span class='ocrx_word' id='word_1_313' title='bbox 905 2038 975 2072; x_wconf 87' lang='lat' dir='ltr'><strong>ipsas</strong></span> <span class='ocrx_word' id='word_1_314' title='bbox 988 2038 1020 2068; x_wconf 78' lang='lat' dir='ltr'><strong>ad</strong></span> 
     </span>
    </p>
   </div>
   <div class='ocr_carea' id='block_1_42' title="bbox 220 2081 1021 2122">
    <p class='ocr_par' dir='ltr' id='par_1_42' title="bbox 220 2081 1021 2122">
     <span class='ocr_line' id='line_1_42' title="bbox 220 2081 1021 2122; baseline 0 -12"><span class='ocrx_word' id='word_1_315' title='bbox 220 2081 458 2122; x_wconf 37' lang='lat' dir='ltr'><strong>dispensationem</strong></span> <span class='ocrx_word' id='word_1_316' title='bbox 473 2081 569 2108; x_wconf 75' lang='lat' dir='ltr'><strong>divina:</strong></span> <span class='ocrx_word' id='word_1_317' title='bbox 585 2081 756 2115; x_wconf 64' lang='lat' dir='ltr'><strong>providentiic</strong></span> <span class='ocrx_word' id='word_1_318' title='bbox 768 2082 909 2115; x_wconf 84' lang='lat' dir='ltr'><strong>pertinere.</strong></span> <span class='ocrx_word' id='word_1_319' title='bbox 924 2083 1021 2115; x_wconf 70' lang='lat' dir='ltr'><strong>Omnis,</strong></span> 
     </span>
    </p>
   </div>
   <div class='ocr_carea' id='block_1_43' title="bbox 232 2127 1024 2166">
    <p class='ocr_par' dir='ltr' id='par_1_43' title="bbox 232 2127 1024 2166">
     <span class='ocr_line' id='line_1_43' title="bbox 232 2127 1024 2166; baseline 0 -10"><span class='ocrx_word' id='word_1_320' title='bbox 232 2127 328 2166; x_wconf 81' lang='lat' dir='ltr'><strong>inquit,</strong></span> <span class='ocrx_word' id='word_1_321' title='bbox 353 2128 437 2156; x_wconf 72' lang='lat' dir='ltr'><strong>animo</strong></span> <span class='ocrx_word' id='word_1_322' title='bbox 464 2128 622 2163; x_wconf 70' lang='lat' dir='ltr'><strong>potestatibus</strong></span> <span class='ocrx_word' id='word_1_323' title='bbox 644 2127 828 2155; x_wconf 66' lang='lat' dir='ltr'><strong>sublimioribus</strong></span> <span class='ocrx_word' id='word_1_324' title='bbox 849 2128 948 2155; x_wconf 80' lang='lat' dir='ltr'><strong>subdita</strong></span> <span class='ocrx_word' id='word_1_325' title='bbox 970 2130 1024 2156; x_wconf 81' lang='lat' dir='ltr'><strong>sit:</strong></span> 
     </span>
    </p>
   </div>
   <div class='ocr_carea' id='block_1_44' title="bbox 223 2171 1023 2213">
    <p class='ocr_par' dir='ltr' id='par_1_44' title="bbox 223 2171 1023 2213">
     <span class='ocr_line' id='line_1_44' title="bbox 223 2171 1023 2213; baseline 0 -12"><span class='ocrx_word' id='word_1_326' title='bbox 223 2181 283 2213; x_wconf 10' lang='lat' dir='ltr'><strong>quon</strong></span> <span class='ocrx_word' id='word_1_327' title='bbox 296 2171 332 2201; x_wconf 56' lang='lat' dir='ltr'><strong>est</strong></span> <span class='ocrx_word' id='word_1_328' title='bbox 353 2175 418 2201; x_wconf 79' lang='lat' dir='ltr'><strong>enim</strong></span> <span class='ocrx_word' id='word_1_329' title='bbox 440 2178 559 2209; x_wconf 73' lang='lat' dir='ltr'><strong>potestas,</strong></span> <span class='ocrx_word' id='word_1_330' title='bbox 578 2174 626 2200; x_wconf 75' lang='lat' dir='ltr'><strong>nisi</strong></span> <span class='ocrx_word' id='word_1_331' title='bbox 639 2182 655 2200; x_wconf 85' lang='grc' dir='ltr'><strong>ιι</strong></span> <span class='ocrx_word' id='word_1_332' title='bbox 674 2173 739 2205; x_wconf 83' lang='lat' dir='ltr'><strong>Deo;</strong></span> <span class='ocrx_word' id='word_1_333' title='bbox 753 2181 810 2209; x_wconf 70' lang='lat' dir='ltr'><strong>qum</strong></span> <span class='ocrx_word' id='word_1_334' title='bbox 827 2178 911 2201; x_wconf 85' lang='lat' dir='ltr'><strong>autem</strong></span> <span class='ocrx_word' id='word_1_335' title='bbox 921 2179 989 2207; x_wconf 80' lang='lat' dir='ltr'><strong>sunt,</strong></span> <span class='ocrx_word' id='word_1_336' title='bbox 1006 2184 1023 2201; x_wconf 83' lang='grc' dir='ltr'><em>α</em></span> 
     </span>
    </p>
   </div>
   <div class='ocr_carea' id='block_1_45' title="bbox 221 2218 1024 2254">
    <p class='ocr_par' dir='ltr' id='par_1_45' title="bbox 221 2218 1024 2254">
     <span class='ocr_line' id='line_1_45' title="bbox 221 2218 1024 2254; baseline 0 -7"><span class='ocrx_word' id='word_1_337' title='bbox 221 2218 287 2253; x_wconf 69' lang='grc' dir='ltr'><strong>ΔΒιεο</strong></span> <span class='ocrx_word' id='word_1_338' title='bbox 301 2219 423 2247; x_wconf 68' lang='lat' dir='ltr'><strong>ordinata:</strong></span> <span class='ocrx_word' id='word_1_339' title='bbox 429 2224 496 2246; x_wconf 80' lang='lat' dir='ltr'><strong>sunt.</strong></span> <span class='ocrx_word' id='word_1_340' title='bbox 511 2220 669 2254; x_wconf 78' lang='lat' dir='ltr'><strong>Quapropter</strong></span> <span class='ocrx_word' id='word_1_341' title='bbox 680 2219 722 2254; x_wconf 84' lang='lat' dir='ltr'><strong>qui</strong></span> <span class='ocrx_word' id='word_1_342' title='bbox 731 2219 821 2246; x_wconf 68' lang='lat' dir='ltr'><strong>resistit</strong></span> <span class='ocrx_word' id='word_1_343' title='bbox 835 2219 959 2253; x_wconf 69' lang='lat' dir='ltr'><strong>potestati,</strong></span> <span class='ocrx_word' id='word_1_344' title='bbox 978 2220 1024 2247; x_wconf 76' lang='lat' dir='ltr'><strong>Dei</strong></span> 
     </span>
    </p>
   </div>
   <div class='ocr_carea' id='block_1_46' title="bbox 232 2265 1022 2301">
    <p class='ocr_par' dir='ltr' id='par_1_46' title="bbox 232 2265 1022 2301">
     <span class='ocr_line' id='line_1_46' title="bbox 232 2265 1022 2301; baseline 0 -8"><span class='ocrx_word' id='word_1_345' title='bbox 232 2265 386 2293; x_wconf 75' lang='lat' dir='ltr'><strong>ordimtiont&#39;</strong></span> <span class='ocrx_word' id='word_1_346' title='bbox 393 2266 494 2297; x_wconf 69' lang='lat' dir='ltr'><strong>resistit;</strong></span> <span class='ocrx_word' id='word_1_347' title='bbox 503 2266 545 2299; x_wconf 85' lang='lat' dir='ltr'><strong>qui</strong></span> <span class='ocrx_word' id='word_1_348' title='bbox 557 2270 640 2292; x_wconf 86' lang='lat' dir='ltr'><strong>autent</strong></span> <span class='ocrx_word' id='word_1_349' title='bbox 653 2266 778 2297; x_wconf 72' lang='lat' dir='ltr'><strong>resistunt,</strong></span> <span class='ocrx_word' id='word_1_350' title='bbox 787 2266 836 2300; x_wconf 78' lang='lat' dir='ltr'><strong>ipsi</strong></span> <span class='ocrx_word' id='word_1_351' title='bbox 844 2266 891 2292; x_wconf 76' lang='lat' dir='ltr'><strong>sibi</strong></span> <span class='ocrx_word' id='word_1_352' title='bbox 895 2266 1022 2301; x_wconf 81' lang='lat' dir='ltr'><strong>judicium</strong></span> 
     </span>
    </p>
   </div>
   <div class='ocr_carea' id='block_1_47' title="bbox 233 2312 1023 2349">
    <p class='ocr_par' dir='ltr' id='par_1_47' title="bbox 233 2312 1023 2349">
     <span class='ocr_line' id='line_1_47' title="bbox 233 2312 1023 2349; baseline 0.003 -11"><span class='ocrx_word' id='word_1_353' title='bbox 233 2313 366 2349; x_wconf 77' lang='lat' dir='ltr'><strong>acquirunt</strong></span> <span class='ocrx_word' id='word_1_354' title='bbox 373 2320 382 2340; x_wconf 92' lang='lat'><em>:</em></span> <span class='ocrx_word' id='word_1_355' title='bbox 390 2314 515 2348; x_wconf 75' lang='lat' dir='ltr'><strong>principes</strong></span> <span class='ocrx_word' id='word_1_356' title='bbox 523 2313 587 2339; x_wconf 74' lang='lat' dir='ltr'><strong>enim</strong></span> <span class='ocrx_word' id='word_1_357' title='bbox 597 2321 646 2339; x_wconf 84' lang='lat' dir='ltr'><strong>non</strong></span> <span class='ocrx_word' id='word_1_358' title='bbox 652 2316 709 2339; x_wconf 84' lang='lat' dir='ltr'><strong>sunt</strong></span> <span class='ocrx_word' id='word_1_359' title='bbox 722 2312 804 2338; x_wconf 85' lang='lat' dir='ltr'><strong>timori</strong></span> <span class='ocrx_word' id='word_1_360' title='bbox 812 2312 870 2339; x_wconf 83' lang='lat' dir='ltr'><strong>boni</strong></span> <span class='ocrx_word' id='word_1_361' title='bbox 877 2313 969 2347; x_wconf 73' lang='lat' dir='ltr'><strong>operis,</strong></span> <span class='ocrx_word' id='word_1_362' title='bbox 980 2314 1023 2340; x_wconf 78' lang='lat' dir='ltr'><strong>sed</strong></span> 
     </span>
    </p>
   </div>
   <div class='ocr_carea' id='block_1_48' title="bbox 224 2358 1024 2400">
    <p class='ocr_par' dir='ltr' id='par_1_48' title="bbox 224 2358 1024 2400">
     <span class='ocr_line' id='line_1_48' title="bbox 224 2358 1024 2400; baseline 0 -14"><span class='ocrx_word' id='word_1_363' title='bbox 320 2358 452 2387; x_wconf 73' lang='lat' dir='ltr'><strong>Visautem</strong></span> <span class='ocrx_word' id='word_1_364' title='bbox 461 2368 510 2387; x_wconf 88' lang='lat' dir='ltr'><strong>non</strong></span> <span class='ocrx_word' id='word_1_365' title='bbox 519 2359 603 2386; x_wconf 89' lang='lat' dir='ltr'><strong>timere</strong></span> <span class='ocrx_word' id='word_1_366' title='bbox 611 2362 755 2394; x_wconf 76' lang='lat' dir='ltr'><strong>potestatem</strong></span> <span class='ocrx_word' id='word_1_367' title='bbox 764 2359 776 2385; x_wconf 87' lang='lat'><strong><em>?</em></strong></span> <span class='ocrx_word' id='word_1_368' title='bbox 783 2358 882 2386; x_wconf 85' lang='lat' dir='ltr'><strong>Bonum</strong></span> <span class='ocrx_word' id='word_1_369' title='bbox 889 2361 938 2394; x_wconf 81' lang='lat' dir='ltr'><strong>fac,</strong></span> <span class='ocrx_word' id='word_1_370' title='bbox 948 2364 972 2386; x_wconf 84' lang='lat' dir='ltr'><strong>et</strong></span> <span class='ocrx_word' id='word_1_371' title='bbox 982 2359 1024 2386; x_wconf 72' lang='lat' dir='ltr'><strong>hn-</strong></span> 
     </span>
    </p>
   </div>
   <div class='ocr_carea' id='block_1_49' title="bbox 233 2403 1022 2433">
    <p class='ocr_par' dir='ltr' id='par_1_49' title="bbox 233 2403 1022 2433">
     <span class='ocr_line' id='line_1_49' title="bbox 233 2403 1022 2433; baseline 0.001 -1"><span class='ocrx_word' id='word_1_372' title='bbox 233 2403 300 2432; x_wconf 71' lang='lat' dir='ltr'><strong>bcbis</strong></span> <span class='ocrx_word' id='word_1_373' title='bbox 309 2404 409 2433; x_wconf 71' lang='lat' dir='ltr'><strong>laudem</strong></span> <span class='ocrx_word' id='word_1_374' title='bbox 419 2413 450 2432; x_wconf 65' lang='lat' dir='ltr'><strong>ex</strong></span> <span class='ocrx_word' id='word_1_375' title='bbox 460 2405 504 2432; x_wconf 86' lang='lat' dir='ltr'><strong>illa</strong></span> <span class='ocrx_word' id='word_1_376' title='bbox 512 2413 521 2432; x_wconf 91' lang='lat'><em>:</em></span> <span class='ocrx_word' id='word_1_377' title='bbox 529 2404 577 2432; x_wconf 82' lang='lat' dir='ltr'><strong>Dei</strong></span> <span class='ocrx_word' id='word_1_378' title='bbox 585 2405 650 2431; x_wconf 86' lang='lat' dir='ltr'><strong>enim</strong></span> <span class='ocrx_word' id='word_1_379' title='bbox 659 2404 770 2431; x_wconf 76' lang='lat' dir='ltr'><strong>minister</strong></span> <span class='ocrx_word' id='word_1_380' title='bbox 787 2410 823 2431; x_wconf 78' lang='lat' dir='ltr'><strong>est</strong></span> <span class='ocrx_word' id='word_1_381' title='bbox 834 2405 877 2431; x_wconf 82' lang='lat' dir='ltr'><strong>tibi</strong></span> <span class='ocrx_word' id='word_1_382' title='bbox 887 2406 912 2432; x_wconf 89' lang='lat' dir='ltr'><strong>in</strong></span> <span class='ocrx_word' id='word_1_383' title='bbox 922 2406 1022 2433; x_wconf 84' lang='lat' dir='ltr'><strong>bonum.</strong></span> 
     </span>
    </p>
   </div>
   <div class='ocr_carea' id='block_1_50' title="bbox 225 2449 1024 2486">
    <p class='ocr_par' dir='ltr' id='par_1_50' title="bbox 225 2449 1024 2486">
     <span class='ocr_line' id='line_1_50' title="bbox 225 2449 1024 2486; baseline 0.001 -9"><span class='ocrx_word' id='word_1_384' title='bbox 225 2449 310 2482; x_wconf 70' lang='grc' dir='ltr'><strong>Ωιοά</strong></span> <span class='ocrx_word' id='word_1_385' title='bbox 323 2450 345 2478; x_wconf 75' lang='grc' dir='ltr'><strong>εἰ</strong></span> <span class='ocrx_word' id='word_1_386' title='bbox 359 2450 454 2477; x_wconf 87' lang='lat' dir='ltr'><strong>malum</strong></span> <span class='ocrx_word' id='word_1_387' title='bbox 464 2451 562 2485; x_wconf 76' lang='lat' dir='ltr'><strong>fecerit,</strong></span> <span class='ocrx_word' id='word_1_388' title='bbox 577 2450 638 2477; x_wconf 80' lang='lat' dir='ltr'><strong>time</strong></span> <span class='ocrx_word' id='word_1_389' title='bbox 646 2457 656 2481; x_wconf 86' lang='lat'><em>;</em></span> <span class='ocrx_word' id='word_1_390' title='bbox 666 2458 716 2477; x_wconf 87' lang='lat' dir='ltr'><strong>non</strong></span> <span class='ocrx_word' id='word_1_391' title='bbox 727 2451 793 2477; x_wconf 87' lang='lat' dir='ltr'><strong>enim</strong></span> <span class='ocrx_word' id='word_1_392' title='bbox 803 2453 898 2486; x_wconf 73' lang='lat' dir='ltr'><strong>frustra</strong></span> <span class='ocrx_word' id='word_1_393' title='bbox 911 2452 1024 2486; x_wconf 82' lang='lat' dir='ltr'><strong>gladium</strong></span> 
     </span>
    </p>
   </div>
   <div class='ocr_carea' id='block_1_51' title="bbox 235 2495 1024 2533">
    <p class='ocr_par' dir='ltr' id='par_1_51' title="bbox 235 2495 1024 2533">
     <span class='ocr_line' id='line_1_51' title="bbox 235 2495 1024 2533; baseline 0 -10"><span class='ocrx_word' id='word_1_394' title='bbox 235 2500 319 2533; x_wconf 76' lang='lat' dir='ltr'><strong>portat</strong></span> <span class='ocrx_word' id='word_1_395' title='bbox 330 2503 340 2523; x_wconf 91' lang='lat'><em>:</em></span> <span class='ocrx_word' id='word_1_396' title='bbox 357 2495 404 2523; x_wconf 72' lang='lat' dir='ltr'><strong>Dei</strong></span> <span class='ocrx_word' id='word_1_397' title='bbox 423 2496 490 2523; x_wconf 86' lang='lat' dir='ltr'><strong>enim</strong></span> <span class='ocrx_word' id='word_1_398' title='bbox 507 2496 618 2523; x_wconf 71' lang='lat' dir='ltr'><strong>minister</strong></span> <span class='ocrx_word' id='word_1_399' title='bbox 639 2500 684 2528; x_wconf 74' lang='lat' dir='ltr'><strong>est,</strong></span> <span class='ocrx_word' id='word_1_400' title='bbox 703 2496 796 2523; x_wconf 77' lang='lat' dir='ltr'><strong>vindeo;</strong></span> <span class='ocrx_word' id='word_1_401' title='bbox 814 2497 840 2522; x_wconf 89' lang='lat' dir='ltr'><strong>in</strong></span> <span class='ocrx_word' id='word_1_402' title='bbox 858 2497 923 2523; x_wconf 87' lang='lat' dir='ltr'><strong>iram</strong></span> <span class='ocrx_word' id='word_1_403' title='bbox 945 2498 966 2523; x_wconf 85' lang='lat' dir='ltr'><strong>ei</strong></span> <span class='ocrx_word' id='word_1_404' title='bbox 982 2499 1024 2532; x_wconf 79' lang='lat' dir='ltr'><strong>qui</strong></span> 
     </span>
    </p>
   </div>
   <div class='ocr_carea' id='block_1_52' title="bbox 234 2541 1023 2577">
    <p class='ocr_par' dir='ltr' id='par_1_52' title="bbox 234 2541 1023 2577">
     <span class='ocr_line' id='line_1_52' title="bbox 234 2541 1023 2577; baseline 0.001 -8"><span class='ocrx_word' id='word_1_405' title='bbox 234 2542 300 2570; x_wconf 73' lang='lat' dir='ltr'><strong>orate</strong></span> <span class='ocrx_word' id='word_1_406' title='bbox 313 2542 375 2577; x_wconf 73' lang='lat' dir='ltr'><strong>agit.</strong></span> <span class='ocrx_word' id='word_1_407' title='bbox 391 2541 503 2577; x_wconf 75' lang='lat' dir='ltr'><strong>Ideoque</strong></span> <span class='ocrx_word' id='word_1_408' title='bbox 515 2542 660 2569; x_wconf 74' lang='lat' dir='ltr'><strong>necessitate</strong></span> <span class='ocrx_word' id='word_1_409' title='bbox 677 2542 769 2569; x_wconf 69' lang='lat' dir='ltr'><strong>subditi</strong></span> <span class='ocrx_word' id='word_1_410' title='bbox 781 2547 867 2575; x_wconf 74' lang='lat' dir='ltr'><strong>estote,</strong></span> <span class='ocrx_word' id='word_1_411' title='bbox 879 2550 928 2569; x_wconf 86' lang='lat' dir='ltr'><strong>non</strong></span> <span class='ocrx_word' id='word_1_412' title='bbox 941 2543 1023 2570; x_wconf 83' lang='lat' dir='ltr'><strong>solum</strong></span> 
     </span>
    </p>
   </div>
   <div class='ocr_carea' id='block_1_53' title="bbox 228 2587 1021 2624">
    <p class='ocr_par' dir='ltr' id='par_1_53' title="bbox 228 2587 1021 2624">
     <span class='ocr_line' id='line_1_53' title="bbox 228 2587 1021 2624; baseline -0.001 -9"><span class='ocrx_word' id='word_1_413' title='bbox 228 2592 337 2624; x_wconf 53' lang='lat' dir='ltr'><strong>propter</strong></span> <span class='ocrx_word' id='word_1_414' title='bbox 348 2588 422 2620; x_wconf 85' lang='lat' dir='ltr'><strong>iram,</strong></span> <span class='ocrx_word' id='word_1_415' title='bbox 435 2588 478 2615; x_wconf 70' lang='lat' dir='ltr'><strong>sed</strong></span> <span class='ocrx_word' id='word_1_416' title='bbox 489 2592 512 2615; x_wconf 83' lang='lat' dir='ltr'><strong>et</strong></span> <span class='ocrx_word' id='word_1_417' title='bbox 523 2592 626 2623; x_wconf 81' lang='lat' dir='ltr'><strong>propter</strong></span> <span class='ocrx_word' id='word_1_418' title='bbox 636 2587 825 2614; x_wconf 66' lang='lat' dir='ltr'><strong>conscientiam.</strong></span> <span class='ocrx_word' id='word_1_419' title='bbox 844 2587 906 2615; x_wconf 83' lang='lat' dir='ltr'><strong>Ideo</strong></span> <span class='ocrx_word' id='word_1_420' title='bbox 919 2589 986 2615; x_wconf 84' lang='lat' dir='ltr'><strong>enim</strong></span> <span class='ocrx_word' id='word_1_421' title='bbox 999 2593 1021 2615; x_wconf 78' lang='lat' dir='ltr'><strong>et</strong></span> 
     </span>
    </p>
   </div>
   <div class='ocr_carea' id='block_1_54' title="bbox 234 2632 1024 2670">
    <p class='ocr_par' dir='ltr' id='par_1_54' title="bbox 234 2632 1024 2670">
     <span class='ocr_line' id='line_1_54' title="bbox 234 2632 1024 2670; baseline 0.001 -9"><span class='ocrx_word' id='word_1_422' title='bbox 234 2633 328 2661; x_wconf 67' lang='lat' dir='ltr'><strong>tributa</strong></span> <span class='ocrx_word' id='word_1_423' title='bbox 341 2633 465 2670; x_wconf 60' lang='lat' dir='ltr'><strong>praelatis</strong></span> <span class='ocrx_word' id='word_1_424' title='bbox 479 2640 488 2660; x_wconf 80' lang='lat'><strong>.&#39;</strong></span> <span class='ocrx_word' id='word_1_425' title='bbox 501 2633 608 2662; x_wconf 70' lang='lat' dir='ltr'><strong>ministri</strong></span> <span class='ocrx_word' id='word_1_426' title='bbox 621 2633 688 2661; x_wconf 81' lang='lat' dir='ltr'><strong>enim</strong></span> <span class='ocrx_word' id='word_1_427' title='bbox 703 2632 749 2660; x_wconf 77' lang='lat' dir='ltr'><strong>Dei</strong></span> <span class='ocrx_word' id='word_1_428' title='bbox 759 2637 827 2667; x_wconf 70' lang='lat' dir='ltr'><strong>sunt,</strong></span> <span class='ocrx_word' id='word_1_429' title='bbox 842 2633 869 2660; x_wconf 85' lang='lat' dir='ltr'><strong>in</strong></span> <span class='ocrx_word' id='word_1_430' title='bbox 882 2634 929 2660; x_wconf 82' lang='lat' dir='ltr'><strong>hoc</strong></span> <span class='ocrx_word' id='word_1_431' title='bbox 941 2635 1024 2668; x_wconf 75' lang='lat' dir='ltr'><strong>ipsum</strong></span> 
     </span>
    </p>
   </div>
   <div class='ocr_carea' id='block_1_55' title="bbox 228 2679 1023 2718">
    <p class='ocr_par' dir='ltr' id='par_1_55' title="bbox 228 2679 1023 2718">
     <span class='ocr_line' id='line_1_55' title="bbox 228 2679 1023 2718; baseline 0.001 -12"><span class='ocrx_word' id='word_1_432' title='bbox 228 2683 429 2718; x_wconf 58' lang='lat' dir='ltr'><strong>perseverantes.</strong></span> <span class='ocrx_word' id='word_1_433' title='bbox 447 2679 554 2706; x_wconf 82' lang='lat' dir='ltr'><strong>Reddite</strong></span> <span class='ocrx_word' id='word_1_434' title='bbox 568 2679 683 2706; x_wconf 69' lang='lat' dir='ltr'><strong>omnibus</strong></span> <span class='ocrx_word' id='word_1_435' title='bbox 704 2679 788 2706; x_wconf 79' lang='lat' dir='ltr'><strong>debita</strong></span> <span class='ocrx_word' id='word_1_436' title='bbox 809 2687 818 2706; x_wconf 87' lang='lat'><strong>.&#39;</strong></span> <span class='ocrx_word' id='word_1_437' title='bbox 832 2679 874 2706; x_wconf 80' lang='lat' dir='ltr'><strong>cui</strong></span> <span class='ocrx_word' id='word_1_438' title='bbox 891 2680 1023 2713; x_wconf 82' lang='lat' dir='ltr'><strong>tributum,</strong></span> 
     </span>
    </p>
   </div>
   <div class='ocr_carea' id='block_1_56' title="bbox 230 2720 1024 2763">
    <p class='ocr_par' dir='ltr' id='par_1_56' title="bbox 230 2720 1024 2763">
     <span class='ocr_line' id='line_1_56' title="bbox 230 2720 1024 2763; baseline -0.001 -7"><span class='ocrx_word' id='word_1_439' title='bbox 230 2726 369 2761; x_wconf 57' lang='lat' dir='ltr'><strong>tributum;</strong></span> <span class='ocrx_word' id='word_1_440' title='bbox 382 2727 423 2755; x_wconf 80' lang='lat' dir='ltr'><strong>cui</strong></span> <span class='ocrx_word' id='word_1_441' title='bbox 437 2720 553 2763; x_wconf 66' lang='lat' dir='ltr'><strong>vectigal,</strong></span> <span class='ocrx_word' id='word_1_442' title='bbox 567 2727 684 2761; x_wconf 71' lang='lat' dir='ltr'><strong>vectigal;</strong></span> <span class='ocrx_word' id='word_1_443' title='bbox 703 2727 743 2754; x_wconf 79' lang='lat' dir='ltr'><strong>cui</strong></span> <span class='ocrx_word' id='word_1_444' title='bbox 756 2727 869 2753; x_wconf 86' lang='lat' dir='ltr'><strong>timorem</strong></span> <span class='ocrx_word' id='word_1_445' title='bbox 879 2747 886 2759; x_wconf 91' lang='lat'><strong>,</strong></span> <span class='ocrx_word' id='word_1_446' title='bbox 898 2727 1024 2759; x_wconf 76' lang='lat' dir='ltr'><strong>timorem;</strong></span> 
     </span>
    </p>
   </div>
   <div class='ocr_carea' id='block_1_57' title="bbox 231 2771 1026 2814">
    <p class='ocr_par' dir='ltr' id='par_1_57' title="bbox 231 2771 1026 2814">
     <span class='ocr_line' id='line_1_57' title="bbox 231 2771 1026 2814; baseline -0.003 -13"><span class='ocrx_word' id='word_1_447' title='bbox 286 2773 418 2814; x_wconf 71' lang='lat' dir='ltr'><strong>honorem,</strong></span> <span class='ocrx_word' id='word_1_448' title='bbox 434 2773 561 2800; x_wconf 76' lang='lat' dir='ltr'><strong>honorent.</strong></span> <span class='ocrx_word' id='word_1_449' title='bbox 580 2771 683 2800; x_wconf 77' lang='lat' dir='ltr'><strong>Nemini</strong></span> <span class='ocrx_word' id='word_1_450' title='bbox 695 2772 830 2807; x_wconf 82' lang='lat' dir='ltr'><strong>quidquam</strong></span> <span class='ocrx_word' id='word_1_451' title='bbox 843 2771 962 2807; x_wconf 77' lang='lat' dir='ltr'><strong>debeatis,</strong></span> <span class='ocrx_word' id='word_1_452' title='bbox 976 2773 1026 2800; x_wconf 74' lang='lat' dir='ltr'><strong>nisi</strong></span> 
     </span>
    </p>
   </div>
   <div class='ocr_carea' id='block_1_58' title="bbox 231 2866 1078 2907">
    <p class='ocr_par' dir='ltr' id='par_1_58' title="bbox 231 2866 1078 2907">
     <span class='ocr_line' id='line_1_58' title="bbox 231 2866 1078 2907; baseline 0.006 -9"><span class='ocrx_word' id='word_1_453' title='bbox 231 2885 242 2892; x_wconf 77' lang='grc' dir='ltr'><strong>ι-</strong></span> <span class='ocrx_word' id='word_1_454' title='bbox 268 2874 279 2890; x_wconf 85' lang='grc'>¹</span> <span class='ocrx_word' id='word_1_455' title='bbox 295 2873 420 2907; x_wconf 63' lang='lat' dir='ltr'><strong>sich</strong></span> <span class='ocrx_word' id='word_1_456' title='bbox 430 2873 517 2907; x_wconf 65' lang='lat' dir='ltr'><strong>omnes</strong></span> <span class='ocrx_word' id='word_1_457' title='bbox 526 2877 580 2907; x_wconf 64' lang='lat' dir='ltr'><strong>usa.</strong></span> <span class='ocrx_word' id='word_1_458' title='bbox 595 2872 693 2907; x_wconf 17' lang='lat' dir='ltr'><strong>Atrbdd.</strong></span> <span class='ocrx_word' id='word_1_459' title='bbox 705 2873 811 2906; x_wconf 83' lang='lat' dir='ltr'><strong>habent,</strong></span> <span class='ocrx_word' id='word_1_460' title='bbox 827 2866 1026 2907; x_wconf 13' lang='lat' dir='ltr'><strong>deipotestatibua</strong></span> <span class='ocrx_word' id='word_1_461' title='bbox 1075 2885 1078 2887; x_wconf 92' lang='grc'><strong>·</strong></span> 
     </span>
    </p>
   </div>
   <div class='ocr_carea' id='block_1_59' title="bbox 235 2903 1025 2962">
    <p class='ocr_par' dir='ltr' id='par_1_59' title="bbox 235 2903 1025 2962">
     <span class='ocr_line' id='line_1_59' title="bbox 235 2903 1025 2962; baseline 0.003 -31"><span class='ocrx_word' id='word_1_462' title='bbox 235 2903 642 2962; x_wconf 53' lang='lat' dir='ltr'><strong>mammona</strong></span> <span class='ocrx_word' id='word_1_463' title='bbox 653 2903 951 2939; x_wconf 53' lang='lat' dir='ltr'><strong>utramuian</strong></span> <span class='ocrx_word' id='word_1_464' title='bbox 962 2913 1025 2948; x_wconf 49' lang='lat' dir='ltr'><strong>pne.</strong></span> 
     </span>
    </p>
   </div>
   <div class='ocr_carea' id='block_1_60' title="bbox 815 180 1270 226">
    <p class='ocr_par' dir='ltr' id='par_1_60' title="bbox 815 180 1270 226">
     <span class='ocr_line' id='line_1_60' title="bbox 815 180 1270 226; baseline 0.002 -1"><span class='ocrx_word' id='word_1_465' title='bbox 815 197 955 225; x_wconf 65' lang='lat' dir='ltr'><strong>EPISTHL</strong></span> <span class='ocrx_word' id='word_1_466' title='bbox 963 180 1051 223; x_wconf 66' lang='lat' dir='ltr'><strong>tn’mt</strong></span> <span class='ocrx_word' id='word_1_467' title='bbox 1071 180 1113 224; x_wconf 64' lang='grc' dir='ltr'><strong>ἐτι.</strong></span> <span class='ocrx_word' id='word_1_468' title='bbox 1121 197 1207 225; x_wconf 72' lang='lat' dir='ltr'><strong>tssts</strong></span> <span class='ocrx_word' id='word_1_469' title='bbox 1223 199 1270 226; x_wconf 83' lang='lat' dir='ltr'><strong>tu.</strong></span> 
     </span>
    </p>
   </div>
   <div class='ocr_carea' id='block_1_61' title="bbox 1796 199 1848 227">
    <p class='ocr_par' dir='ltr' id='par_1_61' title="bbox 1796 199 1848 227">
     <span class='ocr_line' id='line_1_61' title="bbox 1796 199 1848 227; baseline 0.019 -1"><span class='ocrx_word' id='word_1_470' title='bbox 1796 199 1848 227; x_wconf 72' lang='lat'><strong>66!</strong></span> 
     </span>
    </p>
   </div>
   <div class='ocr_carea' id='block_1_62' title="bbox 1062 251 1845 292">
    <p class='ocr_par' dir='ltr' id='par_1_62' title="bbox 1062 251 1845 292">
     <span class='ocr_line' id='line_1_62' title="bbox 1062 251 1845 292; baseline 0.001 -10"><span class='ocrx_word' id='word_1_471' title='bbox 1062 260 1089 282; x_wconf 84' lang='lat' dir='ltr'><strong>ut</strong></span> <span class='ocrx_word' id='word_1_472' title='bbox 1099 256 1201 282; x_wconf 68' lang='lat' dir='ltr'><strong>mairem</strong></span> <span class='ocrx_word' id='word_1_473' title='bbox 1214 251 1324 290; x_wconf 76' lang='lat' dir='ltr'><strong>dilig’ntis</strong></span> <span class='ocrx_word' id='word_1_474' title='bbox 1337 255 1423 292; x_wconf 85' lang='lat' dir='ltr'><strong>(Rom.</strong></span> <span class='ocrx_word' id='word_1_475' title='bbox 1441 264 1499 290; x_wconf 73' lang='lat' dir='ltr'><strong>xm,</strong></span> <span class='ocrx_word' id='word_1_476' title='bbox 1516 254 1589 292; x_wconf 83' lang='grc'>1-3).</span> <span class='ocrx_word' id='word_1_477' title='bbox 1607 255 1669 283; x_wconf 68' lang='lat' dir='ltr'><strong>llaec</strong></span> <span class='ocrx_word' id='word_1_478' title='bbox 1685 256 1762 284; x_wconf 74' lang='lat' dir='ltr'><strong>verba</strong></span> <span class='ocrx_word' id='word_1_479' title='bbox 1776 257 1845 291; x_wconf 82' lang='lat' dir='ltr'><strong>Apo-</strong></span> 
     </span>
    </p>
   </div>
   <div class='ocr_carea' id='block_1_63' title="bbox 1064 300 1848 334">
    <p class='ocr_par' dir='ltr' id='par_1_63' title="bbox 1064 300 1848 334">
     <span class='ocr_line' id='line_1_63' title="bbox 1064 300 1848 334; baseline -0.001 -6"><span class='ocrx_word' id='word_1_480' title='bbox 1064 301 1135 334; x_wconf 83' lang='lat' dir='ltr'><strong>stoli,</strong></span> <span class='ocrx_word' id='word_1_481' title='bbox 1150 301 1287 328; x_wconf 72' lang='lat' dir='ltr'><strong>utilitatem</strong></span> <span class='ocrx_word' id='word_1_482' title='bbox 1302 304 1397 329; x_wconf 75' lang='lat' dir='ltr'><strong>vestra:</strong></span> <span class='ocrx_word' id='word_1_483' title='bbox 1408 301 1556 329; x_wconf 86' lang='lat' dir='ltr'><strong>severitatis</strong></span> <span class='ocrx_word' id='word_1_484' title='bbox 1571 300 1722 328; x_wconf 85' lang='lat' dir='ltr'><strong>ostendunt.</strong></span> <span class='ocrx_word' id='word_1_485' title='bbox 1736 301 1848 328; x_wconf 82' lang='lat' dir='ltr'><strong>Proinde</strong></span> 
     </span>
    </p>
   </div>
   <div class='ocr_carea' id='block_1_64' title="bbox 1063 347 1849 382">
    <p class='ocr_par' dir='ltr' id='par_1_64' title="bbox 1063 347 1849 382">
     <span class='ocr_line' id='line_1_64' title="bbox 1063 347 1849 382; baseline -0.003 -7"><span class='ocrx_word' id='word_1_486' title='bbox 1063 347 1131 375; x_wconf 86' lang='lat' dir='ltr'><strong>sicut</strong></span> <span class='ocrx_word' id='word_1_487' title='bbox 1147 347 1317 375; x_wconf 79' lang='lat' dir='ltr'><strong>dilectionem</strong></span> <span class='ocrx_word' id='word_1_488' title='bbox 1338 347 1403 382; x_wconf 72' lang='lat' dir='ltr'><strong>iussi</strong></span> <span class='ocrx_word' id='word_1_489' title='bbox 1428 351 1489 374; x_wconf 91' lang='lat' dir='ltr'><strong>sunt</strong></span> <span class='ocrx_word' id='word_1_490' title='bbox 1506 347 1665 374; x_wconf 90' lang='lat' dir='ltr'><strong>terrentibus</strong></span> <span class='ocrx_word' id='word_1_491' title='bbox 1685 347 1784 374; x_wconf 85' lang='lat' dir='ltr'><strong>debere</strong></span> <span class='ocrx_word' id='word_1_492' title='bbox 1805 347 1849 382; x_wconf 91' lang='lat' dir='ltr'><strong>qui</strong></span> 
     </span>
    </p>
   </div>
   <div class='ocr_carea' id='block_1_65' title="bbox 1063 390 1847 428">
    <p class='ocr_par' dir='ltr' id='par_1_65' title="bbox 1063 390 1847 428">
     <span class='ocr_line' id='line_1_65' title="bbox 1063 390 1847 428; baseline -0.003 -7"><span class='ocrx_word' id='word_1_493' title='bbox 1063 393 1167 426; x_wconf 87' lang='lat' dir='ltr'><strong>timent,</strong></span> <span class='ocrx_word' id='word_1_494' title='bbox 1185 394 1220 420; x_wconf 83' lang='lat' dir='ltr'><strong>ita</strong></span> <span class='ocrx_word' id='word_1_495' title='bbox 1233 393 1403 421; x_wconf 89' lang='lat' dir='ltr'><strong>dilectionem</strong></span> <span class='ocrx_word' id='word_1_496' title='bbox 1417 392 1484 428; x_wconf 85' lang='lat' dir='ltr'><strong>jussi</strong></span> <span class='ocrx_word' id='word_1_497' title='bbox 1497 397 1558 420; x_wconf 90' lang='lat' dir='ltr'><strong>sunt</strong></span> <span class='ocrx_word' id='word_1_498' title='bbox 1573 390 1726 420; x_wconf 76' lang='lat' dir='ltr'><strong>timentibus</strong></span> <span class='ocrx_word' id='word_1_499' title='bbox 1741 391 1847 424; x_wconf 78' lang='lat' dir='ltr'><strong>debere,</strong></span> 
     </span>
    </p>
   </div>
   <div class='ocr_carea' id='block_1_66' title="bbox 1043 433 1848 475">
    <p class='ocr_par' dir='ltr' id='par_1_66' title="bbox 1043 433 1848 475">
     <span class='ocr_line' id='line_1_66' title="bbox 1043 433 1848 475; baseline -0.004 -8"><span class='ocrx_word' id='word_1_500' title='bbox 1043 446 1045 449; x_wconf 94' lang='lat'>&#39;</span> <span class='ocrx_word' id='word_1_501' title='bbox 1063 440 1107 475; x_wconf 91' lang='lat' dir='ltr'><strong>qui</strong></span> <span class='ocrx_word' id='word_1_502' title='bbox 1121 443 1230 467; x_wconf 88' lang='lat' dir='ltr'><strong>terrent.</strong></span> <span class='ocrx_word' id='word_1_503' title='bbox 1247 438 1316 466; x_wconf 83' lang='lat' dir='ltr'><strong>Nihil</strong></span> <span class='ocrx_word' id='word_1_504' title='bbox 1333 439 1445 467; x_wconf 89' lang='lat' dir='ltr'><strong>nocendi</strong></span> <span class='ocrx_word' id='word_1_505' title='bbox 1465 439 1607 474; x_wconf 85' lang='lat' dir='ltr'><strong>cupiditate</strong></span> <span class='ocrx_word' id='word_1_506' title='bbox 1628 439 1681 472; x_wconf 81' lang='lat' dir='ltr'><strong>ﬁat,</strong></span> <span class='ocrx_word' id='word_1_507' title='bbox 1698 438 1745 465; x_wconf 82' lang='lat' dir='ltr'><strong>sed</strong></span> <span class='ocrx_word' id='word_1_508' title='bbox 1760 433 1848 465; x_wconf 72' lang='lat' dir='ltr'><strong>omnia</strong></span> 
     </span>
    </p>
   </div>
   <div class='ocr_carea' id='block_1_67' title="bbox 1063 482 1848 516">
    <p class='ocr_par' dir='ltr' id='par_1_67' title="bbox 1063 482 1848 516">
     <span class='ocr_line' id='line_1_67' title="bbox 1063 482 1848 516; baseline -0.005 -4"><span class='ocrx_word' id='word_1_509' title='bbox 1063 483 1217 512; x_wconf 87' lang='lat' dir='ltr'><strong>consulendi</strong></span> <span class='ocrx_word' id='word_1_510' title='bbox 1231 484 1376 516; x_wconf 85' lang='lat' dir='ltr'><strong>charitate;</strong></span> <span class='ocrx_word' id='word_1_511' title='bbox 1392 488 1419 512; x_wconf 91' lang='lat' dir='ltr'><strong>et</strong></span> <span class='ocrx_word' id='word_1_512' title='bbox 1442 483 1505 511; x_wconf 85' lang='lat' dir='ltr'><strong>nihil</strong></span> <span class='ocrx_word' id='word_1_513' title='bbox 1528 483 1572 511; x_wconf 79' lang='lat' dir='ltr'><strong>fiat</strong></span> <span class='ocrx_word' id='word_1_514' title='bbox 1585 483 1765 515; x_wconf 67' lang='lat' dir='ltr'><strong>1immaniter,</strong></span> <span class='ocrx_word' id='word_1_515' title='bbox 1783 483 1818 509; x_wconf 87' lang='lat' dir='ltr'><strong>nil</strong></span> <span class='ocrx_word' id='word_1_516' title='bbox 1831 482 1848 509; x_wconf 88' lang='lat' dir='ltr'><strong>il</strong></span> 
     </span>
    </p>
   </div>
   <div class='ocr_carea' id='block_1_68' title="bbox 1064 529 1848 565">
    <p class='ocr_par' dir='ltr' id='par_1_68' title="bbox 1064 529 1848 565">
     <span class='ocr_line' id='line_1_68' title="bbox 1064 529 1848 565; baseline -0.004 -7"><span class='ocrx_word' id='word_1_517' title='bbox 1064 531 1253 559; x_wconf 89' lang='lat' dir='ltr'><strong>inhumaniter.</strong></span> <span class='ocrx_word' id='word_1_518' title='bbox 1276 531 1313 558; x_wconf 88' lang='lat' dir='ltr'><strong>lta</strong></span> <span class='ocrx_word' id='word_1_519' title='bbox 1333 530 1518 558; x_wconf 81' lang='lat' dir='ltr'><strong>formidabitur</strong></span> <span class='ocrx_word' id='word_1_520' title='bbox 1541 530 1605 558; x_wconf 88' lang='lat' dir='ltr'><strong>ttltio</strong></span> <span class='ocrx_word' id='word_1_521' title='bbox 1629 529 1782 565; x_wconf 77' lang='lat' dir='ltr'><strong>cognituris,</strong></span> <span class='ocrx_word' id='word_1_522' title='bbox 1797 529 1823 555; x_wconf 81' lang='lat' dir='ltr'><strong>ut</strong></span> <span class='ocrx_word' id='word_1_523' title='bbox 1838 530 1848 545; x_wconf 85' lang='grc'>¹</span> 
     </span>
    </p>
   </div>
   <div class='ocr_carea' id='block_1_69' title="bbox 1043 574 1850 612">
    <p class='ocr_par' dir='ltr' id='par_1_69' title="bbox 1043 574 1850 612">
     <span class='ocr_line' id='line_1_69' title="bbox 1043 574 1850 612; baseline -0.004 -8"><span class='ocrx_word' id='word_1_524' title='bbox 1043 585 1046 587; x_wconf 66' lang='grc'><em>’</em></span> <span class='ocrx_word' id='word_1_525' title='bbox 1063 584 1113 604; x_wconf 88' lang='lat' dir='ltr'><strong>nec</strong></span> <span class='ocrx_word' id='word_1_526' title='bbox 1134 576 1317 605; x_wconf 85' lang='lat' dir='ltr'><strong>intercessoris</strong></span> <span class='ocrx_word' id='word_1_527' title='bbox 1335 576 1426 612; x_wconf 80' lang='lat' dir='ltr'><strong>religio</strong></span> <span class='ocrx_word' id='word_1_528' title='bbox 1444 578 1648 609; x_wconf 77' lang='lat' dir='ltr'><strong>contemnatur;</strong></span> <span class='ocrx_word' id='word_1_529' title='bbox 1668 575 1728 611; x_wconf 88' lang='lat' dir='ltr'><strong>quia</strong></span> <span class='ocrx_word' id='word_1_530' title='bbox 1749 580 1776 602; x_wconf 89' lang='lat' dir='ltr'><strong>et</strong></span> <span class='ocrx_word' id='word_1_531' title='bbox 1794 574 1850 610; x_wconf 89' lang='lat' dir='ltr'><strong>ple-</strong></span> 
     </span>
    </p>
   </div>
   <div class='ocr_carea' id='block_1_70' title="bbox 1042 620 1849 658">
    <p class='ocr_par' dir='ltr' id='par_1_70' title="bbox 1042 620 1849 658">
     <span class='ocr_line' id='line_1_70' title="bbox 1042 620 1849 658; baseline -0.006 -8"><span class='ocrx_word' id='word_1_532' title='bbox 1042 623 1046 628; x_wconf 89' lang='grc'><strong>”</strong></span> <span class='ocrx_word' id='word_1_533' title='bbox 1065 622 1163 650; x_wconf 88' lang='lat' dir='ltr'><strong>ctendo</strong></span> <span class='ocrx_word' id='word_1_534' title='bbox 1178 627 1204 650; x_wconf 89' lang='lat' dir='ltr'><strong>et</strong></span> <span class='ocrx_word' id='word_1_535' title='bbox 1218 621 1379 658; x_wconf 81' lang='lat' dir='ltr'><strong>ignoscendo</strong></span> <span class='ocrx_word' id='word_1_536' title='bbox 1396 623 1446 649; x_wconf 88' lang='lat' dir='ltr'><strong>hoc</strong></span> <span class='ocrx_word' id='word_1_537' title='bbox 1462 622 1547 649; x_wconf 88' lang='lat' dir='ltr'><strong>solum</strong></span> <span class='ocrx_word' id='word_1_538' title='bbox 1562 621 1629 649; x_wconf 89' lang='lat' dir='ltr'><strong>bene</strong></span> <span class='ocrx_word' id='word_1_539' title='bbox 1643 621 1742 657; x_wconf 81' lang='lat' dir='ltr'><strong>agitur,</strong></span> <span class='ocrx_word' id='word_1_540' title='bbox 1755 626 1783 647; x_wconf 90' lang='lat' dir='ltr'><strong>ut</strong></span> <span class='ocrx_word' id='word_1_541' title='bbox 1799 620 1849 646; x_wconf 84' lang='lat' dir='ltr'><strong>vita</strong></span> 
     </span>
    </p>
   </div>
   <div class='ocr_carea' id='block_1_71' title="bbox 1043 666 1850 703">
    <p class='ocr_par' dir='ltr' id='par_1_71' title="bbox 1043 666 1850 703">
     <span class='ocr_line' id='line_1_71' title="bbox 1043 666 1850 703; baseline -0.002 -9"><span class='ocrx_word' id='word_1_542' title='bbox 1043 670 1045 672; x_wconf 80' lang='grc'><em>’</em></span> <span class='ocrx_word' id='word_1_543' title='bbox 1066 667 1201 695; x_wconf 90' lang='lat' dir='ltr'><strong>hominum</strong></span> <span class='ocrx_word' id='word_1_544' title='bbox 1215 668 1371 703; x_wconf 80' lang='lat' dir='ltr'><strong>corrigatur.</strong></span> <span class='ocrx_word' id='word_1_545' title='bbox 1385 667 1458 701; x_wconf 83' lang='lat' dir='ltr'><strong>Quod</strong></span> <span class='ocrx_word' id='word_1_546' title='bbox 1475 667 1497 695; x_wconf 89' lang='lat' dir='ltr'><strong>si</strong></span> <span class='ocrx_word' id='word_1_547' title='bbox 1517 671 1588 694; x_wconf 89' lang='lat' dir='ltr'><strong>tanta</strong></span> <span class='ocrx_word' id='word_1_548' title='bbox 1601 671 1641 695; x_wconf 85' lang='lat' dir='ltr'><strong>est</strong></span> <span class='ocrx_word' id='word_1_549' title='bbox 1654 666 1811 702; x_wconf 87' lang='lat' dir='ltr'><strong>perversitas</strong></span> <span class='ocrx_word' id='word_1_550' title='bbox 1825 670 1850 693; x_wconf 89' lang='lat' dir='ltr'><strong>et</strong></span> 
     </span>
    </p>
   </div>
   <div class='ocr_carea' id='block_1_72' title="bbox 1065 709 1851 749">
    <p class='ocr_par' dir='ltr' id='par_1_72' title="bbox 1065 709 1851 749">
     <span class='ocr_line' id='line_1_72' title="bbox 1065 709 1851 749; baseline -0.004 -9"><span class='ocrx_word' id='word_1_551' title='bbox 1065 713 1197 748; x_wconf 87' lang='lat' dir='ltr'><strong>impietas,</strong></span> <span class='ocrx_word' id='word_1_552' title='bbox 1210 718 1239 741; x_wconf 91' lang='lat' dir='ltr'><strong>ut</strong></span> <span class='ocrx_word' id='word_1_553' title='bbox 1248 713 1272 741; x_wconf 90' lang='lat' dir='ltr'><strong>ei</strong></span> <span class='ocrx_word' id='word_1_554' title='bbox 1287 713 1450 749; x_wconf 69' lang='lat' dir='ltr'><strong>corrigenda:</strong></span> <span class='ocrx_word' id='word_1_555' title='bbox 1459 721 1511 741; x_wconf 88' lang='lat' dir='ltr'><strong>nec</strong></span> <span class='ocrx_word' id='word_1_556' title='bbox 1528 713 1665 749; x_wconf 85' lang='lat' dir='ltr'><strong>disciplina</strong></span> <span class='ocrx_word' id='word_1_557' title='bbox 1676 713 1758 747; x_wconf 83' lang='lat' dir='ltr'><strong>possit</strong></span> <span class='ocrx_word' id='word_1_558' title='bbox 1772 709 1851 746; x_wconf 78' lang='lat' dir='ltr'><strong>prod—</strong></span> 
     </span>
    </p>
   </div>
   <div class='ocr_carea' id='block_1_73' title="bbox 1066 758 1851 797">
    <p class='ocr_par' dir='ltr' id='par_1_73' title="bbox 1066 758 1851 797">
     <span class='ocr_line' id='line_1_73' title="bbox 1066 758 1851 797; baseline -0.005 -11"><span class='ocrx_word' id='word_1_559' title='bbox 1066 766 1140 792; x_wconf 87' lang='lat' dir='ltr'><strong>esse,</strong></span> <span class='ocrx_word' id='word_1_560' title='bbox 1165 765 1214 786; x_wconf 90' lang='lat' dir='ltr'><strong>nec</strong></span> <span class='ocrx_word' id='word_1_561' title='bbox 1234 758 1330 792; x_wconf 85' lang='lat' dir='ltr'><strong>venia;</strong></span> <span class='ocrx_word' id='word_1_562' title='bbox 1359 766 1374 785; x_wconf 89' lang='lat' dir='ltr'><strong>a</strong></span> <span class='ocrx_word' id='word_1_563' title='bbox 1396 758 1473 786; x_wconf 83' lang='lat' dir='ltr'><strong>bonis</strong></span> <span class='ocrx_word' id='word_1_564' title='bbox 1499 762 1586 786; x_wconf 89' lang='lat' dir='ltr'><strong>tamen</strong></span> <span class='ocrx_word' id='word_1_565' title='bbox 1609 758 1753 797; x_wconf 78' lang='lat' dir='ltr'><strong>intentione</strong></span> <span class='ocrx_word' id='word_1_566' title='bbox 1775 763 1851 792; x_wconf 82' lang='lat' dir='ltr'><strong>atque</strong></span> 
     </span>
    </p>
   </div>
   <div class='ocr_carea' id='block_1_74' title="bbox 1066 802 1852 840">
    <p class='ocr_par' dir='ltr' id='par_1_74' title="bbox 1066 802 1852 840">
     <span class='ocr_line' id='line_1_74' title="bbox 1066 802 1852 840; baseline -0.005 -8"><span class='ocrx_word' id='word_1_567' title='bbox 1066 805 1226 833; x_wconf 83' lang='lat' dir='ltr'><strong>conscientia</strong></span> <span class='ocrx_word' id='word_1_568' title='bbox 1247 812 1325 840; x_wconf 87' lang='lat' dir='ltr'><strong>quam</strong></span> <span class='ocrx_word' id='word_1_569' title='bbox 1350 804 1417 832; x_wconf 90' lang='lat' dir='ltr'><strong>Deus</strong></span> <span class='ocrx_word' id='word_1_570' title='bbox 1430 804 1526 838; x_wconf 87' lang='lat' dir='ltr'><strong>cernit,</strong></span> <span class='ocrx_word' id='word_1_571' title='bbox 1549 803 1604 832; x_wconf 83' lang='lat' dir='ltr'><strong>sive</strong></span> <span class='ocrx_word' id='word_1_572' title='bbox 1623 803 1772 836; x_wconf 75' lang='lat' dir='ltr'><strong>severitate,</strong></span> <span class='ocrx_word' id='word_1_573' title='bbox 1796 802 1852 829; x_wconf 78' lang='lat' dir='ltr'><strong>sive</strong></span> 
     </span>
    </p>
   </div>
   <div class='ocr_carea' id='block_1_75' title="bbox 1048 849 1745 886">
    <p class='ocr_par' dir='ltr' id='par_1_75' title="bbox 1048 849 1745 886">
     <span class='ocr_line' id='line_1_75' title="bbox 1048 849 1745 886; baseline -0.004 -8"><span class='ocrx_word' id='word_1_574' title='bbox 1048 853 1050 855; x_wconf 87' lang='lat'>&#39;</span> <span class='ocrx_word' id='word_1_575' title='bbox 1065 850 1185 886; x_wconf 87' lang='lat' dir='ltr'><strong>lenitate,</strong></span> <span class='ocrx_word' id='word_1_576' title='bbox 1200 850 1305 878; x_wconf 81' lang='lat' dir='ltr'><strong>nonnisi</strong></span> <span class='ocrx_word' id='word_1_577' title='bbox 1318 850 1434 878; x_wconf 78' lang='lat' dir='ltr'><strong>ofﬁcium</strong></span> <span class='ocrx_word' id='word_1_578' title='bbox 1448 849 1598 877; x_wconf 83' lang='lat' dir='ltr'><strong>dilectionis</strong></span> <span class='ocrx_word' id='word_1_579' title='bbox 1613 849 1745 884; x_wconf 89' lang='lat' dir='ltr'><strong>impletur.</strong></span> 
     </span>
    </p>
   </div>
   <div class='ocr_carea' id='block_1_76' title="bbox 1101 889 1851 931">
    <p class='ocr_par' dir='ltr' id='par_1_76' title="bbox 1101 889 1851 931">
     <span class='ocr_line' id='line_1_76' title="bbox 1101 889 1851 931; baseline -0.005 -8"><span class='ocrx_word' id='word_1_580' title='bbox 1101 895 1146 923; x_wconf 71' lang='lat'><strong>9.0.</strong></span> <span class='ocrx_word' id='word_1_581' title='bbox 1162 895 1237 929; x_wconf 87' lang='lat' dir='ltr'><strong>Quod</strong></span> <span class='ocrx_word' id='word_1_582' title='bbox 1250 901 1338 923; x_wconf 87' lang='lat' dir='ltr'><strong>autem</strong></span> <span class='ocrx_word' id='word_1_583' title='bbox 1352 895 1378 922; x_wconf 95' lang='lat' dir='ltr'><strong>in</strong></span> <span class='ocrx_word' id='word_1_584' title='bbox 1389 894 1501 931; x_wconf 87' lang='lat' dir='ltr'><strong>epistola</strong></span> <span class='ocrx_word' id='word_1_585' title='bbox 1517 898 1560 922; x_wconf 90' lang='lat' dir='ltr'><strong>tua</strong></span> <span class='ocrx_word' id='word_1_586' title='bbox 1574 894 1703 930; x_wconf 89' lang='lat' dir='ltr'><strong>sequitur,</strong></span> <span class='ocrx_word' id='word_1_587' title='bbox 1719 892 1761 920; x_wconf 89' lang='lat' dir='ltr'><strong>u&#39;bi</strong></span> <span class='ocrx_word' id='word_1_588' title='bbox 1775 889 1851 924; x_wconf 69' lang='lat' dir='ltr'><strong>dicis,</strong></span> 
     </span>
    </p>
   </div>
   <div class='ocr_carea' id='block_1_77' title="bbox 1071 938 1852 974">
    <p class='ocr_par' dir='ltr' id='par_1_77' title="bbox 1071 938 1852 974">
     <span class='ocr_line' id='line_1_77' title="bbox 1071 938 1852 974; baseline -0.005 -6"><span class='ocrx_word' id='word_1_589' title='bbox 1071 939 1164 968; x_wconf 81' lang='lat' dir='ltr'><strong>Verum</strong></span> <span class='ocrx_word' id='word_1_590' title='bbox 1174 949 1251 974; x_wconf 86' lang='lat' dir='ltr'><strong>nunc,</strong></span> <span class='ocrx_word' id='word_1_591' title='bbox 1267 945 1294 968; x_wconf 87' lang='lat' dir='ltr'><strong>ut</strong></span> <span class='ocrx_word' id='word_1_592' title='bbox 1311 948 1392 968; x_wconf 79' lang='lat' dir='ltr'><strong>mores</strong></span> <span class='ocrx_word' id='word_1_593' title='bbox 1406 940 1485 967; x_wconf 85' lang='lat' dir='ltr'><strong>nostri</strong></span> <span class='ocrx_word' id='word_1_594' title='bbox 1502 944 1576 973; x_wconf 83' lang='lat' dir='ltr'><strong>sunt,</strong></span> <span class='ocrx_word' id='word_1_595' title='bbox 1598 943 1622 967; x_wconf 85' lang='lat' dir='ltr'><strong>et</strong></span> <span class='ocrx_word' id='word_1_596' title='bbox 1638 938 1736 966; x_wconf 85' lang='lat' dir='ltr'><strong>sceleris</strong></span> <span class='ocrx_word' id='word_1_597' title='bbox 1755 940 1852 974; x_wconf 74' lang='grc' dir='ltr'><strong>ρὰιιιίιηι</strong></span> 
     </span>
    </p>
   </div>
   <div class='ocr_carea' id='block_1_78' title="bbox 1067 979 1854 1021">
    <p class='ocr_par' dir='ltr' id='par_1_78' title="bbox 1067 979 1854 1021">
     <span class='ocr_line' id='line_1_78' title="bbox 1067 979 1854 1021; baseline -0.004 -8"><span class='ocrx_word' id='word_1_598' title='bbox 1067 986 1171 1021; x_wconf 83' lang='lat' dir='ltr'><strong>cupiunt</strong></span> <span class='ocrx_word' id='word_1_599' title='bbox 1181 986 1227 1013; x_wconf 81' lang='lat' dir='ltr'><strong>sibi</strong></span> <span class='ocrx_word' id='word_1_600' title='bbox 1236 985 1347 1013; x_wconf 67' lang='lat' dir='ltr'><strong>homines</strong></span> <span class='ocrx_word' id='word_1_601' title='bbox 1361 985 1481 1018; x_wconf 71' lang='lat' dir='ltr'><strong>relaxari,</strong></span> <span class='ocrx_word' id='word_1_602' title='bbox 1496 989 1520 1013; x_wconf 82' lang='lat' dir='ltr'><strong>et</strong></span> <span class='ocrx_word' id='word_1_603' title='bbox 1534 985 1561 1012; x_wconf 85' lang='lat' dir='ltr'><strong>id</strong></span> <span class='ocrx_word' id='word_1_604' title='bbox 1579 991 1685 1021; x_wconf 82' lang='lat' dir='ltr'><strong>propter</strong></span> <span class='ocrx_word' id='word_1_605' title='bbox 1697 984 1764 1019; x_wconf 83' lang='lat' dir='ltr'><strong>quod</strong></span> <span class='ocrx_word' id='word_1_606' title='bbox 1774 979 1854 1011; x_wconf 78' lang='lat' dir='ltr'><strong>scelus</strong></span> 
     </span>
    </p>
   </div>
   <div class='ocr_carea' id='block_1_79' title="bbox 1068 1030 1854 1067">
    <p class='ocr_par' dir='ltr' id='par_1_79' title="bbox 1068 1030 1854 1067">
     <span class='ocr_line' id='line_1_79' title="bbox 1068 1030 1854 1067; baseline -0.004 -8"><span class='ocrx_word' id='word_1_607' title='bbox 1068 1031 1204 1059; x_wconf 80' lang='lat' dir='ltr'><strong>admissum</strong></span> <span class='ocrx_word' id='word_1_608' title='bbox 1227 1035 1263 1059; x_wconf 80' lang='lat' dir='ltr'><strong>est</strong></span> <span class='ocrx_word' id='word_1_609' title='bbox 1283 1030 1428 1067; x_wconf 71' lang='lat' dir='ltr'><strong>possidere;</strong></span> <span class='ocrx_word' id='word_1_610' title='bbox 1449 1031 1592 1067; x_wconf 86' lang='lat' dir='ltr'><strong>pessimum</strong></span> <span class='ocrx_word' id='word_1_611' title='bbox 1614 1030 1750 1057; x_wconf 88' lang='lat' dir='ltr'><strong>hominum</strong></span> <span class='ocrx_word' id='word_1_612' title='bbox 1771 1038 1854 1065; x_wconf 78' lang='lat' dir='ltr'><strong>genus</strong></span> 
     </span>
    </p>
   </div>
   <div class='ocr_carea' id='block_1_80' title="bbox 1068 1067 1854 1113">
    <p class='ocr_par' dir='ltr' id='par_1_80' title="bbox 1068 1067 1854 1113">
     <span class='ocr_line' id='line_1_80' title="bbox 1068 1067 1854 1113; baseline -0.003 -8"><span class='ocrx_word' id='word_1_613' title='bbox 1068 1086 1272 1110; x_wconf 81' lang='lat' dir='ltr'><strong>commemoras,</strong></span> <span class='ocrx_word' id='word_1_614' title='bbox 1286 1078 1328 1105; x_wconf 87' lang='lat' dir='ltr'><strong>cui</strong></span> <span class='ocrx_word' id='word_1_615' title='bbox 1354 1077 1497 1113; x_wconf 74' lang='lat' dir='ltr'><strong>pmnitendi</strong></span> <span class='ocrx_word' id='word_1_616' title='bbox 1519 1077 1649 1105; x_wconf 88' lang='lat' dir='ltr'><strong>medicina</strong></span> <span class='ocrx_word' id='word_1_617' title='bbox 1672 1078 1779 1104; x_wconf 89' lang='lat' dir='ltr'><strong>omnino</strong></span> <span class='ocrx_word' id='word_1_618' title='bbox 1803 1067 1854 1104; x_wconf 84' lang='lat' dir='ltr'><strong>non</strong></span> 
     </span>
    </p>
   </div>
   <div class='ocr_carea' id='block_1_81' title="bbox 1069 1117 1852 1160">
    <p class='ocr_par' dir='ltr' id='par_1_81' title="bbox 1069 1117 1852 1160">
     <span class='ocr_line' id='line_1_81' title="bbox 1069 1117 1852 1160; baseline -0.003 -8"><span class='ocrx_word' id='word_1_619' title='bbox 1069 1124 1185 1160; x_wconf 87' lang='lat' dir='ltr'><strong>prodest.</strong></span> <span class='ocrx_word' id='word_1_620' title='bbox 1199 1123 1227 1152; x_wconf 90' lang='lat' dir='ltr'><strong>Si</strong></span> <span class='ocrx_word' id='word_1_621' title='bbox 1241 1124 1311 1152; x_wconf 89' lang='lat' dir='ltr'><strong>enim</strong></span> <span class='ocrx_word' id='word_1_622' title='bbox 1326 1132 1370 1151; x_wconf 90' lang='lat' dir='ltr'><strong>res</strong></span> <span class='ocrx_word' id='word_1_623' title='bbox 1390 1124 1486 1157; x_wconf 87' lang='lat' dir='ltr'><strong>aliena,</strong></span> <span class='ocrx_word' id='word_1_624' title='bbox 1502 1130 1610 1159; x_wconf 89' lang='lat' dir='ltr'><strong>propter</strong></span> <span class='ocrx_word' id='word_1_625' title='bbox 1624 1132 1702 1158; x_wconf 88' lang='lat' dir='ltr'><strong>quam</strong></span> <span class='ocrx_word' id='word_1_626' title='bbox 1717 1117 1852 1159; x_wconf 83' lang='lat' dir='ltr'><strong>peccatum</strong></span> 
     </span>
    </p>
   </div>
   <div class='ocr_carea' id='block_1_82' title="bbox 1069 1167 1851 1205">
    <p class='ocr_par' dir='ltr' id='par_1_82' title="bbox 1069 1167 1851 1205">
     <span class='ocr_line' id='line_1_82' title="bbox 1069 1167 1851 1205; baseline -0.001 -8"><span class='ocrx_word' id='word_1_627' title='bbox 1069 1174 1119 1204; x_wconf 89' lang='lat' dir='ltr'><strong>est,</strong></span> <span class='ocrx_word' id='word_1_628' title='bbox 1133 1177 1193 1198; x_wconf 92' lang='lat' dir='ltr'><strong>cum</strong></span> <span class='ocrx_word' id='word_1_629' title='bbox 1208 1170 1282 1198; x_wconf 89' lang='lat' dir='ltr'><strong>reddi</strong></span> <span class='ocrx_word' id='word_1_630' title='bbox 1305 1170 1397 1205; x_wconf 84' lang='lat' dir='ltr'><strong>possit,</strong></span> <span class='ocrx_word' id='word_1_631' title='bbox 1411 1177 1463 1197; x_wconf 89' lang='lat' dir='ltr'><strong>non</strong></span> <span class='ocrx_word' id='word_1_632' title='bbox 1481 1169 1610 1203; x_wconf 80' lang='lat' dir='ltr'><strong>redditur,</strong></span> <span class='ocrx_word' id='word_1_633' title='bbox 1627 1177 1678 1196; x_wconf 93' lang='lat' dir='ltr'><strong>non</strong></span> <span class='ocrx_word' id='word_1_634' title='bbox 1696 1169 1782 1204; x_wconf 78' lang='lat' dir='ltr'><strong>agitur</strong></span> <span class='ocrx_word' id='word_1_635' title='bbox 1792 1167 1851 1204; x_wconf 74' lang='lat' dir='ltr'><strong>pce-</strong></span> 
     </span>
    </p>
   </div>
   <div class='ocr_carea' id='block_1_83' title="bbox 1069 1209 1854 1251">
    <p class='ocr_par' dir='ltr' id='par_1_83' title="bbox 1069 1209 1854 1251">
     <span class='ocr_line' id='line_1_83' title="bbox 1069 1209 1854 1251; baseline -0.003 -8"><span class='ocrx_word' id='word_1_636' title='bbox 1069 1216 1190 1249; x_wconf 85' lang='lat' dir='ltr'><strong>nitentia,</strong></span> <span class='ocrx_word' id='word_1_637' title='bbox 1205 1214 1252 1243; x_wconf 90' lang='lat' dir='ltr'><strong>sed</strong></span> <span class='ocrx_word' id='word_1_638' title='bbox 1266 1215 1372 1251; x_wconf 80' lang='lat' dir='ltr'><strong>ﬁngitur</strong></span> <span class='ocrx_word' id='word_1_639' title='bbox 1388 1223 1394 1242; x_wconf 89' lang='lat'>:</span> <span class='ocrx_word' id='word_1_640' title='bbox 1409 1215 1432 1242; x_wconf 91' lang='lat' dir='ltr'><strong>si</strong></span> <span class='ocrx_word' id='word_1_641' title='bbox 1445 1219 1534 1242; x_wconf 81' lang='lat' dir='ltr'><strong>autem</strong></span> <span class='ocrx_word' id='word_1_642' title='bbox 1547 1215 1676 1242; x_wconf 87' lang='lat' dir='ltr'><strong>veraciter</strong></span> <span class='ocrx_word' id='word_1_643' title='bbox 1688 1216 1783 1249; x_wconf 75' lang='lat' dir='ltr'><strong>agitur,</strong></span> <span class='ocrx_word' id='word_1_644' title='bbox 1803 1209 1854 1241; x_wconf 75' lang='lat' dir='ltr'><strong>ndn</strong></span> 
     </span>
    </p>
   </div>
   <div class='ocr_carea' id='block_1_84' title="bbox 1070 1252 1853 1297">
    <p class='ocr_par' dir='ltr' id='par_1_84' title="bbox 1070 1252 1853 1297">
     <span class='ocr_line' id='line_1_84' title="bbox 1070 1252 1853 1297; baseline -0.004 -8"><span class='ocrx_word' id='word_1_645' title='bbox 1070 1261 1219 1290; x_wconf 86' lang='lat' dir='ltr'><strong>remittetur</strong></span> <span class='ocrx_word' id='word_1_646' title='bbox 1239 1265 1386 1297; x_wconf 79' lang='lat' dir='ltr'><strong>peceatum,</strong></span> <span class='ocrx_word' id='word_1_647' title='bbox 1402 1261 1453 1288; x_wconf 86' lang='lat' dir='ltr'><strong>nisi</strong></span> <span class='ocrx_word' id='word_1_648' title='bbox 1473 1261 1626 1288; x_wconf 78' lang='lat' dir='ltr'><strong>restituatur</strong></span> <span class='ocrx_word' id='word_1_649' title='bbox 1641 1260 1774 1292; x_wconf 85' lang='lat' dir='ltr'><strong>ablatum;</strong></span> <span class='ocrx_word' id='word_1_650' title='bbox 1790 1252 1835 1287; x_wconf 82' lang='lat' dir='ltr'><strong>sed</strong></span> <span class='ocrx_word' id='word_1_651' title='bbox 1846 1280 1853 1292; x_wconf 93' lang='lat'><strong>,</strong></span> 
     </span>
    </p>
   </div>
   <div class='ocr_carea' id='block_1_85' title="bbox 1072 1305 1854 1342">
    <p class='ocr_par' dir='ltr' id='par_1_85' title="bbox 1072 1305 1854 1342">
     <span class='ocr_line' id='line_1_85' title="bbox 1072 1305 1854 1342; baseline -0.005 -6"><span class='ocrx_word' id='word_1_652' title='bbox 1072 1312 1100 1336; x_wconf 86' lang='lat' dir='ltr'><strong>ut</strong></span> <span class='ocrx_word' id='word_1_653' title='bbox 1113 1307 1179 1341; x_wconf 78' lang='lat' dir='ltr'><strong>dixi,</strong></span> <span class='ocrx_word' id='word_1_654' title='bbox 1195 1315 1254 1335; x_wconf 89' lang='lat' dir='ltr'><strong>cum</strong></span> <span class='ocrx_word' id='word_1_655' title='bbox 1266 1307 1369 1335; x_wconf 89' lang='lat' dir='ltr'><strong>restitui</strong></span> <span class='ocrx_word' id='word_1_656' title='bbox 1384 1310 1480 1342; x_wconf 82' lang='lat' dir='ltr'><strong>potest.</strong></span> <span class='ocrx_word' id='word_1_657' title='bbox 1495 1306 1655 1342; x_wconf 73' lang='lat' dir='ltr'><strong>Plerumque</strong></span> <span class='ocrx_word' id='word_1_658' title='bbox 1670 1307 1738 1334; x_wconf 85' lang='lat' dir='ltr'><strong>cuitu</strong></span> <span class='ocrx_word' id='word_1_659' title='bbox 1750 1305 1793 1341; x_wconf 89' lang='lat' dir='ltr'><strong>qui</strong></span> <span class='ocrx_word' id='word_1_660' title='bbox 1807 1314 1854 1332; x_wconf 90' lang='lat' dir='ltr'><strong>au—</strong></span> 
     </span>
    </p>
   </div>
   <div class='ocr_carea' id='block_1_86' title="bbox 1070 1351 1856 1388">
    <p class='ocr_par' dir='ltr' id='par_1_86' title="bbox 1070 1351 1856 1388">
     <span class='ocr_line' id='line_1_86' title="bbox 1070 1351 1856 1388; baseline -0.005 -6"><span class='ocrx_word' id='word_1_661' title='bbox 1070 1353 1132 1388; x_wconf 79' lang='lat' dir='ltr'><strong>fert,</strong></span> <span class='ocrx_word' id='word_1_662' title='bbox 1156 1354 1271 1387; x_wconf 83' lang='lat' dir='ltr'><strong>amittit;</strong></span> <span class='ocrx_word' id='word_1_663' title='bbox 1296 1353 1352 1381; x_wconf 85' lang='lat' dir='ltr'><strong>sive</strong></span> <span class='ocrx_word' id='word_1_664' title='bbox 1371 1352 1436 1381; x_wconf 88' lang='lat' dir='ltr'><strong>alios</strong></span> <span class='ocrx_word' id='word_1_665' title='bbox 1457 1352 1580 1388; x_wconf 86' lang='lat' dir='ltr'><strong>patiendo</strong></span> <span class='ocrx_word' id='word_1_666' title='bbox 1602 1352 1695 1386; x_wconf 81' lang='lat' dir='ltr'><strong>malos,</strong></span> <span class='ocrx_word' id='word_1_667' title='bbox 1721 1352 1776 1379; x_wconf 82' lang='lat' dir='ltr'><strong>sive</strong></span> <span class='ocrx_word' id='word_1_668' title='bbox 1800 1351 1856 1386; x_wconf 81' lang='lat' dir='ltr'><strong>ipSe</strong></span> 
     </span>
    </p>
   </div>
   <div class='ocr_carea' id='block_1_87' title="bbox 1071 1393 1857 1431">
    <p class='ocr_par' dir='ltr' id='par_1_87' title="bbox 1071 1393 1857 1431">
     <span class='ocr_line' id='line_1_87' title="bbox 1071 1393 1857 1431; baseline -0.001 -4"><span class='ocrx_word' id='word_1_669' title='bbox 1071 1400 1140 1427; x_wconf 90' lang='lat' dir='ltr'><strong>male</strong></span> <span class='ocrx_word' id='word_1_670' title='bbox 1152 1398 1276 1431; x_wconf 85' lang='lat' dir='ltr'><strong>vivendo,</strong></span> <span class='ocrx_word' id='word_1_671' title='bbox 1294 1406 1343 1427; x_wconf 86' lang='lat' dir='ltr'><strong>nec</strong></span> <span class='ocrx_word' id='word_1_672' title='bbox 1365 1398 1436 1426; x_wconf 92' lang='lat' dir='ltr'><strong>aliud</strong></span> <span class='ocrx_word' id='word_1_673' title='bbox 1460 1398 1539 1426; x_wconf 85' lang='lat' dir='ltr'><strong>habet</strong></span> <span class='ocrx_word' id='word_1_674' title='bbox 1561 1398 1630 1425; x_wconf 88' lang='lat' dir='ltr'><strong>unde</strong></span> <span class='ocrx_word' id='word_1_675' title='bbox 1645 1399 1775 1425; x_wconf 83' lang='lat' dir='ltr'><strong>restituat.</strong></span> <span class='ocrx_word' id='word_1_676' title='bbox 1790 1393 1857 1426; x_wconf 79' lang='lat' dir='ltr'><strong>linic</strong></span> 
     </span>
    </p>
   </div>
   <div class='ocr_carea' id='block_1_88' title="bbox 1071 1440 1856 1480">
    <p class='ocr_par' dir='ltr' id='par_1_88' title="bbox 1071 1440 1856 1480">
     <span class='ocr_line' id='line_1_88' title="bbox 1071 1440 1856 1480; baseline -0.004 -8"><span class='ocrx_word' id='word_1_677' title='bbox 1071 1449 1144 1472; x_wconf 88' lang='lat' dir='ltr'><strong>certe</strong></span> <span class='ocrx_word' id='word_1_678' title='bbox 1157 1452 1208 1472; x_wconf 89' lang='lat' dir='ltr'><strong>non</strong></span> <span class='ocrx_word' id='word_1_679' title='bbox 1230 1451 1372 1480; x_wconf 80' lang='lat' dir='ltr'><strong>possumus</strong></span> <span class='ocrx_word' id='word_1_680' title='bbox 1386 1444 1491 1477; x_wconf 86' lang='lat' dir='ltr'><strong>dicere,</strong></span> <span class='ocrx_word' id='word_1_681' title='bbox 1516 1440 1605 1471; x_wconf 80' lang='lat' dir='ltr'><strong>Redde</strong></span> <span class='ocrx_word' id='word_1_682' title='bbox 1626 1444 1695 1478; x_wconf 79' lang='lat' dir='ltr'><strong>quod</strong></span> <span class='ocrx_word' id='word_1_683' title='bbox 1715 1442 1856 1475; x_wconf 71' lang='lat' dir='ltr'><strong>abstulisti,</strong></span> 
     </span>
    </p>
   </div>
   <div class='ocr_carea' id='block_1_89' title="bbox 1072 1483 1856 1524">
    <p class='ocr_par' dir='ltr' id='par_1_89' title="bbox 1072 1483 1856 1524">
     <span class='ocr_line' id='line_1_89' title="bbox 1072 1483 1856 1524; baseline -0.003 -7"><span class='ocrx_word' id='word_1_684' title='bbox 1072 1490 1122 1517; x_wconf 84' lang='lat' dir='ltr'><strong>nisi</strong></span> <span class='ocrx_word' id='word_1_685' title='bbox 1133 1497 1192 1517; x_wconf 91' lang='lat' dir='ltr'><strong>cum</strong></span> <span class='ocrx_word' id='word_1_686' title='bbox 1204 1498 1264 1517; x_wconf 90' lang='lat' dir='ltr'><strong>eum</strong></span> <span class='ocrx_word' id='word_1_687' title='bbox 1280 1489 1377 1517; x_wconf 84' lang='lat' dir='ltr'><strong>habere</strong></span> <span class='ocrx_word' id='word_1_688' title='bbox 1388 1489 1521 1517; x_wconf 88' lang='lat' dir='ltr'><strong>credinttts</strong></span> <span class='ocrx_word' id='word_1_689' title='bbox 1534 1492 1561 1516; x_wconf 88' lang='lat' dir='ltr'><strong>et</strong></span> <span class='ocrx_word' id='word_1_690' title='bbox 1571 1496 1678 1524; x_wconf 78' lang='lat' dir='ltr'><strong>negare.</strong></span> <span class='ocrx_word' id='word_1_691' title='bbox 1690 1488 1739 1516; x_wconf 89' lang='lat' dir='ltr'><strong>Ubi</strong></span> <span class='ocrx_word' id='word_1_692' title='bbox 1751 1483 1856 1523; x_wconf 73' lang='lat' dir='ltr'><strong>qu&#39;idcm</strong></span> 
     </span>
    </p>
   </div>
   <div class='ocr_carea' id='block_1_90' title="bbox 1072 1533 1858 1571">
    <p class='ocr_par' dir='ltr' id='par_1_90' title="bbox 1072 1533 1858 1571">
     <span class='ocr_line' id='line_1_90' title="bbox 1072 1533 1858 1571; baseline -0.003 -8"><span class='ocrx_word' id='word_1_693' title='bbox 1072 1536 1094 1563; x_wconf 92' lang='lat' dir='ltr'><strong>si</strong></span> <span class='ocrx_word' id='word_1_694' title='bbox 1108 1536 1210 1571; x_wconf 83' lang='lat' dir='ltr'><strong>aliquos</strong></span> <span class='ocrx_word' id='word_1_695' title='bbox 1223 1534 1337 1563; x_wconf 88' lang='lat' dir='ltr'><strong>sustinet</strong></span> <span class='ocrx_word' id='word_1_696' title='bbox 1349 1543 1364 1562; x_wconf 88' lang='lat' dir='ltr'><strong>a</strong></span> <span class='ocrx_word' id='word_1_697' title='bbox 1377 1539 1515 1570; x_wconf 85' lang='lat' dir='ltr'><strong>repetente</strong></span> <span class='ocrx_word' id='word_1_698' title='bbox 1530 1535 1672 1567; x_wconf 87' lang='lat' dir='ltr'><strong>cruciatus,</strong></span> <span class='ocrx_word' id='word_1_699' title='bbox 1688 1534 1748 1561; x_wconf 83' lang='lat' dir='ltr'><strong>dum</strong></span> <span class='ocrx_word' id='word_1_700' title='bbox 1764 1533 1858 1562; x_wconf 77' lang='lat' dir='ltr'><strong>exlsti-</strong></span> 
     </span>
    </p>
   </div>
   <div class='ocr_carea' id='block_1_91' title="bbox 1053 1578 1858 1617">
    <p class='ocr_par' dir='ltr' id='par_1_91' title="bbox 1053 1578 1858 1617">
     <span class='ocr_line' id='line_1_91' title="bbox 1053 1578 1858 1617; baseline -0.002 -7"><span class='ocrx_word' id='word_1_701' title='bbox 1053 1582 1058 1596; x_wconf 72' lang='grc'><strong><em>⁵</em></strong></span> <span class='ocrx_word' id='word_1_702' title='bbox 1072 1584 1159 1610; x_wconf 79' lang='lat' dir='ltr'><strong>iuatur</strong></span> <span class='ocrx_word' id='word_1_703' title='bbox 1169 1582 1267 1610; x_wconf 87' lang='lat' dir='ltr'><strong>habere</strong></span> <span class='ocrx_word' id='word_1_704' title='bbox 1280 1582 1349 1617; x_wconf 91' lang='lat' dir='ltr'><strong>quod</strong></span> <span class='ocrx_word' id='word_1_705' title='bbox 1369 1578 1473 1617; x_wconf 80' lang='lat' dir='ltr'><strong>reddat,</strong></span> <span class='ocrx_word' id='word_1_706' title='bbox 1490 1581 1561 1610; x_wconf 87' lang='lat' dir='ltr'><strong>nulla</strong></span> <span class='ocrx_word' id='word_1_707' title='bbox 1576 1586 1617 1609; x_wconf 88' lang='lat' dir='ltr'><strong>est</strong></span> <span class='ocrx_word' id='word_1_708' title='bbox 1638 1582 1778 1617; x_wconf 79' lang='lat' dir='ltr'><strong>iniquitas;</strong></span> <span class='ocrx_word' id='word_1_709' title='bbox 1798 1582 1858 1617; x_wconf 87' lang='lat' dir='ltr'><strong>quia</strong></span> 
     </span>
    </p>
   </div>
   <div class='ocr_carea' id='block_1_92' title="bbox 1072 1626 1860 1663">
    <p class='ocr_par' dir='ltr' id='par_1_92' title="bbox 1072 1626 1860 1663">
     <span class='ocr_line' id='line_1_92' title="bbox 1072 1626 1860 1663; baseline -0.004 -7"><span class='ocrx_word' id='word_1_710' title='bbox 1072 1626 1122 1657; x_wconf 79' lang='lat' dir='ltr'><strong>etsi</strong></span> <span class='ocrx_word' id='word_1_711' title='bbox 1141 1633 1193 1656; x_wconf 85' lang='lat' dir='ltr'><strong>non</strong></span> <span class='ocrx_word' id='word_1_712' title='bbox 1207 1633 1247 1656; x_wconf 89' lang='lat' dir='ltr'><strong>est</strong></span> <span class='ocrx_word' id='word_1_713' title='bbox 1260 1628 1330 1656; x_wconf 91' lang='lat' dir='ltr'><strong>unde</strong></span> <span class='ocrx_word' id='word_1_714' title='bbox 1345 1628 1399 1655; x_wconf 91' lang='lat' dir='ltr'><strong>luat</strong></span> <span class='ocrx_word' id='word_1_715' title='bbox 1418 1628 1532 1656; x_wconf 87' lang='lat' dir='ltr'><strong>ablatam</strong></span> <span class='ocrx_word' id='word_1_716' title='bbox 1548 1628 1696 1663; x_wconf 81' lang='lat' dir='ltr'><strong>pecuniam,</strong></span> <span class='ocrx_word' id='word_1_717' title='bbox 1713 1627 1806 1654; x_wconf 84' lang='lat' dir='ltr'><strong>merito</strong></span> <span class='ocrx_word' id='word_1_718' title='bbox 1820 1632 1860 1654; x_wconf 87' lang='lat' dir='ltr'><strong>ta-</strong></span> 
     </span>
    </p>
   </div>
   <div class='ocr_carea' id='block_1_93' title="bbox 1073 1668 1859 1710">
    <p class='ocr_par' dir='ltr' id='par_1_93' title="bbox 1073 1668 1859 1710">
     <span class='ocr_line' id='line_1_93' title="bbox 1073 1668 1859 1710; baseline -0.003 -7"><span class='ocrx_word' id='word_1_719' title='bbox 1073 1682 1133 1703; x_wconf 91' lang='lat' dir='ltr'><strong>men</strong></span> <span class='ocrx_word' id='word_1_720' title='bbox 1154 1675 1216 1703; x_wconf 92' lang='lat' dir='ltr'><strong>dum</strong></span> <span class='ocrx_word' id='word_1_721' title='bbox 1240 1682 1297 1702; x_wconf 78' lang='lat' dir='ltr'><strong>eam</strong></span> <span class='ocrx_word' id='word_1_722' title='bbox 1320 1682 1368 1710; x_wconf 88' lang='lat' dir='ltr'><strong>per</strong></span> <span class='ocrx_word' id='word_1_723' title='bbox 1391 1674 1524 1702; x_wconf 82' lang='lat' dir='ltr'><strong>molestias</strong></span> <span class='ocrx_word' id='word_1_724' title='bbox 1544 1674 1695 1709; x_wconf 84' lang='lat' dir='ltr'><strong>corporales</strong></span> <span class='ocrx_word' id='word_1_725' title='bbox 1720 1668 1859 1701; x_wconf 76' lang='lat' dir='ltr'><strong>redhibere</strong></span> 
     </span>
    </p>
   </div>
   <div class='ocr_carea' id='block_1_94' title="bbox 1058 1715 1858 1761">
    <p class='ocr_par' dir='ltr' id='par_1_94' title="bbox 1058 1715 1858 1761">
     <span class='ocr_line' id='line_1_94' title="bbox 1058 1715 1858 1761; baseline -0.004 -12"><span class='ocrx_word' id='word_1_726' title='bbox 1058 1721 1250 1756; x_wconf 69' lang='lat' dir='ltr'><strong>compellitur,</strong></span> <span class='ocrx_word' id='word_1_727' title='bbox 1266 1720 1367 1756; x_wconf 85' lang='lat' dir='ltr'><strong>peccati</strong></span> <span class='ocrx_word' id='word_1_728' title='bbox 1381 1725 1434 1756; x_wconf 85' lang='lat' dir='ltr'><strong>quo</strong></span> <span class='ocrx_word' id='word_1_729' title='bbox 1449 1721 1518 1747; x_wconf 89' lang='lat' dir='ltr'><strong>male</strong></span> <span class='ocrx_word' id='word_1_730' title='bbox 1531 1720 1616 1761; x_wconf 83' lang='lat' dir='ltr'><strong>ablata</strong></span> <span class='ocrx_word' id='word_1_731' title='bbox 1632 1724 1682 1752; x_wconf 87' lang='lat' dir='ltr'><strong>est,</strong></span> <span class='ocrx_word' id='word_1_732' title='bbox 1699 1726 1789 1754; x_wconf 84' lang='lat' dir='ltr'><strong>poenas</strong></span> <span class='ocrx_word' id='word_1_733' title='bbox 1802 1715 1858 1746; x_wconf 84' lang='lat' dir='ltr'><strong>luit.</strong></span> 
     </span>
    </p>
   </div>
   <div class='ocr_carea' id='block_1_95' title="bbox 1058 1764 1861 1800">
    <p class='ocr_par' dir='ltr' id='par_1_95' title="bbox 1058 1764 1861 1800">
     <span class='ocr_line' id='line_1_95' title="bbox 1058 1764 1861 1800; baseline -0.005 -5"><span class='ocrx_word' id='word_1_734' title='bbox 1058 1765 1125 1795; x_wconf 72' lang='lat' dir='ltr'><strong>‘Sed</strong></span> <span class='ocrx_word' id='word_1_735' title='bbox 1148 1766 1321 1794; x_wconf 86' lang='lat' dir='ltr'><strong>inhumanum</strong></span> <span class='ocrx_word' id='word_1_736' title='bbox 1345 1773 1396 1793; x_wconf 90' lang='lat' dir='ltr'><strong>non</strong></span> <span class='ocrx_word' id='word_1_737' title='bbox 1419 1769 1460 1794; x_wconf 89' lang='lat' dir='ltr'><strong>est</strong></span> <span class='ocrx_word' id='word_1_738' title='bbox 1481 1766 1560 1793; x_wconf 87' lang='lat' dir='ltr'><strong>etiam</strong></span> <span class='ocrx_word' id='word_1_739' title='bbox 1587 1772 1635 1800; x_wconf 89' lang='lat' dir='ltr'><strong>pro</strong></span> <span class='ocrx_word' id='word_1_740' title='bbox 1659 1764 1753 1791; x_wconf 85' lang='lat' dir='ltr'><strong>talibus</strong></span> <span class='ocrx_word' id='word_1_741' title='bbox 1780 1764 1861 1791; x_wconf 80' lang='lat' dir='ltr'><strong>inter-</strong></span> 
     </span>
    </p>
   </div>
   <div class='ocr_carea' id='block_1_96' title="bbox 1074 1809 1862 1853">
    <p class='ocr_par' dir='ltr' id='par_1_96' title="bbox 1074 1809 1862 1853">
     <span class='ocr_line' id='line_1_96' title="bbox 1074 1809 1862 1853; baseline -0.005 -12"><span class='ocrx_word' id='word_1_742' title='bbox 1074 1812 1190 1846; x_wconf 84' lang='lat' dir='ltr'><strong>cedere,</strong></span> <span class='ocrx_word' id='word_1_743' title='bbox 1211 1817 1333 1848; x_wconf 84' lang='lat' dir='ltr'><strong>tanquam</strong></span> <span class='ocrx_word' id='word_1_744' title='bbox 1351 1819 1399 1847; x_wconf 88' lang='lat' dir='ltr'><strong>pro</strong></span> <span class='ocrx_word' id='word_1_745' title='bbox 1420 1812 1474 1839; x_wconf 85' lang='lat' dir='ltr'><strong>reis</strong></span> <span class='ocrx_word' id='word_1_746' title='bbox 1498 1811 1659 1853; x_wconf 79' lang='lat' dir='ltr'><strong>criminum;</strong></span> <span class='ocrx_word' id='word_1_747' title='bbox 1684 1818 1734 1838; x_wconf 89' lang='lat' dir='ltr'><strong>non</strong></span> <span class='ocrx_word' id='word_1_748' title='bbox 1758 1810 1790 1837; x_wconf 85' lang='lat' dir='ltr'><strong>ad</strong></span> <span class='ocrx_word' id='word_1_749' title='bbox 1812 1809 1862 1837; x_wconf 78' lang='lat' dir='ltr'><strong>huc</strong></span> 
     </span>
    </p>
   </div>
   <div class='ocr_carea' id='block_1_97' title="bbox 1058 1850 1861 1891">
    <p class='ocr_par' dir='ltr' id='par_1_97' title="bbox 1058 1850 1861 1891">
     <span class='ocr_line' id='line_1_97' title="bbox 1058 1850 1861 1891; baseline -0.006 -4"><span class='ocrx_word' id='word_1_750' title='bbox 1058 1864 1065 1869; x_wconf 85' lang='lat'>&#39;</span> <span class='ocrx_word' id='word_1_751' title='bbox 1075 1855 1104 1887; x_wconf 82' lang='lat' dir='ltr'><strong>ut</strong></span> <span class='ocrx_word' id='word_1_752' title='bbox 1119 1859 1226 1886; x_wconf 91' lang='lat' dir='ltr'><strong>minimc</strong></span> <span class='ocrx_word' id='word_1_753' title='bbox 1241 1858 1414 1886; x_wconf 83' lang='lat' dir='ltr'><strong>restituantur</strong></span> <span class='ocrx_word' id='word_1_754' title='bbox 1437 1850 1532 1891; x_wconf 82' lang='lat' dir='ltr'><strong>aliena,</strong></span> <span class='ocrx_word' id='word_1_755' title='bbox 1556 1857 1603 1884; x_wconf 88' lang='lat' dir='ltr'><strong>scd</strong></span> <span class='ocrx_word' id='word_1_756' title='bbox 1626 1852 1658 1884; x_wconf 80' lang='lat' dir='ltr'><strong>ne</strong></span> <span class='ocrx_word' id='word_1_757' title='bbox 1673 1851 1767 1884; x_wconf 64' lang='lat' dir='ltr'><strong>frustra</strong></span> <span class='ocrx_word' id='word_1_758' title='bbox 1783 1850 1861 1883; x_wconf 71' lang='lat' dir='ltr'><strong>homo</strong></span> 
     </span>
    </p>
   </div>
   <div class='ocr_carea' id='block_1_98' title="bbox 1062 1896 1860 1938">
    <p class='ocr_par' dir='ltr' id='par_1_98' title="bbox 1062 1896 1860 1938">
     <span class='ocr_line' id='line_1_98' title="bbox 1062 1896 1860 1938; baseline -0.005 -5"><span class='ocrx_word' id='word_1_759' title='bbox 1062 1896 1101 1933; x_wconf 64' lang='lat' dir='ltr'><strong>‘in</strong></span> <span class='ocrx_word' id='word_1_760' title='bbox 1117 1904 1251 1933; x_wconf 88' lang='lat' dir='ltr'><strong>hominem</strong></span> <span class='ocrx_word' id='word_1_761' title='bbox 1271 1904 1373 1937; x_wconf 56' lang='lat' dir='ltr'><strong>saeviat,</strong></span> <span class='ocrx_word' id='word_1_762' title='bbox 1402 1904 1445 1931; x_wconf 89' lang='lat' dir='ltr'><strong>ille</strong></span> <span class='ocrx_word' id='word_1_763' title='bbox 1469 1903 1614 1938; x_wconf 67' lang='lat' dir='ltr'><strong>priesertim</strong></span> <span class='ocrx_word' id='word_1_764' title='bbox 1627 1904 1670 1938; x_wconf 89' lang='lat' dir='ltr'><strong>qui</strong></span> <span class='ocrx_word' id='word_1_765' title='bbox 1688 1899 1746 1937; x_wconf 79' lang='lat' dir='ltr'><strong>&#39;jain</strong></span> <span class='ocrx_word' id='word_1_766' title='bbox 1761 1897 1860 1929; x_wconf 64' lang='lat' dir='ltr'><strong>remisit</strong></span> 
     </span>
    </p>
   </div>
   <div class='ocr_carea' id='block_1_99' title="bbox 1075 1942 1860 1986">
    <p class='ocr_par' dir='ltr' id='par_1_99' title="bbox 1075 1942 1860 1986">
     <span class='ocr_line' id='line_1_99' title="bbox 1075 1942 1860 1986; baseline -0.004 -8"><span class='ocrx_word' id='word_1_767' title='bbox 1075 1951 1190 1986; x_wconf 86' lang='lat' dir='ltr'><strong>culpam,</strong></span> <span class='ocrx_word' id='word_1_768' title='bbox 1204 1950 1250 1977; x_wconf 78' lang='lat' dir='ltr'><strong>sed</strong></span> <span class='ocrx_word' id='word_1_769' title='bbox 1264 1951 1358 1985; x_wconf 65' lang='lat' dir='ltr'><strong>quarrit</strong></span> <span class='ocrx_word' id='word_1_770' title='bbox 1371 1949 1527 1984; x_wconf 72' lang='lat' dir='ltr'><strong>pmcuniam,</strong></span> <span class='ocrx_word' id='word_1_771' title='bbox 1540 1953 1566 1976; x_wconf 92' lang='lat' dir='ltr'><strong>et</strong></span> <span class='ocrx_word' id='word_1_772' title='bbox 1585 1949 1607 1976; x_wconf 86' lang='lat' dir='ltr'><strong>si</strong></span> <span class='ocrx_word' id='word_1_773' title='bbox 1622 1948 1736 1975; x_wconf 80' lang='lat' dir='ltr'><strong>fraudari</strong></span> <span class='ocrx_word' id='word_1_774' title='bbox 1758 1942 1860 1981; x_wconf 63' lang='lat' dir='ltr'><strong>metuit,</strong></span> 
     </span>
    </p>
   </div>
   <div class='ocr_carea' id='block_1_100' title="bbox 1075 1987 1860 2030">
    <p class='ocr_par' dir='ltr' id='par_1_100' title="bbox 1075 1987 1860 2030">
     <span class='ocr_line' id='line_1_100' title="bbox 1075 1987 1860 2030; baseline -0.003 -7"><span class='ocrx_word' id='word_1_775' title='bbox 1075 2004 1129 2023; x_wconf 90' lang='lat' dir='ltr'><strong>non</strong></span> <span class='ocrx_word' id='word_1_776' title='bbox 1149 1995 1248 2030; x_wconf 86' lang='lat' dir='ltr'><strong>expetit</strong></span> <span class='ocrx_word' id='word_1_777' title='bbox 1262 1995 1400 2023; x_wconf 88' lang='lat' dir='ltr'><strong>vindicari.</strong></span> <span class='ocrx_word' id='word_1_778' title='bbox 1424 1995 1541 2029; x_wconf 88' lang='lat' dir='ltr'><strong>Denique</strong></span> <span class='ocrx_word' id='word_1_779' title='bbox 1559 1994 1585 2021; x_wconf 94' lang='lat' dir='ltr'><strong>in</strong></span> <span class='ocrx_word' id='word_1_780' title='bbox 1606 1994 1700 2022; x_wconf 82' lang='lat' dir='ltr'><strong>talibus</strong></span> <span class='ocrx_word' id='word_1_781' title='bbox 1721 1995 1817 2026; x_wconf 87' lang='lat' dir='ltr'><strong>causis,</strong></span> <span class='ocrx_word' id='word_1_782' title='bbox 1838 1987 1860 2022; x_wconf 64' lang='lat' dir='ltr'><strong>si</strong></span> 
     </span>
    </p>
   </div>
   <div class='ocr_carea' id='block_1_101' title="bbox 1075 2032 1859 2077">
    <p class='ocr_par' dir='ltr' id='par_1_101' title="bbox 1075 2032 1859 2077">
     <span class='ocr_line' id='line_1_101' title="bbox 1075 2032 1859 2077; baseline -0.004 -9"><span class='ocrx_word' id='word_1_783' title='bbox 1075 2041 1236 2077; x_wconf 74' lang='lat' dir='ltr'><strong>persuadere</strong></span> <span class='ocrx_word' id='word_1_784' title='bbox 1249 2040 1412 2075; x_wconf 88' lang='lat' dir='ltr'><strong>potuerimus</strong></span> <span class='ocrx_word' id='word_1_785' title='bbox 1425 2047 1471 2066; x_wconf 87' lang='lat' dir='ltr'><strong>eos</strong></span> <span class='ocrx_word' id='word_1_786' title='bbox 1485 2047 1532 2074; x_wconf 90' lang='lat' dir='ltr'><strong>pro</strong></span> <span class='ocrx_word' id='word_1_787' title='bbox 1545 2039 1641 2074; x_wconf 87' lang='lat' dir='ltr'><strong>quibus</strong></span> <span class='ocrx_word' id='word_1_788' title='bbox 1657 2032 1859 2072; x_wconf 67' lang='lat' dir='ltr'><strong>intervenimus,</strong></span> 
     </span>
    </p>
   </div>
   <div class='ocr_carea' id='block_1_102' title="bbox 1076 2084 1860 2120">
    <p class='ocr_par' dir='ltr' id='par_1_102' title="bbox 1076 2084 1860 2120">
     <span class='ocr_line' id='line_1_102' title="bbox 1076 2084 1860 2120; baseline -0.001 -8"><span class='ocrx_word' id='word_1_789' title='bbox 1076 2093 1129 2112; x_wconf 83' lang='lat' dir='ltr'><strong>non</strong></span> <span class='ocrx_word' id='word_1_790' title='bbox 1144 2086 1241 2113; x_wconf 89' lang='lat' dir='ltr'><strong>habere</strong></span> <span class='ocrx_word' id='word_1_791' title='bbox 1253 2085 1322 2120; x_wconf 88' lang='lat' dir='ltr'><strong>qttod</strong></span> <span class='ocrx_word' id='word_1_792' title='bbox 1333 2084 1460 2119; x_wconf 86' lang='lat' dir='ltr'><strong>poscitur,</strong></span> <span class='ocrx_word' id='word_1_793' title='bbox 1474 2084 1598 2111; x_wconf 87' lang='lat' dir='ltr'><strong>contlntto</strong></span> <span class='ocrx_word' id='word_1_794' title='bbox 1612 2084 1687 2111; x_wconf 84' lang='lat' dir='ltr'><strong>nobis</strong></span> <span class='ocrx_word' id='word_1_795' title='bbox 1699 2090 1789 2112; x_wconf 84' lang='lat' dir='ltr'><strong>eorum</strong></span> <span class='ocrx_word' id='word_1_796' title='bbox 1803 2086 1860 2111; x_wconf 83' lang='lat' dir='ltr'><strong>mo-</strong></span> 
     </span>
    </p>
   </div>
   <div class='ocr_carea' id='block_1_103' title="bbox 1076 2124 1860 2164">
    <p class='ocr_par' dir='ltr' id='par_1_103' title="bbox 1076 2124 1860 2164">
     <span class='ocr_line' id='line_1_103' title="bbox 1076 2124 1860 2164; baseline -0.003 -6"><span class='ocrx_word' id='word_1_797' title='bbox 1076 2131 1160 2159; x_wconf 77' lang='lat' dir='ltr'><strong>lestiat</strong></span> <span class='ocrx_word' id='word_1_798' title='bbox 1173 2131 1335 2158; x_wconf 82' lang='lat' dir='ltr'><strong>relaxantur.</strong></span> <span class='ocrx_word' id='word_1_799' title='bbox 1349 2129 1497 2164; x_wconf 85' lang='lat' dir='ltr'><strong>Aliquando</strong></span> <span class='ocrx_word' id='word_1_800' title='bbox 1517 2133 1605 2157; x_wconf 85' lang='lat' dir='ltr'><strong>autem</strong></span> <span class='ocrx_word' id='word_1_801' title='bbox 1627 2127 1812 2156; x_wconf 76' lang='lat' dir='ltr'><strong>misericordes</strong></span> <span class='ocrx_word' id='word_1_802' title='bbox 1834 2124 1860 2157; x_wconf 74' lang='lat' dir='ltr'><strong>tit</strong></span> 
     </span>
    </p>
   </div>
   <div class='ocr_carea' id='block_1_104' title="bbox 1076 2170 1861 2212">
    <p class='ocr_par' dir='ltr' id='par_1_104' title="bbox 1076 2170 1861 2212">
     <span class='ocr_line' id='line_1_104' title="bbox 1076 2170 1861 2212; baseline -0.003 -8"><span class='ocrx_word' id='word_1_803' title='bbox 1076 2177 1103 2204; x_wconf 81' lang='lat' dir='ltr'><strong>in</strong></span> <span class='ocrx_word' id='word_1_804' title='bbox 1117 2177 1175 2212; x_wconf 78' lang='lat' dir='ltr'><strong>ipso</strong></span> <span class='ocrx_word' id='word_1_805' title='bbox 1187 2176 1267 2204; x_wconf 87' lang='lat' dir='ltr'><strong>dubio</strong></span> <span class='ocrx_word' id='word_1_806' title='bbox 1280 2175 1373 2203; x_wconf 91' lang='lat' dir='ltr'><strong>nolunt</strong></span> <span class='ocrx_word' id='word_1_807' title='bbox 1383 2174 1483 2202; x_wconf 88' lang='lat' dir='ltr'><strong>homini</strong></span> <span class='ocrx_word' id='word_1_808' title='bbox 1497 2182 1545 2210; x_wconf 91' lang='lat' dir='ltr'><strong>pro</strong></span> <span class='ocrx_word' id='word_1_809' title='bbox 1556 2174 1655 2202; x_wconf 85' lang='lat' dir='ltr'><strong>incerta</strong></span> <span class='ocrx_word' id='word_1_810' title='bbox 1667 2170 1775 2208; x_wconf 79' lang='lat' dir='ltr'><strong>pecunia</strong></span> <span class='ocrx_word' id='word_1_811' title='bbox 1788 2170 1861 2202; x_wconf 62' lang='lat' dir='ltr'><strong>certi:</strong></span> 
     </span>
    </p>
   </div>
   <div class='ocr_carea' id='block_1_105' title="bbox 1077 2216 1861 2257">
    <p class='ocr_par' dir='ltr' id='par_1_105' title="bbox 1077 2216 1861 2257">
     <span class='ocr_line' id='line_1_105' title="bbox 1077 2216 1861 2257; baseline -0.004 -7"><span class='ocrx_word' id='word_1_812' title='bbox 1077 2217 1177 2250; x_wconf 78' lang='lat' dir='ltr'><strong>inferre</strong></span> <span class='ocrx_word' id='word_1_813' title='bbox 1191 2221 1329 2257; x_wconf 87' lang='lat' dir='ltr'><strong>supplicia.</strong></span> <span class='ocrx_word' id='word_1_814' title='bbox 1348 2220 1389 2248; x_wconf 82' lang='lat' dir='ltr'><strong>Ad</strong></span> <span class='ocrx_word' id='word_1_815' title='bbox 1410 2220 1478 2247; x_wconf 91' lang='lat' dir='ltr'><strong>hanc</strong></span> <span class='ocrx_word' id='word_1_816' title='bbox 1498 2219 1706 2248; x_wconf 86' lang='lat' dir='ltr'><strong>misericordiam</strong></span> <span class='ocrx_word' id='word_1_817' title='bbox 1721 2220 1767 2247; x_wconf 82' lang='lat' dir='ltr'><strong>vos</strong></span> <span class='ocrx_word' id='word_1_818' title='bbox 1781 2216 1861 2247; x_wconf 79' lang='lat' dir='ltr'><strong>cli:th</strong></span> 
     </span>
    </p>
   </div>
   <div class='ocr_carea' id='block_1_106' title="bbox 1077 2260 1860 2304">
    <p class='ocr_par' dir='ltr' id='par_1_106' title="bbox 1077 2260 1860 2304">
     <span class='ocr_line' id='line_1_106' title="bbox 1077 2260 1860 2304; baseline -0.004 -8"><span class='ocrx_word' id='word_1_819' title='bbox 1077 2271 1126 2296; x_wconf 76' lang='lat' dir='ltr'><strong>nos</strong></span> <span class='ocrx_word' id='word_1_820' title='bbox 1152 2275 1297 2304; x_wconf 83' lang='lat' dir='ltr'><strong>provocare</strong></span> <span class='ocrx_word' id='word_1_821' title='bbox 1323 2271 1351 2295; x_wconf 85' lang='lat' dir='ltr'><strong>et</strong></span> <span class='ocrx_word' id='word_1_822' title='bbox 1374 2266 1509 2295; x_wconf 82' lang='lat' dir='ltr'><strong>exhortari</strong></span> <span class='ocrx_word' id='word_1_823' title='bbox 1533 2266 1634 2294; x_wconf 85' lang='lat' dir='ltr'><strong>decet:</strong></span> <span class='ocrx_word' id='word_1_824' title='bbox 1666 2266 1760 2293; x_wconf 86' lang='lat' dir='ltr'><strong>melius</strong></span> <span class='ocrx_word' id='word_1_825' title='bbox 1779 2260 1860 2300; x_wconf 77' lang='lat' dir='ltr'><strong>enini,</strong></span> 
     </span>
    </p>
   </div>
   <div class='ocr_carea' id='block_1_107' title="bbox 1068 2312 1863 2349">
    <p class='ocr_par' dir='ltr' id='par_1_107' title="bbox 1068 2312 1863 2349">
     <span class='ocr_line' id='line_1_107' title="bbox 1068 2312 1863 2349; baseline -0.005 -7"><span class='ocrx_word' id='word_1_826' title='bbox 1068 2315 1181 2343; x_wconf 74' lang='lat' dir='ltr'><strong>etiamsi</strong></span> <span class='ocrx_word' id='word_1_827' title='bbox 1198 2313 1287 2347; x_wconf 85' lang='lat' dir='ltr'><strong>habet,</strong></span> <span class='ocrx_word' id='word_1_828' title='bbox 1303 2312 1413 2346; x_wconf 83' lang='lat' dir='ltr'><strong>amittis,</strong></span> <span class='ocrx_word' id='word_1_829' title='bbox 1432 2320 1510 2347; x_wconf 88' lang='lat' dir='ltr'><strong>quam</strong></span> <span class='ocrx_word' id='word_1_830' title='bbox 1524 2312 1546 2339; x_wconf 89' lang='lat' dir='ltr'><strong>si</strong></span> <span class='ocrx_word' id='word_1_831' title='bbox 1569 2320 1621 2339; x_wconf 88' lang='lat' dir='ltr'><strong>non</strong></span> <span class='ocrx_word' id='word_1_832' title='bbox 1639 2312 1731 2349; x_wconf 82' lang='lat' dir='ltr'><strong>habet,</strong></span> <span class='ocrx_word' id='word_1_833' title='bbox 1752 2315 1797 2339; x_wconf 89' lang='lat' dir='ltr'><strong>attt</strong></span> <span class='ocrx_word' id='word_1_834' title='bbox 1817 2318 1863 2338; x_wconf 70' lang='lat' dir='ltr'><strong>ex-</strong></span> 
     </span>
    </p>
   </div>
   <div class='ocr_carea' id='block_1_108' title="bbox 1076 2353 1862 2394">
    <p class='ocr_par' dir='ltr' id='par_1_108' title="bbox 1076 2353 1862 2394">
     <span class='ocr_line' id='line_1_108' title="bbox 1076 2353 1862 2394; baseline -0.005 -6"><span class='ocrx_word' id='word_1_835' title='bbox 1076 2361 1188 2394; x_wconf 86' lang='lat' dir='ltr'><strong>crucias,</strong></span> <span class='ocrx_word' id='word_1_836' title='bbox 1202 2359 1365 2387; x_wconf 85' lang='lat' dir='ltr'><strong>autoecidis.</strong></span> <span class='ocrx_word' id='word_1_837' title='bbox 1376 2358 1429 2386; x_wconf 87' lang='lat' dir='ltr'><strong>Sed</strong></span> <span class='ocrx_word' id='word_1_838' title='bbox 1442 2365 1490 2393; x_wconf 88' lang='lat' dir='ltr'><strong>pro</strong></span> <span class='ocrx_word' id='word_1_839' title='bbox 1504 2358 1560 2385; x_wconf 89' lang='lat' dir='ltr'><strong>istis</strong></span> <span class='ocrx_word' id='word_1_840' title='bbox 1579 2357 1662 2393; x_wconf 79' lang='lat' dir='ltr'><strong>magis</strong></span> <span class='ocrx_word' id='word_1_841' title='bbox 1677 2358 1744 2393; x_wconf 84' lang='lat' dir='ltr'><strong>apud</strong></span> <span class='ocrx_word' id='word_1_842' title='bbox 1757 2365 1802 2384; x_wconf 84' lang='lat' dir='ltr'><strong>eos</strong></span> <span class='ocrx_word' id='word_1_843' title='bbox 1817 2353 1862 2391; x_wconf 78' lang='lat' dir='ltr'><strong>qui</strong></span> 
     </span>
    </p>
   </div>
   <div class='ocr_carea' id='block_1_109' title="bbox 1076 2400 1862 2442">
    <p class='ocr_par' dir='ltr' id='par_1_109' title="bbox 1076 2400 1862 2442">
     <span class='ocr_line' id='line_1_109' title="bbox 1076 2400 1862 2442; baseline -0.009 -7"><span class='ocrx_word' id='word_1_844' title='bbox 1076 2410 1218 2442; x_wconf 83' lang='lat' dir='ltr'><strong>repetunt,</strong></span> <span class='ocrx_word' id='word_1_845' title='bbox 1233 2412 1310 2441; x_wconf 85' lang='lat' dir='ltr'><strong>quam</strong></span> <span class='ocrx_word' id='word_1_846' title='bbox 1330 2404 1399 2439; x_wconf 92' lang='lat' dir='ltr'><strong>apud</strong></span> <span class='ocrx_word' id='word_1_847' title='bbox 1413 2411 1460 2432; x_wconf 87' lang='lat' dir='ltr'><strong>eos</strong></span> <span class='ocrx_word' id='word_1_848' title='bbox 1483 2404 1526 2439; x_wconf 90' lang='lat' dir='ltr'><strong>qui</strong></span> <span class='ocrx_word' id='word_1_849' title='bbox 1545 2403 1680 2439; x_wconf 72' lang='lat' dir='ltr'><strong>iudicant,</strong></span> <span class='ocrx_word' id='word_1_850' title='bbox 1698 2400 1862 2429; x_wconf 76' lang='lat' dir='ltr'><strong>intercedere</strong></span> 
     </span>
    </p>
   </div>
   <div class='ocr_carea' id='block_1_110' title="bbox 1077 2446 1863 2486">
    <p class='ocr_par' dir='ltr' id='par_1_110' title="bbox 1077 2446 1863 2486">
     <span class='ocr_line' id='line_1_110' title="bbox 1077 2446 1863 2486; baseline -0.009 -5"><span class='ocrx_word' id='word_1_851' title='bbox 1077 2452 1216 2484; x_wconf 85' lang='lat' dir='ltr'><strong>convenit;</strong></span> <span class='ocrx_word' id='word_1_852' title='bbox 1232 2459 1266 2479; x_wconf 87' lang='lat' dir='ltr'><strong>ne</strong></span> <span class='ocrx_word' id='word_1_853' title='bbox 1283 2451 1340 2486; x_wconf 83' lang='lat' dir='ltr'><strong>ipse</strong></span> <span class='ocrx_word' id='word_1_854' title='bbox 1358 2450 1478 2477; x_wconf 82' lang='lat' dir='ltr'><strong>videatur</strong></span> <span class='ocrx_word' id='word_1_855' title='bbox 1497 2449 1612 2481; x_wconf 78' lang='lat' dir='ltr'><strong>auferre,</strong></span> <span class='ocrx_word' id='word_1_856' title='bbox 1627 2448 1671 2484; x_wconf 90' lang='lat' dir='ltr'><strong>qui</strong></span> <span class='ocrx_word' id='word_1_857' title='bbox 1692 2456 1750 2476; x_wconf 89' lang='lat' dir='ltr'><strong>cum</strong></span> <span class='ocrx_word' id='word_1_858' title='bbox 1768 2446 1863 2475; x_wconf 78' lang='lat' dir='ltr'><strong>liabezrt</strong></span> 
     </span>
    </p>
   </div>
   <div class='ocr_carea' id='block_1_111' title="bbox 1078 2491 1861 2535">
    <p class='ocr_par' dir='ltr' id='par_1_111' title="bbox 1078 2491 1861 2535">
     <span class='ocr_line' id='line_1_111' title="bbox 1078 2491 1861 2535; baseline -0.008 -8"><span class='ocrx_word' id='word_1_859' title='bbox 1078 2491 1245 2535; x_wconf 76' lang='lat' dir='ltr'><strong>potestatem,</strong></span> <span class='ocrx_word' id='word_1_860' title='bbox 1259 2504 1312 2525; x_wconf 91' lang='lat' dir='ltr'><strong>non</strong></span> <span class='ocrx_word' id='word_1_861' title='bbox 1332 2496 1403 2532; x_wconf 74' lang='lat' dir='ltr'><strong>cogit</strong></span> <span class='ocrx_word' id='word_1_862' title='bbox 1422 2495 1552 2524; x_wconf 80' lang='lat' dir='ltr'><strong>reddere:</strong></span> <span class='ocrx_word' id='word_1_863' title='bbox 1569 2494 1689 2530; x_wconf 88' lang='lat' dir='ltr'><strong>quamvis</strong></span> <span class='ocrx_word' id='word_1_864' title='bbox 1703 2494 1729 2522; x_wconf 85' lang='lat' dir='ltr'><strong>in</strong></span> <span class='ocrx_word' id='word_1_865' title='bbox 1742 2495 1861 2529; x_wconf 80' lang='lat' dir='ltr'><strong>Cogcudo</strong></span> 
     </span>
    </p>
   </div>
   <div class='ocr_carea' id='block_1_112' title="bbox 1077 2539 1863 2578">
    <p class='ocr_par' dir='ltr' id='par_1_112' title="bbox 1077 2539 1863 2578">
     <span class='ocr_line' id='line_1_112' title="bbox 1077 2539 1863 2578; baseline -0.009 -5"><span class='ocrx_word' id='word_1_866' title='bbox 1077 2546 1114 2573; x_wconf 85' lang='lat' dir='ltr'><strong>ita</strong></span> <span class='ocrx_word' id='word_1_867' title='bbox 1127 2544 1223 2572; x_wconf 86' lang='lat' dir='ltr'><strong>debeat</strong></span> <span class='ocrx_word' id='word_1_868' title='bbox 1234 2542 1363 2572; x_wconf 84' lang='lat' dir='ltr'><strong>adbibere</strong></span> <span class='ocrx_word' id='word_1_869' title='bbox 1385 2542 1572 2578; x_wconf 78' lang='lat' dir='ltr'><strong>integritatem,</strong></span> <span class='ocrx_word' id='word_1_870' title='bbox 1589 2545 1619 2568; x_wconf 86' lang='lat' dir='ltr'><strong>ut</strong></span> <span class='ocrx_word' id='word_1_871' title='bbox 1640 2547 1675 2569; x_wconf 81' lang='lat' dir='ltr'><strong>ne</strong></span> <span class='ocrx_word' id='word_1_872' title='bbox 1695 2539 1797 2567; x_wconf 86' lang='lat' dir='ltr'><strong>amittat</strong></span> <span class='ocrx_word' id='word_1_873' title='bbox 1812 2539 1863 2567; x_wconf 68' lang='lat' dir='ltr'><strong>hdi-</strong></span> 
     </span>
    </p>
   </div>
   <div class='ocr_carea' id='block_1_113' title="bbox 1078 2587 1672 2626">
    <p class='ocr_par' dir='ltr' id='par_1_113' title="bbox 1078 2587 1672 2626">
     <span class='ocr_line' id='line_1_113' title="bbox 1078 2587 1672 2626; baseline -0.015 -7"><span class='ocrx_word' id='word_1_874' title='bbox 1078 2590 1242 2619; x_wconf 85' lang='lat' dir='ltr'><strong>manitatem.</strong></span> <span class='ocrx_word' id='word_1_875' title='bbox 1604 2587 1607 2589; x_wconf 75' lang='grc'><em>’</em></span> <span class='ocrx_word' id='word_1_876' title='bbox 1670 2624 1672 2626; x_wconf 74' lang='lat'><em>_</em></span> 
     </span>
    </p>
   </div>
   <div class='ocr_carea' id='block_1_114' title="bbox 1113 2622 1864 2674">
    <p class='ocr_par' dir='ltr' id='par_1_114' title="bbox 1113 2622 1864 2674">
     <span class='ocr_line' id='line_1_114' title="bbox 1113 2622 1864 2674; baseline -0.007 -11"><span class='ocrx_word' id='word_1_877' title='bbox 1113 2636 1159 2663; x_wconf 75' lang='lat' dir='ltr'><strong>et.</strong></span> <span class='ocrx_word' id='word_1_878' title='bbox 1176 2634 1243 2663; x_wconf 82' lang='lat' dir='ltr'><strong>Illud</strong></span> <span class='ocrx_word' id='word_1_879' title='bbox 1256 2641 1322 2662; x_wconf 84' lang='lat' dir='ltr'><strong>vero</strong></span> <span class='ocrx_word' id='word_1_880' title='bbox 1334 2633 1509 2662; x_wconf 67' lang='lat' dir='ltr'><strong>attentissime</strong></span> <span class='ocrx_word' id='word_1_881' title='bbox 1530 2631 1655 2665; x_wconf 79' lang='lat' dir='ltr'><strong>dixerim,</strong></span> <span class='ocrx_word' id='word_1_882' title='bbox 1670 2624 1735 2674; x_wconf 75' lang='lat' dir='ltr'><strong>eum</strong></span> <span class='ocrx_word' id='word_1_883' title='bbox 1749 2630 1795 2667; x_wconf 75' lang='lat' dir='ltr'><strong>qut</strong></span> <span class='ocrx_word' id='word_1_884' title='bbox 1815 2622 1864 2667; x_wconf 66' lang='lat' dir='ltr'><strong>prb</strong></span> 
     </span>
    </p>
   </div>
   <div class='ocr_carea' id='block_1_115' title="bbox 1070 2675 1864 2719">
    <p class='ocr_par' dir='ltr' id='par_1_115' title="bbox 1070 2675 1864 2719">
     <span class='ocr_line' id='line_1_115' title="bbox 1070 2675 1864 2719; baseline -0.008 -9"><span class='ocrx_word' id='word_1_885' title='bbox 1070 2682 1188 2710; x_wconf 80' lang='lat' dir='ltr'><strong>homine</strong></span> <span class='ocrx_word' id='word_1_886' title='bbox 1200 2680 1235 2709; x_wconf 86' lang='lat' dir='ltr'><strong>ad</strong></span> <span class='ocrx_word' id='word_1_887' title='bbox 1249 2680 1301 2708; x_wconf 89' lang='lat' dir='ltr'><strong>hoc</strong></span> <span class='ocrx_word' id='word_1_888' title='bbox 1319 2679 1462 2708; x_wconf 86' lang='lat' dir='ltr'><strong>intervenit</strong></span> <span class='ocrx_word' id='word_1_889' title='bbox 1480 2685 1514 2706; x_wconf 91' lang='lat' dir='ltr'><strong>ne</strong></span> <span class='ocrx_word' id='word_1_890' title='bbox 1523 2677 1592 2705; x_wconf 86' lang='lat' dir='ltr'><strong>male</strong></span> <span class='ocrx_word' id='word_1_891' title='bbox 1598 2677 1684 2705; x_wconf 71' lang='lat' dir='ltr'><strong>ablata</strong></span> <span class='ocrx_word' id='word_1_892' title='bbox 1695 2675 1826 2719; x_wconf 64' lang='lat' dir='ltr'><strong>restituat,</strong></span> <span class='ocrx_word' id='word_1_893' title='bbox 1836 2678 1864 2705; x_wconf 66' lang='lat' dir='ltr'><strong>et</strong></span> 
     </span>
    </p>
   </div>
   <div class='ocr_carea' id='block_1_116' title="bbox 1071 2723 1863 2764">
    <p class='ocr_par' dir='ltr' id='par_1_116' title="bbox 1071 2723 1863 2764">
     <span class='ocr_line' id='line_1_116' title="bbox 1071 2723 1863 2764; baseline -0.004 -9"><span class='ocrx_word' id='word_1_894' title='bbox 1071 2728 1124 2764; x_wconf 72' lang='lat' dir='ltr'><strong>qui</strong></span> <span class='ocrx_word' id='word_1_895' title='bbox 1137 2727 1170 2755; x_wconf 85' lang='lat' dir='ltr'><strong>ad</strong></span> <span class='ocrx_word' id='word_1_896' title='bbox 1184 2734 1214 2756; x_wconf 85' lang='lat' dir='ltr'><strong>se</strong></span> <span class='ocrx_word' id='word_1_897' title='bbox 1225 2725 1432 2762; x_wconf 78' lang='lat' dir='ltr'><strong>eonfugientem,</strong></span> <span class='ocrx_word' id='word_1_898' title='bbox 1447 2728 1573 2761; x_wconf 83' lang='lat' dir='ltr'><strong>quantum</strong></span> <span class='ocrx_word' id='word_1_899' title='bbox 1587 2723 1699 2753; x_wconf 85' lang='lat' dir='ltr'><strong>honeste</strong></span> <span class='ocrx_word' id='word_1_900' title='bbox 1717 2723 1814 2759; x_wconf 78' lang='lat' dir='ltr'><strong>potest,</strong></span> <span class='ocrx_word' id='word_1_901' title='bbox 1828 2724 1863 2752; x_wconf 79' lang='lat' dir='ltr'><strong>ad</strong></span> 
     </span>
    </p>
   </div>
   <div class='ocr_carea' id='block_1_117' title="bbox 1072 2768 1865 2806">
    <p class='ocr_par' dir='ltr' id='par_1_117' title="bbox 1072 2768 1865 2806">
     <span class='ocr_line' id='line_1_117' title="bbox 1072 2768 1865 2806; baseline -0.004 -5"><span class='ocrx_word' id='word_1_902' title='bbox 1072 2771 1270 2801; x_wconf 39' lang='lat' dir='ltr'><strong>‘mtltuendum</strong></span> <span class='ocrx_word' id='word_1_903' title='bbox 1285 2780 1338 2799; x_wconf 89' lang='lat' dir='ltr'><strong>non</strong></span> <span class='ocrx_word' id='word_1_904' title='bbox 1361 2771 1505 2806; x_wconf 74' lang='lat' dir='ltr'><strong>compellit,</strong></span> <span class='ocrx_word' id='word_1_905' title='bbox 1529 2769 1630 2798; x_wconf 78' lang='lat' dir='ltr'><strong>socium</strong></span> <span class='ocrx_word' id='word_1_906' title='bbox 1643 2776 1705 2798; x_wconf 79' lang='lat' dir='ltr'><strong>esse</strong></span> <span class='ocrx_word' id='word_1_907' title='bbox 1724 2770 1824 2798; x_wconf 73' lang='lat' dir='ltr'><strong>fraudis</strong></span> <span class='ocrx_word' id='word_1_908' title='bbox 1836 2768 1865 2798; x_wconf 60' lang='lat' dir='ltr'><strong>et</strong></span> 
     </span>
    </p>
   </div>
   <div class='ocr_carea' id='block_1_118' title="bbox 1078 2809 1864 2855">
    <p class='ocr_par' dir='ltr' id='par_1_118' title="bbox 1078 2809 1864 2855">
     <span class='ocr_line' id='line_1_118' title="bbox 1078 2809 1864 2855; baseline -0.004 -9"><span class='ocrx_word' id='word_1_909' title='bbox 1078 2817 1207 2847; x_wconf 78' lang='lat' dir='ltr'><strong>criminis.</strong></span> <span class='ocrx_word' id='word_1_910' title='bbox 1229 2817 1296 2846; x_wconf 82' lang='lat' dir='ltr'><strong>Nam</strong></span> <span class='ocrx_word' id='word_1_911' title='bbox 1319 2815 1515 2845; x_wconf 67' lang='lat' dir='ltr'><strong>miserlcordius</strong></span> <span class='ocrx_word' id='word_1_912' title='bbox 1529 2822 1608 2851; x_wconf 82' lang='lat' dir='ltr'><strong>opem</strong></span> <span class='ocrx_word' id='word_1_913' title='bbox 1628 2809 1748 2843; x_wconf 75' lang='lat' dir='ltr'><strong>nostram</strong></span> 
     </span>
    </p>
   </div>
   <div class='ocr_carea' id='block_1_119' title="bbox 1074 2904 1601 2938">
    <p class='ocr_par' dir='ltr' id='par_1_119' title="bbox 1074 2904 1601 2938">
     <span class='ocr_line' id='line_1_119' title="bbox 1074 2904 1601 2938; baseline -0.002 -5"><span class='ocrx_word' id='word_1_914' title='bbox 1074 2908 1092 2934; x_wconf 75' lang='grc' dir='ltr'><strong>-ξ</strong></span> <span class='ocrx_word' id='word_1_915' title='bbox 1112 2907 1191 2932; x_wconf 61' lang='lat' dir='ltr'><strong>tua.</strong></span> <span class='ocrx_word' id='word_1_916' title='bbox 1211 2904 1601 2938; x_wconf 50' lang='lat' dir='ltr'><strong>nummonummo“</strong></span> 
     </span>
    </p>
   </div>
   <div class='ocr_carea' id='block_1_120' title="bbox 1229 2905 1857 2942">
    <p class='ocr_par' dir='ltr' id='par_1_120' title="bbox 1229 2905 1857 2942">
     <span class='ocr_line' id='line_1_120' title="bbox 1229 2905 1857 2942; baseline -0.006 -4"><span class='ocrx_word' id='word_1_917' title='bbox 1229 2905 1801 2942; x_wconf 59' lang='grc' dir='ltr'><strong>ιφοιοιμξιιιβωςεςαηωιμιιονωωπ</strong></span> <span class='ocrx_word' id='word_1_918' title='bbox 1848 2911 1857 2925; x_wconf 73' lang='grc' dir='ltr'><strong>ι</strong></span> 
     </span>
    </p>
   </div>
   <div class='ocr_carea' id='block_1_121' title="bbox 1112 2936 1518 2969">
    <p class='ocr_par' dir='ltr' id='par_1_121' title="bbox 1112 2936 1518 2969">
     <span class='ocr_line' id='line_1_121' title="bbox 1112 2936 1518 2969; baseline -0.002 -5"><span class='ocrx_word' id='word_1_919' title='bbox 1112 2939 1123 2954; x_wconf 75' lang='grc'>²</span> <span class='ocrx_word' id='word_1_920' title='bbox 1139 2941 1203 2969; x_wconf 60' lang='lat' dir='ltr'><strong>Dom,</strong></span> <span class='ocrx_word' id='word_1_921' title='bbox 1213 2937 1234 2964; x_wconf 80' lang='lat' dir='ltr'><strong>si</strong></span> <span class='ocrx_word' id='word_1_922' title='bbox 1242 2936 1292 2963; x_wconf 74' lang='lat' dir='ltr'><strong>nec.</strong></span> <span class='ocrx_word' id='word_1_923' title='bbox 1306 2936 1348 2964; x_wconf 72' lang='lat' dir='ltr'><strong>alii</strong></span> <span class='ocrx_word' id='word_1_924' title='bbox 1355 2936 1420 2968; x_wconf 69' lang='lat' dir='ltr'><strong>ald,</strong></span> <span class='ocrx_word' id='word_1_925' title='bbox 1431 2940 1457 2962; x_wconf 82' lang='lat' dir='ltr'><strong>ut</strong></span> <span class='ocrx_word' id='word_1_926' title='bbox 1467 2943 1518 2963; x_wconf 84' lang='lat' dir='ltr'><strong>nec.</strong></span> 
     </span>
    </p>
   </div>
  </div>
