4112 6346
496 408 603 469 663

494 522 891 591 subtrahimus,
943 535 1103 593 quam
1148 518 1538 593 impendimus:
1584 531 1693 573 non
1730 516 1871 572 enim
1915 529 2071 585 opem

498 615 608 672 fert
632 617 721 687 qui
749 616 817 671 ad
861 592 1183 685 peccandum
1211 592 1443 683 adjuvat,
1483 626 1547 667 ac
1586 624 1691 665 non
1721 610 1899 679 potius
1940 607 2069 663 sub-

500 708 661 762 vertit
683 715 841 777 atque
864 706 1131 775 opprimit.
1157 704 1261 761 Sed
1288 701 1545 775 numquid
1568 701 1689 757 ideo
1712 716 1811 756 nos
1836 709 1928 755 aut
1956 698 2070 755 exi-

495 815 642 871 gere,
671 808 757 854 aut
785 798 851 852 ad
871 798 1186 868 exigendum
1214 795 1440 861 tradere,
1468 794 1551 849 vel
1573 808 1857 866 possumus
1878 792 1958 845 vel
1984 790 2073 846 de-

495 890 719 947 bemus?
749 889 965 960 Agimus
998 898 1253 959 quantum
1289 886 1604 956 episcOpalis
1633 882 1854 939 facultas
1890 882 2065 949 datur,

496 994 553 1041 et
580 984 865 1039 humanum
906 983 1119 1053 quidem
1157 996 1554 1052 nonnunquam,
1602 980 1696 1036 sed
1737 979 1966 1036 maxime
2007 993 2071 1034 ac

500 1091 710 1147 semper
755 1075 991 1130 divinum
1041 1075 1299 1145 judicium
1358 1074 1761 1129 comminantes.
1819 1072 2072 1128 Nolentes

498 1178 671 1223 autem
702 1166 948 1233 reddere,
978 1181 1113 1236 quos
1153 1166 1399 1221 novimus
1438 1174 1493 1220 et
1537 1164 1675 1219 male
1709 1164 1991 1219 abstulisse
2016 1171 2073 1217 et

498 1260 639 1316 unde
662 1259 885 1315 reddant
912 1259 1129 1327 habere,
1177 1259 1463 1329 arguimus,
1503 1257 1872 1327 increpamus,
1898 1264 1952 1311 et
1975 1256 2072 1310 deo
2137 1290 2143 1295 -

500 1359 782 1417 testamur;
834 1350 1089 1421 quosdam
1125 1350 1278 1415 clam,
1311 1348 1567 1420 quosdam
1593 1348 1790 1420 palam,
1832 1348 1968 1401 sicut
1992 1346 2075 1400 di-

497 1442 722 1497 versitas
746 1456 1088 1512 personarum
1118 1440 1385 1496 diversam
1415 1438 1625 1493 videtur
1654 1452 1808 1508 posse
1830 1437 2072 1507 recipere

498 1532 836 1598 medicinam,
879 1547 977 1587 nec
1001 1531 1054 1586 in
1096 1530 1321 1585 aliorum
1367 1528 1657 1600 perniciem
1705 1527 1773 1583 ad
1816 1528 2071 1597 majorem

498 1625 756 1681 insaniam
786 1624 1059 1679 concitari.
1108 1622 1408 1694 Aliquando
1449 1622 1631 1688 etiam,
1683 1620 1729 1676 si
1777 1635 1863 1676 rcs
1904 1621 2072 1690 magis

498 1716 728 1773 curanda
757 1730 861 1772 non
886 1714 1123 1786 impedit,
1144 1714 1312 1772 sancti
1336 1713 1525 1769 altaris
1551 1712 1927 1768 communione
1955 1710 2070 1783 pri-

498 1825 703 1867 vamus.

567 1902 655 1957 22.
692 1901 885 1957 Verum
914 1915 1057 1971 saepe
1079 1898 1271 1955 accidit
1295 1906 1352 1955 ut
1378 1914 1476 1954 nos
1497 1897 1702 1964 fallant,
1726 1896 1809 1953 vel
1832 1895 2072 1967 negando

496 2009 559 2050 se
585 1994 886 2060 abstulisse,
918 1994 1002 2049 vel
1041 1992 1360 2048 aflirmando
1384 2008 1441 2047 se
1467 1992 1607 2047 unde
1656 1992 1939 2047 restituant
1966 2004 2072 2045 non

503 2086 705 2144 habere
730 2102 745 2141 :
778 2100 920 2156 saepe
947 2087 1107 2141 etiam
1132 2094 1186 2140 et
1206 2099 1301 2139 vos
1330 2083 1594 2148 fallimini,
1618 2081 1850 2152 putando
1871 2081 1955 2136 vel
1977 2095 2075 2135 nos

498 2194 604 2235 non
621 2194 777 2251 agere
793 2188 847 2233 ut
868 2178 1109 2244 reddant,
1126 2178 1208 2232 vel
1227 2178 1369 2247 ipsos
1396 2176 1593 2231 habere
1609 2174 1747 2230 unde
1763 2173 2003 2239 reddant;
2021 2181 2075 2228 et

500 2286 689 2327 omnes
703 2280 794 2326 aut
813 2286 945 2341 pene
960 2286 1147 2326 omnes
1167 2269 1410 2325 homines
1424 2284 1660 2324 amamus
1683 2278 1887 2323 nostras
1904 2267 2077 2336 suspi-

500 2364 682 2419 ciones
709 2362 793 2417 vel
826 2377 1016 2418 vocare
1040 2362 1125 2417 vel
1161 2362 1466 2417 existimare
1493 2360 1837 2431 cognitiones,
1864 2358 2075 2429 quando

499 2456 841 2512 credihilibus
854 2470 1027 2511 rerum
1044 2454 1207 2526 signis
1223 2467 1638 2517 movemur,cum
1656 2451 1924 2507 credibilia
1943 2464 2077 2505 non-

502 2549 645 2603 nulla
668 2548 777 2603 sint
802 2548 953 2615 falsa,
980 2549 1118 2604 sicut
1142 2546 1465 2603 incredibilia
1500 2545 1750 2602 nonnulla
1782 2553 1907 2599 sunt
1928 2559 2072 2599 vera.

500 2640 625 2697 ldeo
644 2640 897 2712 quosdam
910 2654 1333 2697 commemorans
1346 2680 1361 2702 ,
1382 2639 1469 2709 qui
1490 2646 1536 2692 et
1561 2627 1759 2692 sceleris
1772 2652 1967 2707 poenam
1982 2636 2077 2691 sibi

500 2734 707 2804 cupiunt
734 2731 976 2799 relaxari,
1011 2739 1057 2785 et
1080 2731 1134 2784 id
1153 2738 1355 2802 propter
1381 2728 1516 2799 quod
1540 2727 1699 2782 scelus
1716 2726 1987 2781 admissum
2003 2734 2078 2780 est

500 2822 774 2894 possidere,
810 2820 1061 2877 addidisti
1088 2830 1145 2878 et
1180 2820 1335 2874 aisti:
1367 2817 1472 2873 Pro
1513 2818 1591 2872 his
1634 2834 1829 2887 quoque
1865 2817 2078 2871 interue-

499 2914 739 2970 niendum
760 2922 901 2985 putat
920 2912 1253 2969 sacerdotium
1291 2919 1528 2967 uestrum.
1560 2909 1702 2965 Fieri
1728 2910 1870 2963 enim
1900 2915 2078 2978 potest

500 3017 560 3063 ut
585 3017 640 3063 tu
660 3008 803 3063 scias
827 3005 966 3077 quod
998 3022 1097 3077 ego
1132 3004 1312 3061 nescio
1334 3046 1352 3071 ,
1381 3012 1437 3059 et
1470 3012 1748 3074 propterea
1777 3010 1954 3071 putem
1978 3015 2077 3071 pro

499 3099 677 3170 aliquo
703 3096 1184 3163 interveniendum,
1216 3094 1357 3166 quod
1387 3109 1473 3150 me
1506 3092 1692 3149 fallere
1725 3092 1928 3162 potuit,
1951 3106 2074 3147 cum

500 3202 556 3249 te
583 3206 687 3247 non
720 3191 947 3262 potuerit
969 3230 984 3253 ,
1012 3196 1073 3245 ut
1117 3203 1217 3259 ego
1254 3203 1375 3243 eum
1417 3200 1523 3241 non
1566 3183 1777 3240 credam
1807 3183 2079 3255 possidere

499 3281 643 3356 quod
671 3292 724 3337 tu
749 3282 1021 3353 possidere
1048 3280 1206 3336 nosti.
1241 3279 1315 3334 lta
1341 3279 1400 3333 lit
1418 3287 1476 3333 ut
1499 3292 1619 3333 cum
1644 3276 1712 3333 de
1738 3291 1831 3332 reo
1859 3285 2077 3332 senten-

498 3376 571 3431 tia
595 3390 703 3431 non
730 3389 833 3429 una
859 3374 928 3427 sit
952 3383 1156 3439 nostra,
1183 3370 1358 3427 neutri
1386 3378 1563 3424 tamen
1606 3378 1844 3424 nostrum
1872 3366 2081 3438 placeat

498 3466 638 3539 quod
669 3483 754 3523 res
782 3481 887 3521 non
910 3463 1148 3520 redditur
1161 3464 1355 3519 aliena.
1381 3462 1457 3517 De
1478 3461 1713 3526 homine,
1737 3469 1793 3516 ut
1812 3458 2076 3526 homines,

497 3562 707 3618 diversa
736 3559 1025 3622 sentimus;
1065 3555 1158 3612 sed
1199 3556 1253 3611 in
1283 3555 1398 3625 ipsa
1440 3553 1646 3624 justitia
1673 3551 1830 3607 simul
1873 3564 2078 3608 sumus.

497 3652 703 3711 Eodem
726 3650 887 3706 modo
909 3648 1070 3703 etiam
1095 3646 1211 3703 fieri
1238 3654 1415 3717 potest
1442 3654 1502 3700 ut
1527 3644 1673 3715 quod
1708 3644 1820 3700 scio
1845 3644 2077 3714 aliquem

496 3761 607 3806 non
636 3743 853 3810 habere,
892 3742 995 3797 hoc
1019 3756 1139 3797 eum
1183 3746 1240 3796 tu
1283 3739 1481 3795 habere
1524 3753 1630 3794 non
1671 3736 1967 3794 certissime
1992 3745 2080 3793 te.

496 3852 653 3906 neas,
682 3836 775 3892 sed
812 3834 1138 3891 credibiliter
1174 3832 1498 3905 suspiceris;
1532 3840 1587 3887 et
1623 3830 1693 3886 ob
1733 3830 1838 3886 hoc
1877 3830 1968 3885 tibi
1995 3830 2079 3885 vi-

497 3931 630 3988 dear
657 3927 977 3984 intervenire
1019 3941 1117 3997 pro
1144 3939 1210 3981 eo
1249 3924 1340 3995 qui
1382 3932 1437 3980 et
1474 3921 1694 3980 sceleris
1721 3936 1933 3993 pinnam
1976 3920 2078 3977 sibi

497 4021 677 4093 cupiat
702 4012 951 4087 relaxari,
980 4025 1036 4073 ct
1076 4016 1130 4072 id
1175 4024 1393 4087 propter
1415 4014 1555 4087 quod
1584 4013 1761 4071 scelus
1786 4011 2079 4069 admissum

498 4121 585 4173 est
608 4112 903 4184 possidere.
935 4108 1014 4167 Ad
1040 4124 1303 4164 summam
1334 4108 1493 4178 igitur
1516 4120 1689 4178 neque
1723 4104 1862 4175 apud
1890 4112 1961 4171 te,
1984 4119 2081 4161 ne-

498 4221 605 4280 que
632 4204 775 4276 apud
816 4202 970 4271 tales,
1025 4201 1073 4258 si
1115 4200 1204 4272 qui
1248 4200 1584 4272 reperiuntur
1620 4196 1831 4269 qualem
1866 4207 1917 4252 te
1959 4210 2080 4251 esse

498 4296 814 4370 gaudemus,
843 4308 1017 4365 neque
1042 4292 1178 4362 apud
1207 4292 1350 4360 ipsos
1374 4290 1464 4362 qui
1492 4304 1683 4360 magno
1712 4288 1887 4344 studio
1906 4287 2079 4343 aliena

498 4403 566 4446 ac
593 4386 725 4443 nihil
764 4384 1058 4457 profutura,
1100 4382 1430 4452 multumque
1470 4381 1631 4436 etiam
1677 4379 1973 4451 periculosa
2017 4394 2083 4435 ac

500 4480 801 4555 perniciosa
836 4485 1039 4547 petunt,
1087 4490 1259 4545 neque
1300 4474 1437 4543 apud
1462 4480 1556 4529 cer
1579 4488 1756 4528 meum
1799 4473 1884 4528 cui
1932 4470 2082 4528 testis

501 4578 587 4629 est
610 4570 748 4625 Deus
767 4609 781 4633 ,
804 4568 973 4621 ausim
1000 4567 1199 4629 dicere,
1238 4564 1436 4619 sentire
1458 4605 1473 4629 ,
1505 4563 1814 4628 decernere,
1848 4562 2081 4617 interve-

501 4658 758 4720 niendum
783 4672 903 4712 esse
941 4670 1037 4725 pro
1066 4655 1263 4725 aliquo,
1310 4662 1368 4708 ut
1409 4652 1551 4723 quod
1591 4652 1793 4707 scelere
1838 4652 2078 4720 abstulit,

502 4752 725 4813 sceleris
749 4749 1063 4821 impunitate
1090 4747 1355 4818 possideat
1379 4764 1392 4799 :
1416 4745 1509 4802 sed
1541 4756 1598 4801 ut
1618 4744 1838 4801 remissa
1867 4745 2079 4817 injuria,

502 4843 649 4917 quod
672 4842 931 4914 iniuriose
957 4840 1175 4897 abstulit
1213 4837 1433 4904 reddat;
1471 4837 1515 4893 si
1554 4847 1729 4892 tamen
1756 4836 1916 4894 habet
1941 4836 2082 4909 quod

503 4937 744 5002 abstulit,
767 4935 850 4991 vel
874 4932 1018 4989 aliud
1039 4932 1174 4987 unde
1203 4930 1329 4986 illud
1355 4930 1618 4986 restituat.

573 5030 665 5085 25.
696 5027 811 5085 Non
841 5042 970 5083 sane
998 5023 1251 5097 quidquid
1278 5023 1344 5078 ah
1366 5023 1527 5078 invito
1554 5024 1797 5091 sumitur,
1830 5022 2084 5093 injuriose

501 5122 763 5182 aufertur.
803 5119 937 5175 Nam
972 5117 1213 5189 plerique
1247 5128 1347 5171 nec
1385 5113 1592 5170 medico
1632 5114 1815 5169 volunt
1858 5114 2083 5172 reddere

501 5215 766 5274 honorem
794 5226 969 5276 suum,
999 5224 1098 5265 nec
1130 5205 1374 5279 eperario
1412 5204 1746 5272 mercedem;
1788 5220 1887 5261 nec
1909 5216 2082 5262 tamen

500 5308 622 5368 hac
644 5305 737 5379 qui
776 5304 845 5361 ab
870 5303 1035 5361 invito
1063 5300 1349 5370 accipiunt,
1386 5313 1483 5369 per
1510 5297 1755 5367 injuriam
1796 5297 2079 5368 accipiunt,

502 5418 628 5478 qua
651 5401 830 5476 potius
856 5413 953 5471 per
978 5395 1221 5466 injuriam
1258 5407 1368 5447 non
1394 5392 1665 5446 darentur.
1694 5390 1799 5447 Sed
1836 5405 1942 5445 non
1965 5391 2085 5446 ideo

503 5494 667 5552 debet
698 5491 861 5564 judex
883 5486 1118 5544 vendere
1140 5485 1338 5555 justum
1363 5481 1642 5553 judicium,
1685 5488 1777 5536 aut
1813 5481 1960 5535 testis
1986 5496 2085 5538 ve-

504 5600 629 5646 rum
650 5582 1028 5647 testimonium,
1071 5578 1193 5649 quia
1220 5576 1399 5635 vendit
1426 5573 1716 5630 advocatus
1752 5572 1955 5642 justum
1988 5588 2085 5645 pa-

510 5674 796 5733 trocinium
826 5683 879 5729 et
901 5672 1243 5743 iurisperitus
1259 5684 1446 5726 verum
1472 5664 1752 5722 consilium
1786 5682 1800 5719 :
1832 5666 1904 5721 illi
1940 5667 2084 5724 enim

510 5767 655 5824 inter
681 5778 955 5834 utramque
998 5770 1200 5832 partem
1238 5762 1301 5814 ad
1346 5775 1567 5815 examen
1610 5757 1955 5827 adhibentur;
1998 5760 2082 5816 isti

513 5871 586 5920 ex
610 5869 713 5922 una
738 5865 888 5930 parte
923 5852 1245 5937 consistunt.
1270 5848 1404 5911 Cum
1427 5862 1602 5912 autem
1630 5849 1827 5926 judicia
1854 5860 1910 5911 et
1934 5851 2085 5915 teeti-

1725 400 1783 461 S.
1822 392 2185 455 AUGUSTINI
2225 394 2523 455 EPISCOPI

3650 415 3752 473 664

2179 517 2377 585 monia,
2404 534 2523 591 qua:
2550 533 2651 577 nec
2666 520 2810 593 justa
2842 530 2898 582 et
2920 538 3045 582 vera
3075 524 3347 585 vendenda
3371 538 3529 601 sunt,
3567 531 3747 604 iniqua

2179 616 2233 663 et
2261 608 2388 665 falsa
2411 610 2731 681 venduntur,
2760 614 2929 672 multo
2969 617 3280 676 sceleratius
3308 622 3494 693 utique
3523 626 3747 693 pecunia

2176 701 2422 766 sumitur,
2454 702 2574 774 quia
2615 705 2874 763 scelerate
2900 708 3061 764 etiam
3096 711 3341 778 quamvis
3382 728 3413 768 a
3444 714 3749 772 volentibus

2177 790 2352 848 datur.
2390 792 2485 851 Ille
2524 804 2702 853 tamen
2737 798 2875 855 solet
2912 807 3161 871 tanquam
3190 801 3329 858 male
3367 804 3470 861 sibi
3511 805 3749 865 ablatam

2179 884 2453 953 pecuniam
2482 897 2742 957 repetere,
2787 889 2877 960 qui
2898 889 3102 960 justum
3134 891 3391 963 judicium
3429 897 3578 963 emit,
3603 914 3751 970 quo

2180 973 2322 1028 niam
2348 976 2536 1033 venale
2559 991 2679 1034 esse
2704 992 2809 1034 non
2832 979 3053 1037 debuit:
3083 982 3173 1053 qui
3200 998 3330 1040 vero
3349 1000 3447 1056 pro
3471 985 3653 1059 iniquo
3665 990 3759 1059 ju-

2177 1063 2316 1120 dicio
2342 1065 2506 1133 dedit,
2546 1068 2707 1127 vellet
2732 1070 2946 1142 quidem
2975 1082 3240 1146 repetere,
3268 1076 3373 1135 nisi
3412 1078 3625 1137 timeret
3662 1083 3756 1141 vel

2177 1158 2399 1229 puderet
2423 1161 2639 1219 emisse.

2245 1249 2336 1306 24.
2363 1250 2499 1308 Sunt
2516 1253 2634 1309 alia:
2660 1269 2903 1325 persona
2927 1256 3191 1316 inferioris
3223 1258 3346 1330 loci,
3373 1278 3492 1335 qua:
3511 1263 3581 1321 ab
3604 1276 3761 1321 utra-

2177 1357 2280 1413 que
2309 1353 2457 1414 parte
2477 1360 2583 1400 non
2604 1346 2893 1404 insolenter
2915 1350 3200 1422 accipiunt,
3226 1352 3363 1409 sicut
3399 1354 3662 1421 officialis,
3709 1368 3763 1411 et

2176 1450 2208 1490 a
2232 1451 2336 1507 quo
2358 1436 2668 1494 admovetur
2689 1439 2730 1505 .
2752 1449 2807 1496 et
2823 1440 2909 1496 cui
2930 1441 3244 1499 admovetur
3275 1444 3509 1501 cilicium
3534 1464 3549 1501 :
3581 1446 3650 1501 ab
3678 1447 3763 1500 his

2178 1538 2383 1586 extorta
2422 1547 2519 1602 per
2546 1532 2948 1590 immoderatam
2983 1535 3400 1607 improbitatem,
3450 1539 3623 1610 repeti
3669 1553 3761 1593 so-

2180 1622 2319 1691 lent;
2373 1623 2493 1679 data
2537 1640 2633 1696 per
2681 1626 3007 1685 tolerabilem
3037 1629 3496 1696 consuetudinem,
3536 1645 3644 1686 non
3675 1644 3764 1685 so-

2178 1713 2290 1770 lent
2322 1731 2336 1770 :
2368 1715 2641 1787 magisque
2678 1716 3137 1788 reprehendimus,
3198 1721 3287 1791 qui
3338 1722 3461 1777 talia
3509 1721 3759 1779 inusitate

2177 1805 2559 1876 repetiverunt,
2589 1823 2747 1879 quam
2777 1808 2957 1887 quiea
2975 1808 3044 1865 de
3066 1825 3216 1866 more
3235 1821 3606 1882 sumpserunt;
3625 1829 3760 1884 quo-

2178 1897 2321 1954 niam
2348 1897 2532 1952 multze
2559 1899 2873 1955 necessaria:
2902 1915 3145 1970 persona:
3171 1900 3329 1957 rebus
3365 1897 3635 1968 humanis,
3674 1904 3759 1960 vel

2180 1989 2467 2045 invitantur
2492 1990 2794 2061 hujusmodi
2818 1992 3134 2060 commodis,
3177 1993 3264 2051 vel
3294 2003 3561 2051 tenentur.
3593 1994 3687 2051 Isti
3712 1996 3758 2052 si

2179 2081 2316 2135 viam
2334 2082 2454 2136 vitae
2476 2082 2812 2151 mutaverint,
2833 2093 2925 2139 aut
2942 2077 3333 2141 excellentioris
3351 2085 3761 2143 conscenderint

2179 2172 2475 2228 sanctitatis
2508 2172 2748 2244 gradum,
2785 2173 2992 2231 facilius
3018 2190 3081 2232 ea
3123 2192 3243 2246 quas
3268 2175 3371 2233 hoc
3397 2176 3559 2233 modo
3583 2180 3764 2249 acqui-

2178 2268 2402 2333 sierunt,
2432 2274 2677 2337 tanquam
2701 2281 2795 2322 sua
2818 2266 3136 2339 pauperibus
3163 2268 3476 2340 largiuntur,
3502 2284 3663 2341 quam
3684 2271 3763 2326 eis

2180 2371 2208 2411 a
2235 2355 2427 2427 quibus
2448 2367 2663 2427 accepta
2688 2367 2833 2426 sunt,
2856 2366 3105 2430 tanquam
3132 2361 3302 2416 aliena
3333 2363 3639 2419 restituunt.
3661 2364 3763 2433 Qui

2180 2462 2310 2503 vero
2355 2458 2539 2504 contra
2576 2449 2668 2519 jus
2707 2451 2973 2507 societatis
3008 2450 3274 2519 humanae,
3325 2451 3498 2520 furtis,
3539 2456 3763 2525 rapinis,

2180 2538 2505 2604 calumniis,-
2535 2540 3001 2610 oppressionibus,
3050 2542 3413 2599 invasionihus
3458 2544 3760 2615 abstulerit,

2182 2628 2446 2685 reddenda
2476 2630 2653 2699 potius
2703 2646 2859 2701 quam
2906 2631 3153 2690 donanda
3194 2648 3503 2702 censemus;
3550 2635 3766 2695 Zachmi

2184 2721 2447 2792 publicani
2481 2723 2786 2794 evangelica
2814 2723 3079 2793 exemplo,
3121 2724 3213 2795 qui
3246 2740 3367 2781 cum
3405 2726 3640 2797 hospitio
3662 2729 3768 2784 Do-

2182 2814 2383 2869 minum
2412 2816 2749 2888 suscepisset,
2789 2817 2840 2871 in
2870 2816 3036 2873 vitam
3063 2827 3302 2874 sanctam
3346 2829 3565 2891 repente
3594 2832 3769 2877 muta-

2182 2913 2287 2972 tus,
2322 2905 2623 2973 Dimidium,
2664 2908 2852 2979 inquit,
2881 2926 3047 2965 rerum
3072 2927 3294 2967 mearum
3343 2915 3409 2969 do
3436 2918 3763 2986 pauperibus,

2182 3009 2231 3057 et
2275 2998 2321 3055 si
2369 3001 2451 3056 cui
2500 3001 2694 3073 aliquid
2743 3003 2929 3060 abstuli
2946 3044 2964 3073 ,
3014 3005 3356 3078 quadruplum
3391 3008 3552 3065 reddo
3600 3009 3763 3083 (Luc.

2182 3107 2300 3157 xix,
2322 3093 2420 3166 8).

2252 3184 2341 3242 25.
2373 3184 2749 3243 Verumtamen
2792 3188 2839 3243 si
2872 3186 3075 3259 justitia
3128 3188 3389 3248 sincerius
3430 3192 3762 3262 consulatur,

2177 3276 2376 3348 justius
2390 3278 2585 3335 dicitur
2600 3280 2875 3347 advocato,
2895 3282 3078 3338 Redde
3094 3284 3236 3354 quod
3257 3286 3530 3357 accepisti,
3551 3286 3767 3358 quando

2184 3378 2368 3425 contra
2395 3372 2673 3427 veritatem
2703 3373 2917 3441 stetisti,
2957 3374 3218 3445 iniquitati
3258 3375 3493 3443 adfuisti,
3529 3377 3761 3449 judicent

2184 3458 2440 3530 fefellisti,
2479 3462 2673 3532 justam
2704 3478 2919 3519 causam
2956 3466 3288 3537 oppressisti,
3322 3468 3391 3524 de
3423 3468 3653 3525 falsitate
3682 3470 3765 3525 vi-

2183 3552 2302 3609 cisti
2332 3554 2505 3625 (quod
2530 3554 2681 3610 vides
2707 3556 2902 3612 multos
2930 3556 3336 3616 honestissimos
3377 3566 3432 3616 et
3468 3559 3767 3617 disertissi-

2184 3660 2302 3701 mos
2330 3646 2498 3714 viros,
2538 3663 2643 3703 non
2678 3647 2849 3705 solum
2877 3647 3109 3719 impune,
3138 3666 3323 3707 verum
3351 3651 3505 3708 etiam
3527 3651 3765 3721 gloriose

2184 3738 2352 3795 videri
2388 3740 2490 3797 sibi
2528 3740 2931 3814 committere);
2960 3757 3118 3813 quam
3152 3744 3396 3814 cuiquam
3436 3744 3487 3799 in
3526 3744 3768 3815 quolibet

2183 3829 2361 3886 officio
2385 3831 2652 3897 militanti,
2696 3831 2879 3889 Redde
2912 3833 3053 3903 quod
3092 3835 3365 3906 accepisti,
3416 3834 3630 3905 quando
3673 3835 3765 3905 ju-

2185 3919 2346 3977 benle
2368 3920 2549 3991 judice
2570 3923 2883 3995 cuicumque
2908 3938 3081 3981 causa:
3102 3925 3462 3981 necessarium
3490 3924 3763 3985 hominem

2185 4013 2421 4077 tenuisti,
2462 4028 2531 4069 ne
2563 4014 2835 4070 resisteret
2860 4015 3094 4081 vinxisti,
3132 4031 3199 4069 ne
3227 4014 3435 4085 fugeret
3478 4014 3763 4086 inclusisti,

2185 4114 2455 4176 postremo
2482 4115 2573 4160 aut
2596 4114 2940 4177 permanente
2983 4106 3077 4162 lite
3124 4106 3438 4174 exhibuisti,
3478 4116 3571 4163 aut
3616 4108 3765 4165 finita

2184 4196 2458 4253 dimisisti.
2516 4196 2621 4253 Sed
2681 4198 2808 4254 illud
2852 4214 2949 4254 cur
3002 4198 3259 4254 advocato
3300 4215 3405 4255 non
3458 4200 3671 4256 dicatur
3711 4202 3768 4259 in

2186 4300 2434 4361 promptu
2460 4297 2565 4358 est,
2604 4290 2724 4361 quia
2748 4290 2949 4345 scilicet
2977 4289 3048 4345 ita
3074 4305 3181 4346 non
3205 4292 3317 4347 vult
3336 4290 3498 4349 homo
3522 4301 3767 4364 repetere

2184 4380 2327 4452 quod
2353 4391 2595 4452 patrono,
2621 4389 2681 4435 ut
2707 4380 2845 4437 male
2868 4383 3121 4450 vinceret,
3149 4382 3327 4449 dedit;
3353 4384 3489 4440 sicut
3516 4399 3625 4441 non
3653 4386 3768 4442 vult

2186 4470 2409 4527 reddere
2424 4468 2566 4542 quod
2592 4470 2659 4526 ab
2678 4470 3000 4538 adversario,
3030 4486 3152 4528 cum
3192 4474 3330 4530 male
3350 4475 3585 4545 vicisset,
3614 4491 3769 4532 acce-

2187 4563 2283 4633 pit.
2326 4560 2456 4628 Quis
2495 4561 2705 4617 tandem
2739 4562 3046 4630 advocatus,
3080 4571 3173 4618 aut
3209 4580 3275 4619 ex
3303 4564 3559 4622 advocato
3586 4567 3658 4622 ita
3685 4568 3767 4623 vir

2186 4654 2418 4725 optimus
2439 4651 2591 4708 facile
2620 4653 2901 4723 reperitur,
2928 4654 3018 4725 qui
3048 4664 3297 4724 suscepto
3323 4669 3420 4711 suo
3448 4655 3589 4711 dicat
3623 4674 3636 4711 :
3661 4657 3767 4714 Rc-

2186 4747 2306 4816 cipe
2328 4744 2469 4816 quod
2496 4744 2648 4811 mihi,
2689 4760 2809 4799 cum
2837 4743 2927 4799 tibi
2970 4744 3110 4801 male
3145 4745 3409 4811 adessem,
3450 4746 3682 4814 dedisti;
3712 4756 3768 4805 et

2186 4837 2352 4895 redde
2385 4835 2689 4893 adversario
2709 4844 2800 4891 tuo
2829 4835 2992 4907 quod,
3023 4851 3111 4893 me
3136 4846 3345 4909 agente,
3376 4838 3555 4911 inique
3584 4841 3768 4896 abstu-

2188 4928 2329 4988 listi?
2360 4929 2425 4985 Et
2458 4939 2634 4985 tamen
2662 4943 2820 4999 quem
2865 4928 3056 4999 prioris
3084 4943 3189 4985 non
3226 4940 3384 4985 ret-tce
3411 4932 3534 4987 vitae
3575 4933 3766 4988 rectis-

2188 5024 2323 5082 sime
2346 5022 2587 5093 pmnitet,
2617 5022 2774 5076 etiam
2804 5019 2905 5076 hoc
2930 5021 3103 5076 facere
3124 5021 3303 5089 debet,
3355 5030 3415 5076 ut
3457 5022 3503 5077 si
3544 5022 3635 5080 ille
3676 5025 3767 5095 qui

2189 5118 2365 5188 inique
2394 5114 2635 5185 litigavit,
2667 5129 2771 5168 non
2796 5112 2910 5167 vult
2945 5112 3245 5167 admonitus
3271 5114 3543 5184 corrigere
3566 5114 3767 5186 iniqui-

2190 5217 2370 5273 tatem,
2408 5206 2524 5277 ejus
2567 5212 2746 5261 tamen
2771 5204 3059 5275 iniquitatis
3085 5205 3216 5260 nolit
3256 5204 3354 5261 iste
3397 5205 3596 5263 habere
3624 5222 3769 5263 mer-

2189 5301 2373 5358 cedem
2402 5316 2416 5354 :
2439 5300 2542 5355 nisi
2570 5297 2707 5355 forte
2724 5297 3109 5354 restituendum
3129 5308 3212 5353 est
3229 5299 3481 5367 alienum,
3501 5300 3643 5371 quod
3669 5316 3769 5371 per

2186 5393 2387 5451 furtum
2431 5392 2674 5448 clanculo
2711 5391 2968 5461 aufertur,
3012 5402 3067 5448 et
3106 5393 3488 5450 restituendum
3534 5410 3640 5450 non
3685 5404 3770 5453 est

2187 5485 2332 5558 quod
2360 5484 2415 5541 in
2448 5486 2561 5553 ipso
2588 5484 2706 5540 foro
2733 5485 2821 5540 ubi
2850 5494 3064 5554 peccata
3095 5485 3400 5557 puniuntur,
3429 5486 3654 5557 decepto
3678 5486 3769 5557 ju-

2176 5576 2327 5649 dice,
2354 5585 2409 5635 et
2434 5576 2807 5634 circumventis
2835 5574 3037 5647 legibus
3077 5576 3374 5633 obtineturl
3417 5576 3554 5646 Quid
3589 5577 3767 5636 dicam

2180 5806 2183 5811 .
2252 5758 2423 5830 _'I.ov_.,
2443 5761 2489 5808 et
2506 5767 2642 5830 aquo
2662 5761 2923 5830 minuetur.
2947 5753 3346 5830 aptissimam,
3362 5758 3414 5830 et
3428 5764 3465 5830 _a_
3481 5766 3578 5830 quo
3598 5754 3772 5809 adnis-

2946 5792 3621 5885 summissim
3598 5792 3771 5877 "
