2077 3177
177 281 213 310 de
222 280 319 316 usuris,
334 288 401 318 quas
417 280 497 311 etiam
511 281 577 318 ipsae
591 280 665 317 leges
676 284 705 309 et
716 279 818 316 iudices
837 276 913 307 reddi
925 277 968 312 ju-

179 327 262 356 bent?
275 329 316 356 An
326 329 458 358 crudelior
468 333 509 357 est
521 329 565 364 qui
580 328 710 357 subtrahit
723 327 822 363 aliquid
834 327 876 355 vel
887 327 967 361 eripit

178 374 264 409 diviti,
279 383 358 411 quam
372 376 417 411 qui
441 375 555 403 trucidat
569 383 711 411 pauperem
722 374 830 402 fenore?
850 374 912 401 Haec
925 377 967 401 at-

179 429 231 456 que
256 422 405 456 hujusmodi
422 423 489 450 male
511 423 601 457 utique
623 422 801 457 possidentur,
822 427 849 449 et
872 421 968 449 vellem

179 469 399 500 restituerentur;
409 468 455 495 sed
467 476 519 495 non
532 473 574 495 est
587 476 638 503 quo
647 468 735 502 judice
748 471 912 501 repetantur.

214 514 258 542 26.
273 515 396 541 iamvero
409 514 430 541 si
445 514 588 549 prudenter
601 515 751 541 intueamur
761 514 831 549 quod
840 515 967 548 scriptum

178 565 229 594 est,
245 561 340 588 Fidelis
361 561 468 588 hominis
481 567 546 588 totus
561 562 668 589 mundus
687 561 830 588 divitiarum
849 566 894 593 est,
909 561 968 595 inﬁ-

179 608 242 633 delis
258 613 340 633 autem
355 616 399 634 nec
418 608 504 634 obolus
519 607 573 643 (a);
589 616 677 635 nonne
692 616 784 635 omnes
805 608 851 643 qui
865 608 914 635 sibi
928 608 969 635 vi-

179 652 275 679 dentur
284 653 399 687 gaudere
413 653 484 681 licite
497 654 663 688 conquisitis,
679 654 770 688 eisque
784 654 820 681 uti
835 654 966 686 nesciunt,

179 698 264 725 aliena
281 699 416 733 possidere
440 700 640 726 convincimus?
660 700 714 727 lloc
734 700 803 727 enim
818 705 889 727 certe
904 700 969 727 alie-

179 751 243 771 num
256 751 308 771 non
323 749 373 776 est,
393 745 462 779 quod
481 745 540 779 jure
555 745 717 779 possidetur;
743 745 792 772 hoc
804 750 891 772 autem
909 746 969 780 jure

179 790 250 826 qttod
259 791 338 825 justc,
353 796 379 818 et
392 791 441 818 hoc
452 792 522 825 jttste
533 792 603 826 quod
620 792 697 819 bene.
713 792 796 819 Omne
809 792 888 827 igitur
898 792 968 826 quod

179 838 250 865 male
264 838 422 872 possidetur,
438 838 552 866 alienum
568 842 624 870 est;
650 838 719 866 male
733 842 821 865 autem
839 838 967 872 possidet,

179 884 223 919 qui
235 884 304 911 male
316 885 405 911 utitur.
421 883 514 911 Cernis
529 892 591 919 ergo
606 892 683 919 quam
694 884 769 911 multi
781 884 895 912 debeant
907 884 970 911 red-

178 929 243 957 dere
257 930 353 963 aliena,
366 930 388 957 si
402 930 441 956 vel
457 931 532 963 pauci
548 930 643 965 quibus
658 930 812 962 reddantur,
829 932 969 965 reperian—

179 980 222 1003 tur
234 985 240 1002 :
253 977 297 1011 qui
309 981 394 1003 tamen
410 976 454 1003 ubi
469 976 512 1003 tibi
533 981 609 1007 sunt,
630 981 702 1003 tanto
718 977 801 1011 magis
814 976 862 1003 ista
876 980 969 1003 conte-

179 1025 384 1057 mnunLquanto
393 1029 422 1048 ea
430 1022 526 1056 justius
535 1021 669 1056 possidere
679 1021 967 1056 potucruntJustitiam

179 1067 287 1101 quippe,
303 1071 330 1094 et
345 1074 422 1094 nemo
434 1067 503 1094 male
515 1067 603 1100 habet,
619 1071 645 1094 et
655 1068 698 1101 qui
715 1075 765 1094 non
780 1067 903 1095 dilexerit
916 1075 969 1094 non

179 1112 268 1140 habet.
284 1112 397 1140 Pecunia
413 1120 489 1146 vero,
508 1118 535 1140 et
549 1120 562 1139 a
579 1113 654 1139 malis
670 1113 739 1140 male
762 1113 883 1145 habetur,
908 1117 934 1140 et
954 1121 969 1140 a

179 1158 256 1185 bonis
276 1163 348 1185 tanto
370 1158 464 1185 tnelius
485 1158 607 1191 habetur,
631 1164 730 1193 quanto
744 1159 830 1185 minus
854 1164 966 1186 amatur.

179 1203 231 1232 Sed
245 1203 314 1231 inter
327 1204 383 1231 litec
403 1205 529 1231 toleratur
544 1204 667 1239 iniquitas
680 1204 749 1231 male
764 1204 928 1237 habentium,
943 1209 970 1232 et

180 1250 300 1286 qumdam
314 1250 381 1277 inter
394 1258 440 1278 eos
448 1250 506 1285 jura
516 1251 722 1282 constituuntur,
733 1258 792 1285 qua:
803 1250 970 1285 appellantur

179 1296 280 1328 civilia;
296 1303 348 1323 non
370 1296 440 1331 quod
460 1296 522 1323 hinc
543 1296 587 1323 ﬁat
603 1301 630 1323 ut
646 1296 713 1323 bene
726 1301 830 1323 utentes
843 1296 905 1328 sint,
922 1296 969 1323 sed

179 1347 208 1370 ut
220 1343 288 1370 male
303 1346 407 1370 utentes
423 1342 509 1369 minus
530 1342 634 1369 molesti
648 1342 701 1369 sint
717 1351 722 1369 :
736 1342 821 1369 donec
834 1341 926 1368 ﬁdeles
944 1345 970 1369 et

179 1389 225 1424 pii,
240 1396 352 1424 quorum
365 1390 425 1424 jure
438 1393 499 1416 sunt
511 1389 610 1421 omnia,
623 1389 666 1423 qui
678 1388 720 1415 vel
733 1395 764 1414 ex
779 1387 830 1415 illis
843 1387 919 1420 ﬁunt,
930 1387 969 1415 vcl

179 1435 250 1463 inter
273 1436 334 1463 illos
359 1436 487 1470 tantisper
508 1435 627 1463 viventes
648 1435 727 1462 malis
751 1442 843 1462 eorum
857 1442 909 1461 non
922 1434 969 1461 ob-

178 1482 354 1517 stringuntur,
375 1482 420 1509 sed
435 1486 603 1515 exercentur,
626 1481 781 1516 perveniant
795 1481 828 1508 ad
843 1481 915 1507 illam
931 1481 969 1507 ci-

179 1527 298 1560 vitatem,
313 1527 355 1554 ubi
367 1527 507 1554 haereditas
520 1527 677 1554 aeternitatis
688 1531 728 1553 cst
743 1527 768 1559 l;
784 1526 828 1553 ubi
848 1533 900 1553 non
923 1525 970 1552 lia-

179 1573 224 1601 bet
236 1574 287 1600 nisi
304 1573 391 1608 justus
414 1573 509 1605 locum,
531 1573 634 1599 nonnisi
653 1572 758 1607 sapiens
782 1571 967 1607 principatum,

178 1619 225 1647 ubi
238 1619 410 1654 possidebunt
429 1620 587 1654 quicumque
603 1619 637 1646 ibi
651 1623 738 1651 erunt,
758 1626 819 1645 vere
836 1626 893 1644 sua.
916 1618 969 1645 Sed

178 1670 268 1693 tamen
281 1666 360 1693 etiam
376 1666 419 1693 hic
434 1673 485 1693 non
502 1665 691 1693 intercedinius
706 1669 735 1692 ut
749 1665 893 1692 secundum
910 1672 967 1691 mo-

179 1719 226 1739 res
238 1711 360 1746 iegesque
376 1716 493 1739 terrenas
515 1719 565 1737 non
580 1711 752 1738 restituantur
763 1711 847 1738 aliena
860 1719 865 1742 ;
878 1718 970 1744 quani-

179 1755 222 1784 vis
237 1757 375 1791 placabiles
388 1764 435 1783 vos
450 1757 561 1784 velimus
575 1757 662 1789 malis,
678 1764 731 1783 nou
745 1761 774 1783 ut
795 1757 916 1791 placeant
928 1756 969 1782 vel

179 1807 354 1837 permaneant
367 1802 438 1833 mali,
456 1803 501 1828 sed
523 1802 582 1836 quia
599 1810 631 1829 ex
655 1802 705 1828 illis
729 1802 795 1828 ﬁunt
809 1802 969 1836 quicumque

179 1849 246 1876 ﬁunt
260 1848 332 1882 boni,
349 1853 375 1876 et
398 1849 526 1875 sacrilicio
548 1847 736 1875 misericordia:
757 1848 875 1883 placatur
888 1848 967 1881 Dcus,

179 1901 259 1929 quem
272 1894 321 1921 nisi
332 1895 473 1929 propitium
490 1895 618 1922 haberent
629 1895 702 1927 mali,
717 1895 780 1921 nulli
794 1898 883 1922 essent
896 1895 967 1921 boni.

182 1941 232 1969 Diu
245 1945 287 1969 est
299 1941 367 1976 quod
375 1942 590 1977 occupationibus
604 1941 655 1968 tuis
666 1941 797 1976 loquendo
808 1941 899 1968 videor
907 1949 970 1968 one-

180 1994 267 2019 rosus,
282 1994 342 2014 cum
355 1987 401 2015 tibi
421 1988 519 2014 homini
541 1992 618 2014 acuto
633 1991 660 2014 et
679 1987 757 2014 docto
772 1988 825 2014 cito
842 1988 908 2014 solvi
924 1995 971 2023 po-

180 2036 261 2062 tuerit
291 2034 361 2069 quod
393 2035 539 2069 quaerebas.
579 2034 737 2061 Jatndudum
774 2038 862 2061 autem
893 2034 970 2061 ﬁnire

180 2081 317 2115 deberem,
333 2082 356 2110 si
372 2085 398 2110 te
418 2086 518 2109 tantum
538 2081 633 2108 scirem
654 2081 735 2107 fuisse
757 2081 886 2108 lecturum
900 2081 969 2115 quod

181 2127 305 2163 ﬂagitasti
323 2133 350 2155 ut
360 2128 544 2157 rescriberem.
561 2128 635 2156 Felix
659 2128 684 2155 in
700 2127 806 2156 Christo
827 2128 911 2162 vivas,
932 2128 970 2154 lili

181 2174 348 2205 charissime.

412 2231 576 2261 EPISTOLA
595 2231 671 2260 cuv
686 2231 734 2267 (b).

182 2288 349 2318 Hal-“edonias
365 2288 516 2324 Augustino,
538 2288 684 2324 significans
700 2296 727 2316 ss
745 2287 891 2323 prestitissc
903 2287 971 2324 quod

218 2337 250 2365 ab
267 2337 324 2372 ipso
336 2336 473 2364 uerecunde
491 2335 555 2363 adeo
577 2335 698 2370 petierat;
719 2339 773 2362 tum
793 2334 868 2362 etiam
892 2334 972 2370 ipsius

220 2383 298 2411 libros
315 2391 407 2419 magna
425 2390 482 2410 cum
499 2382 626 2418 voluptate
644 2386 667 2411 et
690 2381 857 2410 admiratione
881 2381 972 2417 perlo-

219 2437 294 2465 gms.

185 2474 299 2504 Domino
317 2474 413 2503 merito
431 2473 576 2503 venerabili
593 2477 621 2502 et
631 2481 695 2502 vere
714 2473 884 2510 suspiciende
902 2474 971 2510 patri

334 2521 485 2549 AUGUSTINO
500 2521 634 2555 episcopo,
645 2520 825 2548 Mscsnoutus.

224 2567 250 2595 I.
273 2566 340 2595 Miro
362 2567 438 2595 modo
461 2566 562 2602 afﬁcior
579 2567 702 2602 sapientia
722 2572 765 2593 tua
777 2565 823 2603 (c),
838 2570 862 2594 et
874 2566 902 2594 in
922 2566 974 2595 illis

218 2624 228 2640 ⁸
245 2628 311 2654 Lov.,
322 2623 444 2650 cterrtitas
464 2625 509 2650 est.
533 2626 569 2649 At.
581 2622 635 2648 Bad.
647 2626 698 2647 Am.
710 2625 748 2648 Er.
768 2625 795 2648 et
808 2627 860 2648 Mss.
873 2622 973 2654 habent,

185 2654 325 2682 “animi:
332 2658 376 2681 est.

218 2698 255 2730 (a)
269 2699 356 2724 Isthmo
365 2698 489 2732 sententia
510 2697 598 2732 scripta
609 2700 647 2722 est
657 2696 723 2732 apud
733 2699 798 2732 LXX,
810 2696 922 2732 Prov_erb_.
936 2696 974 2727 l7,

187 2727 356 2763 postremum.
367 2729 391 2759 ϐ,
405 2727 583 2763 demumst)
595 2727 730 2763 Augustine
736 2728 839 2763 Passim;
850 2727 881 2763 ab
892 2727 976 2763 Eiet"?-

187 2758 269 2794 itvmo,
282 2762 306 2786 in
318 2758 389 2794 epist.
404 2759 489 2794 ιοζεωι
500 2758 670 2794 ᾔειιιιιιιιιιῃίθι
680 2758 846 2794 inflamment.
860 2758 885 2794 in
892 2758 975 2794 necti.

187 2791 231 2828 s55;
243 2788 387 2828 a'gissiitao,
409 2790 491 2815 canat.
503 2789 542 2820 24,
554 2796 577 2814 c.
589 2789 633 2820 36;
647 2792 673 2814 et
683 2795 698 2814 a
709 2788 828 2814 Bel-nardo
839 2789 864 2813 in
874 2792 896 2814 s.
909 2789 978 2814 Mala-

187 2822 248 2848 chia:
260 2824 317 2852 vita,
330 2826 378 2848 etc.
929 2852 935 2857 _

192 2883 199 2884 ί
220 2853 256 2884 (b)
273 2854 335 2878 Alias
356 2853 475 2884 512qute
496 2854 578 2877 autem
597 2850 644 2877 154
667 2853 729 2881 erat,
752 2857 816 2876 nunc
826 2850 865 2876 47.
888 2854 977 2884 Scripta

187 2883 252 2910 iit-te
263 2888 372 2909 exeunte
383 2883 486 2909 ειη-⁷414.
939 2883 943 2884 ⁷

204 2916 255 2951 ιςε)
267 2915 377 2951 Epistolas
399 2914 472 2951 hujus
483 2913 609 2951 exordium
631 2913 704 2951 aliert
721 2913 852 2951 Eussidius,
865 2920 916 2948 cap.
930 2914 977 2948 20;

187 2943 231 2975 ubi
242 2943 403 2974 uocabulum
413 2943 496 2972 Africae
506 2945 620 2971 vicarium
630 2943 706 2972 fuisse
716 2943 782 2971 dicit.

775 209 1014 243 EPISTULARUI
1028 210 1164 240 cussrs
1182 211 1227 240 ιιι.
1527 186 1545 229 ί

1019 272 1638 312 ᾳυωεάἰάίιιῑμιὸηὴἱεᾳαωίκωηοηὲαιενω
1654 277 1807 306 udmsis‘

1020 318 1117 346 mittere
1132 327 1182 347 non
1196 321 1318 356 gravaris.
1338 320 1407 349 Nam
1426 326 1451 349 et
1463 322 1510 350 illa
1524 327 1623 350 tantum
1640 323 1731 352 habent
1742 332 1806 352 acu-

1020 364 1105 396 minis,
1117 365 1237 398 scicntia,
1257 367 1406 400 sanctitatis.
1426 372 1454 395 ut
1474 369 1538 396 nihil
1549 377 1628 404 supra
1645 370 1696 402 sit;
1715 375 1739 397 et
1752 370 1807 398 hac

1021 413 1118 437 tantum
1130 412 1293 446 verecundus,
1309 416 1337 439 ut
1357 413 1406 440 nisi
1423 413 1516 448 faciam
1530 414 1598 449 quod
1619 414 1734 448 mandas,
1749 417 1805 444 culp

1021 463 1080 490 pani
1089 465 1164 491 penes
1176 465 1216 484 me
1226 465 1363 491 remanere,
1377 467 1428 486 non
1440 460 1467 487 in
1480 460 1579 495 negotio
1593 468 1646 487 esse
1657 461 1803 496 dijudicem,

1021 501 1212 530 dominemerito
1221 504 1377 538 venerabilis,
1388 510 1412 532 st
1420 512 1475 533 vers
1484 506 1642 540 suspiciende
1654 512 1734 541 pater.
1746 507 1807 535 Non

1021 549 1087 576 enim
1099 549 1179 577 instas
1193 549 1280 585 (quod
1295 550 1406 587 plerique
1417 551 1529 579 homines
1546 553 1618 580 istius
1631 553 1678 581 laci
1692 554 1809 590 faciunt)

1021 599 1050 622 ut
1059 596 1232 631 quodcumque
1240 596 1364 625 sollicitus
1376 598 1493 631 volueris,
1509 604 1674 634 extorqueas;
1687 602 1730 628 sed
1742 601 1809 636 quod

1022 640 1066 668 tibi
1083 650 1100 668 a
1113 641 1202 677 judice
1221 646 1257 669 tot
1273 643 1342 670 curis
1361 643 1478 672 obstricto
1500 645 1601 680 petibile
1620 646 1701 673 visum
1720 647 1806 682 fuerit,

1021 688 1140 716 admones
1154 688 1321 717 subseruientc
1333 690 1490 724 verecundia,
1510 699 1566 725 qm
1585 692 1695 718 maxima
1718 692 1810 727 diffici-

1022 733 1084 760 lium
1096 734 1160 761 inter
1174 734 1251 761 bonos
1263 735 1372 770 efficacia
1384 740 1430 762 cst.
1449 735 1562 763 Proinde
1577 737 1662 764 statim
1680 745 1810 764 commen-

1022 779 1088 807 datis
1098 779 1212 813 sfl’ectum
1224 781 1341 809 desiderii
1354 781 1430 809 tribui
1444 789 1454 810 :
1469 790 1529 809 nam
1541 783 1659 818 sperandi
1673 783 1739 810 uiam
1751 788 1809 811 ante

1023 828 1199 861 patefecerunt.

1057 871 1084 899 2.
1097 871 1219 908 Επριὲειιί
1235 877 1289 901 tuos
1301 874 1377 902 libros
1390 873 1448 911 (a);
1462 883 1541 911 neque
1551 875 1618 902 enim
1634 880 1686 903 tam
1697 876 1812 912 languidi

1022 922 1065 945 aut
1078 919 1168 945 inertes
1187 924 1267 953 erant,
1281 924 1308 947 ut
1328 929 1367 948 me
1379 921 1449 948 aliud
1461 930 1537 956 quam
1548 930 1575 949 sc
1592 930 1683 950 curare
1696 927 1811 958 pateren-

1023 967 1065 990 tur
1080 964 1239 1000 :injeccrunt
1262 973 1373 998 "ianum,
1395 970 1554 1002 ereptumth
1579 968 1638 995 aliis
1660 968 1813 995 sollicitudi-

1022 1017 1082 1036 num
1095 1011 1188 1044 causis,
1203 1010 1255 1037 suis
1266 1011 1371 1039 tn'nculis
1381 1012 1513 1047 illigarunt
1527 1013 1577 1048 (ita
1587 1013 1653 1041 enim
1664 1014 1726 1041 mihi
1739 1014 1809 1042 Deus

1022 1055 1145 1091 propitius
1157 1056 1209 1090 sit),
1223 1061 1251 1083 ut
1262 1064 1309 1092 ego
1321 1065 1413 1092 anceps
1426 1058 1475 1085 sim
1488 1059 1548 1094 quid
1560 1060 1586 1086 in
1600 1059 1652 1087 illis
1667 1052 1749 1096 magis
1763 1060 1813 1087 mi-

1022 1109 1064 1128 rer
1074 1121 1082 1134 ,
1105 1102 1238 1129 sacerdotii
1259 1103 1437 1139 perfectioth
1448 1125 1456 1138 ,
1483 1105 1651 1140 philosophia
1668 1106 1788 1141 dogmata
1800 1125 1810 1141 ,

1022 1146 1134 1174 historice
1147 1148 1248 1182 plenam
1269 1149 1395 1182 notitiam,
1417 1158 1450 1177 an
1470 1151 1597 1185 facundia!
1614 1151 1811 1187 jac-nuditatem,

1021 1202 1078 1230 qua:
1087 1194 1123 1221 ita
1137 1195 1265 1230 imperitos
1277 1195 1355 1223 etiam
1367 1196 1462 1224 illicere
1476 1201 1565 1232 potest,
1581 1202 1609 1224 ut
1627 1197 1705 1225 donec
1727 1198 1812 1233 cmpli-

1021 1244 1077 1268 ccnl
1096 1249 1146 1268 non
1163 1241 1294 1276 desistant,
1319 1246 1343 1270 et
1356 1250 1414 1270 cum
1432 1243 1620 1279 cxpticauerint,
1635 1244 1719 1271 adhuc
1729 1240 1815 1279 requi-

1021 1290 1088 1314 rant.
1104 1286 1215 1315 Convicti
1227 1296 1335 1324 namque
1343 1293 1402 1316 sunt
1414 1288 1574 1324 impudenter
1595 1290 1744 1325 pertinaces,
1754 1291 1811 1325 jam

1021 1332 1081 1360 inde
1092 1341 1108 1360 a
1120 1333 1190 1361 bonis
1205 1343 1262 1370 qua:
1273 1339 1411 1362 memorant
1424 1335 1534 1369 seculis,
1555 1344 1601 1371 pro
1613 1341 1712 1364 natura
1727 1344 1811 1366 rerum

1022 1381 1172 1409 obscuritate
1180 1383 1313 1418 contigisse
1323 1384 1419 1419 pejora,
1430 1383 1557 1419 falsosque
1566 1391 1651 1411 omnes
1660 1383 1731 1411 illitis
1744 1391 1810 1419 qua-

1022 1427 1081 1454 dam
1095 1427 1227 1455 dulcedine
1240 1429 1399 1463 felicitatibus
1407 1429 1471 1463 suis,
1488 1437 1534 1464 per
1545 1438 1607 1465 quas
1620 1437 1670 1457 non
1683 1429 1717 1456 ad
1730 1429 1809 1456 beati-

1022 1473 1144 1507 tudinem,
1161 1473 1206 1501 sed
1220 1475 1253 1501 nd
1267 1479 1396 1510 prwrupta
1409 1478 1469 1503 suns
1479 1474 1550 1501 ducti
1564 1482 1574 1502 :
1587 1475 1641 1502 hac
1653 1483 1710 1502 vero
1724 1480 1811 1502 nostra

1022 1524 1158 1555 praecepta,
1173 1524 1197 1546 et
1213 1520 1335 1555 simplicis
1354 1521 1455 1556 aerique
1466 1520 1515 1548 Dei
1529 1521 1655 1556 mysteria,
1670 1525 1762 1556 praeter
1773 1521 1810 1548 tri-

1022 1570 1073 1593 tam
1086 1569 1231 1601 perpetuam
1245 1572 1320 1602 quam
1342 1567 1482 1602 purissimis
1500 1566 1631 1594 uirtutibus
1650 1567 1811 1602 pollicentur,

1022 1611 1096 1639 etiam
1113 1611 1167 1639 hazc
1177 1612 1309 1639 stacularia
1321 1617 1346 1639 et
1359 1613 1499 1639 necessario
1512 1612 1556 1648 qui
1570 1612 1623 1639 nati
1634 1620 1721 1639 sumus
1739 1620 1813 1639 euen-

1022 1661 1079 1685 tura
1091 1658 1215 1693 mitigare.
1229 1657 1263 1684 Et
1277 1666 1339 1684 usus
1352 1666 1378 1685 es
1396 1657 1551 1685 validissimo
1577 1658 1691 1693 exemplo
1705 1658 1811 1686 recentis

1022 1702 1184 1737 calamitatis,
1203 1711 1253 1738 quo
1268 1703 1324 1730 licet
1338 1704 1482 1738 ﬁrmissime
1494 1712 1596 1731 causam
1613 1704 1757 1736 municeris,
1771 1708 1811 1731 ta-

1022 1758 1079 1776 men
1093 1750 1115 1777 si
1127 1751 1249 1777 utrumuis
1273 1749 1391 1783 licuisset,
1415 1750 1443 1777 id
1456 1750 1501 1777 tibi
1513 1751 1643 1778 nolueram
1662 1750 1812 1786 suffragari.

1023 1794 1076 1823 Sed
1089 1795 1190 1831 quando
1203 1799 1258 1822 orta
1271 1795 1330 1822 inde
1349 1797 1433 1831 fuerat
1453 1796 1679 1823 convincendorum
1696 1795 1812 1823 stultitia

1021 1840 1136 1876 querela,
1160 1848 1258 1868 necesse
1280 1840 1328 1876 fuit
1348 1841 1408 1868 inde
1427 1846 1575 1878 argumenta
1597 1841 1706 1869 veritatis
1726 1848 1811 1869 accer-

1022 1894 1085 1914 scrc.

1057 1932 1084 1960 5.
1098 1931 1161 1959 Haec
1172 1932 1272 1960 interim
1289 1937 1424 1968 occupatus
1437 1932 1495 1960 aliis
1506 1932 1583 1965 curis,
1602 1940 1659 1968 qua
1677 1932 1723 1960 etsi
1741 1940 1813 1960 vana

1021 1982 1089 2010 sunt,
1106 1986 1164 2005 cum
1177 1986 1260 2005 rerum
1272 1979 1367 2005 anitum
1382 1978 1531 2014 cogitamus,
1546 1983 1628 2005 tamen
1642 1979 1714 2013 quasi
1727 1986 1812 2006 neces-

1022 2024 1096 2051 sariw
1106 2031 1152 2059 pro
1162 2023 1279 2051 nascendi
1291 2024 1441 2058 conditione,
1452 2024 1579 2058 rescripsi.
1593 2024 1625 2052 Si
1637 2024 1716 2051 otium
1736 2025 1812 2059 fuerit

1022 2073 1047 2096 et
1060 2074 1185 2104 superstes
1199 2069 1260 2101 vita,
1279 2069 1355 2096 etiam
1368 2070 1399 2096 de
1418 2069 1497 2096 Italia
1519 2070 1663 2103 rescribam,
1687 2074 1715 2096 ut
1736 2074 1813 2097 tanta:

1024 2114 1145 2141 doctrinm
1157 2122 1221 2150 opus
1234 2113 1334 2148 debitis,
1345 2115 1391 2141 etsi
1404 2122 1453 2141 non
1466 2114 1686 2149 satisfacientibus,
1700 2123 1814 2142 remune-

1022 2165 1093 2187 retur
1113 2161 1208 2195 oﬂiciis.
1231 2160 1387 2188 Incolumem
1408 2160 1539 2196 lartamquc
1560 2160 1724 2189 Sanctitatem
1741 2164 1811 2188 tuam

1023 2205 1093 2233 Deus
1106 2205 1263 2241 omnipotens
1273 2213 1326 2233 two
1337 2205 1479 2241 largissimo
1488 2210 1595 2240 tueatur,
1612 2205 1712 2233 domins
1724 2206 1813 2234 merito

1024 2251 1205 2286 desiderabilis,
1213 2258 1237 2279 ct
1248 2260 1305 2279 uere
1317 2252 1476 2287 suspiciende
1484 2256 1564 2288 pater.

1265 2307 1427 2337 EPISTOLA
1447 2308 1513 2336 CLV
1523 2308 1572 2344 (ι).

1024 2353 1179 2391 Augustinus
1192 2353 1353 2388 Macedonio,
1362 2354 1453 2381 docens
1468 2355 1543 2381 vitam
1552 2354 1649 2382 beatam
1662 2360 1686 2382 ct
1699 2354 1815 2382 uirtutem

1232 2408 1317 2428 verum
1330 2408 1380 2427 non
1389 2408 1442 2427 esse
1455 2400 1503 2427 nisi
1514 2408 1530 2427 a
1543 2399 1607 2427 Deo.

1025 2458 1193 2487 Auensrmus
1225 2458 1387 2492 episcopus,
1417 2456 1531 2484 famulus
1560 2456 1658 2485 Christi
1683 2456 1814 2484 familia:-

1060 2512 1114 2540 que
1131 2504 1202 2540 ejus,
1217 2503 1313 2532 dilecto
1327 2503 1381 2531 ﬁlio
1398 2503 1565 2537 MACEDONIO,
1587 2503 1614 2531 in
1631 2502 1744 2530 Domino
1763 2509 1791 2529 ss
1802 2517 1814 2522 -

1061 2552 1155 2580 lutem.

1062 2597 1176 2627 CAPUT
1189 2596 1376 2626 PRIMUM.—
1385 2597 1411 2625 i.
1427 2596 1554 2630 Quamvis
1567 2595 1722 2631 sapientiam
1736 2602 1814 2631 quam

1027 2645 1093 2673 mihi
1105 2644 1208 2678 tribuis,
1224 2644 1251 2672 in
1264 2651 1307 2672 me
1320 2651 1373 2671 non
1385 2650 1538 2679 agnoscam,
1555 2646 1634 2670 tanta:
1647 2647 1735 2670 tamen
1749 2649 1812 2677 erga

1028 2699 1072 2720 me
1080 2690 1272 2720 benevolentia:
1285 2694 1337 2718 tua:
1350 2694 1457 2725 tamque
1473 2689 1584 2717 sincerxe
1597 2688 1695 2724 gratias
1707 2695 1757 2723 ago
1769 2687 1817 2715 de-

1028 2738 1132 2773 beoque
1141 2737 1266 2773 plurimas
1275 2745 1283 2770 ;
1293 2741 1320 2765 et
1327 2743 1447 2764 meorum
1458 2734 1605 2763 studiorum
1614 2734 1719 2762 labores
1730 2733 1774 2761 tali
1786 2740 1818 2761 ac

1030 2788 1103 2812 tanto
1109 2784 1166 2812 viro
1173 2783 1302 2819 placuisse
1310 2782 1443 2811 delector:
1454 2781 1537 2810 multo
1544 2788 1608 2809 vero
1614 2779 1737 2815 amplius,
1746 2777 1817 2814 quod

1062 2852 1071 2886 ξ
1089 2850 1298 2886 μιιαθωυᾷοῑιίδι,
1332 2881 1349 2886 Α.
1368 2881 1381 2886 ..
1402 2867 1416 2886 .'
1436 2884 1450 2886 ς
1472 2880 1478 2886 -

1061 2876 1758 2945 sa

1107 2914 1169 2950 alios
1179 2908 1223 2939 εἴθε
1233 2919 1289 2947 qua
1299 2916 1381 2939 autem
1393 2912 1438 2938 £55
1449 2908 1512 2943 erat,
1524 2908 1588 2937 nunc
1598 2909 1652 2940 Ἀθ.
1665 2908 1754 2942 Scipio
1767 2910 1821 2942 post

1026 2951 1192 2979 supermeat.
