4112 6346
535 396 646 452 667)

526 515 762 574 animum
783 525 938 572 tuum
956 515 1220 574 claritate
1240 513 1632 572 mentitatiset
1649 511 1918 582 veritatis,
1945 517 2122 576 atque,

527 612 694 679 ipsius
713 609 988 665 eharitatis
1013 609 1259 664 allectum
1283 606 1476 663 divina
1499 605 1574 662 illi
1593 604 1900 674 ctelestique
1931 603 2117 670 reipth

529 701 699 767 biit-te,
751 701 904 770 cujus
949 709 1197 770 regnator
1232 709 1314 754 est
1353 698 1595 757 Christus
1625 737 1642 762 ,
1683 706 1736 752 et
1777 695 1832 751 in
1862 710 1961 766 qua
1993 693 2118 752 sola.

528 808 741 862 semper
777 792 1034 859 beateque
1077 790 1363 846 vivendum
1412 798 1511 854 est,
1545 789 1589 850 si
1631 797 1776 843 recte
1806 786 1894 841 hic
1918 785 2116 854 pieque.

529 887 755 951 vivatur,
798 900 1029 954 agnosco
1077 885 1391 950 inhiantem,
1442 882 1597 938 video
1639 880 2105 954 prepiuquantem,

530 977 749 1047 ejusque
779 976 1044 1045 potiundaa
1075 977 1366 1046 amplector
1399 977 1693 1036 ardentem.
1745 974 1872 1030 Inde
1915 974 2116 1044 quippe

532 1077 715 1122 manat
737 1069 893 1124 etiam
921 1083 1044 1123 vera
1074 1067 1324 1131 amicitia,
1361 1083 1466 1138 non
1495 1067 1761 1137 pensanda
1793 1065 2116 1136 temporalia.

530 1159 630 1218 bus
655 1159 966 1224 commodis,
997 1159 1092 1215 sed
1132 1160 1361 1229 gratuito
1403 1173 1586 1215 amore
1616 1158 1849 1228 putanda
1872 1159 1909 1211 ί.
1941 1156 2110 1214 Nemo

533 1251 674 1310 enim
703 1260 875 1322 potest
899 1253 1158 1308 veraciter
1183 1253 1385 1306 amicus
1411 1261 1533 1308 esse
1556 1251 1806 1316 hominis,
1849 1251 1950 1305 nisi
1989 1250 2112 1308 foe-1

529 1344 598 1398 rit
624 1344 788 1416 ipsius
814 1344 1058 1412 primitus
1079 1345 1316 1399 veritatis
1344 1360 1359 1398 :
1395 1343 1535 1414 quod
1573 1347 1619 1399 si
1665 1344 1830 1415 gratis
1858 1359 1964 1400 non
1993 1343 2112 1410 fiat,

530 1434 676 1490 nullo
704 1435 814 1489 fieri
845 1444 998 1503 pacto
1028 1445 1223 1504 potest.
1660 1486 1662 1488 ,
2105 1485 2112 1493 .

599 1525 652 1579 ‘2.
698 1527 770 1580 De
785 1543 884 1596 qua
913 1543 970 1582 re
993 1528 1152 1584 etiam
1186 1527 1482 1598 philosophi
1503 1527 1681 1584 multa
1707 1527 1987 1593 dixerunt;
2016 1527 2112 1585 sed

530 1617 668 1688 apud
697 1634 790 1673 eos
820 1634 942 1672 vera
986 1620 1172 1689 pietas,
1219 1620 1267 1672 id
1308 1628 1386 1672 est
1413 1634 1570 1674 verax
1620 1619 1733 1674 veri
1773 1619 1867 1675 Dei
1912 1620 2112 1695 cultus,

531 1712 672 1768 unde
715 1713 890 1766 omnia
937 1723 1081 1767 recte
1120 1711 1330 1775 vivendi
1370 1712 1491 1766 duci
1539 1721 1750 1780 oportet
1777 1711 1972 1778 ofﬁcia,
2005 1728 2108 1770 non

532 1803 799 1858 invenitur
828 1819 843 1858 :
875 1819 976 1858 non
1008 1804 1077 1858 ob
1102 1803 1265 1871 aliud,
1291 1813 1546 1873 quantum
1577 1804 1834 1872 intelligo,
1865 1805 1964 1858 nisi
1990 1803 2111 1873 quia

531 1893 738 1948 beatam
769 1894 931 1948 vitam
959 1893 1060 1964 ipsi
1087 1894 1188 1948 sibi
1216 1893 1608 1963 quodammodo
1639 1893 1896 1950 fabricare
1927 1894 2110 1953 voluee

532 1993 674 2052 ruut,
705 1985 984 2054 potiusque
1016 1985 1325 2054 patrandatn
1352 2000 1509 2055 quam
1539 1985 1926 2053 impetrandam
1957 1993 2112 2054 potae

531 2084 748 2141 verunt;
777 2091 896 2130 cum
918 2077 1032 2145 ejus
1057 2074 1211 2133 dator
1233 2091 1337 2134 non
1360 2077 1428 2132 sit
1455 2077 1555 2130 nisi
1583 2077 1741 2130 Deus.
1771 2076 1950 2146 Neque
1969 2077 2112 2154 enim

533 2168 657 2245 facit
684 2168 892 2222 beatum
922 2169 1211 2235 hominem,
1241 2169 1340 2226 nisi
1380 2170 1468 2238 qui
1504 2168 1628 2222 fecit
1659 2169 1948 2226 hominem.
1983 2167 2113 2228 Nam

532 2259 622 2328 qui
651 2268 792 2316 tanta
821 2269 1080 2316 creaturae
1105 2275 1216 2316 sua:
1243 2261 1379 2316 bona
1407 2260 1561 2314 bonis
1591 2261 1849 2329 malisque
1873 2259 2112 2328 largitur,

532 2360 590 2405 ut
616 2352 750 2417 sint,
771 2360 828 2405 ut
855 2352 1096 2406 homines
1125 2353 1253 2418 sint,
1282 2363 1341 2406 ut
1364 2353 1606 2421 vigentes
1635 2352 1902 2414 sensibus,
1935 2350 2116 2412 veleri-,-

535 2451 616 2496 tes
660 2441 1223 2506 viribus,,aflluentes
1269 2441 1460 2510 Opibus
1503 2442 1646 2506 sint;
1677 2441 1914 2509 seipsum
1965 2425 2116 2509 bonis

531 2532 678 2588 dabit
707 2543 764 2588 ut
787 2533 924 2590 beati
954 2535 1090 2601 sint,
1121 2535 1241 2602 quia
1272 2533 1388 2603 ejus
1417 2533 1576 2592 etiam
1603 2533 1704 2588 hoc
1729 2548 1922 2588 munus
1951 2542 2032 2588 est
2063 2543 2118 2588 ut

533 2623 659 2682 boni
685 2626 809 2678 sint.
842 2626 918 2680 llli
958 2641 1084 2680 vero
1113 2627 1202 2695 qui
1238 2609 1288 2680 in
1319 2626 1418 2693 hac
1441 2641 1739 2680 aerumnasa
1765 2626 1905 2692 vita,
1935 2626 1985 2679 in
2031 2625 2118 2692 his

531 2718 866 2774 moribundis
901 2703 1187 2786 membris,
1230 2717 1330 2773 sub
1376 2717 1474 2774 hac
1513 2718 1717 2771 sarcina
1757 2717 2117 2786 corruptibilis

533 2795 743 2874 carnis,
779 2818 1022 2862 auctores
1058 2823 1168 2863 suae
1197 2799 1364 2864 beata:
1398 2809 1520 2862 vita:
1547 2818 1603 2862 et
1635 2809 1783 2878 quasi
1814 2808 2117 2880 conditores

531 2915 662 2966 esse
682 2901 982 2966 voluerunt,
1005 2901 1148 2971 velut
1163 2901 1392 2970 propriis
1421 2915 1538 2955 eam
1561 2899 1846 2953 virtutibus
1866 2910 2121 2970 appetet).-

529 2997 640 3054 .les,
663 2990 878 3061 jamque
908 2991 1217 3056 retinentes,
1253 3008 1355 3044 non
1386 2992 1453 3044 ab
1480 2991 1566 3044 illo
1595 2991 1735 3044 fonte
1758 2991 2005 3061 virtutum
2031 3007 2122 3062 pe-

528 3091 708 3164 =tentes
728 3093 886 3153 atque
906 3092 1200 3152 sperantes,
1229 3083 1392 3139 Deum
1419 3082 1680 3151 superbiae
1718 3097 1832 3136 suae
1869 3073 2120 3158 resisten-

525 3182 647 3232 .tem
695 3176 890 3229 sentire
939 3174 1158 3230 minime
1210 3183 1515 3246 potuerunt.
1574 3173 1726 3229 Unde
1774 3174 1826 3227 in
1876 3189 2118 3229 errorem

528 3269 976 3333 absurdissimum
1004 3268 1133 3338 lapsi
1164 3277 1320 3336 sunt;
1354 3276 1413 3324 ut
1455 3283 1576 3322 cum
1615 3276 1926 3322 asseverant
1959 3267 2120 3342 etiam

526 3361 595 3416 .in
622 3361 915 3427 Phalaridis
944 3372 1092 3415 tauro
1117 3361 1331 3416 beatum
1363 3374 1483 3414 esse
1511 3360 1802 3429 sapientem
1823 3400 1838 3426 ,
1867 3367 2124 3432 cogantur

527 3453 692 3518 fateri
721 3453 883 3507 vitam
909 3452 1116 3506 beatam
1138 3450 1420 3520 aliquando
1451 3465 1569 3506 esse
1598 3449 1916 3519 fugiendam.
1951 3449 2122 3518 Exag-

525 3545 738 3614 -gcratis
765 3545 906 3598 enim
936 3543 1090 3598 malis
1117 3543 1356 3612 corporis
1380 3541 1610 3609 cedunt,
1637 3549 1799 3610 atque
1837 3541 1890 3595 in
1937 3553 2123 3617 eorum

525 3634 802 3701 .niolestiis
833 3634 1160 3703 gravissimis
1199 3633 1590 3704 abscedendum
1621 3648 1685 3686 ex
1717 3633 1817 3686 hac
1852 3633 1957 3685 vita
2003 3645 2124 3688 esse

545 3725 862 3780 decernunt.
891 3723 992 3779 Ubi
1013 3725 1139 3778 nolo
1160 3723 1337 3777 dicere
1358 3731 1611 3790 quantum
1633 3724 1705 3777 sit
1724 3720 1872 3776 nefas
1892 3723 2125 3798 seipsum

525 3813 816 3882 hominem
842 3813 1085 3868 occidere
1111 3814 1396 3878 insontem,
1417 3827 1541 3867 cum
1563 3812 1780 3866 omnino
1807 3827 1911 3865 non
1935 3811 2128 3866 debeat

527 3907 632 3962 vel
662 3914 970 3972 nocentem;
1013 3905 1153 3959 unde
1195 3905 1250 3959 in
1297 3903 1470 3974 primo
1507 3903 1641 3958 libro
1690 3904 1849 3958 trium
1888 3903 2123 3968 illorum,

547 4012 682 4068 quos
716 3996 1104 4067 benignissime
1135 4004 1189 4052 et
1217 3995 1606 4051 studiosissime
1629 3995 1921 4066 perlegisti,
1963 3979 2128 4073 multa

543 4091 653 4160 jam
682 4091 909 4164 diximus
956 4089 1106 4160 (Lib.
1143 4092 1166 4146 1
1201 4090 1264 4144 de
1299 4088 1444 4144 Ciuit.
1472 4087 1603 4156 Dei,
1646 4105 1762 4158 cap.
1794 4088 1858 4142 i7
1883 4098 1928 4141 et
1958 4086 2124 4162 seqq).

545 4183 652 4248 Sed
679 4193 824 4238 certe
849 4182 1249 4248 consideretur,
1283 4196 1380 4238 nec
1407 4181 1638 4251 superbe
1665 4179 1758 4235 sed
1787 4179 1966 4235 sobrie
1987 4178 2128 4250 judi-

524 4283 699 4339 .-cetur
726 4274 992 4344 quomodo
1019 4276 1125 4328 vita
1152 4273 1304 4330 beata
1330 4274 1419 4342 sit,
1445 4287 1546 4344 qua
1576 4287 1679 4328 non
1708 4272 1922 4344 sapiens
1954 4280 2131 4346 reten-

550 4375 602 4428 ta
643 4366 866 4433 fruitur,
900 4365 994 4421 sed
1043 4365 1204 4420 illatis
1240 4363 1342 4421 sibi
1367 4365 1612 4420 manibus
1638 4381 1822 4420 carere
1848 4363 2129 4437 compelli-

550 4467 654 4511 tur.
1015 4517 1020 4524 .
1847 4529 1850 4531 Δ
2081 4525 2085 4530 ⁸

625 4549 679 4602 3.
724 4548 816 4603 Est
837 4546 974 4616 apud
1005 4546 1336 4609 Ciceronem,
1370 4545 1422 4600 in
1452 4556 1708 4618 extrema,
1741 4555 1798 4600 ut
1829 4549 1954 4610 seis,
1979 4554 2130 4616 parte

552 4639 724 4712 quinti
762 4638 1178 4716 Tusculanarum
1219 4637 1339 4692 libri
1380 4637 1560 4704 locus,
1592 4647 1806 4708 propter
1835 4638 1975 4709 quod
2013 4638 2132 4694 dico

557 4717 1075 4788 animadvertendus.
1118 4730 1252 4786 Cum
1303 4731 1443 4785 enim
1496 4729 1564 4784 de
1613 4729 1848 4785 czecitate
1895 4731 2132 4799 corporis

552 4833 735 4894 ageret
765 4863 782 4890 ,
824 4832 981 4892 atque
1013 4819 1301 4875 affirmaret
1333 4820 1490 4876 etiam
1531 4835 1731 4875 caecum
1769 4820 1978 4874 beatum
2014 4835 2134 4876 esse

514 4910 516 4912 ’
555 4923 714 4990 passe
740 4917 1052 4986 sapientem,
1076 4914 1240 4969 multa
1261 4914 1393 4969 dixit
1414 4930 1527 4985 qua:
1553 4929 1647 4984 per
1662 4928 1817 4968 aures
1840 4901 2136 4983 percipien-

555 5009 628 5064 do
653 5009 924 5080 gauderet.
957 5009 1193 5079 Itemque
1219 5008 1263 5061 si
1286 5005 1476 5063 surdus
1506 5015 1666 5071 esset,
1693 5022 1753 5062 ea
1771 5006 1963 5077 quibus
1988 5007 2138 5062 oble-

557 5111 796 5157 ctaretur
819 5099 886 5155 ad
915 5101 1098 5155 oculos
1129 5100 1418 5155 transtulit.
1441 5099 1495 5154 Si
1512 5108 1685 5153 autem
1717 5109 1940 5170 utroque
1975 5114 2136 5154 sensu

557 5191 871 5259 orbaretur,
899 5199 955 5246 et
986 5205 1160 5246 caecus
1189 5190 1482 5260 surdasque
1507 5189 1654 5244 ﬁeret
1678 5232 1692 5258 ,
1725 5205 1828 5244 non
1858 5201 1939 5246 est
1975 5207 2138 5248 ausus

560 5283 686 5341 hinc
719 5283 858 5340 ferre
902 5281 1252 5349 sententiam,
1288 5296 1517 5352 eumque
1557 5281 1767 5338 beatum
1797 5283 1996 5340 dicere.
2030 5284 2138 5340 Sed

563 5375 765 5432 addidit
783 5373 940 5431 etiam
969 5375 1179 5430 dolores
1203 5373 1545 5446 gravissimos
1574 5375 1812 5446 corporis
1837 5415 1853 5443 ,
1883 5377 1972 5444 qui
2013 5392 2135 5430 cum

564 5471 610 5525 si
637 5485 741 5525 non
773 5469 1159 5535 intercmerint,
1189 5468 1303 5539 ipse
1335 5483 1393 5524 se
1417 5468 1722 5532 interimat,
1753 5476 1807 5521 et
1833 5466 1898 5521 ad
1928 5476 2139 5539 portum

567 5573 673 5614 non
700 5560 960 5616 sentiendi
996 5558 1097 5615 hac
1123 5559 1374 5614 liberatus
1417 5559 1609 5612 virtute
1657 5558 1946 5628 perveniat.
1991 5560 2140 5616 Cedit

568 5651 725 5722 igitur
745 5651 955 5722 sapiens
995 5649 1393 5716 immanissimis
1421 5649 1658 5716 cladibus
1693 5657 1852 5721 atque
1897 5667 2143 5708 succum-

589 5786 1216 5860 .‘Ideqpotiatdmttss.
1254 5783 2192 5860 ιωᾱωίαροιαηάωωοαοωακ

570 5849 738 5901 tande.

1719 441 1722 446 .
1755 393 1811 452 8.
1855 386 2213 450 \ilf’CSTlNl
2251 389 2554 454 EPISCOPI

2209 511 2304 571 hit.
2327 512 2377 570 in
2399 522 2600 570 tantum
2623 525 2679 572 ut
2702 517 2780 574 eis
2799 525 3017 588 cogatur
3037 524 3090 574 et
3109 517 3160 574 in
3183 517 3415 596 seipsum
3432 516 3778 596 homicidium
3803 581 3805 588 ,

2210 615 2532 676 perpetrare.
2567 606 2664 663 Cui
2699 610 2807 680 jam
2841 620 3024 684 parcat
3050 620 3106 665 ut
3131 611 3232 665 illis
3266 595 3445 667 careat
3482 612 3664 679 malis,
3691 616 3789 686 qui

2209 698 2308 774 sibi
2340 699 2452 769 ipse
2481 716 2585 778 non
2617 703 2781 771 parcit
2813 702 3017 758 iCerte
3042 718 3252 774 semper
3282 703 3468 760 beatus
3490 689 3608 768 esti,
3636 690 3802 762 certe,

2211 791 2419 870 beatam
2455 793 2612 848 vitam
2651 794 2704 849 in
2729 810 2822 848 sua
2862 804 3120 867 potestate
3154 795 3532 865 constitutam,-
3563 795 3704 851 nulla
3735 799 3794 853 vi

2210 893 2385 954 potest
2414 885 2570 941 ullius
2595 887 2908 942 calamitatis
2934 888 3194 942 amittere.
3229 887 3364 943 Ecce
3391 887 3445 943 in
3473 889 3712 944 crecitate
3733 891 3791 945 et

2212 978 2468 1052 surditate
2516 987 2570 1034 et
2614 980 2959 1036 atrocissimis
3009 980 3326 1036 cruciatibus
3387 981 3643 1050 corporis,
3699 967 3804 1040 aut;

2212 1069 2388 1123 amisit
2426 1069 2634 1126 beatam
2678 1072 2870 1140 vitam;
2909 1081 2999 1127 aut
3034 1073 3079 1127 si
3117 1082 3170 1127 et
3199 1072 3252 1126 in
3277 1072 3392 1126 istis
3419 1061 3794 1129 afflictionibus

2213 1161 2387 1232 adhuc
2413 1161 2564 1217 beata
2601 1173 2711 1230 est,
2743 1165 2801 1219 fit
2836 1180 2930 1236 per
2963 1163 3324 1234 hujuscemodi
3359 1163 3794 1220 doctissimorum

2216 1252 2485 1309 hominum
2512 1255 2922 1324 disputationes,
2965 1265 3020 1310 ut
3063 1257 3132 1310 sit
3159 1254 3443 1324 aliquando
3488 1255 3641 1309 beata
3684 1257 3798 1308 vita

2214 1361 2371 1417 quam
2393 1346 2606 1415 sapiens
2640 1346 2778 1402 ferre
2803 1363 2907 1402 non
2937 1348 3138 1417 possit;
3168 1346 3272 1412 vel,
3309 1346 3448 1416 quod
3488 1335 3569 1399 est
3600 1346 3795 1398 absur-

2213 1436 2335 1494 dius
2355 1478 2369 1503 ,
2395 1452 2552 1510 quam
2582 1439 2792 1508 sapiens
2817 1437 2955 1493 ferre
2980 1453 3082 1492 non
3106 1438 3321 1502 debeat,
3352 1453 3574 1506 eamque
3606 1436 3797 1506 fugiat,

2214 1528 2513 1598 abrumpat,
2559 1530 2790 1598 abjiciat,
2826 1520 3048 1600 seseque
3091 1529 3158 1583 ab
3196 1543 3257 1583 ea
3300 1527 3443 1582 ferro
3477 1529 3655 1589 etiam,
3699 1511 3800 1581 svu'

2215 1609 2440 1686 veneno,
2473 1620 2559 1676 vel
2597 1620 2697 1675 alia
2740 1620 3034 1676 voluntaria
3081 1628 3251 1674 morte
3288 1605 3578 1683 subducat;
3632 1627 3688 1670 ut
3743 1618 3795 1669 in

2216 1701 2371 1786 portu
2416 1729 2523 1768 non
2562 1714 2822 1769 sentiendi
2873 1713 2951 1770 vel
3009 1712 3180 1766 nullus
3235 1710 3450 1765 omnino
3504 1709 3590 1776 sit,
3645 1709 3792 1779 quod

2217 1783 2486 1875 Epicurei,
2513 1811 2570 1861 et
2593 1806 2635 1862 si
2661 1806 2750 1876 qui
2770 1805 2858 1860 alii
2885 1801 3042 1860 simili
3065 1803 3306 1870 stultitia,
3333 1812 3540 1872 putavci
3558 1814 3681 1867 unt;
3716 1783 3802 1856 vel

2218 1898 2336 1968 ideo
2367 1899 2584 1965 beatus,
2629 1898 2877 1969 quoniam
2921 1898 3076 1952 fuerit
3112 1897 3178 1951 ah
3218 1898 3303 1950 illa
3346 1883 3493 1951 beata
3525 1897 3648 1961 vita,
3681 1887 3804 1953 tan?

2218 2005 2374 2062 quam
2410 1990 2478 2044 ab
2516 1989 2690 2058 aliqua
2717 1998 2866 2059 peste
2910 1988 3178 2043 liberatus.
3219 1987 3262 2042 Ο
3305 1987 3524 2040 nimium
3569 1979 3799 2056 superba

2215 2063 2462 2154 jactantia
2495 2081 2507 2134 Ξ
2535 2079 2589 2136 Si
2630 2080 2782 2154 beata
2815 2080 2918 2134 vita
2948 2088 3030 2133 est
3071 2077 3123 2132 in
3164 2077 3486 2133 cruciatibus
3531 2075 3799 2148 corporis,

2220 2153 2316 2228 cur
2345 2186 2448 2226 non
2469 2172 2520 2225 in
2547 2187 2605 2225 ea
2634 2180 2809 2225 manet
2834 2171 3046 2240 sapiens
3067 2181 3122 2224 ut
3147 2168 3387 2223 fruatur?
3416 2170 3460 2222 si
3486 2178 3663 2224 autem
3693 2171 3804 2224 mi-

2220 2247 2338 2318 sera
2362 2273 2442 2318 est
2463 2305 2477 2328 ,
2503 2263 2648 2334 quid,
2677 2265 2896 2318 obsecro
2926 2272 2997 2329 te,
3029 2263 3127 2318 nisi
3159 2263 3352 2334 typhus
3379 2262 3596 2334 impedit
3627 2278 3695 2316 ne
3722 2253 3807 2315 fa}

2223 2364 2413 2422 teatur,
2448 2370 2515 2412 ne
2541 2365 2653 2410 oret
2687 2356 2871 2420 Deum,
2904 2371 2969 2409 ne
2992 2356 3135 2424 justo
3157 2364 3210 2408 et
3235 2353 3565 2408 misericordi
3595 2353 3808 2422 suppli-

2221 2457 2338 2512 cet,
2369 2447 2456 2517 qui
2502 2456 2686 2516 potens
2727 2455 2890 2502 estet
2919 2447 3036 2499 vita}
3074 2447 3226 2515 hujus
3262 2445 3396 2500 mala
3431 2445 3512 2500 vel
3555 2433 3808 2502 avertere

2221 2537 2304 2591 vel
2330 2537 2569 2606 mitigare
2589 2577 2603 2600 ,
2633 2537 2709 2591 vel
2733 2537 2797 2591 ad
2826 2552 2885 2590 ea
2913 2537 3180 2591 toleranda
3219 2535 3526 2592 fortitudine
3553 2552 3769 2591 armare
3789 2578 3807 2605 ,

2222 2628 2309 2682 vel
2333 2628 2399 2682 ab
2425 2629 2502 2683 eis
2528 2628 2671 2681 omni
2699 2627 2856 2690 modo
2886 2628 3130 2693 liberare,
3148 2638 3198 2683 et
3229 2638 3349 2700 post
3375 2625 3490 2683 hinc
3512 2643 3641 2682 vere
3670 2619 3809 2682 bea-

2217 2731 2334 2802 itam
2356 2709 2515 2774 vitam
2538 2720 2697 2785 dare,
2730 2735 2834 2790 quo
2876 2719 3074 2773 nullum
3120 2720 3314 2774 malum
3370 2717 3701 2786 admittatur,
3755 2713 3812 2775 et

2215 2812 2314 2883 pubi
2340 2828 2605 2866 summum
2627 2813 2821 2866 bonum
2849 2827 3113 2882 nunquam
3143 2811 3453 2865 amittatur?

2296 2905 2349 2960 4.
2393 2904 2505 2960 Hoc
2532 2904 2738 2974 piorum
2758 2903 3030 2974 praemium
3058 2914 3157 2969 est,
3189 2905 3338 2972 cujus
3359 2899 3685 2971 adipiscendi
3708 2895 3809 2974 spe

2215 2998 2386 3068 vitam
2429 2995 2580 3048 istam
2622 2995 2962 3065 temporalem
3010 3003 3165 3064 atque
3211 2995 3522 3062 mortalem,
3555 3010 3658 3047 non
3701 2995 3813 3066 tam

2226 3077 2610 3142 delectabiliter
2654 3101 2812 3156 quam
2863 3083 3204 3139 tolerabiliter
3256 3077 3533 3150 ducimus,
3562 3091 3616 3138 et
3666 3081 3814 3144 mala

2228 3175 2344 3244 ejus
2373 3183 2498 3230 tunc
2523 3165 2660 3228 bono
2688 3173 2911 3228 consilio
2937 3184 2988 3229 et
3013 3174 3189 3227 diVino
3215 3188 3434 3228 munere
3454 3163 3660 3230 fortitci'
3678 3172 3812 3231 feri-

2229 3282 2367 3330 mus,
2389 3281 2509 3320 cum
2535 3266 2792 3320 bonorum
2824 3275 3142 3318 aeternorum
3164 3256 3302 3317 fideli
3331 3263 3422 3318 Dei
3452 3243 3812 3342 promissione

2211 3367 2283 3433 Aet
2309 3357 2452 3412 fideli
2481 3366 2661 3411 nostra
2702 3356 3095 3426 exspectatione
3124 3354 3430 3423 gaudemus.
3469 3339 3547 3408 Ad
3569 3341 3670 3406 ιιδο
3702 3345 3812 3433 illis

2229 3448 2539 3505 exhortatus
2559 3446 2828 3517 apostolus
2859 3445 3049 3500 Paulus
3070 3446 3161 3511 ait,
3183 3444 3285 3516 Spe
3303 3446 3574 3517 gaudentes
3593 3487 3608 3508 ,
3630 3433 3682 3496 iit
3715 3426 3814 3517 tri-

2231 3537 2484 3593 bulatione
2510 3515 2752 3610 patientes
2806 3535 2993 3610 (Rom.
3035 3553 3136 3601 xu,
3191 3515 3254 3588 12
3284 3515 3339 3608 )’;
3387 3519 3618 3590 οὲιόηιῖῑῐ
3659 3515 3812 3610 ειιιίξι

2230 3645 2398 3702 qUare
2424 3632 2477 3684 in
2506 3609 2823 3684 tribulatione
2848 3627 3116 3701 patientes,
3148 3625 3509 3699 praemittendo
3531 3669 3546 3694 ,
3567 3629 3659 3700 ape
3677 3609 3820 3698 g‘a’ii-

2232 3721 2421 3775 dentes.
2464 3719 2544 3776 Ad
2585 3719 2721 3776 hanc
2751 3738 2898 3792 spem
2925 3721 3175 3776 exhortor
3201 3738 3295 3793 per
3330 3719 3508 3775 Jesum
3536 3707 3818 3774 Christum

2235 3811 2513 3867 Dominum
2539 3811 2798 3868 nostrum.
2832 3813 2940 3868 Hoc
2969 3815 3107 3868 enim
3135 3814 3274 3868 Deus
3299 3815 3409 3882 ipse
3437 3811 3706 3894 magister,
3737 3799 3824 3894 lti-

2234 3914 2374 3960 tente
2402 3907 2678 3976 majeState
2703 3905 3009 3970 divinitatis,
3045 3913 3095 3959 et
3125 3905 3298 3959 cat-uis
3321 3887 3625 3958 infirmitaie
3645 3887 3822 3974 stipi-

2233 4007 2404 4063 rente,
2446 4013 2554 4052 non
2587 3997 2760 4051 solum
2802 3998 3064 4053 sermonis
3111 3995 3325 4051 oraculo
3375 3983 3574 4061 dociiit,‘
3613 3985 3821 4078 ‘i'eriibt

2233 4089 2390 4143 etiam
2419 4093 2526 4143 sua:
2552 4087 2815 4162 passionis
2848 4096 2903 4142 et
2943 4087 3348 4143 resurrectionis
3383 4072 3628 4153 exemplo
3657 4072 3826 4138 robo-

2233 4181 2388 4236 ravit.
2413 4181 2472 4235 In
2497 4180 2659 4235 altera
2683 4181 2825 4235 enim
2851 4179 3024 4249 qualia
3066 4179 3311 4244 tolerare,
3353 4175 3404 4230 in
3431 4177 3597 4229 altera
3641 4173 3823 4246 qualia

2234 4271 2520 4326 debeamus
2564 4281 2781 4340 Sperare
2821 4267 3152 4323 monstravit.
3183 4263 3340 4334 Cujus
3381 4276 3434 4320 et
3477 4263 3552 4320 illi
3581 4265 3824 4339 gratiam

2234 4372 2586 4430 mererentur,
2622 4362 2723 4416 nisi
2757 4361 2882 4415 elati
2931 4357 3200 4428 iullatique
3247 4357 3490 4427 superbia
3514 4398 3528 4422 ,
3587 4353 3828 4410 inaniter

2237 4469 2555 4512 conarentur
2584 4456 2739 4510 istam
2767 4456 2927 4509 vitam
2950 4454 3155 4508 beatam
3185 4450 3282 4520 ipsi
3299 4448 3399 4508 sibi
3428 4452 3603 4508 facere
3626 4493 3642 4518 ,
3671 4451 3828 4522 quod

2235 4551 2383 4605 solus
2403 4550 2544 4604 Deus
2576 4548 2832 4603 veraciter
2857 4546 3146 4602 cultoribus
3174 4544 3286 4599 suis
3303 4583 3318 4612 ,
3346 4552 3464 4613 post
3487 4543 3629 4598 hanc
3654 4545 3828 4604 vitam

2233 4657 2296 4698 se
2320 4642 2630 4712 largiturum
2668 4655 2788 4696 esse
2827 4639 3086 4710 promisit.
3128 4637 3319 4694 Sanior
3341 4635 3540 4707 quippe
3567 4645 3653 4708 est
3679 4636 3832 4708 ejus-

2235 4733 2358 4789 dem
2378 4731 2647 4788 Ciceronis
2667 4730 2753 4788 illa
2774 4730 3030 4797 sententia
3049 4767 3064 4793 ,
3089 4727 3178 4784 ubi
3196 4729 3293 4782 ait:
3316 4725 3570 4800 Nam/iter;
3589 4727 3690 4780 uita
3709 4726 3836 4797 qui-

2238 4825 2350 4878 dem
2376 4841 2508 4878 mora
2537 4832 2606 4878 est
2626 4864 2640 4889 ,
2670 4839 2820 4892 quam
2855 4821 3118 4875 lamentari
3147 4835 3374 4888 possem,
3402 4810 3447 4871 ii
3475 4816 3647 4872 liberet
3688 4816 3829 4890 (Cic.

2200 4928 2202 4930 ’
2237 4918 2292 4975 in
2317 4916 2471 4992 Tusc.
2493 4916 2730 4988 Quam).
2762 4913 3039 4981 Quomodo
3065 4928 3192 4984 ergo
3218 4911 3267 4970 si
3294 4921 3436 4982 recte
3461 4911 3830 4990 lamentatur,

2240 5009 2392 5064 beata
2436 5007 2844 5077 comprobatur;
2890 5018 2954 5062 ac
3006 5019 3111 5059 non
3155 5003 3328 5073 potius
3375 5001 3631 5077 quoniam
3675 5011 3834 5057 recte

2193 5153 2195 5156 .
2240 5100 2581 5170 lamentatur,
2603 5101 2797 5156 misera
2815 5113 2934 5155 esse
2958 5096 3322 5154 convincitur?
3342 5094 3518 5165 Quare
3541 5109 3834 5173 assuesce,

2241 5199 2463 5253 obsecro
2492 5203 2565 5262 te,
2589 5192 2673 5246 vir
2701 5191 2857 5256 bone,
2885 5190 3073 5245 beatus
3101 5202 3216 5262 esse
3254 5186 3466 5242 interim
3497 5201 3623 5256 spe,
3656 5196 3715 5240 ut
3747 5187 3839 5244 sis

2242 5290 2399 5346 etiam
2427 5303 2512 5353 re,
2545 5301 2665 5340 cum
2706 5284 2883 5354 pietati
2927 5261 3467 5354 perseverantissime:
3497 5279 3845 5340 retribuam!-

2242 5393 2447 5436 merces
2476 5375 2736 5433 felicitatis
2765 5383 2998 5428 aeterna.
3535 5411 3538 5416 .

2314 5469 2539 5528 CAPUT
2577 5468 2641 5524 ll.
2662 5465 2802 5524 —5.
2831 5465 2886 5523 Si
2916 5466 3114 5537 prolixa
3138 5465 3356 5536 eplstola
3392 5461 3652 5522 onerastis
3679 5459 3843 5537 sum,

2247 5574 2356 5621 tute
2395 5563 2498 5618 hoc
2534 5560 2754 5616 intulisti
2794 5559 2906 5626 tibi,
2939 5559 3027 5629 qui
3063 5573 3147 5613 me
3186 5560 3477 5629 sapientein
3517 5558 3844 5628 appellasti.

2247 5657 2380 5712 Hinc
2404 5655 2547 5712 enim
2576 5667 2739 5708 ausus
2766 5666 2882 5706 sum
2913 5649 3029 5706 haec
3056 5649 3123 5706 ad
3148 5657 3199 5706 te
3221 5649 3382 5721 loqui,
3407 5657 3462 5704 ut
3488 5638 3578 5704 tibi
3608 5651 3850 5720 sapien-

2248 5748 2394 5812 tiam,
2419 5759 2523 5800 non
2554 5741 2720 5813 qualis
2749 5740 2877 5794 tuihi
2903 5741 2990 5806 sit,
3020 5725 3361 5806 ostentarem,
3389 5737 3482 5794 sed
3510 5737 3686 5809 qualis
3708 5754 3856 5799 esse

2249 5841 2440 5898 debeat
2462 5835 2816 5895 ostenderem.
2839 5833 2967 5892 Haec
2989 5839 3070 5892 est
3084 5841 3259 5892 autem
3279 5833 3332 5892 in
3629 5836 3861 5926 saeculo
