4154 6354
349 463 458 527 669

343 581 512 646 verus
553 589 660 646 veri
703 589 793 646 Dei
842 591 1032 656 cultus,
1082 599 1136 645 ut
1169 591 1237 646 sit
1277 590 1389 664 ejus
1427 591 1479 646 in
1525 591 1698 646 futuro
1739 592 1932 662 saeculo

352 691 543 738 certus
571 693 727 754 atque
765 685 968 754 integer
1001 683 1217 738 fructus.
1253 685 1346 738 llic
1375 683 1794 738 conslanlissima
1823 686 1934 754 pie-

351 785 454 842 tas,
495 774 564 830 ibi
611 777 929 846 sempiterna
974 777 1210 832 felicitas.
1241 777 1318 832 Ex
1351 779 1448 832 ista
1497 777 1771 848 sapientia,
1815 793 1930 848 qua:

349 879 452 920 una
481 880 604 920 vera
634 875 730 930 est,
762 866 804 918 si
831 865 953 936 quid
982 865 1176 934 habeo,
1205 883 1234 922 a
1262 869 1369 924 Deo
1395 870 1592 939 sumpsi
1611 911 1624 932 ,
1653 883 1756 923 non
1785 885 1814 922 a
1847 883 1931 942 me

344 958 694 1028 przesumpsi;
725 967 882 1030 atque
909 959 973 1012 ab
1001 960 1084 1012 illo
1116 959 1164 1013 in
1197 975 1278 1014 me
1303 961 1480 1036 perlici
1505 961 1730 1016 ﬁdeliter
1746 977 1922 1036 spero,

343 1067 372 1104 a
404 1065 510 1122 quo
539 1050 841 1106 inchoatum
882 1067 998 1106 esse
1041 1051 1308 1106 humiliter
1343 1035 1574 1122 gaudeo;
1615 1069 1711 1108 nec
1759 1054 1812 1108 in
1862 1069 1925 1126 co

344 1141 487 1216 quod
515 1141 688 1197 adlmc
715 1159 820 1197 non
848 1143 1062 1198 donavit
1097 1145 1395 1200 incredulus
1415 1186 1429 1208 ,
1465 1160 1560 1200 nec
1591 1145 1640 1200 in
1681 1161 1744 1200 eo
1783 1145 1924 1218 quod

337 1235 448 1306 jam
478 1235 692 1288 donavit
727 1235 978 1304 ingratus.
1009 1235 1124 1292 Non
1167 1237 1305 1292 enim
1347 1253 1463 1292 meo
1491 1238 1572 1293 vel
1601 1239 1810 1308 ingenio
1839 1239 1920 1292 vel

340 1328 556 1394 merito,
581 1329 670 1384 scd
700 1329 815 1399 ejus
843 1330 982 1384 dono
1009 1347 1146 1396 sum,
1181 1332 1224 1386 si
1256 1331 1378 1402 qttid
1408 1329 1740 1387 laudabiliter
1777 1347 1916 1387 sum.

341 1418 472 1472 Nam
516 1421 754 1490 qumdam
796 1422 1098 1476 acutissima
1138 1431 1193 1476 et
1226 1423 1665 1478 excellentissima
1712 1425 1916 1492 ingenia

343 1519 488 1565 tanto
520 1514 570 1570 in
601 1513 830 1584 majores
855 1529 1064 1568 errores
1101 1513 1302 1576 ierunt,
1336 1523 1530 1584 quanto
1561 1501 1916 1584 prarlidentius

341 1611 591 1672 tanquam
622 1605 734 1658 suis
763 1603 960 1658 viribus
989 1613 1364 1668 cucurrerunt,
1401 1619 1496 1660 nec
1525 1605 1828 1675 suppliciter
1853 1621 1916 1660 ac

336 1693 598 1748 veraciter
623 1693 824 1758 Deum,
854 1703 915 1748 ut
947 1693 1044 1748 sibi
1075 1695 1211 1748 viam
1239 1695 1566 1758 ostenderet,
1595 1687 1910 1766 petiverunt.

335 1781 520 1837 Merita
545 1799 668 1838 vero
695 1784 1334 1852 quorumlibethotninum
1356 1801 1473 1855 qum
1489 1795 1642 1852 sunt;
1672 1787 1914 1860 quando-3

335 1875 552 1946 quidem
597 1877 680 1932 ille
705 1918 719 1946 ,
753 1877 839 1946 qui
869 1895 972 1932 non
1001 1893 1118 1932 cum
1151 1877 1396 1934 mercede
1426 1877 1632 1954 debita,
1664 1879 1756 1934 sed
1790 1895 1914 1952 cum

333 1968 560 2038 gratuita
589 1967 752 2038 gratia
779 1970 939 2034 venit,
969 1985 1150 2025 omnes
1173 1980 1476 2046 peccatores
1504 1972 1647 2028 solus
1671 1989 1700 2026 a
1725 1989 1912 2043 pecua:

333 2059 398 2111 tis
427 2058 560 2113 liber
583 2067 736 2128 atque
765 2061 1017 2116 liberator
1047 2061 1276 2116 invenit?

404 2149 456 2203 6.
500 2150 552 2205 Si
596 2166 719 2220 ergo
759 2166 853 2204 nos
894 2152 1063 2208 virtus
1091 2168 1214 2208 vera
1249 2152 1496 2218 delectat,
1536 2153 1585 2208 ei
1625 2153 1860 2210 dicamus
1889 2177 1912 2226 ,;

329 2239 470 2312 quod
499 2241 548 2294 in
572 2241 682 2312 ejus
709 2243 874 2298 sacris
903 2243 1114 2298 Litteris
1145 2245 1364 2314 legimus
1385 2286 1400 2310 ,
1431 2245 1652 2316 Diligmn
1679 2257 1724 2300 te
1749 2287 1766 2312 ,
1797 2247 1908 2299 Do-

328 2335 492 2402 mine,
520 2334 674 2388 virtus
699 2351 808 2388 mea
836 2333 1002 2404 (Psal.
1031 2352 1159 2402 xvn,
1192 2335 1247 2408 2)
1271 2355 1282 2388 :
1317 2345 1368 2390 et
1393 2337 1434 2390 si
1474 2353 1596 2392 vere
1625 2337 1764 2391 beati
1789 2353 1912 2406 esse

325 2425 572 2481 volumus
592 2425 754 2495 (quod
773 2427 910 2482 nolle
927 2441 1028 2482 noo
1053 2427 1373 2500 pessumus),
1401 2429 1450 2482 id
1474 2429 1612 2500 quod
1637 2429 1686 2482 in
1705 2430 1914 2498 eisdem

327 2515 542 2572 Litteris
567 2515 863 2580 didicimus,
889 2517 988 2572 ﬁdo
1009 2519 1166 2574 corde
1193 2527 1486 2586 teneamus,
1509 2519 1694 2574 Beatus
1717 2522 1788 2575 vir
1811 2539 1904 2575 cu-

321 2610 408 2682 jus
435 2619 506 2664 est
527 2627 704 2664 nomen
730 2609 938 2664 Domini
975 2628 1088 2680 spes
1109 2613 1216 2682 ejus
1239 2653 1252 2677 ,
1282 2621 1328 2666 et
1362 2629 1461 2666 non
1499 2615 1717 2682 respexit
1741 2615 1788 2666 in
1820 2630 1906 2666 va-

325 2701 503 2755 nitates
525 2711 568 2755 el
597 2703 819 2756 insanias
855 2703 1114 2758 mendaces
1137 2701 1304 2773 (Paul.
1349 2720 1540 2768 xxnx,
1698 2705 1902 2772 Quanta

323 2801 404 2847 est
428 2801 600 2846 autem
629 2793 853 2860 vanitas,
883 2803 1074 2862 quanta
1105 2794 1336 2858 insania,
1366 2803 1726 2866 quantumque
1751 2812 1920 2866 men:

323 2885 551 2951 dacium,
580 2884 846 2940 hominem
874 2885 1150 2940 mortalem
1173 2926 1188 2950 ,
1216 2901 1564 2942 :rrumnosam
1594 2888 1756 2942 vitam
1783 2905 1900 2942 mu-

322 2977 470 3032 tabili
491 2987 544 3031 et
567 2979 752 3048 spiritu
774 2987 828 3032 et
853 2993 1010 3034 carne
1040 2979 1338 3044 ducentem,
1369 2987 1440 3035 tot
1463 2983 1690 3050 peccatis
1710 2997 1918 3052 onera:

323 3082 432 3126 tum
455 3114 473 3140 ,
505 3079 580 3129 tot
609 3073 985 3128 teutatiouibus
1019 3073 1308 3140 subditum,
1355 3082 1432 3128 tot
1472 3076 1902 3143 corruptiouilnts

320 3164 630 3232 obnoxium,
659 3167 934 3237 ptenisque
951 3166 1256 3236 justissimis
1282 3165 1624 3234 destinatmn,
1648 3168 1698 3220 in
1725 3168 1900 3236 seipso

321 3254 488 3312 lidere
527 3267 586 3312 ut
618 3257 800 3312 beatus
829 3259 916 3324 sit,
946 3257 1156 3330 quando
1197 3273 1264 3312 ne
1305 3258 1432 3312 illttd
1480 3259 1713 3330 quidem,
1759 3260 1898 3329 quod

318 3339 482 3410 habet
527 3349 578 3402 in
622 3359 822 3404 natura:
869 3366 978 3404 suae
1031 3349 1284 3420 dignitate
1331 3353 1672 3420 pra‘cipuum,
1727 3353 1778 3406 id
1815 3365 1922 3416 est.

314 3451 556 3497 mentem
573 3453 723 3516 atque
741 3445 1016 3510 rationem,
1037 3453 1208 3513 potest
1233 3444 1499 3500 vindicare
1521 3445 1588 3499 ab
1605 3446 1893 3514 erroribus,

315 3536 422 3590 nisi
475 3535 626 3600 Deus,
659 3537 798 3592 adsit
841 3538 928 3594 lux
982 3538 1276 3594 mentium]
1309 3538 1631 3607 Abjiciamus
1679 3539 1892 3610 itaque,

313 3627 540 3698 obsecro
569 3635 638 3692 te,
666 3628 916 3682 falsorum
949 3628 1378 3699 philosophorum
1410 3631 1668 3686 vanitates
1687 3641 1738 3687 et
1757 3633 1922 3696 illSﬂ-r,

315 3719 432 3772 nias
459 3719 742 3775 mendaces
777 3737 789 3772 :
819 3721 939 3790 quia
969 3735 1066 3776 nec
1095 3723 1259 3778 virtus
1285 3721 1435 3778 nobis
1461 3722 1562 3778 erit
1582 3763 1596 3786 ,
1633 3723 1734 3778 nisi
1759 3723 1898 3779 adsit

315 3809 428 3878 ipse
462 3825 568 3880 quo
583 3810 868 3879 juvetuur;
901 3827 998 3868 nec
1021 3812 1292 3868 beatitudo
1315 3853 1328 3876 .
1362 3814 1461 3867 nisi
1489 3814 1626 3868 adsit
1652 3815 1762 3884 ipse
1790 3799 1894 3885 quo

312 3901 586 3970 fruamur,
637 3913 690 3959 et
729 3913 892 3960 tottttu
929 3905 1182 3960 mutabile
1211 3913 1370 3974 atque
1409 3908 1750 3977 corruptibile
1793 3925 1892 3964 no-

311 4003 504 4062 strum,
535 3996 680 4068 quod
711 4013 803 4066 per
829 3997 1058 4066 seipsunt
1091 3997 1412 4052 imbecillum
1439 4007 1494 4054 et
1519 3999 1760 4068 quaadam
1781 4017 1920 4066 ma-_

312 4088 473 4142 teries
503 4089 836 4144 miseriarum
863 4098 944 4144 cst
967 4131 982 4158 ,
1010 4089 1150 4146 dono
1179 4091 1592 4146 immortalitatis
1623 4105 1782 4162 atque
1809 4094 1892 4148 iu-
1917 4153 1920 4156 _

310 4181 665 4250 corruptionis
685 4181 985 4236 absorbeat.

383 4271 434 4325 7.
477 4271 740 4338 Quoniam
765 4288 894 4328 vero
919 4282 971 4327 te
993 4271 1294 4342 reipublicae
1331 4273 1526 4328 scimus
1557 4281 1847 4330 amatorem
1869 4315 1886 4342 ,

308 4379 416 4420 non
435 4364 648 4420 aliunde
660 4379 778 4420 esse
797 4365 1008 4420 beatum
1031 4364 1322 4428 hominem,
1347 4365 1561 4420 aliunde
1581 4365 1844 4420 civitatem
1869 4408 1884 4434 ,

307 4455 428 4512 vide
457 4471 614 4525 quam
636 4457 706 4512 sit
727 4457 778 4512 iu
809 4457 910 4512 illis
937 4457 1100 4512 sacris
1125 4457 1340 4512 Litteris
1367 4457 1590 4512 clarum.
1612 4457 1744 4512 Nam
1767 4459 1886 4527 qui-

306 4547 426 4604 dam
461 4551 514 4604 in
540 4551 618 4606 eis
643 4559 828 4606 sancto
855 4551 1053 4620 Spiritu
1079 4550 1267 4619 plenus
1295 4551 1407 4606 lucc
1429 4551 1660 4622 loquitur
1679 4567 1838 4608 orans
1870 4569 1882 4606 :

306 4641 490 4698 Exime
511 4659 590 4696 me
608 4644 670 4696 de
695 4661 846 4698 manu
867 4645 1088 4714 ﬁliorum
1107 4642 1406 4708 alienorum,
1430 4661 1640 4714 quorum
1669 4663 1722 4698 os
1744 4647 1884 4700 locu-

305 4743 412 4788 tum
433 4743 506 4788 est
528 4736 816 4802 vanitatem,
845 4745 892 4790 et
925 4736 1130 4790 dextera
1155 4753 1324 4790 eorum
1351 4737 1556 4792 dextera
1587 4738 1882 4808 iniquitatis.

307 4825 535 4892 Quorum
565 4828 660 4896 ﬁlii
689 4829 820 4884 velut
846 4829 1053 4884 novella:
1073 4829 1398 4884 constabilita:
1421 4831 1474 4882 in
1489 4831 1748 4900 juventutc
1767 4849 1880 4886 sua.

303 4916 458 4972 Filia»:
487 4935 660 4974 eorum
684 4921 1006 4992 compositw,
1035 4931 1078 4976 et
1105 4933 1297 4976 ornata:
1319 4923 1445 4978 sicut
1469 4925 1740 4978 similitudo
1765 4937 1884 4980 tem-

299 5011 396 5082 pli.
421 5009 641 5066 Cellaria
661 5029 834 5067 eorum
861 5012 1030 5081 plena,
1053 5013 1330 5068 eructantia
1347 5030 1410 5068 ex
1425 5014 1522 5068 hoc
1547 5016 1598 5070 in
1619 5017 1734 5070 hoc.
1757 5016 1884 5072 Oves

297 5121 478 5160 eorum
517 5105 766 5175 fecundte,
807 5106 1196 5176 multiplicantes
1242 5107 1298 5160 in
1333 5107 1545 5162 exitibus
1579 5111 1713 5176 suis;
1739 5110 1884 5166 boves

297 5215 476 5252 eorum
501 5215 703 5253 crasste.
729 5197 852 5254 Non
873 5207 944 5254 est
971 5200 1122 5254 ruina
1149 5200 1398 5266 maceria,
1434 5217 1589 5270 neque
1621 5205 1880 5271 transitus,

298 5305 460 5359 neque
485 5290 679 5344 clamor
703 5291 756 5346 in
781 5291 960 5361 plateis
995 5307 1186 5346 eorum.
1217 5289 1428 5346 Beatum
1453 5291 1690 5348 dixerunt
1717 5311 1881 5366 popu-

300 5381 406 5438 ium
431 5382 514 5434 cui
543 5382 648 5438 hau:
671 5391 790 5436 sunt
815 5398 835 5438 ε
859 5382 1028 5438 beatus
1057 5381 1273 5453 papulas
1299 5383 1444 5454 cujus
1477 5383 1726 5440 Dominus
1747 5385 1882 5442 Deus

294 5471 466 5542 ipsius
485 5471 658 5545 (Psal.
677 5489 864 5542 exuti,
887 5473 1095 5546 ll-lii).

369 5567 428 5624 8.
468 5567 632 5625 Vides
667 5571 1074 5640 exaggeratione
1109 5578 1338 5628 terrenas
1375 5571 1639 5628 felicitatis
1665 5573 1881 5630 beatum

297 5659 560 5732 poptlltun
581 5675 690 5718 non
709 5661 839 5730 dici,
865 5663 968 5720 nisi
985 5677 1018 5720 ι
1043 5663 1166 5720 ﬁliis
1189 5663 1400 5732 alienis,
1433 5663 1488 5720 id
1509 5673 1596 5721 est
1623 5679 1730 5722 non
1757 5681 1882 5738 per—

293 5755 589 5812 tinentibus
611 5755 682 5813 ad
711 5759 1166 5828 regenerationem
1189 5775 1294 5832 qua
1331 5759 1594 5818 efficimur
1617 5763 1710 5820 ﬁlii
1741 5766 1834 5821 Dei
1861 5781 1876 5820 :

293 5863 328 5902 ε
363 5860 590 5916 quorum
627 5861 788 5902 manu
817 5849 916 5904 iste
935 5865 1006 5910 ,se
1031 5851 1188 5906 eximi
1223 5863 1486 5924 precatur,
1531 5869 1600 5912 ne
1626 5859 1696 5926 ab
1725 5857 1882 5915 eisin

294 5935 440 5994 hanc
464 5937 768 6008 opinionem
795 5950 951 6010 atque
983 5945 1030 5995 in
1063 5957 1276 6012 peccata
1317 5947 1474 6016 impia
1523 5961 1859 6019 pertt-anatur

1549 447 2002 520 EPSTOLAltUM
2041 459 2310 526 CLASSIS
2345 468 2430 526 ΙΙΙ.

3547 490 3613 540 τυ

2021 587 2328 676 ¹[ιοίμιεξιιάο
2357 596 2548 666 quippe
2575 599 2878 668 vanitatem,
2899 602 3098 660 beatum
3117 605 3348 664 dixerunt
3366 587 3608 681 papuiurn

2023 681 2120 772 cui
2139 683 2244 736 [nec
2262 695 2380 740 sunt
2407 703 2524 756 qua:
2543 705 2702 760 supra
2727 699 3158 754 commemoravit
3182 741 3198 766 ,
3226 701 3418 770 quibus
3435 718 3506 768 ea
3531 703 3608 772 ie-

2039 771 2208 828 licitas
2248 787 2453 834 constat
2493 797 2652 852 quam
2690 785 2856 840 solam
2883 787 3190 856 dilectores
3229 792 3382 862 hujus
3425 796 3604 852 mundi

2033 866 2318 940 inqttirunt.
2353 873 2422 928 Et
2455 875 2574 930 ideo
2603 876 2806 934 dextera
2845 897 3036 949 eorum,
3063 883 3267 940 dextera
3307 886 3601 956 iniquitatis,

2019 961 2154 1036 .quia
2199 963 2756 1054 luecprteposuerunt
2795 987 2914 1041 qua:
2959 974 3164 1030 fuerant
3202 978 3604 1046 postpoucnda,

2031 1051 2164 1106 sicut
2193 1055 2420 1110 sinistrae
2445 1051 2768 1128 praeponitur
2793 1063 3026 1132 dextera.
3055 1065 3110 1124 Si
3145 1069 3288 1122 enim
3318 1068 3604 1138 habentur,

2019 1160 2134 1220 non
2157 1148 2207 1202 iu
2237 1150 2313 1202 eis
2335 1149 2486 1228 beata
2509 1152 2610 1205 vita
2623 1155 2870 1224 ponenda
2893 1165 2973 1212 est
2997 1176 3008 1210 :
3035 1159 3242 1214 subdita
3267 1175 3385 1224 esse
3405 1160 3608 1216 debent

2021 1253 2132 1302 non
2175 1241 2424 1308 praedita;
2472 1248 2776 1312 sequentia,
2821 1263 2922 1302 non
2953 1251 3218 1306 ducentia.
3253 1253 3386 1306 lluie
3423 1262 3596 1308 autem

2021 1331 2110 1398 gul
2140 1329 2217 1384 sic
2241 1333 2457 1402 orabat,
2491 1343 2544 1390 et
2567 1351 2595 1388 a
2625 1337 2752 1416 ltiliis
2793 1339 3094 1410 alienisqui
3140 1343 3336 1396 beatum
3369 1344 3600 1398 dixerunt

2022 1421 2266 1496 pupulum
2303 1425 2385 1476 cui
2423 1425 2530 1480 lure
2563 1435 2696 1491 sunt,
2741 1429 2900 1482 eximi
2944 1431 3278 1502 discernique
3317 1435 3600 1504 cupiebat,

2022 1520 2266 1583 tanquam
2297 1515 2626 1586 diceremus,
2669 1520 2784 1596 “ise
2822 1521 2944 1590 quid
2972 1523 3171 1578 sentis?
3208 1541 3362 1593 quem
3389 1526 3595 1580 beatum

2020 1605 2268 1680 populum
2304 1607 2474 1663 dicis?
2515 1627 2626 1680 non.
2661 1612 2766 1676 ait,
2807 1612 2998 1668 Beatus
3043 1616 3283 1684 populus,
3327 1617 3476 1686 cujus
3515 1627 3598 1672 est

2017 1699 2184 1754 virtus
2223 1689 2380 1782 animi
2425 1703 2560 1774 ejus.
2591 1705 2742 1778 Quod
2769 1707 2811 1762 si
2841 1707 3079 1782 dixisset,
3107 1708 3446 1764 discrevisset
3475 1711 3594 1780 qui-

2016 1789 2134 1844 dem
2163 1779 2320 1846 etiam
2347 1794 2504 1850 istum
2531 1798 2774 1865 populum
2799 1779 2979 1868 abillo
3002 1801 3088 1868 qui
3111 1801 3318 1854 beatam
3344 1779 3504 1855 vitam
3534 1803 3588 1858 in

2015 1883 2111 1938 ista
2141 1886 2330 1962 visibili
2364 1895 2416 1942 ct
2441 1891 2700 1960 corporali
2731 1889 2980 1964 felicitate
3001 1881 3309 1960 constituit;
3339 1893 3432 1948 sed
3461 1909 3594 1948 non-

2014 1977 2137 2036 dum
2169 1983 2578 2038 transcendisset
2603 1998 2790 2038 omnes
2809 1987 3069 2040 vanitates
3090 1995 3144 2040 et
3173 1986 3405 2040 insanias
3439 2001 3593 2040 meno

2013 2069 2168 2130 daccs
2207 2089 2220 2124 :
2270 2072 2566 2128 Malcdictus
2609 2075 2748 2130 enim
2803 2077 2964 2128 omnis
2989 2117 3004 2142 ,
3039 2075 3175 2130 sicut
3221 2077 3350 2146 alibi
3392 2078 3590 2134 cuidem

2012 2161 2224 2220 Litterae
2253 2165 2468 2232 docent,
2501 2165 2588 2236 qui
2607 2183 2742 2236 spem
2765 2183 2908 2220 suam
2929 2169 3066 2236 ponit
3083 2167 3136 2220 in
3158 2169 3358 2222 homine
3381 2167 3592 2240 (larem,

2014 2270 2148 2320 xvn,
2173 2255 2260 2327 5);
2293 2272 2420 2326 ergo
2443 2273 2540 2312 nec
2567 2259 2618 2312 iu
2645 2260 2823 2330 seipso
2849 2259 3130 2328 quisquam
3165 2259 3360 2324 debet,
3389 2261 3512 2328 quia
3540 2267 3594 2314 et

2009 2347 2126 2418 ipse
2147 2349 2302 2404 ilOlltO
2325 2359 2424 2404 est.
2450 2351 2679 2406 Proinde
2697 2361 2754 2404 ut
2773 2352 3024 2406 transiret
3041 2353 3276 2406 omnium
3297 2351 3590 2426 vanitatem

2011 2449 2064 2496 et
2091 2439 2414 2496 insaniarum
2446 2441 2782 2500 mendacium
2813 2441 3042 2508 limites,
3073 2451 3232 2512 atque
3275 2442 3346 2496 ibi
3385 2442 3592 2512 beatam

2007 2533 2170 2588 vitam
2203 2542 2446 2601 poneret,
2477 2533 2569 2586 ubi
2599 2549 2725 2588 vere
2745 2541 2846 2598 est,
2877 2533 3088 2595 Beatus.
3121 2535 3318 2604 inquit,
3347 2534 3586 2604 populus,

2007 2625 2151 2695 cujus
2175 2623 2423 2677 Dominus
2451 2624 2587 2690 Deus
2613 2625 2791 2695 ipsius.
3589 2689 3596 2696 _

2079 2715 2300 2770 CAPUT
2339 2717 2424 2772 lll.
2453 2747 2524 2756 —
2553 2717 2606 2774 9.
2637 2715 2822 2772 Cernis
2852 2716 3008 2786 igitur
3039 2716 3176 2772 unde
3208 2716 3488 2786 petendum
3519 2716 3591 2771 sit

2007 2807 2146 2876 quod
2197 2823 2384 2860 omnes
2429 2807 2566 2862 docti
2613 2809 2912 2878 indoctique
2955 2809 3294 2874 desiderant,
3337 2815 3392 2862 et
3437 2807 3592 2862 multi

2005 2899 2234 2954 errando
2265 2915 2324 2952 ac
2353 2900 2738 2968 superbiendo,
2769 2901 2909 2956 unde
2937 2911 3145 2970 petatur
3174 2911 3225 2956 et
3254 2901 3338 2956 ubi
3365 2901 3596 2969 accipia-_

2007 2997 2093 3048 tur
2117 2990 2376 3058 ignorant.
2405 2990 2624 3060 Utrique
2651 3001 2824 3046 attlcm
2853 2992 2903 3044 in
2933 2991 3160 3062 quodam
3187 2992 3366 3045 divino
3387 2991 3592 3060 psalmo

2007 3082 2160 3136 simul
2185 3082 2664 3156 reprchendmttttr,
2693 3091 2749 3138 et
2772 3084 2858 3152 qui
2887 3083 3159 3138 conliduut
3181 3084 3231 3138 itt
3257 3083 3448 3136 virtute
3470 3099 3596 3156 sua,

2005 3181 2056 3226 et
2095 3174 2184 3242 qui
2229 3173 2279 3226 itt
2322 3173 2640 3228 abundantia
2688 3173 2988 3230 divitiarum
3034 3189 3246 3228 suarum
3295 3174 3594 3244 gloriantur

2006 3261 2176 3336 (Paul.
2207 3279 2365 3318 xum
2385 3305 2400 3328 ,
2433 3265 2524 3333 7);
2557 3265 2606 3318 id
2635 3273 2746 3330 est,
2773 3275 2824 3318 et
2857 3265 3156 3336 philosophi
3201 3263 3355 3332 hujus
3385 3264 3602 3330 SiBCtlli,,

2003 3341 2056 3410 et
2081 3356 2426 3410 abhorrentes
2459 3357 2540 3412 vel
2569 3373 2598 3410 a
2631 3357 2717 3412 tali
2749 3357 3082 3427 philosomtia
3102 3399 3118 3424 ,
3159 3357 3474 3426 beatumque
3504 3355 3602 3409 di-r

2003 3458 2182 3506 centes
2213 3450 2462 3520 populum
2489 3451 2576 3504 cui
2601 3451 2833 3520 suppetit
2855 3459 3062 3504 terrena
3083 3451 3369 3520 opulentia.
3397 3454 3473 3502 Ac
3493 3463 3598 3518 per

2001 3541 2104 3598 hoc
2129 3557 2162 3596 a
2189 3544 2412 3596 Domino
2437 3544 2545 3598 Deo
2578 3553 2758 3598 nostro
2789 3558 2816 3595 a
2845 3559 2952 3622 quo
2991 3543 3112 3596 facti
3151 3557 3364 3608 smnus,
3397 3549 3450 3596 et
3477 3541 3580 3595 vir-

2004 3642 2168 3686 tutem
2214 3639 2456 3704 petamus
2495 3649 2598 3702 qua
2641 3633 2800 3702 hujus
2825 3634 2946 3688 vita:
2975 3635 3114 3688 mala
3141 3649 3454 3702 superemus
3478 3673 3493 3698 ,
3533 3641 3588 3686 et

1999 3725 2206 3798 beatam
2236 3725 2398 3780 vitam
2427 3741 2532 3796 qua
2559 3736 2678 3795 post
2701 3725 2854 3782 istam
2886 3726 3042 3780 vitam
3075 3726 3127 3778 in
3155 3724 3266 3796 ejus
3291 3725 3604 3790 :eternitate;

1999 3821 2366 3888 perfruamur,
2415 3829 2470 3874 ut
2511 3830 2566 3876 et
2607 3821 2656 3874 iu
2696 3821 2890 3876 virtute
2927 3827 2982 3876 et
3021 3821 3072 3874 iu
3105 3819 3324 3888 praemio
3355 3819 3608 3898 virtutis,.

1999 3910 2137 3964 sicut
2163 3910 2448 3980 Apostolus
2474 3910 2628 3978 dicit,
2655 3911 2740 3981 qui
2772 3911 3021 3982 gloriatur
3039 3951 3054 3976 ,
3081 3911 3133 3964 in
3158 3909 3378 3962 Domino
3401 3909 3602 3980 glorie-_

1998 4011 2081 4058 tur
2113 4001 2178 4074 (ll
2207 4001 2326 4060 Cor.
2361 4019 2430 4070 ι,
2459 4003 2568 4072 l7).
2607 4003 2722 4058 lloc
2759 4003 2912 4056 nobis
2949 4003 3206 4066 velimus,
3249 4002 3349 4056 hoc
3389 4001 3602 4066 civitati,

1994 4094 2148 4164 cujus
2187 4094 2328 4148 cives
2367 4109 2552 4149 sumus
2579 4110 2594 4147 :
2624 4109 2728 4148 non
2757 4094 2898 4148 enim
2929 4093 3143 4148 aliunde
3185 4091 3336 4146 beata
3373 4091 3602 4154 eivitasL

1994 4185 2206 4240 aliunde
2237 4185 2431 4250 homo;
2461 4199 2580 4238 cum
2608 4183 2750 4236 aliud
2779 4183 2962 4238 civitas
2993 4197 3098 4236 non
3127 4182 3195 4236 sit
3213 4223 3228 4250 ,
3261 4196 3418 4252 quam
3449 4195 3600 4246 con-l

1993 4290 2117 4330 cors
2143 4274 2418 4330 hominum
2447 4274 2751 4328 multitudo.
3601 4345 3607 4350 ἠ

2039 4351 2154 4424 ¹10.
2197 4367 2375 4438 Itaque
2415 4367 2462 4421 si
2501 4365 2675 4442 cumis
2711 4364 2990 4438 prudentia
3021 4372 3104 4418 tua
3125 4405 3142 4430 ,
3169 4379 3272 4434 qua
3301 4365 3580 4420 consulere

1993 4461 2206 4516 conaris
2233 4460 2391 4516 rebus
2422 4459 2700 4524 humanis;
2739 4459 2784 4514 si
2814 4459 2988 4514 omnis
3017 4458 3301 4526 fortitudo,
3330 4474 3432 4529 qua
3458 4461 3578 4514 nul-

1993 4553 2094 4609 lius
2137 4552 2416 4622 iniquitate
2453 4551 2768 4606 adversante
2811 4552 3060 4616 terreris;
3089 4551 3134 4608 si
3167 4553 3340 4606 omnis
3373 4561 3608 4621 tempe—_

1990 4650 2194 4716 rentia,
2224 4663 2325 4718 qua
2371 4647 2423 4702 in
2468 4655 2612 4702 tanta
2657 4646 2774 4700 labe
2815 4646 3150 4716 nequissima:
3177 4647 3608 4710 consuetudinis,

1991 4738 2262 4795 hominum
2296 4747 2346 4793 te
2383 4753 2412 4790 a
2442 4737 2865 4806 corruptiunibus
2891 4737 3160 4804 abstines;
3201 4738 3244 4792 si
3284 4739 3459 4792 onmis
3491 4739 3574 4806 ju—

1991 4831 2134 4885 stitia
2153 4870 2169 4894 ,
2211 4845 2313 4898 qua
2342 4839 2488 4884 recte
2509 4827 2798 4898 judicando
2827 4842 2922 4880 sua
2949 4828 3140 4898 cuique
3177 4827 3482 4894 distribuis,
3521 4830 3572 4884 id
3603 4879 3606 4884 .

1991 4922 2232 4988 laborat,
2264 4920 2318 4974 id
2348 4920 2568 4984 nititur,
2598 4926 2656 4972 ut
2679 4917 2734 4974 hi
2760 4917 2950 4988 quibus
2979 4919 3055 4973 vis
3077 4927 3134 4976 ut
3155 4919 3290 4974 bene
3315 4919 3412 4984 sit,
3441 4919 3570 4974 salvi

1990 5015 2100 5070 sint
2124 5027 2368 5084 corpore,
2399 5019 2454 5068 et
2487 5011 2556 5064 ab
2582 5010 2726 5066 omni
2755 5009 3066 5080 cujusquam
3103 5009 3440 5080 improbitate
3475 5011 3570 5064 tuti

1990 5115 2148 5178 atque
2177 5101 2384 5176 pacati,
2412 5101 2642 5158 habeant
2671 5100 2808 5156 ﬁlios
2835 5101 2970 5156 sicut
2997 5101 3232 5156 novellas
3261 5099 3568 5154 constabili-

1991 5207 2094 5266 tas,
2121 5197 2262 5252 filias
2283 5203 2496 5250 ornatas
2519 5193 2660 5248 sicut
2685 5191 3084 5248 similitudinem
3113 5190 3326 5261 templi,
3357 5189 3570 5244 cellaria

1989 5289 2144 5359 plena
2168 5284 2460 5344 eructantia
2485 5299 2552 5340 ex
2571 5282 2676 5338 hoc
2700 5283 2753 5338 in
2773 5281 2895 5350 hoc,
2921 5281 3174 5338 fecundas
3194 5295 3342 5348 oves,
3364 5295 3570 5336 crassas

1989 5380 2188 5447 boves,
2231 5391 2333 5433 nec
2375 5375 2622 5430 maceriae
2661 5373 2818 5430 ruina
2856 5371 3118 5428 deformat
3143 5371 3398 5442 pendium
3418 5411 3434 5438 ,
3473 5386 3570 5426 nec

1989 5470 2306 5542 litigantium
2330 5468 2533 5523 clamor
2557 5472 2806 5536 personet
2829 5464 2881 5519 in
2901 5463 3086 5534 plateis
3112 5477 3332 5528 eorum;
3363 5462 3438 5517 ita
3461 5477 3568 5516 nou

1989 5573 2146 5622 erunt
2170 5577 2312 5620 vera:
2337 5560 2563 5618 virtutes
2593 5565 2718 5628 tuae,
2748 5557 2884 5612 sicut
2907 5570 3008 5612 nec
3029 5555 3252 5614 istorum
3271 5555 3565 5612 beatitudo.

1989 5658 2090 5718 Hic
2111 5656 2256 5714 enim
2283 5653 2354 5711 ad
2375 5666 2562 5710 verum
2595 5648 2882 5708 dicendum
2925 5647 3016 5704 illa
3057 5661 3178 5704 mea
3221 5645 3563 5717 verecundia,

1991 5773 2148 5830 quam
2178 5757 2230 5810 iu
2259 5761 2348 5809 tua
2375 5751 2598 5822 epistola
2637 5749 2864 5817 benigno
2903 5758 3150 5800 sermone
3189 5741 3448 5808 laudasti,
3482 5757 3568 5798 me
3619 5811 3622 5816 ι

1991 5847 2248 5920 impedire
2288 5859 2392 5902 non
2425 5843 2600 5900 debet.
2643 5839 2702 5896 Si
2741 5836 3016 5910 quaelibet,
3047 5837 3259 5907 inquam
3279 5875 3294 5901 ,
3334 5833 3538 5892 admitti
3605 5857 3624 5900 .-

1991 5943 2176 6002 stratio
2208 5951 2313 6001 tua,
2347 5938 2448 5992 illis
2477 5949 2608 6007 quas
2631 5931 3042 5988 commemoravi
3073 5930 3322 5986 instructa
3353 5926 3564 5985 virtuti-
