4112 6346
575 381 673 446 671

574 503 708 572 bus,
746 485 848 560 hic
884 497 1190 560 intentionis
1229 496 1334 553 line
1369 492 1781 557 determinatur,
1812 497 1873 546 ut
1905 488 2146 545 homines

574 594 866 653 secundum
890 608 1105 650 carnem
1134 591 1303 647 nullas
1328 589 1533 661 iniquas
1560 585 1830 643 molestias
1852 587 2147 656 patiantur;

574 703 675 745 nec
714 687 783 743 ad
819 695 873 742 te
910 686 1179 741 existimas
1218 683 1514 755 pertinere,
1560 695 1664 751 quo
1700 680 1852 734 istam
1896 678 2144 748 quietem,

574 794 734 851 quam
760 785 1011 850 praestare
1038 776 1241 840 niteris,
1269 772 1521 839 referant,
1550 771 1601 826 id
1630 779 1713 826 est
1736 770 1816 840 (ut
1842 768 2020 824 verbis
2044 782 2149 823 non

576 869 828 941 ambiam)
874 867 1137 940 quomodo
1168 867 1331 921 Deum
1358 878 1563 928 verum,
1594 862 1682 918 ubi
1706 869 1788 916 est
1809 860 2000 931 quietae
2027 860 2149 914 vitae

576 964 749 1019 omnis
794 961 1023 1024 fructus,
1068 960 1276 1024 colant,
1321 956 1452 1012 nihil
1493 954 1586 1011 tibi
1623 952 1840 1026 prodest
1880 949 1947 1007 ad
1986 950 2148 1007 vitam

574 1070 699 1112 vere
728 1054 931 1109 beatam
965 1060 1140 1107 tantus
1166 1050 1334 1105 labor.

647 1149 733 1203 ll.
775 1144 1184 1202 lnverecundius
1225 1143 1328 1197 hoc
1368 1140 1547 1196 dicere
1590 1138 1808 1205 videor,
1860 1145 1915 1193 et
1953 1136 2148 1193 oblitus

574 1237 964 1310 quodammodo
1017 1233 1454 1290 consuetudinem
1511 1230 1946 1286 intercessionum
1998 1243 2147 1284 mea-

573 1348 711 1387 rum.
743 1330 848 1386 Sed
876 1330 922 1384 si
954 1328 1082 1383 nihil
1107 1336 1189 1383 est
1212 1323 1547 1389 verecundia,
1574 1322 1676 1378 nisi
1710 1321 1923 1393 quidam
1958 1320 2148 1392 displi-

572 1422 729 1478 cendi
754 1432 947 1487 metus,
975 1435 1073 1491 ego
1101 1420 1153 1474 in
1180 1417 1278 1471 hac
1304 1431 1461 1471 causa
1490 1413 1775 1470 metuendo
1802 1428 1909 1467 non
1938 1426 2144 1467 vereor.

574 1513 753 1568 Metuo
791 1512 933 1567 enim
979 1526 1045 1566 ne
1084 1509 1311 1580 primum
1352 1507 1499 1575 Deo,
1538 1504 1730 1561 deinde
1766 1502 1867 1574 ipsi
1902 1503 2149 1557 amicitiae

574 1622 729 1676 quam
759 1618 966 1659 mecum
995 1601 1132 1657 inire
1171 1599 1415 1670 dignatus
1456 1613 1547 1663 es,
1584 1598 1702 1667 jure
1734 1595 2037 1667 displiceam
2057 1635 2073 1661 ,
2101 1593 2147 1650 si

573 1700 749 1753 minus
777 1697 912 1753 liber
939 1697 993 1750 in
1017 1692 1350 1750 admonendo
1379 1690 1527 1746 fuero
1545 1731 1563 1758 ,
1586 1688 1726 1760 quod
1751 1703 1837 1744 me
1861 1686 2148 1743 admonere

573 1792 919 1849 saluberrime
957 1788 1221 1845 existimo.
1264 1784 1374 1841 Sim
1415 1794 1561 1841 certe
1603 1780 1984 1848 verecundior,
2025 1795 2147 1835 cum

572 1886 666 1939 tibi
698 1901 792 1955 pro
820 1884 936 1939 aliis
973 1880 1241 1938 intercedo
1265 1894 1285 1939 :
1312 1894 1432 1936 cum
1461 1890 1588 1934 vero
1616 1890 1714 1947 pro
1756 1874 1958 1944 teipso,
2001 1881 2148 1929 tanto

574 1976 789 2030 liberior
825 1984 1021 2045 quanto
1050 1973 1301 2040 amicior;
1347 1971 1466 2042 quia
1510 1976 1655 2024 tanto
1695 1966 1916 2022 amicior
1951 1972 2149 2035 quanto

573 2067 778 2123 fidelior
809 2085 824 2122 :
850 2082 1148 2139 quanquam
1176 2065 1291 2120 hanc
1319 2065 1431 2135 ipsa
1457 2079 1561 2117 non
1590 2060 1842 2125 dicerem,
1870 2058 1972 2114 nisi
1997 2073 2148 2113 vere-

571 2158 795 2214 cundius
819 2173 1050 2228 agerem.
1082 2157 1209 2224 Quae
1236 2156 1281 2210 si
1306 2154 1528 2209 maxima
1553 2161 1645 2218 est,
1675 2160 1727 2205 ut
1752 2151 1858 2221 ipse
1880 2149 2143 2219 scripsisti,

572 2249 844 2321 diﬁicitium
866 2250 993 2303 inter
1017 2247 1171 2302 bonos
1196 2247 1441 2318 eﬂcacia;
1465 2244 1678 2312 adjuvet
1702 2256 1788 2297 me
1810 2256 1905 2310 pro
1932 2248 1981 2296 te
2005 2237 2147 2310 apud

570 2353 657 2410 te,
691 2351 744 2397 ut
784 2343 836 2397 in
866 2342 960 2397 illo
997 2348 1049 2397 te
1088 2339 1264 2405 fruar,
1293 2338 1382 2409 qui
1412 2336 1540 2391 mihi
1569 2334 1707 2391 hanc
1736 2334 1803 2389 ad
1845 2341 1897 2388 te
1930 2332 2146 2402 januam

568 2434 918 2505 fiduciamque
947 2432 1190 2503 praestitit
1222 2448 1236 2484 :
1266 2429 1558 2500 praesertim
1598 2426 1720 2497 quia
1763 2424 1816 2479 id
1854 2423 1994 2494 quod
2023 2436 2146 2493 sug-

566 2542 727 2598 gero,
768 2529 876 2596 jam
905 2525 1057 2580 facile
1093 2523 1321 2579 arbitror
1348 2534 1467 2576 esse
1492 2520 1671 2574 animo
1710 2526 1800 2573 tuo
1838 2525 1917 2572 tot
1952 2515 2146 2572 divinis

567 2618 877 2673 muneribus
902 2613 1276 2671 adminiculato
1301 2622 1355 2669 et
1381 2611 1658 2666 instructo.

638 2709 725 2766 l2.
765 2707 822 2766 Si
850 2708 993 2763 enim
1030 2707 1253 2763 virtutes
1291 2719 1424 2776 quas
1463 2701 1745 2773 accepisti,
1781 2715 1811 2755 a
1849 2714 1955 2772 quo
1990 2713 2145 2755 accc-

566 2803 707 2873 peris
745 2800 1014 2865 sentiens,
1064 2799 1217 2869 eique
1256 2797 1452 2868 gratias
1490 2790 1687 2865 agens,
1732 2806 1825 2849 eas
1867 2791 1934 2845 ad
1981 2790 2147 2861 ipsius

566 2895 766 2949 cultum
794 2892 953 2948 etiam
981 2891 1032 2946 in
1061 2889 1164 2946 tuis
1192 2889 1308 2947 istis
1330 2887 1671 2943 saecularibus
1700 2884 1987 2940 honoribus
2013 2898 2145 2939 con-

568 2984 729 3053 feras,
757 2993 966 3056 tuaeque
996 2982 1241 3053 potestati
1270 2980 1510 3036 subditos
1539 2978 1781 3033 homines
1808 2975 1873 3031 ad
1901 2992 2022 3032 eum
2050 2990 2144 3031 co-

564 3076 781 3134 lendum
818 3076 1061 3147 exemplo
1106 3083 1209 3131 tuae
1249 3073 1511 3145 religiosa:
1550 3074 1706 3139 vitae,
1744 3080 1799 3126 et
1828 3072 1942 3142 ipso
1970 3070 2145 3125 studio

567 3168 900 3234 consulendi,
934 3184 1029 3224 seu
1055 3166 1282 3222 fovendo
1310 3180 1402 3221 seu
1432 3163 1683 3221 terrendo
1708 3163 1879 3234 erigas
1906 3171 1961 3217 et
1983 3162 2147 3216 addu-

566 3274 676 3322 cas.
706 3259 941 3330 nihilque
964 3258 1105 3314 aliud
1133 3260 1184 3314 in
1212 3273 1276 3312 eo
1299 3256 1439 3329 quod
1471 3270 1566 3325 per
1594 3264 1645 3311 te
1671 3254 1911 3311 securius
1939 3254 2142 3319 vivunt,

565 3352 732 3417 velis,
764 3352 948 3407 nisiut
976 3351 1099 3407 hinc
1141 3351 1291 3405 illum
1337 3358 1768 3420 promcreantur,
1808 3347 1946 3420 apud
1984 3362 2142 3418 quem

565 3442 721 3499 beate
750 3444 962 3510 vivent;
1008 3452 1064 3499 et
1106 3458 1246 3497 verae
1282 3440 1388 3496 illae
1425 3442 1649 3496 virtutes
1689 3450 1876 3508 erunt,
1915 3448 1968 3495 et
2006 3439 2146 3494 illius

566 3532 933 3602 opitulatione,
961 3534 1110 3603 cujus
1133 3534 1376 3603 largitate
1400 3531 1609 3587 donatae
1634 3541 1778 3599 sunt,
1807 3532 1878 3587 ita
1902 3538 2149 3587 crescent

568 3631 624 3677 et
656 3605 1095 3691 perficienturCut
1122 3630 1172 3677 te
1198 3623 1262 3677 ad
1286 3623 1447 3677 vitam
1474 3637 1599 3677 vere
1624 3622 1828 3678 beatam
1846 3664 1862 3690 ,
1893 3638 2011 3692 quae
2039 3636 2146 3676 non

567 3712 669 3769 nisi
699 3721 893 3766 aeterna
920 3721 1001 3767 est
1021 3753 1036 3779 ,
1068 3715 1185 3767 sine
1211 3714 1315 3768 ulla
1340 3713 1666 3771 dubitatione
1695 3715 1984 3786 perducant
2010 3730 2026 3769 :
2057 3714 2147 3787 ubi

564 3803 675 3875 jam
715 3818 816 3858 nec
851 3804 1138 3873 prudenter
1176 3805 1544 3861 discernantur
1569 3822 1600 3861 a
1628 3806 1782 3863 bonis
1811 3806 1949 3862 mala
1971 3848 1989 3874 ,
2028 3822 2165 3877 quae.

569 3911 677 3950 non
703 3905 893 3960 erunt;
922 3910 1020 3951 nec
1046 3895 1255 3952 fortiter
1282 3895 1573 3953 tolerentur
1597 3899 1816 3955 adversa
1835 3940 1851 3965 ,
1879 3899 2001 3968 quia
2038 3911 2147 3954 non

567 3986 643 4043 ibi
664 3986 767 4042 erit
788 3986 887 4040 nisi
909 3986 1047 4057 quod
1068 4002 1324 4053 amemus,
1355 4004 1458 4042 non
1480 3990 1637 4044 etiam
1661 3990 1799 4059 quod
1827 3990 2142 4056 toleremus;

570 4092 672 4133 nec
701 4086 1059 4146 temperanter
1084 4077 1246 4133 libido
1279 4079 1541 4149 lrenetur,
1571 4081 1659 4135 ubi
1689 4081 1830 4135 nulla
1859 4081 1973 4151 ejus
2011 4082 2147 4136 inci-

569 4178 806 4225 tamenta
836 4173 1160 4241 sentiemus;
1192 4191 1291 4232 nec
1320 4176 1463 4247 justc
1492 4177 1831 4232 subveniatur
1868 4192 1969 4247 ope
2007 4177 2148 4234 indi-

567 4262 843 4332 gentibus,
871 4265 959 4317 ubi
988 4265 1199 4335 inopem
1226 4275 1384 4338 atque
1410 4267 1644 4339 indigum
1672 4282 1777 4323 non
1814 4268 2142 4326 habebimus.

574 4354 689 4411 Una
716 4354 789 4409 ibi
816 4354 984 4410 virtus
1010 4358 1143 4424 erit,
1174 4367 1229 4414 et
1256 4359 1483 4429 idipsum
1515 4360 1618 4416 erit
1649 4362 1816 4416 virtus
1847 4362 2149 4431 praemium-

568 4460 673 4516 que
697 4446 926 4513 virtutis,
967 4448 1104 4517 quod
1140 4449 1267 4505 dicit
1292 4450 1344 4503 in
1372 4451 1569 4506 sanctis
1593 4451 1822 4521 eloquiis
1860 4451 2019 4508 homo
2056 4453 2145 4520 qui

566 4535 673 4591 hoc
692 4545 837 4591 amat
864 4555 878 4593 :
908 4535 1039 4591 Mihi
1065 4549 1232 4593 autem
1255 4539 1513 4595 adhwrere
1536 4540 1644 4595 Deo
1668 4541 1854 4595 bonum
1877 4551 1948 4596 est
1970 4540 2143 4612 (Psal.

568 4643 738 4696 Lxxn,
760 4626 874 4699 9.8).
907 4629 1031 4685 Haec
1056 4630 1125 4685 ibi
1150 4632 1251 4687 erit
1278 4631 1431 4701 plena
1450 4640 1504 4687 et
1527 4634 1845 4703 sempiterna
1865 4634 2142 4703 sapientia,

566 4720 859 4791 eademque
883 4724 1141 4778 veraciter
1161 4723 1267 4778 vita
1293 4724 1402 4793 jam
1432 4724 1583 4779 beata
1612 4741 1625 4777 :
1656 4726 1929 4795 perventio
1952 4727 2145 4798 quippe

566 4823 650 4866 εει
676 4811 742 4865 ad
767 4821 1026 4867 aeternum
1057 4828 1119 4869 ac
1146 4828 1410 4869 summum
1437 4814 1656 4878 bonum,
1683 4816 1765 4870 cui
1793 4815 2063 4872 adhaerere
2090 4819 2143 4873 in

564 4910 823 4959 aeternum
864 4915 945 4961 εει
985 4904 1103 4960 finis
1133 4906 1298 4961 nostri
1338 4906 1480 4963 boni.
1516 4906 1729 4962 Dicatur
1769 4907 1884 4963 haec
1922 4918 1975 4963 et
2015 4925 2141 4979 pru-

566 4996 766 5061 dentia,
793 4997 912 5068 quia
938 5000 1365 5069 prospectissime
1388 4999 1676 5055 adhaerebit
1700 5002 1840 5057 bono
1867 5001 2004 5070 quod
2036 5017 2141 5057 non

565 5087 867 5155 amittatur;
912 5096 970 5145 et
1014 5089 1295 5158 fortitudo,
1341 5091 1463 5162 quia
1502 5090 1804 5147 firmissime
1849 5092 2143 5150 adhaerebit

564 5178 705 5234 bono
733 5179 873 5236 unde
901 5195 1008 5236 non
1047 5182 1338 5247 avellatur;
1377 5189 1431 5237 et
1474 5184 1853 5253 temperantia,
1894 5184 2015 5254 quia
2052 5198 2143 5239 ca-

561 5272 795 5329 stissime
836 5272 1129 5330 adhaerebit
1176 5276 1316 5331 bono
1365 5274 1455 5331 ubi
1501 5292 1606 5331 non
1649 5286 2048 5347 corrumpatur;
2088 5289 2141 5333 et

556 5363 757 5433 ⁸ῖιιειὶιὶε
778 5406 793 5429 ,
833 5365 955 5435 quia
991 5366 1286 5423 rectissime
1321 5365 1612 5423 adhaerebit
1647 5368 1787 5425 bono
1824 5370 1909 5425 cui
1950 5370 2140 5426 merito

559 5455 888 5525 subjiciatur.

631 5544 854 5604 CAPUT
882 5548 969 5605 IV.
994 5579 1069 5592 —
1092 5552 1177 5607 15.
1210 5551 1522 5622 Quanquam
1548 5560 1603 5609 et
1630 5552 1683 5607 in
1713 5552 1812 5608 hac
1837 5554 1940 5609 vita
1970 5555 2138 5611 virtus

559 5651 667 5693 non
694 5651 807 5708 est,
846 5643 943 5697 nisi
988 5643 1209 5713 diligere
1250 5644 1390 5713 quod
1434 5644 1757 5716 diligendum
1789 5655 1870 5702 est
1902 5666 1914 5701 :
1948 5648 2000 5703 id
2036 5649 2135 5704 cli-

558 5741 712 5797 gere,
748 5732 1017 5799 prudentia
1043 5744 1159 5795 est;
1191 5734 1348 5790 nullis
1376 5736 1495 5791 inde
1518 5739 1682 5792 averti
1711 5739 1969 5795 molestiis
1988 5781 2001 5806 ,
2034 5742 2141 5796 for-

558 5813 730 5875 titudo
765 5831 879 5890 est;
927 5825 1080 5882 nullis
1118 5826 1418 5897 illecebris,
1459 5830 1804 5901 temperantia
1834 5839 1949 5890 εει·
1992 5836 2136 5891 nulla

1802 372 1860 429 S.
1901 367 2273 427 AUGUSTINI
2309 370 2609 435 EPISCOPI

3723 388 3827 450 ωε

2254 492 2520 562 superbia,
2542 492 2741 563 justitia
2764 500 2864 553 est.
2890 495 3027 564 Quid
3050 505 3225 555 autem
3247 498 3501 571 eligamus
3523 500 3669 573 quod
3689 518 3827 575 prae-

2256 583 2411 654 cipue
2451 585 2764 657 diligamus,
2807 589 2908 643 nisi
2946 603 3052 659 quo
3089 591 3218 644 nihil
3260 591 3449 647 melius
3490 592 3825 651 invenimus?

2256 673 2367 757 Hoc
2384 675 2523 731 Deus
2545 686 2647 743 est,
2665 678 2748 732 cui
2772 678 2818 735 si
2841 678 3103 749 diligendo
3126 680 3322 751 aliquid
3342 683 3424 737 vel
3445 685 3822 755 praeponimus,

2255 766 2339 822 vel
2359 784 2651 839 :equamus,
2667 786 2765 825 nos
2790 772 2933 843 ipsos
2950 772 3167 844 diligere
3182 775 3468 831 nescimus.
3489 776 3662 832 Tanto
3681 779 3825 834 enim

2254 858 2407 915 nobis
2435 861 2625 916 melius
2663 872 2776 930 est,
2816 873 3010 934 quanto
3038 867 3203 937 magis
3241 866 3293 921 in
3331 866 3690 937 illum'imus,
3720 887 3825 942 quo

2254 950 2386 1005 nihil
2428 953 2614 1008 melius
2652 963 2753 1010 est.
2793 955 2933 1011 imus
2974 965 3151 1013 autem
3191 973 3295 1013 non
3336 959 3687 1027 ambulando,
3731 961 3826 1019 sed

2253 1044 2498 1099 amando.
2525 1046 2693 1112 Quem
2720 1056 2863 1103 tanto
2890 1047 3199 1103 habebimus
3219 1051 3637 1120 praesentiorem,
3665 1068 3827 1122 quan-

2252 1142 2308 1188 to
2333 1134 2576 1190 eumdem
2606 1151 2841 1192 amorem
2871 1154 2975 1209 quo
3004 1138 3060 1194 in
3095 1154 3219 1195 eum
3255 1140 3554 1207 tendimus,
3593 1146 3830 1213 potueri-

2253 1242 2371 1282 mus
2414 1226 2611 1283 habere
2649 1230 2914 1299 puriorem
2948 1247 2961 1284 :
2993 1245 3091 1287 nec
3129 1232 3271 1287 enim
3306 1232 3436 1287 locis
3465 1235 3829 1304 corporalibus

2251 1321 2334 1375 vel
2357 1318 2675 1385 extenditur,
2702 1320 2782 1376 vel
2805 1320 3107 1376 includitur.
3132 1322 3214 1377 Ad
3234 1337 3353 1377 cum
3378 1338 3503 1393 ergo
3523 1326 3613 1395 qui
3635 1325 3826 1395 ubique

2252 1422 2487 1478 praesens
2509 1418 2592 1466 est
2615 1420 2667 1467 et
2688 1412 2882 1483 ubique
2904 1422 3062 1478 totus,
3091 1429 3195 1469 non
3216 1415 3437 1484 pedibus
3465 1416 3542 1473 ire
3562 1417 3706 1482 licet,
3735 1418 3826 1473 sed

2252 1500 2509 1561 moribus.
2544 1502 2714 1557 Mores
2748 1513 2924 1559 autem
2954 1504 3155 1568 nostri,
3187 1520 3291 1560 non
3319 1521 3384 1560 ex
3414 1522 3478 1562 eo
3506 1507 3650 1578 quod
3686 1510 3829 1578 quis-

2252 1605 2356 1661 que
2381 1591 2562 1659 novit,
2592 1592 2687 1648 sed
2715 1609 2781 1649 ex
2805 1610 2871 1651 eo
2897 1596 3036 1666 quod
3066 1596 3266 1666 diligit,
3298 1596 3572 1667 diiudicari
3610 1602 3824 1657 solent:

2253 1698 2353 1739 nec
2379 1683 2578 1739 faciunt
2604 1685 2771 1741 bonos
2800 1688 2882 1742 vel
2909 1689 3077 1743 malos
3097 1704 3293 1754 mores,
3320 1691 3419 1743 nisi
3448 1691 3569 1745 boni
3600 1692 3682 1746 vel
3706 1692 3827 1749 mali

2250 1790 2481 1833 amores.
2510 1776 2773 1832 Pravitate
2794 1792 2921 1849 ergo
2948 1788 3148 1845 nostra,
3170 1794 3202 1835 a
3221 1780 3534 1837 rectitudine
3554 1782 3649 1837 Dei
3674 1783 3828 1855 longe

2250 1880 2433 1923 sumus
2463 1883 2477 1919 :
2508 1867 2646 1924 unde
2688 1876 2890 1924 rectum
2933 1869 3161 1926 amando
3199 1870 3544 1944 corrigimur,
3583 1882 3645 1930 ut
3680 1883 3828 1931 recto

2250 1956 2383 2012 recti
2410 1957 2680 2014 adhaerere
2708 1961 2989 2029 possimus.

2323 2048 2408 2104 l4.
2450 2049 2529 2103 Ad
2567 2051 2712 2106 illum
2741 2067 2867 2122 ergo
2896 2060 3092 2123 quanta
3120 2067 3279 2124 opera
3308 2068 3587 2124 possumus
3610 2097 3624 2123 ,
3665 2058 3825 2112 etiam

2250 2139 2325 2195 illi
2353 2144 2746 2212 ut‘perveniant
2774 2160 3008 2214 agamus,
3040 2161 3173 2216 quos
3199 2155 3445 2218 tanquam
3472 2150 3828 2218 nosmetipsos

2250 2232 2535 2304 diligimus,
2560 2236 2605 2290 si
2628 2238 2977 2307 nosmetipsos
2998 2238 3237 2309 diligere,
3268 2239 3411 2294 illum
3433 2240 3701 2313 diligendo
3716 2242 3827 2313 jam

2251 2324 2513 2379 novimus.
2540 2326 2781 2383 Christus
2812 2343 3073 2399 namque,
3115 2329 3166 2383 id
3201 2338 3283 2385 est
3311 2328 3556 2397 Veritas,
3601 2331 3731 2388 dicit
3773 2334 3825 2388 in

2249 2412 2333 2469 his
2356 2414 2560 2471 duobus
2585 2418 2863 2488 praeceptis
2890 2429 3055 2475 totam
3077 2419 3244 2491 legem
3271 2421 3670 2494 Prophetasque
3699 2440 3826 2494 pen-

2248 2505 2376 2562 dere
2395 2548 2410 2573 ,
2440 2502 2500 2562 ut
2527 2507 2807 2578 diligamus
2838 2511 3003 2565 Deum
3033 2527 3099 2567 ex
3130 2520 3241 2567 toto
3266 2512 3425 2569 corde
3444 2552 3461 2579 ,
3488 2529 3553 2569 ex
3576 2523 3686 2570 tota
3714 2516 3829 2571 ani—

2247 2615 2333 2655 ma
2352 2639 2367 2666 ,
2397 2615 2460 2655 ex
2486 2608 2593 2655 tota
2619 2612 2795 2658 mente
2816 2642 2831 2668 ,
2862 2612 2915 2657 et
2951 2603 3230 2673 diligamus
3263 2605 3530 2675 proximos
3568 2617 3821 2679 tanquam

2248 2692 2600 2762 nosmetipsos
2630 2691 2838 2765 (Matth.
2864 2710 3002 2759 xxn,
3029 2695 3245 2768 57-40).
3275 2697 3553 2753 Proximus
3572 2713 3704 2756 sane
3726 2701 3828 2758 hoc

2247 2780 2386 2848 loco,
2417 2797 2521 2836 non
2551 2783 2818 2854 sanguinis
2844 2784 3252 2855 pmpinquilatc,
3288 2786 3381 2841 sed
3409 2788 3628 2844 rationis
3656 2793 3828 2847 socie-

2246 2880 2355 2928 tate
2383 2874 2684 2944 pensandus
2711 2884 2813 2941 cst,
2843 2876 2895 2931 in
2921 2892 3023 2948 qua
3052 2879 3181 2933 socii
3207 2891 3331 2934 sunt
3353 2895 3539 2936 omnes
3561 2881 3822 2939 homines.

2245 2965 2379 3021 Nam
2404 2967 2448 3021 si
2476 2968 2713 3036 pecuniae
2739 2969 2873 3024 ratio
2900 2969 3075 3024 socios
3101 2969 3245 3035 facit,
3277 2980 3472 3041 quanto
3498 2974 3665 3044 magis
3690 2976 3824 3031 ratio

2247 3066 2478 3122 naturae,
2525 3073 2631 3112 non
2662 3058 3001 3128 negotiandi,
3031 3060 3123 3115 sed
3152 3062 3403 3117 nascendi
3440 3064 3553 3135 lege
3582 3080 3824 3121 commu-

2248 3148 2362 3202 nisi
2391 3148 2525 3202 Hinc
2549 3156 2604 3203 et
2623 3148 2711 3203 ille
2731 3150 2966 3204 comicus
2989 3150 3147 3222 (sicut
3171 3151 3451 3208 luculentis
3474 3155 3696 3226 ingeniis
3718 3173 3824 3214 non

2247 3238 2377 3294 defit
2402 3239 2793 3309 resplendentia
2823 3241 3114 3314 veritatis),
3144 3258 3266 3299 cum
3294 3245 3362 3301 ab
3388 3261 3493 3301 uno
3517 3262 3642 3305 sene
3667 3248 3824 3306 alteri

2246 3330 2362 3386 seni
2393 3330 2593 3386 dictum
2619 3343 2993 3403 componeret,

2738 3450 3003 3495 Tantumne
3024 3445 3087 3512 ab
3106 3458 3165 3512 re
3185 3454 3269 3512 tua
3292 3454 3370 3499 est
3387 3449 3454 3512 ot!
3475 3451 3581 3512 tibi,

2361 3501 2768 3557 Abenautcures
2789 3519 2867 3567 ea,
2892 3507 3222 3571 quaenihilad
3244 3510 3562 3564 teattinent?

2246 3620 2563 3678 responsum
2589 3607 2655 3662 ab
2681 3608 2851 3664 altero
2879 3608 3108 3665 reddidit
3132 3627 3147 3665 :

2370 3729 2517 3775 nomo
2537 3735 2663 3785 sum,
2686 3724 2883 3796 humani
2905 3723 3023 3796 nilua
3044 3738 3124 3775 me
3146 3725 3359 3796 alienum
3372 3734 3509 3796 puto.

2742 3786 2950 3849 (Terent.
2973 3786 3027 3838 in
3048 3793 3218 3839 Heaut.
3242 3793 3337 3840 act.
3364 3786 3411 3851 f,
3432 3802 3559 3841 scen.
3588 3790 3661 3855 l.)

2248 3886 2345 3942 Cui
2376 3886 2651 3942 sententiae
2678 3886 2853 3943 ferunt
2879 3889 3036 3944 etiam
3064 3890 3268 3945 theatra
3295 3900 3431 3959 tota,
3464 3892 3618 3962 plena
3648 3893 3825 3949 stultis

2251 3979 2599 4050 indoctisque,
2626 3982 2972 4050 applausisse.
3000 3981 3074 4036 Ita
3102 3983 3293 4053 quippe
3316 3984 3549 4039 omnium
3575 3985 3825 4041 allectum

2250 4072 2561 4127 naturaliter
2585 4072 2755 4142 attigit
2784 4073 3010 4128 societas
3035 4073 3384 4129 humanorum
3409 4076 3706 4131 animorum
3724 4119 3739 4144 ,
3768 4087 3830 4132 ut

2250 4165 2428 4221 nullus
2454 4166 2525 4220 ibi
2554 4164 2825 4220 hominum
2852 4165 2953 4221 nisi
2978 4165 3257 4236 cujuslibet
3278 4166 3505 4223 hominis
3524 4169 3825 4241 proximum

2249 4271 2306 4313 se
2332 4271 2452 4312 esse
2477 4257 2719 4312 sentiret.

2321 4350 2407 4405 15.
2447 4348 2578 4404 Cum
2608 4364 2735 4418 ergo
2764 4348 2851 4405 illa
2885 4348 3167 4405 dilectione
3202 4366 3359 4421 quam
3398 4350 3572 4407 divina
3607 4353 3691 4409 lex
3729 4353 3827 4408 im-

2246 4448 2429 4513 perat,
2464 4438 2657 4496 debeat
2686 4439 2844 4495 homo
2872 4440 3089 4512 diligere
3127 4442 3326 4506 Deum,
3367 4450 3422 4499 ει
3462 4444 3695 4514 seipsum
3717 4486 3731 4509 ,
3772 4453 3834 4502 et

2249 4531 2579 4602 proximum;
2624 4545 2731 4586 non
2777 4541 2950 4586 tamen
2992 4547 3059 4587 ex
3108 4534 3206 4587 hoc
3255 4534 3351 4589 tria
3397 4546 3659 4605 praecepta
3703 4537 3829 4592 data

2245 4630 2388 4689 sunt,
2417 4636 2517 4678 nec
2538 4622 2736 4678 dictum
2761 4632 2863 4689 est,
2895 4623 2948 4678 ln
2979 4621 3061 4677 his
3087 4624 3274 4689 tribus,
3303 4625 3417 4693 sed,
3445 4625 3512 4680 In
3533 4628 3609 4681 his
3631 4628 3831 4682 duobus
3868 4646 3875 4651 θ

2247 4714 2509 4785 praceptis
2534 4724 2637 4768 tota
2664 4713 2773 4768 Lex
2800 4714 2980 4783 pendet
3005 4723 3051 4770 et
3080 4714 3382 4786 PrOphelce,
3416 4718 3465 4772 id
3495 4728 3575 4774 est
3611 4720 3663 4774 in
3689 4721 3832 4775 dile—

2246 4806 2422 4861 ctione
2449 4804 2542 4859 Dei
2576 4821 2640 4859 ex
2677 4813 2789 4859 toto
2815 4806 3012 4873 corde,
3041 4822 3105 4861 ex
3148 4816 3252 4862 tota
3282 4810 3482 4876 anima,
3520 4818 3573 4865 et
3608 4825 3672 4865 ex
3715 4820 3829 4875 tota

2245 4906 2458 4961 mente,
2489 4905 2542 4951 et
2570 4896 2797 4967 proximi
2829 4905 3073 4967 tanquam
3115 4898 3195 4952 sui
3236 4897 3399 4968 ipsius
3438 4916 3454 4955 :
3488 4900 3730 4957 videlicet
3769 4911 3830 4958 ut

2245 4988 2630 5058 intelligeretur
2650 4987 2847 5043 nullam
2875 5003 2993 5043 esse
3021 4989 3175 5042 aliam
3198 4989 3533 5046 dilectionem
3555 5006 3655 5061 qua
3678 4993 3833 5061 quis~

2245 5098 2347 5152 que
2371 5080 2541 5152 diligit
2566 5082 2817 5151 seipsum,
2851 5081 2949 5135 nisi
2979 5080 3121 5151 quod
3145 5080 3311 5152 diligit
3336 5082 3519 5137 Deum.
3553 5083 3650 5151 Qui
3678 5084 3831 5139 enim

2244 5174 2397 5229 aliter
2440 5188 2500 5227 se
2545 5173 2740 5243 diligit,
2791 5172 2966 5243 potius
3008 5187 3067 5227 se
3111 5172 3286 5229 odisse
3321 5174 3573 5231 dicendus
3605 5185 3687 5231 est
3719 5195 3732 5230 :
3768 5175 3834 5234 fit

2246 5265 2440 5337 quippe
2467 5265 2696 5333 iniquus,
2723 5263 3065 5334 privaturque
3096 5262 3215 5319 luce
3236 5263 3486 5334 justitiae,
3525 5280 3644 5321 cum
3672 5282 3703 5321 a
3732 5282 3837 5336 po-

2244 5357 2380 5411 tiore
2406 5369 2471 5409 ac
2495 5355 2861 5424 praestantiore
2884 5355 3027 5410 bono
3047 5370 3266 5411 aversus
3284 5396 3299 5421 ,
3325 5367 3483 5426 atque
3503 5356 3625 5412 inde
3649 5360 3732 5413 vel
3759 5359 3832 5415 ad

2244 5448 2475 5519 seipsum
2500 5460 2810 5513 conversus,
2840 5445 2906 5501 ad
2935 5444 3181 5502 inferiora
3208 5456 3263 5502 et
3287 5463 3452 5518 egena
3481 5448 3661 5519 utique
3688 5464 3831 5505 con-

2242 5544 2502 5607 vertitur;
2547 5540 2709 5610 litque
2751 5539 2805 5594 in
2849 5540 2965 5610 ipso
3008 5540 3150 5610 quod
3189 5542 3524 5596 veracissime
3563 5542 3830 5612 scriptum

2243 5645 2359 5699 est,
2407 5636 2503 5701 Qui
2531 5642 2697 5687 autent
2726 5641 2862 5687 amat
2888 5632 3230 5703 iniquitatem,
3277 5634 3382 5688 odit
3418 5634 3640 5687 animum
3675 5651 3833 5689 suam

2245 5734 2413 5810 (Psal.
2440 5749 2493 5799 x,
2533 5729 2609 5804 fi).
2641 5731 2773 5798 Quia
2800 5728 2961 5800 igitur
2989 5743 3175 5795 nemo,
3207 5728 3304 5785 nisi
3341 5729 3505 5785 Deum
3526 5728 3828 5799 diligendo,

2243 5829 2417 5903 diligit
2442 5828 2711 5898 seipsum;
2753 5838 2857 5883 non
2898 5836 3032 5896 opus
3075 5829 3190 5881 erat
3216 5830 3277 5880 ut
3302 5819 3426 5880 dato
3456 5819 3525 5880 de
3555 5819 3655 5884 Dei
3680 5819 3828 5882 dile-
