2077 3177
178 149 233 180 ατε
607 176 610 179 .
662 178 678 195 χ

178 209 268 236 ctione
289 212 440 244 praecepto,
455 208 535 237 etiam
550 209 666 246 seipsum
680 210 760 239 homo
777 211 887 248 diligere
897 213 975 249 jube-

177 258 263 289 retur,
276 262 338 283 cum
353 254 380 283 in
394 262 428 283 eo
441 255 535 291 diligat
546 256 663 292 seipsum
675 278 683 292 ,
697 257 767 293 quod
779 258 865 294 diligit
879 259 973 288 Deum.

176 300 262 330 Debet
271 309 336 338 ergo
346 306 373 330 ct
383 302 533 338 proximum
544 303 653 340 diligere
668 309 792 340 tanquam
805 313 933 341 setpsum.
944 312 974 334 ut

175 354 255 382 quem
264 348 380 383 potuerit
387 347 522 376 hominem
533 349 577 377 vel
588 350 770 379 beneﬁcentiae
778 352 973 388 consolatione,

175 393 219 420 vel
233 393 421 421 informatione
433 393 561 423 doctrinae
570 415 578 428 ,
597 395 639 424 vel
652 396 797 432 disciplinae
810 398 974 426 coercitione

174 438 291 467 adducat
315 440 349 468 ad
364 440 512 469 ’colendum
535 442 636 475 Deum;
658 443 745 471 sciens
764 444 791 471 in
811 444 852 472 his
869 444 973 474 duobus

173 486 315 520 praeceptis
329 491 410 513 totam
422 486 520 522 Legem
536 488 736 525 Prophetasque
755 490 881 525 pendere.

210 530 254 558 lli.
276 531 332 559 lloc
341 533 384 567 qui
403 532 491 559 sobria
506 533 667 561 discretione
681 535 763 569 eligit,
778 536 895 571 prudens
908 541 970 565 est:

171 576 217 611 qui
231 576 299 603 nulla
311 576 372 604 hinc
383 577 525 606 aﬁliclione
538 580 673 611 avertitur.
688 580 762 608 fortis
774 586 813 608 est
823 589 831 614 ;
843 583 887 616 qui
899 583 970 610 nulla

170 621 221 648 alia
243 621 421 651 delectatione
431 644 438 656 ,
454 628 607 659 temperans
621 630 679 659 est;
694 627 738 661 qui
753 627 826 655 nulla
842 628 968 662 elatione,

167 666 257 701 justus
266 672 317 694 est.
338 668 385 695 llis
396 669 535 697 virtutibus
549 670 674 698 divinitus
687 672 837 707 impertitis,
852 681 899 708 per
910 682 970 709 gra-

169 711 232 738 tiam
247 713 401 741 mediamris
413 714 459 742 Dei
473 722 534 742 cum
549 716 628 743 Patre
638 738 644 749 ,
660 722 686 744 et
702 718 839 745 nobiscum
854 719 969 747 hominis

167 758 231 786 .Iesu
244 759 352 794 Christi,
370 768 417 795 per
432 770 510 796 quem
525 768 583 797 post
597 763 749 791 inimicitias
763 765 909 800 iniquitatis
926 775 969 794 re-

166 806 339 833 conciliantur
358 807 412 834 Deo
431 808 457 834 iit
482 809 581 843 Spiritu
598 809 734 837 charitatis
752 819 757 837 :
773 810 814 838 his
825 832 832 845 ,
849 812 965 846 inquam,

166 852 307 879 virtutibus
320 852 447 880 divittitus
467 854 622 889 impertitis,
638 860 664 882 et
679 856 747 883 bona
760 857 813 884 vita
828 866 898 885 nunc
912 859 968 892 agi-

166 900 226 930 tur,
238 901 265 924 et
278 902 367 932 postea
384 901 520 932 prtemium
544 900 601 935 ejus
613 921 619 933 ,
636 909 694 936 qua:
715 902 764 928 nisi
784 907 883 929 alterna
906 911 967 930 esse

164 949 218 969 n0n
230 948 326 977 potest,
340 943 415 971 beata
430 945 483 972 vita
498 946 666 980 persolvitur.
695 946 743 974 llic
754 947 823 974 enim
837 952 899 975 sunt
911 957 965 976 eae-

164 988 224 1015 dent
241 989 350 1017 virtutes
363 990 387 1017 in
401 997 475 1024 actu,
491 991 527 1018 ibi
543 992 568 1018 in
582 993 694 1025 etl‘eetu;
708 993 751 1021 hic
767 994 792 1021 in
806 1002 903 1029 opere,
927 995 964 1022 ibi

109 1059 114 1069 ι
163 1033 191 1061 iu
205 1035 343 1068 mercede;
361 1036 403 1063 hic
418 1036 444 1063 in
459 1036 563 1070 ofﬁcio,
581 1038 615 1065 ibi
631 1039 656 1065 in
672 1039 733 1066 ﬁne.
760 1039 851 1075 Itaque
872 1049 964 1069 omnes

163 1079 226 1107 botti
242 1085 269 1108 ct
281 1082 376 1114 sancti,
393 1082 474 1109 etiam
489 1083 514 1110 in
531 1084 670 1111 tormentis
694 1084 857 1119 quibuslibet
874 1086 963 1115 divino

162 1125 220 1153 fulti
236 1127 434 1164 adjutorio,spc
449 1129 517 1156 illius
532 1130 592 1157 ﬁnis
606 1130 676 1158 beati
694 1138 830 1166 vocantur,
842 1141 893 1168 quo
908 1134 961 1162 line

163 1173 234 1202 beati
247 1180 322 1202 erunt
338 1184 344 1202 :
360 1184 420 1203 natn
439 1176 463 1204 si
477 1176 504 1204 in
521 1177 621 1205 eisdem
637 1179 776 1206 tormentis
789 1184 815 1207 et
827 1181 962 1208 atrocissi-

161 1220 213 1246 tnis
227 1220 364 1249 doloribus
377 1230 483 1256 semper
495 1228 600 1256 essent,
617 1230 676 1250 cum
698 1225 861 1259 quibuslibet
880 1226 961 1254 virtu—

163 1265 233 1292 tibus
246 1274 291 1294 eos
304 1274 364 1294 esse
379 1267 491 1295 miseros
506 1268 576 1295 nulla
591 1276 654 1295 sana
668 1270 737 1296 ratio
751 1270 894 1298 dubitaret.

197 1313 241 1340 17.
262 1313 350 1341 Pietas
364 1314 460 1349 igitur,
479 1315 504 1342 id
517 1320 557 1342 est
571 1323 649 1343 verus
667 1317 721 1343 veri
747 1317 792 1344 Dei
818 1318 906 1345 cultus
927 1318 960 1347 ad

160 1360 250 1387 omnia
265 1360 390 1395 prodest;
410 1365 438 1388 et
459 1369 519 1397 qua:
534 1362 670 1389 molestias
686 1362 764 1397 hujus
778 1364 837 1391 vita:
855 1368 961 1392 avertat

160 1411 207 1433 aut
219 1406 308 1439 leniat,
323 1411 350 1434 et
365 1415 424 1442 qua:
440 1407 472 1435 ad
488 1408 559 1435 illam
574 1408 653 1435 vitam
675 1410 842 1445 salutemque
861 1412 961 1446 perdu-

159 1456 214 1485 cat,
229 1452 273 1479 ubi
287 1460 337 1480 nec
352 1453 452 1488 aliquid
464 1454 519 1488 jam
539 1455 601 1481 mali
614 1455 754 1489 patiamur,
769 1461 795 1483 et
805 1457 873 1484 bono
886 1465 960 1485 sum-

160 1506 204 1525 tno
217 1499 433 1535 scmpitcrttoque
446 1501 621 1534 perfruamur.
642 1502 682 1527 Ad
695 1501 764 1529 hanc
778 1507 803 1529 te
817 1503 958 1537 perfectius

159 1546 351 1581 assequendam
364 1551 390 1574 et
403 1547 666 1582 perseverantissime
677 1548 843 1577 retinendam
857 1550 957 1579 exhor-

160 1597 201 1619 tor
214 1596 243 1619 ut
255 1593 384 1628 mcipsum
397 1602 403 1620 :
417 1594 493 1629 cujus
508 1594 559 1621 nisi
572 1595 627 1629 jam
641 1595 773 1631 particeps
785 1604 869 1630 esses,
884 1602 957 1626 tuos—

159 1647 211 1674 qtte
226 1640 291 1668 istos
306 1641 420 1669 honores
438 1643 597 1677 temporales
611 1643 635 1670 ei
655 1644 755 1671 servire
777 1650 902 1679 oportere
915 1647 957 1681 jn-

158 1685 274 1719 dieares,
289 1694 339 1714 non
356 1688 499 1715 Donatistis
524 1689 666 1722 hasreticis,
681 1690 714 1716 ad
727 1697 773 1717 eos
787 1690 813 1717 in
828 1692 956 1720 unitatem

158 1732 257 1759 Christi
278 1740 421 1769 pacemque
443 1733 618 1769 redigendos,
634 1743 681 1770 per
704 1735 819 1764 edictum
838 1737 954 1772 diceres,

158 1778 211 1806 l’ro
231 1780 299 1806 vobis
319 1780 364 1807 hoc
386 1781 487 1815 agitur;
502 1789 547 1815 pro
561 1781 628 1808 vobis
647 1783 788 1809 sacerdotes
804 1783 956 1819 irworrnpta:

158 1825 227 1858 ﬁdei,
247 1833 293 1860 pro
308 1826 375 1852 vobis
390 1825 533 1861 Imperator
547 1827 685 1862 Augustus,
696 1836 741 1862 pro
754 1828 821 1855 vobis
836 1837 880 1856 nos
894 1838 956 1865 quo-

156 1879 204 1904 que
213 1871 268 1906 ejus
278 1871 378 1906 iudices
389 1872 549 1904 laboramus;
560 1877 587 1900 et
597 1873 646 1900 alia
658 1874 741 1901 multa
751 1882 809 1909 qum
819 1875 844 1902 in
859 1876 953 1903 eodem

156 1915 251 1944 edicto
266 1917 299 1945 ita
316 1918 446 1952 posuisti,
463 1923 491 1945 ut
513 1923 538 1946 te
560 1924 686 1954 appareat
701 1920 725 1946 in
747 1922 844 1948 terreni
856 1922 953 1956 judieis

156 1963 277 1998 cingulo,
293 1973 346 1992 non
360 1973 439 2000 parva
458 1973 489 1993 cx
504 1970 578 2000 parte
602 1967 739 1994 cmlestem
760 1969 952 2002 rempublicam

155 2012 282 2047 cogitare.
303 2012 390 2046 Quare
407 2013 429 2039 si
445 2012 478 2040 de
493 2012 565 2040 veris
587 2013 728 2040 virtutibus
743 2018 770 2041 et
791 2022 854 2042 vere
876 2015 951 2043 beata

155 2058 206 2085 vita
219 2057 290 2085 voltti
302 2057 401 2085 diutius
415 2058 486 2093 loqui
500 2063 598 2091 tecum,
612 2066 702 2093 quaeso
716 2068 748 2087 ne
761 2067 891 2088 onerosus
903 2062 949 2089 de-

154 2108 231 2138 pttter
242 2104 293 2130 tuis
308 2104 523 2139 occupationibus
536 2113 542 2131 :
555 2105 608 2132 imo
621 2113 684 2132 vero
696 2113 800 2133 menon
815 2114 874 2134 esse
887 2116 951 2135 cott-

154 2150 207 2177 ﬁdo
217 2171 224 2182 ,
240 2151 345 2186 quando
359 2156 385 2178 tu
397 2151 462 2179 adeo
474 2160 599 2187 magnum
619 2152 736 2179 animum
756 2157 782 2180 et
794 2154 950 2182 mirabiliter

154 2197 314 2225 laudandum
336 2197 405 2233 geris
416 2219 422 2230 ,
437 2203 466 2225 ttt
481 2206 530 2226 nec
552 2199 609 2225 illas
628 2206 707 2227 curas
722 2199 830 2227 deseras
840 2221 847 2234 ,
863 2205 890 2228 et
907 2200 949 2228 his

153 2242 279 2271 libentius
294 2251 324 2271 ac
337 2244 491 2272 familiarius
506 2244 652 2279 occupcris.

377 2312 541 2341 EPISTOLA
563 2312 639 2340 CLVI
650 2315 656 2324 ‘
667 2311 715 2350 (α).

153 2367 270 2396 Ililarius
283 2369 437 2404 Augustino,
454 2378 596 2405 proponens
615 2370 653 2396 illi
684 2371 831 2405 mutationes
851 2372 948 2406 aliquot

384 2416 415 2443 de
429 2416 516 2451 quibus
530 2417 598 2451 cupit
613 2416 719 2443 edoceri.

150 2460 264 2489 Domino
274 2466 375 2494 sancto,
384 2461 444 2496 jure
450 2469 483 2489 ac
493 2462 588 2489 merito
598 2462 754 2495 venerabili,
764 2467 790 2490 et
800 2470 849 2498 per
858 2465 946 2492 omnia

233 2507 346 2535 colendo
361 2508 511 2536 Aucusrnvo
526 2508 661 2543 episcopo,
678 2508 805 2536 HILARIUS
817 2510 866 2547 (ὁ).

186 2558 338 2586 Sanctitatis
351 2563 402 2586 ttttz
418 2559 499 2595 gratia
510 2580 517 2592 ,
530 2567 585 2594 quae
598 2559 712 2586 omnibus
727 2564 785 2587 nota
798 2565 844 2594 est,
859 2562 945 2596 parvi-

183 2626 194 2636 ⁶
206 2627 290 2664 Epist}.
302 2629 361 2651 CLV'l
372 2630 399 2652 et
408 2630 474 2664 CLVI}
485 2626 630 2664 castigandis
641 2624 741 2664 adhibiti
752 2631 857 2664 suutaa.
870 2635 905 2654 cc.
919 2628 944 2654 ﬂ‘.

147 2665 188 2683 vv.
212 2657 250 2683 vc.
262 2658 279 2683 5
290 2665 314 2690 v.
328 2662 354 2683 et
366 2662 415 2682 Am.
425 2657 479 2682 Bad.
492 2661 528 2682 Er.
543 2662 596 2682 t.ov.
615 2658 704 2690 quibus
720 2660 822 2684 accessit
840 2663 946 2686 MS.C(13-

146 2689 215 2714 nobil
227 2693 250 2714 S.
265 2688 359 2721 Sulpitii
376 2695 409 2714 ex
422 2690 510 2714 Ordine
521 2690 619 2714 cisterc.

179 2731 218 2762 (α)
230 2730 334 2764 AliasBS
346 2737 353 2756 :
367 2737 422 2762 quae
434 2735 517 2756 autem
530 2730 574 2755 156
587 2734 648 2761 erat,
661 2737 726 2756 nunc
738 2731 791 2756 151.
804 2733 892 2764 Scripta
909 2734 945 2758 vi-

145 2762 218 2787 detur
233 2769 272 2787 an.
285 2762 339 2786 414.

180 2793 217 2825 (b)
231 2797 255 2825 In
267 2797 309 2818 MS.
330 2794 492 2822 cisterciensi,
506 2800 600 2818 necnon
612 2793 672 2818 infra
685 2794 708 2817 in
720 2795 839 2818 \‘ictormo
862 2795 945 2819 scribi-

146 2828 199 2853 tur,
209 2824 320 2861 'tlilurus.
333 2826 497 2861 Nescimusan
510 2825 553 2861 ille
564 2826 659 2861 itis-exsit
670 2827 711 2856 qui
724 2830 808 2860 postea
828 2826 944 2861 adversus

146 2855 358 2887 Semipelagianos
381 2855 507 2892 epistolam
531 2856 569 2881 hic
576 2856 626 2892 .219
638 2855 769 2892 Augustino
782 2859 889 2892 scripsit;
903 2859 943 2881 ubi

146 2892 177 2912 se
191 2887 267 2917 ipsius
280 2887 416 2918 prtescntize
428 2887 521 2911 deliciis
534 2889 649 2918 potitum,
663 2893 688 2913 et
700 2887 838 2914 salubribus
861 2889 942 2913 lll)Cl‘l-

146 2918 195 2946 bus
207 2919 323 2946 nutritum
335 2919 409 2945 fuisse
421 2918 555 2951 profitetur.

765 154 1007 187 EPISTOLARUM
1026 158 1164 190 CLASSIS
1182 162 1226 191 Ill.

1030 218 1077 245 tati
1087 226 1149 246 metu
1162 220 1286 249 persuasit
1295 226 1321 250 ut
1335 220 1422 252 tristris
1436 225 1443 241 ‘
1459 225 1491 253 de
1503 226 1665 263 Syracusano
1680 230 1823 270 Hipponem
1852 224 1856 228 ”

1027 266 1210 297 remeantibus,
1228 268 1273 295 hac
1295 269 1330 296 ad
1349 269 1506 300 laudandam
1524 275 1587 303 milii
1605 266 1821 310 Venerabilitatem

1027 313 1096 336 tuam
1109 311 1205 340 litteras
1231 322 1370 350 negarem,
1382 325 1488 352 poscens
1498 328 1623 349 summam
1639 323 1786 355 Trinitatem
1793 334 1821 356 ut

1026 354 1159 384 incolumis
1180 364 1204 385 et
1232 367 1331 396 uegetus
1346 361 1394 390 Dei
1407 366 1486 393 nostri
1498 369 1585 401 favore
1598 369 1645 396 hoc
1659 379 1742 399 meum
1759 375 1822 401 scri-

1026 406 1098 436 ptum
1111 411 1144 430 aa
1163 409 1340 435 recensendum
1352 411 1485 447 suscipias,
1494 414 1595 442 domine
1605 423 1705 451 sancte,
1715 419 1776 454 jure
1789 429 1823 464 ας

1026 448 1113 464 nua-“'1‘
1125 452 1271 464 4..--.._Lu.n
1305 460 1321 464 γ.
1455 459 1461 464 .
1529 462 1534 464 .
1580 463 1583 464 ,
1636 463 1646 464 κ

1024 448 1282 501 meritattenerabilis,
1298 460 1322 482 et
1334 464 1379 490 per
1392 459 1476 486 omnia
1494 462 1606 490 colenda.
1629 448 1742 493 Proinde
1758 448 1820 503 rogi:

1024 498 1051 520 ut
1063 494 1113 522 mei
1126 503 1220 524 memor
1230 498 1257 525 in
1278 501 1371 528 sanctis
1393 504 1548 534 orationibus
1566 508 1615 536 tuis
1631 517 1685 542 esse
1698 494 1818 547 digneris,

1023 544 1099 594 atque
1111 542 1264 579 imperitiam
1277 552 1389 576 nostram
1404 550 1541 586 informare
1554 554 1585 581 de
1595 563 1623 582 eo
1635 558 1704 591 quod
1716 542 1819 594 quidam

1023 585 1154 615 christiani
1177 590 1247 625 apud
1268 591 1409 627 Syracusas
1427 585 1573 633 exponunt,
1600 585 1819 633 dicenteslPossc

1023 638 1076 658 esse
1088 632 1214 662 hominem
1224 636 1277 664 sine
1288 645 1391 673 peccato
1402 647 1413 673 ;
1425 646 1449 669 et
1462 632 1581 672 mandata
1591 645 1638 682 Dei
1650 648 1725 682 facile
1734 656 1819 678 custo-

1022 677 1093 713 dire,
1105 680 1129 707 si
1141 681 1209 709 velit.
1226 682 1356 719 Infantem
1370 695 1421 714 non
1442 687 1596 724 baptizatum
1614 677 1693 722 διέντι
1705 704 1819 731 proruen-

1021 727 1074 751 tum
1088 734 1138 753 non
1151 736 1226 762 posse
1237 731 1319 765 perire
1330 733 1435 768 merito,
1450 736 1569 770 quoniam
1583 739 1636 767 sine
1650 727 1751 776 peccato
1769 752 1817 771 na—

1020 769 1108 799 scitur.
1123 771 1232 801 Divitem
1250 782 1392 805 manentem
1410 779 1437 807 in
1456 780 1549 809 divitiis
1566 784 1629 817 suis,
1643 769 1747 822 regnum
1768 788 1817 816 Dei

1020 823 1071 843 non
1085 825 1157 852 posse
1168 819 1277 856 ingredi,
1293 823 1342 850 nisi
1360 825 1445 852 omnia
1453 834 1500 854 sua
1513 829 1651 857 vendiderit
1658 819 1727 864 {nec
1737 834 1815 868 prod-

1019 869 1071 889 esse
1093 863 1174 891 eidem
1187 874 1274 902 posse,
1290 869 1312 896 si
1323 870 1389 903 forte
1413 880 1445 899 ex
1463 873 1525 908 ipsis
1539 875 1631 903 divitiis
1644 878 1730 912 fecerit
1737 863 1817 908 Insan-

1018 908 1088 937 data.
1103 909 1164 938 Non
1178 912 1266 940 debere
1282 915 1373 950 jurare
1390 918 1501 946 omnino.
1523 919 1557 947 Et
1575 920 1607 948 de
1617 908 1746 959 Ecclesia,
1760 933 1817 960 qua
1841 929 1846 936 ”

1017 954 1049 980 sit
1063 955 1095 982 de
1107 964 1157 991 qua
1169 959 1291 994 scriptum
1305 966 1341 989 est
1360 971 1410 990 non
1429 964 1522 993 habere
1532 975 1622 1003 rugam
1634 977 1714 1005 neque
1726 954 1816 999 macu-

1017 999 1069 1027 lam
1081 1001 1221 1054 (Ep/temp,
1234 1005 1280 1043 27)
1292 1028 1298 1039 ,
1313 1013 1398 1036 utrum
1413 1011 1467 1038 lucc
1480 1013 1513 1039 sit
1525 1013 1552 1041 in
1563 999 1613 1050 qua
1627 999 1695 1043 nunc
1707 1026 1813 1054 congre-

1016 1053 1116 1098 gantur,
1130 1057 1164 1076 an
1176 1049 1223 1077 illa
1234 1059 1309 1087 quam
1322 1062 1470 1089 speramus:
1486 1049 1589 1093 quidam
1602 1066 1686 1090 autem
1699 1049 1789 1098 puttint
1802 1066 1814 1081 ’

1015 1091 1156 1121 Ecclesia»:
1169 1095 1234 1124 hanc
1249 1106 1302 1126 esse
1314 1108 1371 1134 qtae
1390 1110 1457 1129 nunc
1471 1091 1642 1140 frequentatur
1656 1091 1773 1144 populis,
1789 1114 1814 1139 et

1014 1138 1069 1166 sine
1081 1147 1181 1176 peccato
1199 1151 1252 1172 esse
1271 1154 1353 1180 posse.
1374 1147 1413 1175 De
1431 1138 1475 1177 his
1485 1151 1601 1180 omnibus
1620 1162 1699 1190 rogo,
1713 1157 1814 1190 quantis

1014 1184 1085 1213 valeo
1097 1188 1221 1222 precibus,
1234 1190 1399 1220 Sanctitatem
1408 1198 1488 1229 tuam,
1499 1201 1527 1224 ut
1535 1197 1627 1233 jubeas
1641 1184 1813 1237 nos’apertias

1013 1229 1121 1266 instrui,
1134 1242 1184 1270 quo
1197 1236 1338 1265 noverimus
1352 1244 1475 1275 quatenus
1495 1229 1586 1271 sentire
1600 1229 1743 1273 debeamus.
1763 1246 1813 1275 Dei

1013 1276 1092 1304 nostri
1104 1278 1277 1308 misericordia
1287 1282 1455 1313 Sanctitatem
1466 1290 1535 1314 tuam
1549 1288 1700 1318 incolumem
1712 1299 1813 1319 comer-

1012 1326 1061 1356 ttet,
1071 1324 1145 1351 annis
1158 1325 1297 1355 innumeris
1309 1333 1379 1363 opto,
1393 1330 1493 1359 domins
1502 1338 1598 1368 sancte,
1607 1335 1668 1370 jure
1678 1344 1709 1363 ac
1723 1337 1811 1365 merito

1011 1369 1171 1405 uenerabilis,
1186 1377 1210 1399 et
1223 1381 1268 1408 per
1281 1375 1366 1402 omnia
1379 1376 1495 1405 colenda.

1213 1428 1378 1459 EPISTOLA
1390 1432 1433 1469 (a)
1452 1433 1541 1463 eLvn
1558 1434 1605 1472 (ό).

1028 1479 1185 1519 Augustinus
1199 1483 1300 1514 Hilario
1313 1508 1320 1521 ,
1335 1490 1489 1523 respondens
1503 1491 1537 1517 ad
1548 1491 1619 1520 illius
1632 1493 1791 1529 qumtioncs.

1010 1528 1178 1559 AUGUSTINUS
1194 1532 1335 1569 episcopus
1348 1542 1441 1564 servus
1454 1536 1551 1566 Christi
1562 1543 1589 1567 et
1601 1528 1659 1575 ejus
1670 1541 1808 1578 Ecclesiae,

1062 1574 1238 1606 dilectissimo
1251 1578 1306 1607 ﬁlio
1321 1580 1443 1616 HILARIO,
1459 1583 1485 1610 in
1504 1574 1622 1613 Domino?
1629 1586 1753 1615 salutem.

1044 1630 1158 1660 CAPUT
1172 1633 1379 1664 PRIMUM—1.
1392 1637 1431 1665 Ex
1440 1638 1536 1667 litteris
1546 1641 1596 1669 tuis
1606 1641 1686 1670 didici
1696 1651 1748 1672 non
1762 1652 1808 1673 so~

1008 1673 1063 1703 lum
1072 1676 1282 1708 incolumitatem
1290 1685 1372 1715 tuam,
1382 1683 1429 1711 sed
1438 1685 1517 1713 etiam
1526 1687 1678 1723 religiosum
1689 1690 1806 1719 studium

1009 1724 1083 1749 tuum
1094 1723 1165 1752 circa
1178 1726 1287 1754 verbum
1301 1728 1359 1762 Dei,
1371 1734 1396 1757 et
1409 1729 1478 1765 piam
1489 1739 1580 1760 curam
1595 1741 1643 1769 pro
1653 1736 1739 1764 salute
1750 1741 1805 1772 tua,

1008 1776 1068 1803 qure
1078 1773 1119 1796 est
1132 1769 1160 1798 in
1173 1770 1281 1799 Christo
1293 1772 1356 1802 Jesu
1367 1775 1479 1805 Domino
1495 1782 1588 1806 nostro
1603 1789 1610 1807 :
1623 1780 1693 1809 unde
1706 1769 1806 1818 gratias

1007 1813 1063 1842 Deo
1076 1822 1156 1851 agens
1172 1825 1224 1845 non
1239 1818 1329 1847 distuli
1344 1821 1471 1857 rescripta
1485 1824 1648 1859 persolvere.

1042 1862 1070 1889 2.
1091 1862 1120 1890 Si
1134 1871 1197 1900 ergo
1218 1866 1316 1901 quaeris
1330 1871 1419 1896 utrum
1435 1869 1462 1897 in
1476 1870 1526 1898 hac
1548 1872 1599 1899 vita
1612 1862 1753 1909 quisquam
1767 1874 1803 1904 ita

1004 1908 1114 1944 justitiaa
1136 1911 1299 1946 perfectione
1322 1915 1457 1949 proﬁciat,
1473 1921 1502 1944 ut
1521 1918 1564 1946 hic
1581 1919 1640 1947 sine
1659 1908 1714 1948 ullo
1733 1921 1805 1950 vivat
1845 1916 1847 1919 ’

1006 1956 1115 1983 omnino
1125 1963 1252 1992 peccato;
1267 1960 1375 1988 attende
1387 1962 1449 1997 qttid
1460 1962 1557 1991 dixerit
1567 1964 1682 1994 Joannes
1695 1971 1805 2002 aposto-

1005 2002 1066 2037 lus,
1090 2012 1168 2039 quem
1192 2005 1318 2034 Dominus
1336 2007 1406 2036 inter
1426 2008 1570 2045 discipulos
1585 2018 1647 2040 suos
1665 2013 1801 2049 praecipue

1004 2047 1131 2084 diligebat
1145 2059 1151 2077 :
1168 2050 1199 2078 Si
1210 2051 1359 2086 dixerimus,
1373 2053 1467 2089 inquit,
1480 2055 1539 2090 quia
1550 2047 1679 2092 peccatum
1691 2067 1741 2086 non
1747 2047 1802 2087 lia-

1004 2094 1106 2128 bemus,
1116 2104 1162 2123 nos
1178 2097 1247 2132 ipsos
1262 2098 1414 2134 decipimus,
1429 2104 1452 2128 et
1471 2102 1561 2129 veritas
1575 2103 1601 2130 in
1613 2104 1684 2131 nobis
1700 2113 1751 2133 non
1764 2110 1800 2134 est

1004 2139 1119 2177 (lJoan.
1132 2142 1159 2176 1,
1174 2142 1213 2177 8).
1236 2143 1265 2171 Si
1285 2151 1348 2179 ergo
1362 2144 1400 2172 illi
1417 2144 1451 2173 de
1468 2147 1564 2182 quibus
1577 2148 1641 2176 milii
1657 2150 1798 2186 scripsisti,

1003 2192 1033 2213 sc
1047 2185 1140 2213 dicunt
1151 2194 1211 2215 esse
1226 2188 1283 2216 sine
1296 2193 1421 2224 peccato;
1438 2191 1512 2219 vides
1525 2193 1586 2228 quia
1606 2200 1636 2221 se
1657 2185 1729 2231 ipsos
1749 2195 1800 2229 de-

1002 2230 1114 2266 cipiunt,
1129 2235 1156 2259 et
1179 2232 1277 2262 veritas
1300 2234 1328 2262 in
1347 2236 1385 2263 eis
1400 2244 1454 2264 non
1471 2241 1522 2265 est.
1543 2237 1571 2266 Si
1590 2230 1678 2268 autem
1696 2248 1726 2269 se
1738 2249 1799 2271 esse

1002 2281 1156 2312 peccatores
1166 2277 1292 2314 fatentur,
1304 2284 1333 2308 ut
1343 2281 1390 2310 Dei
1404 2283 1613 2313 misericordiam
1624 2288 1727 2322 possint
1738 2296 1798 2318 mc—

1001 2323 1064 2357 reri,
1076 2329 1247 2360 compescant
1259 2333 1289 2354 se
1301 2326 1335 2354 ab
1349 2327 1409 2355 aliis
1422 2329 1501 2357 etiam
1514 2330 1689 2367 decipiendis,
1701 2334 1798 2369 quibus

1001 2368 1070 2397 hanc
1081 2371 1231 2405 superbiam
1245 2373 1404 2407 persuadere
1420 2381 1560 2406 conantur.
1583 2368 1716 2407 Omnibus?
1726 2380 1796 2409 enim

1001 2417 1151 2444 necessaria
1164 2422 1205 2445 est
1217 2419 1303 2446 oratio
1313 2419 1457 2457 dominica,
1469 2430 1549 2458 quam
1561 2424 1639 2453 etiam
1651 2425 1717 2461 ipsis
1726 2427 1798 2456 arie-

1032 2473 1041 2506 ξ
1059 2477 1113 2500 Mss.
1124 2478 1236 2506 quatuor,
1245 2475 1341 2503 nostris.

1031 2505 1043 2521 ί
1057 2508 1112 2531 llas.
1124 2505 1185 2536 (res,

1031 2545 1070 2602 Sag
1084 2547 1317 2585 Hieronymus'anno
1331 2549 1378 2586 Ilii
1388 2551 1501 2577 scribens
1510 2553 1629 2591 adversus
1639 2555 1795 2595 Pelagianos,

999 2575 1025 2602 iu
1045 2584 1079 2614 t__.
1091 2578 1109 2614 ᾇ
1118 2581 1222 2614 teng
1233 2579 1308 2614 libros
1319 2581 1419 2614 quidem
1440 2583 1471 2608 ad
1483 2584 1646 2611 Marcellinum
1666 2586 1699 2612 de
1716 2591 1795 2614 Bauti-

999 2608 1226 2650 ιὶίὲίεέἓῗπιεξξίέἒιέ
1244 2608 1339 2650 Mtte
1359 2613 1390 2637 ab
1412 2608 1654 2650 θυρωρόῖέάῖῶ
1667 2608 1795 2650 iris-£533

1000 2645 1069 2669 vero,
1081 2646 1128 2665 seu
1139 2639 1238 2677 librum,
1249 2645 1277 2667 ut
1288 2643 1342 2674 ipse
1353 2647 1436 2675 vocat,
1490 2639 1794 2681 nitariﬁfitp'éi"ﬁ3‘ai

1000 2670 1067 2706 ﬁsse.
1080 2674 1144 2696 uane
1154 2678 1239 2706 _tpsam
1249 2673 1487 2706 Epistolamrorostus
1496 2676 1615 2703 directam
1625 2685 1702 2706 nuper
1712 2681 1745 2706 ad
1757 2682 1794 2706 si-

998 2701 1137 2741 Lut
1153 2701 1183 2740 in'_
1200 2701 1355 2741 apoldgetico
1376 2705 1501 2741 loquiturr
1514 2701 1793 2741 ρςέιίιέξῖιῖιῖνιῆιὲιῆο

998 2737 1130 2775 genere
1347 2733 1792 2775 semermem-1113:mea

999 2763 1132 2811 geneodlem
1143 2763 1260 2811 opusculo
1275 2766 1300 2791 in
1309 2767 1471 2811 piqspobmua
1492 2763 1699 2811 ᾖηόάὄηξῇἱῇίί
1704 2763 1791 2800 iit-3E;

1017 2801 1030 2811 η
1047 2802 1085 2811 ηπ,
1097 2802 1123 2811 ...
1137 2802 1196 2811 an...
1209 2803 1247 2811 η...
1260 2803 1314 2811 ...πη
1366 2808 1372 2811 _
1385 2803 1463 2811 --....._
1488 2807 1542 2811 μη
1556 2809 1595 2811 λη
1617 2807 1631 2811 γλ
1673 2810 1676 2811 ,

999 2795 1124 2837 decembri
1136 2795 1250 2837 ejusdctn
1260 2798 1315 2837 anni
1323 2795 1374 2837 μβ
1384 2803 1463 2836 actum
1487 2795 1543 2837 esse
1556 2795 1697 2837 piodiﬁpse
1706 2795 1791 2837 Fuga:

998 2826 1086 2865 stinus,
1098 2827 1123 2865 in
1190 2827 1223 2851 de
1234 2829 1312 2865 gestis
1323 2828 1427 2861 Pelagii,
1439 2837 1483 2863 cap
1511 2832 1536 2857 ll
1545 2826 1695 2865 {quohibe—
1706 2826 1790 2863 lilii-luit

999 2861 1128 2890 nuncupat,
1142 2864 1189 2890 non
1202 2859 1338 2890 epistolam.

1027 2887 1196 2945 ﬁliaiam):
1210 2887 1264 2923 qua:
1274 2896 1358 2918 autem
1371 2892 1414 2918 l51
1426 2897 1488 2928 erat,
1497 2901 1561 2932 nunc
1572 2896 1625 2925 190.
1638 2898 1728 2934 Scripta
1738 2902 1793 2934 post

997 2925 1157 2953 superiorem.

1000 2670 1067 2712 ﬁsse.
1080 2674 1144 2712 uane
1153 2670 1239 2712 Χ
1249 2670 1487 2712 'Epis'tplam
1496 2670 1615 2712 directam
