4154 6354
585 359 687 418 675

587 476 725 532 tibus
751 474 927 546 gregis
945 515 958 534 .
989 473 1039 526 id
1066 466 1440 542 est‘Apostulis
1475 471 1585 525 suis
1616 469 1867 524 Dominus
1891 467 2068 532 dedit,
2097 477 2154 520 ut

586 569 943 638 unusquisque
967 564 1072 619 Deo
1092 565 1232 617 dicat
1257 582 1269 618 :
1291 563 1498 616 Dimitte
1512 561 1649 613 nobis
1667 561 1828 614 debita
1844 568 2034 623 nostra,
2055 559 2154 611 sic-

561 673 639 715 ‘ut
665 670 710 714 et
729 676 820 713 nos
839 658 1132 711 dimittimus
1157 655 1454 708 debitoribus
1495 654 1676 706 nostris
1713 652 1918 721 (Matth.
1942 665 2014 714 Vl,
2042 651 2151 718 l2).

582 753 679 808 (lui
711 752 849 807 enim
882 752 994 804 hate
1019 750 1069 803 in
1113 750 1351 802 oratione
1379 745 1535 799 verba
1573 745 1870 800 necessaria
1903 760 2007 797 non
2038 742 2152 798 fue-

583 845 708 909 rint,
738 844 849 914 ipse
879 843 964 896 hic
990 841 1104 896 sine
1134 849 1348 908 peccato
1389 839 1561 892 vivere
1600 835 2016 907 pronuntiandus
2051 844 2151 889 est.

551 911 776 1000 .Quales
794 933 836 986 si
858 932 1062 1000 aliquos
1079 930 1280 984 futuros
1293 930 1541 983 Dominus
1557 927 1885 996 praevideret,
1911 927 2156 980 meliores

562 1026 760 1094 utique
799 1038 954 1092 quam
985 1020 1430 1088 exstiteruntcjus
1471 1019 1737 1088 Apostoli,
1773 1018 1925 1070 aliam
1963 1017 2158 1071 oratio—

581 1133 700 1170 nem
732 1115 849 1171 illos
871 1114 1104 1177 doceret,
1137 1129 1238 1182 qua
1267 1127 1370 1167 non
1412 1119 1655 1180 peterent
1689 1111 1878 1165 dimitti
1911 1109 2006 1163 sibi
2035 1125 2184 1177 pecr

579 1219 716 1272 cata,
744 1207 934 1276 quibus
962 1206 1012 1259 in
1040 1205 1306 1273 Baptismo
1333 1205 1536 1257 fuerant
1575 1203 1748 1257 omnia
1779 1203 1886 1270 jam
1915 1202 2151 1256 dimissa.

579 1299 709 1352 Nam
739 1299 784 1353 si
827 1297 1004 1352 Daniel
1031 1305 1272 1359 sanctus,
1299 1310 1406 1352 non
1445 1310 1622 1348 coram
1663 1295 1963 1347 hominibus
2007 1292 2152 1363 quasi

559 1389 874 1445 .humilitate
899 1388 1099 1453 fallaci,
1127 1388 1219 1442 sed
1248 1402 1427 1441 coram
1457 1387 1562 1440 Deo
1582 1427 1596 1450 ,
1631 1385 1680 1438 id
1707 1393 1787 1438 est
1832 1385 1882 1437 in
1917 1384 2155 1437 oratione

559 1499 681 1552 .qua
711 1483 877 1536 Deum
909 1479 1238 1548 precabatur,
1271 1493 1374 1533 nou
1407 1477 1575 1530 solum
1607 1488 1819 1545 peccata
1846 1477 2020 1545 pepuli
2051 1475 2150 1540 sui,

579 1575 670 1628 sed
697 1574 853 1629 etiam
878 1587 970 1626 sua
1003 1572 1369 1634 confitebatur,
1396 1571 1529 1624 sicut
1553 1569 1666 1636 ejus
1693 1585 1784 1623 ore
1811 1568 2040 1623 veridico
2063 1583 2156 1623 ex-

571 1683 822 1736 pressum
851 1676 928 1722 est
952 1665 1202 1737 (Danielis
1230 1680 1302 1729 ix,
1321 1663 1444 1733 20);
1482 1663 1613 1716 nihil
1634 1662 1772 1716 aliud
1795 1661 1923 1714 mihi
1950 1661 2155 1715 videtur

562 1758 864 1813 dicendum
890 1757 1024 1821 istis,
1057 1755 1158 1810 nisi
1188 1754 1327 1824 quod
1359 1769 1450 1822 per
1477 1753 1787 1822 prophetam
1820 1751 2152 1806 Ezechielcm

579 1848 786 1903 cuidam
823 1847 1051 1916 superbo
1091 1845 1340 1899 Dominus
1384 1843 1638 1897 mandat:
1672 1840 1935 1912 Numquid
1972 1853 2026 1895 tu
2065 1859 2152 1896 sa-

559 1938 795 2009 pientior
819 1954 871 1991 es
897 1953 1046 2008 quam
1076 1934 1259 1989 Daniel
1282 1933 1490 2006 (Exerit.
1522 1948 1715 1996 xxvut,
1747 1931 1842 2004 5)?

650 2029 703 2084 3.
737 2026 840 2082 Sed
872 2027 1028 2097 plane
1055 2025 1142 2095 qui
1169 2023 1527 2080 misericordia
1553 2024 1642 2077 Dei
1674 2023 1882 2092 adjutus
1911 2031 1963 2077 et
1987 2024 2155 2092 gratia

565 2136 638 2175 se
660 2121 726 2175 ab
752 2120 827 2173 eis
860 2118 1087 2187 peccatis
1127 2116 1439 2170 abstinuerit
1475 2131 1595 2184 quae
1624 2115 1781 2168 etiam
1810 2114 2028 2168 crimina
2057 2129 2154 2167 vo-

579 2220 781 2276 cantur,
812 2217 970 2279 atque
999 2209 1085 2262 illa
1117 2215 1328 2277 peccata
1359 2207 1473 2260 sine
1494 2205 1683 2274 quibus
1711 2221 1812 2258 non
1837 2204 1922 2260 hic
1940 2205 2150 2273 vivitur,

582 2303 839 2358 mundare
881 2301 1126 2371 operibus
1170 2299 1546 2354 misericordiae
1584 2310 1636 2352 et
1678 2300 1776 2367 piis
1832 2299 2155 2353 orationibus

582 2411 688 2450 neu
733 2393 1052 2464 neglexerit,
1085 2393 1372 2448 mercbitur
1412 2389 1533 2444 hinc
1576 2391 1722 2444 exire
1771 2391 1884 2443 sine
1917 2399 2151 2458 peccato,

565 2486 820 2558 quamvis
847 2502 966 2540 cum
995 2485 1079 2539 hic
1115 2483 1316 2538 viveret
1345 2481 1581 2537 habuerit
1621 2482 1868 2535 nonnulla
1903 2495 2111 2550 peccata
2137 2497 2152 2545 ;

561 2579 704 2647 .quia
733 2579 868 2633 sicut
892 2578 990 2630 ista
1017 2591 1118 2629 non
1148 2573 1447 2635 defuerunt,
1479 2573 1548 2626 ita
1578 2573 1736 2626 etiam
1769 2573 2000 2626 remedia
2037 2574 2154 2641 qui-

559 2668 681 2726 .bus
707 2673 1072 2736 purgarentur,
1094 2665 1375 2719 siluerunt.
1406 2662 1652 2731 Quisquis
1677 2671 1874 2725 autem,
1899 2664 1994 2716 hac
2015 2663 2157 2717 velut

583 2759 860 2812 occasione
895 2765 1183 2824 comperta,
1207 2769 1326 2809 cum
1355 2753 1580 2809 audierit
1607 2753 1869 2810 neminem
1896 2753 1986 2809 hic
2009 2754 2155 2808 arbi-

586 2850 683 2903 trio
713 2864 808 2902 suo
833 2849 946 2902 sine
977 2855 1188 2916 peccato
1209 2846 1386 2900 vivere
1405 2887 1419 2910 ,
1445 2843 1647 2898 dederit
1673 2859 1731 2900 se
1755 2844 2074 2910 libidinibus,
2103 2855 2156 2899 et

585 2941 890 2995 criminibus
933 2925 1146 2993 nefariis
1175 2938 1500 3007 obligaverit,
1529 2945 1686 3007 atque
1714 2937 1764 2990 in
1797 2936 1878 2990 his
1904 2937 2156 2992 crimino-

586 3021 656 3085 sis
683 3031 1156 3099 consceleratisque
1186 3029 1419 3082 moribus
1450 3044 1613 3097 usque
1643 3029 1695 3081 in
1725 3026 1863 3081 diem
1894 3043 2047 3082 suum
2071 3029 2155 3086 ul-

563 3123 769 3176 °timum
813 3121 1197 3191 pet-duraverit,
1233 3120 1488 3189 quaslibet
1531 3120 1668 3174 inter
1716 3118 1829 3174 haec
1863 3119 2157 3193 eleemosy-

589 3227 682 3269 nas
708 3213 882 3276 faciat,
907 3225 957 3266 et
985 3213 1262 3268 infeliciter
1287 3211 1430 3265 ducit
1459 3211 1638 3275 vitam,
1664 3220 1716 3264 et
1737 3209 1995 3266 infelicius
2022 3212 2155 3268 finit.

563 3331 571 3339 -
657 3304 879 3360 CAPUT
903 3305 962 3358 ll.
991 3334 1061 3344 —
1080 3305 1132 3358 4.
1172 3303 1275 3358 Sed
1305 3303 1388 3356 isti
1423 3312 1704 3370 utcumque
1730 3303 1986 3358 tolerandi
2013 3317 2155 3372 sunt,

567 3397 796 3468 quando
825 3397 1005 3452 dicunt
1027 3396 1110 3450 vel
1139 3409 1257 3449 esse
1283 3394 1366 3448 vel
1397 3395 1555 3449 fuisse
1580 3393 1665 3448 hic
1693 3395 1936 3465 aliquem,
1967 3409 2160 3465 printer

567 3528 574 3536 .
597 3505 754 3544 unum
782 3488 1031 3543 Sanctum
1059 3496 1384 3554 sanctorum,
1418 3487 1504 3557 qui
1530 3485 1728 3541 nullum
1750 3486 1967 3543 haberet
1988 3490 2160 3543 omni-

590 3597 660 3636 no
683 3588 976 3652 peccatum.
1002 3578 1130 3633 Illud
1155 3593 1279 3633 vero
1305 3578 1441 3647 quod
1463 3579 1664 3642 dicunt,
1687 3578 1930 3634 sufficere
1961 3580 2160 3636 homini

591 3673 812 3726 liberum
848 3669 1092 3724 abitrium
1147 3669 1212 3724 ad
1261 3669 1521 3724 dominica
1574 3678 1830 3738 praecepta
1871 3671 2158 3738 implenda,

573 3761 797 3818 etiamsi
835 3761 926 3815 Dei
968 3761 1132 3830 gratia
1162 3767 1216 3815 et
1253 3759 1480 3830 Spiritus
1517 3760 1684 3814 sancti
1723 3761 1862 3815 dono
1897 3763 1961 3814 ad
2001 3777 2160 3832 opera

591 3854 727 3910 bona
765 3869 867 3909 non
894 3851 1199 3922 adjuvetur,
1233 3853 1446 3905 munitio
1477 3851 2020 3907 anathematizandum
2058 3861 2156 3919 est,

565 3953 648 4000 ~et
689 3944 931 3998 omnibus
977 3941 1427 3996 exsecrationibus
1465 3940 1852 3996 detestandum.
1893 3943 1990 4010 Qui
2020 3945 2161 3998 enim

573 4034 692 4090 hoc
731 4041 1003 4101 asserunt,
1031 4048 1063 4087 a
1091 4035 1254 4102 gratia
1287 4032 1376 4100 Dei
1405 4034 1613 4103 penitus
1655 4033 1812 4087 alieni
1859 4043 2011 4099 sunt;
2039 4036 2160 4104 quia

566 4127 874 4198 ignorantes
900 4124 996 4179 Dei
1011 4124 1284 4196 justitiam,
1307 4125 1441 4177 sicut
1469 4125 1533 4177 de
1560 4122 1755 4178 Iudaeis
1781 4124 1903 4178 dicit
1937 4127 2163 4195 Aposto-

567 4221 708 4284 ‘lus,
731 4229 775 4272 et
810 4235 954 4273 suam
988 4217 1204 4271 volentes
1241 4217 1553 4280 constituere,
1575 4216 1786 4286 justititc
1806 4217 1899 4270 Dei
1924 4234 2021 4272 non
2046 4213 2162 4272 sunt

571 4310 796 4383 subjecti
825 4309 1009 4380 (Rom.
1038 4323 1091 4372 ι,
1133 4305 1199 4380 5)
1224 4325 1238 4361 :
1273 4307 1542 4375 plenitudo
1571 4308 1761 4377 quippe
1791 4307 1920 4378 legis
1951 4324 2053 4362 non
2083 4319 2165 4364 est

589 4401 693 4456 nisi
717 4399 946 4456 charitas
967 4397 1076 4469 (Id.
1105 4413 1219 4464 xm,
1247 4398 1368 4469 10);
1399 4406 1452 4452 et
1477 4399 1657 4468 utique
1685 4399 1914 4453 charitas
1937 4399 2027 4454 Dei
2059 4400 2163 4452 dif-

590 4495 706 4548 fusa
735 4501 817 4548 est
844 4493 895 4545 in
933 4491 1180 4546 cordibus
1211 4489 1436 4554 nostris,
1479 4505 1581 4543 non
1613 4505 1706 4559 per
1740 4505 1834 4544 nos
1862 4491 2032 4560 ipsos,
2066 4506 2163 4548 nec

572 4586 789 4640 -viribus
814 4584 1043 4657 propria:
1073 4582 1377 4648 voluntatis,
1400 4582 1492 4636 sed
1523 4598 1617 4652 per
1643 4584 1893 4653 Spiritum
1923 4595 2163 4640 sanctum

592 4678 682 4748 qui
707 4677 860 4732 datus
881 4684 964 4729 est
999 4672 1152 4730 nobis
1179 4672 1287 4747 (Id.
1318 4687 1374 4740 v,
1395 4672 1471 4746 5).

660 4769 714 4824 5.
757 4765 908 4822 Valet
940 4766 1116 4835 itaque
1154 4765 1374 4819 liberum
1409 4765 1681 4820 arbitrium
1709 4765 1773 4819 ad
1812 4780 1970 4836 opera
2002 4767 2159 4835 bona,

569 4859 633 4914 si
674 4858 923 4913 divinitus
955 4855 1266 4925 adjuvetur,
1297 4857 1438 4926 quod
1466 4857 1520 4910 fit
1555 4855 1825 4912 humiliter
1859 4859 2083 4927 petendo
2111 4867 2166 4914 et

592 4948 868 5003 faciendo:
901 4947 1165 5002 desertum
1211 4963 1336 5001 vero
1381 4947 1558 5018 divino
1603 4949 1901 5018 adjutorio,
1933 4950 2165 5020 qualibet

589 5039 804 5096 scientia
831 5039 961 5110 legis
988 5039 1239 5106 excellat,
1260 5040 1403 5094 nullo
1427 5041 1580 5093 modo
1609 5040 1823 5095 habebit
1836 5041 2052 5111 justitiaa
2077 5055 2168 5096 so-

590 5131 845 5186 liditatem
870 5173 880 5193 _.
910 5129 1008 5185 sed
1037 5130 1357 5185 inflationem
1394 5117 1566 5202 impiae
1604 5132 1865 5199 superbiae
1894 5141 1946 5187 et
1972 5133 2163 5189 exitio.

589 5238 708 5278 sum
729 5233 1007 5280 tumorem.
1039 5223 1202 5278 Docet
1224 5224 1323 5279 hoc
1342 5225 1522 5279 eadem
1552 5223 1664 5294 ipsa
1689 5225 1950 5282 dominica
1969 5229 2160 5282 oratio.

591 5311 807 5367 Frustra
834 5313 975 5367 enim
1004 5323 1260 5382 rogantes.
1287 5315 1447 5366 Deum
1479 5314 1718 5380 dicimus,
1751 5313 1834 5369 Ne
1860 5333 1950 5371 nos
1974 5318 2164 5387 inferas

589 5405 639 5458 in
665 5403 981 5457 tentationem
1006 5403 1212 5475 (Matth.
1240 5419 1314 5470 Vl,
1339 5406 1425 5472 15)
1448 5446 1463 5470 ,
1493 5405 1538 5458 si
1566 5407 1664 5460 hoc
1691 5406 1741 5460 in
1771 5417 1947 5460 nostra
1969 5409 2045 5461 sic
2072 5424 2162 5478 po-

588 5496 746 5550 situm
763 5503 843 5550 cst
863 5503 1136 5565 potestate,
1159 5503 1213 5549 ut
1235 5495 1378 5549 nullo
1396 5495 1534 5549 illius
1554 5496 1812 5565 adjutorio
1829 5497 1878 5549 id
1897 5498 2163 5554 valeamus

589 5586 826 5656 implere.
873 5587 1074 5642 Dictum
1105 5597 1183 5642 cst
1210 5587 1370 5653 enim,
1397 5584 1479 5639 Ne
1507 5604 1595 5640 nos
1632 5588 1818 5656 inferas
1851 5589 1902 5640 in
1931 5592 2162 5643 tentatio-

587 5696 722 5747 item,
746 5681 885 5751 quod
916 5681 1240 5752 intelligitur,
1270 5679 1346 5734 Ne
1383 5693 1476 5732 nos
1513 5677 1693 5730 inferri
1723 5676 2014 5734 deserendo
2038 5697 2160 5753 per-

589 5771 786 5828 mittas.
822 5771 1012 5827 Fidelis
1047 5775 1174 5828 enim
1205 5769 1370 5839 Deus,
1397 5769 1470 5824 ait
1494 5765 1813 5842 Apostolus,
1833 5771 1919 5845 qui
1948 5801 2047 5843 ηοη
2078 5803 2162 5841 νος

1774 347 1867 410 's.
1906 338 2278 410 Ausus'riut
2307 339 2607 408 ErtsCort
2659 338 2666 342 ’

3733 340 3844 413 676‘

2262 467 2506 535 permittet
2533 467 2710 520 tentari
2737 481 2890 536 supra
2916 466 2972 520 id
2997 465 3130 535 quod
3158 465 3387 534 potestis,
3415 463 3505 519 sed
3542 467 3688 536 faciet
3717 485 3832 522 cum

2260 559 2526 611 tentatione
2558 559 2706 610 etiam
2732 558 2951 624 exitum,
2978 565 3027 610 ut
3058 556 3256 626 possitis
3295 557 3538 608 sustinere
3561 555 3614 624 (l
3635 557 3748 611 Cor.
3771 574 3829 614 ι,

2261 648 2357 719 15)
2383 666 2396 700 :
2428 649 2606 719 utquid
2638 650 2737 704 hoc
2761 648 2893 703 dixit
2921 649 3082 701 Deum
3111 646 3300 708 facere,
3330 648 3374 700 si
3406 646 3506 700 hoc
3529 648 3642 702 sine
3667 647 3834 718 ipsius

2258 741 2519 811 adjutorio
2551 743 2602 794 in
2639 741 2748 795 sola
2775 751 2952 795 nostra
2977 749 3059 795 est
3087 740 3382 809 potestate?

2329 833 2381 887 6.
2423 833 2550 886 Nam
2575 834 2754 903 etipsa
2783 833 2866 887 lex
2897 834 2946 887 in
2975 833 3074 886 hoc
3107 831 3421 901 adjutorium
3451 823 3570 887 data
3613 843 3695 888 est
3724 835 3830 890 illis

2255 925 2348 994 qui
2378 941 2436 978 ea
2459 918 2690 995 legitime
2715 934 2949 989 utuntur,
2985 933 3041 978 ut
3065 940 3159 994 per
3199 925 3340 978 illam
3371 926 3558 990 sciant,
3590 928 3669 981 vel
3707 929 3832 995 quid

2257 1017 2476 1085 justitite
2498 1017 2607 1086 jam
2639 1018 2956 1086 acceperint,
3001 1016 3140 1070 unde
3165 1017 3359 1084 gratias
3381 1026 3555 1084 agant,
3577 1018 3662 1072 vel
3709 1020 3836 1088 quid

2258 1107 2433 1162 adhuc
2462 1109 2541 1162 eis
2565 1109 2720 1173 desit,
2747 1109 2884 1178 quod
2918 1109 3171 1162 instanter
3200 1116 3396 1176 petant.
3422 1108 3520 1174 Qui
3550 1117 3724 1162 autem
3755 1112 3832 1164 sic

2259 1198 2481 1251 audiunt
2504 1198 2641 1267 quod
2667 1199 2738 1251 ait
2768 1199 2872 1264 lex,
2901 1197 3019 1250 Non
3045 1198 3364 1266 concupisces
3394 1197 3582 1268 (Exod.
3614 1213 3712 1263 xx,
3749 1202 3832 1264 l7,

2260 1303 2306 1346 et
2336 1291 2490 1346 Rom.
2518 1308 2610 1359 vn,
2645 1293 2721 1362 7),
2753 1301 2811 1347 ut
2831 1293 2929 1346 hoc
2951 1292 3072 1362 quia
3103 1292 3402 1354 didicerint,
3450 1291 3692 1346 sufficere
3731 1292 3832 1345 sibi

2254 1385 2602 1449 arbitrentur,
2637 1401 2736 1439 nec
2771 1386 3032 1454 adjutorio
3059 1385 3239 1454 gratiae
3277 1385 3369 1438 Dei
3413 1383 3477 1437 ad
3534 1383 3835 1436 faciendum

2261 1476 2398 1544 quod
2425 1476 2627 1544 jnssum
2657 1483 2740 1530 est
2765 1475 2879 1528 dari
2909 1475 3007 1528 sibi
3031 1476 3277 1528 virtutem
3305 1473 3522 1528 credant
3547 1483 3598 1528 et
3619 1480 3832 1542 petant;

2258 1565 2324 1618 ad
2359 1567 2457 1619 hoc
2472 1566 2548 1619 eis
2570 1568 2650 1619 (ea:
2673 1565 2989 1632 subintravit,
3010 1574 3064 1618 ut
3087 1565 3366 1618 abundaret
3386 1564 3623 1641 delictum
3655 1562 3831 1634 (Rom.

2259 1673 2312 1723 Iv,
2340 1660 2430 1728 20)
2455 1674 2469 1723 ;
2499 1659 2637 1728 quod
2668 1660 2862 1713 dictum
2889 1659 3059 1714 estde
3091 1658 3309 1714 Judmis.
3342 1659 3534 1712 Parum
3579 1658 3720 1712 enim
3754 1667 3840 1712 est

2253 1751 2377 1820 quia
2416 1766 2522 1804 non
2552 1749 2773 1820 implent
2814 1751 2954 1820 quod
2996 1752 3248 1820 praecepit
3294 1751 3397 1815 lex,
3435 1747 3551 1802 Non
3594 1750 3841 1818 concupio

2259 1857 2402 1906 sces;
2432 1841 2523 1894 sed
2551 1842 2764 1912 insuper
2792 1841 3121 1910 snperbium,
3152 1850 3203 1894 et
3235 1842 3535 1909 ignorantes
3562 1839 3651 1892 Dei
3673 1839 3836 1907 justi-

2259 1933 2408 1998 tiam,
2445 1931 2493 1984 id
2515 1940 2776 2000 estquam
2811 1932 2948 1985 Deus
2971 1930 3057 1984 dat
3085 1932 3171 2000 qui
3208 1929 3465 1999 justitieat
3509 1930 3750 1998 impium,
3778 1936 3858 1984 et’

2260 2038 2408 2078 suam
2427 2026 2660 2078 volentes
2683 2026 3005 2079 constituere
3037 2034 3282 2094 tanquam
3314 2040 3424 2077 sua:
3451 2024 3738 2077 voluntatis
3765 2023 3840 2076 vi-

2259 2117 2406 2170 ribus
2448 2119 2632 2170 factam
2657 2157 2669 2178 ,
2698 2116 2916 2184 jnstitiae
2964 2116 3053 2170 Dei
3100 2132 3202 2169 non
3240 2125 3363 2169 sunt
3404 2115 3648 2185 subjecti.
3692 2113 3844 2168 Finis

2261 2207 2392 2259 enim
2413 2206 2535 2274 tegis
2553 2205 2795 2271 Christus,
2822 2205 2888 2257 ad
2906 2206 3160 2277 justitiam
3185 2205 3322 2258 omni
3357 2204 3576 2258 credenti
3605 2202 3714 2275 (Id.
3751 2204 3838 2267 i0,

2261 2297 2345 2366 4);
2375 2297 2460 2366 qui
2489 2298 2668 2365 utique
2713 2297 2832 2350 ideo
2861 2298 3026 2362 venit,
3056 2307 3112 2350 ut
3141 2296 3225 2350 tibi
3256 2296 3541 2352 abundavit
3564 2296 3838 2362 delictum,

2262 2390 2654 2459 superabundet
2689 2391 2878 2459 gratia.
2903 2391 3000 2443 Cui
3022 2392 3202 2458 gratiae
3222 2391 3268 2445 si
3294 2391 3507 2445 fuerunt
3528 2392 3724 2445 inimici
3745 2392 3841 2446 Ju-

2262 2481 2380 2545 daei,
2418 2481 2506 2533 Dei
2531 2481 2830 2550 ignorantes
2853 2480 3132 2550 jusutium,
3181 2490 3236 2534 et
3267 2497 3414 2535 suam
3443 2484 3684 2537 volentes
3709 2498 3844 2538 con-

2263 2576 2512 2640 stituere;
2534 2591 2696 2646 quare
2722 2587 2844 2629 sunt
2869 2587 2922 2630 et
2952 2575 3034 2628 isti
3060 2575 3275 2638 inimici,
3298 2577 3340 2629 si
3371 2577 3420 2630 in
3439 2592 3560 2631 eum
3594 2577 3844 2632 credide-

2262 2678 2559 2738 ruutquom
2601 2667 2673 2721 illi
2701 2668 3038 2721 occiderunt?
3069 2669 3147 2721 An
3180 2677 3233 2722 ut
3276 2669 3349 2723 illi
3407 2669 3668 2737 accipiant
3703 2685 3838 2738 prm-

2260 2760 2447 2824 mium,
2471 2760 2558 2829 qui
2587 2760 2762 2814 occiso
2791 2759 3001 2814 Christo
3027 2762 3173 2814 snam
3208 2761 3527 2826 impietatem
3556 2775 3844 2816 accusave-

2260 2864 2406 2916 runt,
2438 2862 2492 2906 et
2534 2867 2592 2906 se
2623 2852 2760 2906 illius
2789 2853 2974 2922 gratim
3003 2854 3226 2922 cognita:
3252 2853 3634 2917 subdiderunt;
3673 2862 3727 2906 et
3757 2852 3844 2906 isti

2265 2950 2477 3012 portent
2499 2941 2772 3010 judicium,
2798 2943 2886 3011 qui
2917 2943 3064 2996 sicin
3093 2941 3360 2996 Christum
3391 2943 3573 2996 volunt
3593 2942 3840 3007 credere,

2262 3041 2324 3088 ut
2351 3033 2468 3101 ejus
2490 3034 2652 3101 ipsam
2684 3033 2900 3101 gratiam
2925 3043 3180 3087 conentur
3217 3031 3496 3086 occidere?

2267 3158 2272 3162 ι
2338 3127 2390 3179 7.
2431 3125 2510 3180 Ad
2541 3126 2639 3178 hoc
2667 3126 2860 3194 quippe
2892 3126 2941 3177 in
2987 3142 3106 3177 eum
3135 3125 3358 3177 credunt
3407 3124 3496 3193 qui
3527 3116 3677 3178 recte
3717 3138 3838 3177 cre-

2265 3218 2417 3284 dunt,
2449 3228 2504 3271 ut
2551 3217 2788 3272 esuriant
2816 3216 3097 3285 sitiantqu
3136 3215 3412 3284 justitiam,
3441 3223 3495 3270 et
3520 3214 3638 3284 ejus
3673 3215 3838 3283 gratia

2267 3318 2590 3365 saturentur.
2629 3307 2802 3361 Omnis
2832 3308 2995 3371 enim,
3025 3306 3160 3359 sicut
3188 3306 3442 3374 scriptum
3467 3313 3566 3369 est,
3596 3305 3682 3374 qui
3703 3306 3848 3357 invo-

2268 3402 2450 3455 caverit
2470 3417 2650 3454 nomen
2679 3398 2903 3461 Domini,
2923 3398 3088 3450 sulcus
3112 3398 3201 3449 erit
3231 3396 3385 3466 (Joel.
3414 3412 3470 3458 ll,
3499 3397 3590 3459 52,
3621 3405 3666 3449 et
3694 3395 3843 3449 Rom.

2268 3507 2323 3554 Χ,
2364 3488 2451 3558 15)
2487 3507 2500 3542 :
2531 3505 2632 3542 non
2680 3489 2856 3555 utique
2897 3487 3068 3540 salute
3096 3486 3354 3554 corporis,
3386 3501 3541 3555 quam
3573 3485 3720 3538 multi
3749 3483 3846 3537 lia-

2268 3583 2396 3638 bent
2430 3592 2482 3635 et
2508 3583 2593 3650 qui
2627 3596 2731 3634 non
2759 3581 3004 3632 invocant
3035 3594 3222 3632 nomen
3259 3576 3497 3641 Domini;
3529 3576 3620 3629 sed
3646 3575 3731 3629 illa
3761 3589 3847 3628 sa-

2271 3673 2380 3728 lute
2405 3673 2471 3726 de
2496 3686 2597 3741 qua
2625 3673 2738 3739 ipse
2763 3671 2911 3735 dicit,
2944 3669 3062 3723 Non
3097 3679 3165 3722 est
3190 3686 3314 3737 opus
3342 3667 3478 3723 sanis
3497 3667 3737 3732 medicus,
3761 3665 3848 3720 sed

2268 3765 2657 3835 (cgt'otautibus;
2688 3764 2885 3832 etquid
2914 3763 3124 3824 dixerit,
3143 3769 3531 3830 cinisequcuter
3550 3774 3843 3829 exponens,

2269 3857 2391 3910 Non
2414 3856 2542 3921 veni,
2578 3854 2766 3925 inquit,
2800 3871 2974 3910 vocare
2993 3856 3183 3926 justas,
3210 3854 3297 3909 sed
3329 3863 3609 3924 peccatores
3635 3851 3844 3921 (Matt/1.

2271 3964 2350 4013 ιχ,
2378 3948 2462 4012 1‘2,
2497 3945 2603 4017 t3).
2635 3947 2816 4001 Justos
2843 3963 2966 4015 ergo
3010 3962 3202 4013 sanos,
3235 3955 3536 4014 peccatores
3564 3957 3737 3998 autem
3763 3943 3846 3998 di-

2269 4041 2344 4094 xit
2371 4048 2613 4107 ωενοιοε.
2633 4037 2748 4094 Non
2777 4039 2949 4107 itaque
2977 4037 3043 4091 de
3093 4039 3201 4091 suis
3228 4038 3426 4091 viribus
3467 4044 3752 4108 praesumat
3776 4053 3848 4089 az-

2268 4140 2491 4199 grotus;
2523 4132 2644 4198 quia
2673 4129 2724 4182 in
2751 4127 3087 4182 multitudine
3114 4127 3320 4181 virtutis
3346 4143 3454 4181 sum
3488 4143 3589 4182 non
3617 4128 3716 4180 erit
3743 4125 3848 4180 sal-

2272 4237 2388 4276 vus.
2421 4221 2550 4278 liam
2582 4221 2626 4274 si
2655 4219 2775 4275 inde
2802 4219 3095 4288 praisumit,
3126 4219 3295 4273 videat
3321 4235 3385 4272 ne
3409 4219 3547 4272 vires
3582 4218 3696 4272 ista:
3741 4232 3848 4270 non

2271 4314 2378 4367 sint
2397 4314 2578 4382 quales
2603 4312 2774 4368 solent
2795 4326 2914 4366 esse
2935 4325 3208 4377 sanorum,
3230 4311 3323 4366 scd
3344 4313 3522 4381 quales
3540 4310 3713 4365 solent
3729 4324 3849 4364 esse

2271 4404 2701 4476 phrenetiCornm
2733 4421 2745 4454 :
2774 4405 3002 4473 quicum
3053 4404 3159 4458 sint
3206 4403 3396 4470 insani,
3427 4403 3562 4458 adeo
3591 4418 3649 4456 sc
3690 4416 3850 4456 sanos

2273 4504 2478 4565 putant,
2506 4502 2565 4549 ut.
2592 4509 2690 4548 nec
2713 4494 2974 4547 medicum
3004 4503 3256 4563 qumrant,
3285 4504 3339 4548 ct
3369 4506 3614 4564 tanquam
3653 4495 3851 4563 imper.

2272 4594 2457 4640 tumun
2485 4587 2700 4655 insuper
2726 4585 2963 4651 cmdant;
2988 4586 3121 4638 sicut
3140 4586 3222 4638 isti
3253 4587 3519 4639 Christum
3552 4586 3733 4638 insana
3755 4599 3847 4637 su-

2273 4678 2454 4748 perbia
2474 4676 2863 4748 quodammodo
2895 4675 3120 4739 ca‘duui,
3163 4676 3314 4744 cujus
3344 4676 3525 4743 gratim
3559 4684 3663 4728 tam
3698 4675 3850 4727 beni-

2271 4783 2428 4838 gnum
2480 4766 2797 4836 adjutorium
2827 4765 2893 4819 ad
2947 4765 3235 4820 faciendam
3261 4765 3517 4834 justitiam
3553 4764 3676 4819 dato
3722 4765 3850 4833 legis

2274 4870 2540 4932 praecepto
2569 4859 2928 4914 necessarium
2959 4874 3060 4912 non
3083 4874 3200 4911 esse
3231 4857 3576 4912 contendunt.
3601 4857 3850 4910 Desinant

2273 4968 2399 5022 ergo
2428 4950 2768 5014 sicinsanire,
2787 4957 2840 5004 et
2856 4949 2922 5004 ad
2941 4950 3042 5004 hoc
3058 4965 3116 5004 se
3131 4950 3425 5019 intelligant
3443 4950 3657 5014 habere,
3680 4965 3851 5017 qunt-

2275 5055 2383 5098 tum
2414 5053 2650 5114 possunt,
2683 5043 2906 5097 liberum
2949 5043 3248 5110 arbitrium,
3281 5058 3386 5098 non
3413 5052 3470 5097 ut
3496 5043 3722 5113 superba
3755 5058 3850 5093 vo-

2273 5137 2476 5190 lnntate
2504 5143 2755 5204 respuant
2780 5134 3121 5204 adjutorium,
3151 5133 3244 5190 sed
3273 5144 3328 5189 ut
3357 5135 3439 5204 pia
3468 5135 3738 5190 voluntate
3761 5133 3851 5187 iu-

2272 5236 2464 5283 voccnt
2493 5227 2793 5283 Dominum.
3507 5291 3534 5298 _
3667 5293 3670 5295 Α
3773 5293 3794 5304 η

2345 5319 2397 5374 8.
2442 5318 2566 5374 llzec
2610 5319 2750 5374 enim
2795 5319 3035 5374 voluntas
3087 5317 3252 5373 libera
3307 5323 3452 5374 tanto
3495 5317 3597 5373 erit
3637 5316 3853 5372 liberior

2275 5421 2469 5482 quanto
2491 5413 2670 5467 sanior
2695 5429 2708 5467 :
2739 5422 2882 5466 tanto
2905 5423 3078 5466 autem
3103 5413 3300 5477 sanior,
3325 5421 3521 5482 quanto
3536 5410 3728 5464 divinm
3753 5410 3853 5462 mi-

2271 5491 2579 5556 scrimirdim
2624 5503 2910 5572 gratimque
2939 5502 3243 5572 subjectior.
3277 5504 3392 5573 Ipsa
3445 5502 3584 5557 enim
3626 5501 3851 5555 fideliter

2275 5605 2389 5648 orat
2412 5604 2461 5648 et
2489 5596 2614 5649 dicit
2643 5594 2863 5647 :Itincra
2883 5613 2988 5648 mea
3001 5595 3159 5664 dirige
3173 5595 3443 5648 secundum
3471 5593 3666 5648 verbum
3686 5604 3849 5657 tuum,

2275 5697 2320 5739 et
2350 5705 2410 5739 ne
2424 5688 2704 5740 dominetur
2724 5687 2845 5738 mihi
2865 5688 3024 5740 omnis
3041 5685 3460 5755 iniquitas(Psal.
3489 5701 3668 5745 cxvm,
3699 5686 3848 5751 153;.

2273 5779 2546 5848 Quomodo
2571 5779 2710 5835 enim
2739 5778 2901 5835 libera
2923 5787 3019 5844 est,
3037 5777 3440 5835 cuidomiuatur
3467 5775 3752 5848 iniquitas?
3783 5773 3851 5832 Ut
