  <div class='ocr_page' id='page_1' title='image "/cluster/home/n/w/nwhite01/storage/ocr_20150623/33/hvd.32044015471451/344.png"; bbox 0 0 4154 6354; ppageno 0'>
   <div class='ocr_carea' id='block_1_1' title="bbox 353 311 478 386">
    <p class='ocr_par' dir='ltr' id='par_1_1' title="bbox 353 311 478 386">
     <span class='ocr_line' id='line_1_1' title="bbox 353 311 478 386; baseline -0.024 -14"><span class='ocrx_word' id='word_1_1' title='bbox 353 311 478 386; x_wconf 65' lang='grc' dir='ltr'><strong>,βπ</strong></span> 
     </span>
    </p>
   </div>
   <div class='ocr_carea' id='block_1_2' title="bbox 373 423 1944 508">
    <p class='ocr_par' dir='ltr' id='par_1_2' title="bbox 373 423 1944 508">
     <span class='ocr_line' id='line_1_2' title="bbox 373 423 1944 508; baseline -0.008 -22"><span class='ocrx_word' id='word_1_2' title='bbox 373 432 421 486; x_wconf 86' lang='lat' dir='ltr'><strong>ci</strong></span> <span class='ocrx_word' id='word_1_3' title='bbox 449 437 630 484; x_wconf 90' lang='lat' dir='ltr'><strong>autem</strong></span> <span class='ocrx_word' id='word_1_4' title='bbox 654 441 763 484; x_wconf 88' lang='lat' dir='ltr'><strong>non</strong></span> <span class='ocrx_word' id='word_1_5' title='bbox 788 426 1109 502; x_wconf 74' lang='lat' dir='ltr'><strong>dominetur,</strong></span> <span class='ocrx_word' id='word_1_6' title='bbox 1137 424 1259 508; x_wconf 63' lang='lat' dir='ltr'><strong>ride</strong></span> <span class='ocrx_word' id='word_1_7' title='bbox 1300 424 1368 480; x_wconf 85' lang='lat' dir='ltr'><strong>ab</strong></span> <span class='ocrx_word' id='word_1_8' title='bbox 1398 423 1491 490; x_wconf 84' lang='lat' dir='ltr'><strong>illa</strong></span> <span class='ocrx_word' id='word_1_9' title='bbox 1513 425 1630 492; x_wconf 86' lang='lat' dir='ltr'><strong>quis</strong></span> <span class='ocrx_word' id='word_1_10' title='bbox 1651 424 1944 508; x_wconf 73' lang='lat' dir='ltr'><strong>invocetur.</strong></span> 
     </span>
    </p>
   </div>
   <div class='ocr_carea' id='block_1_3' title="bbox 357 502 1946 589">
    <p class='ocr_par' dir='ltr' id='par_1_3' title="bbox 357 502 1946 589">
     <span class='ocr_line' id='line_1_3' title="bbox 357 502 1946 589; baseline -0.006 -12"><span class='ocrx_word' id='word_1_11' title='bbox 357 505 487 577; x_wconf 47' lang='lat' dir='ltr'><strong>&#39;Nou</strong></span> <span class='ocrx_word' id='word_1_12' title='bbox 521 523 662 578; x_wconf 83' lang='lat' dir='ltr'><strong>enim</strong></span> <span class='ocrx_word' id='word_1_13' title='bbox 689 521 783 589; x_wconf 85' lang='lat' dir='ltr'><strong>ait,</strong></span> <span class='ocrx_word' id='word_1_14' title='bbox 806 520 996 578; x_wconf 86' lang='lat' dir='ltr'><strong>Itinera</strong></span> <span class='ocrx_word' id='word_1_15' title='bbox 1038 502 1158 575; x_wconf 77' lang='lat' dir='ltr'><strong>mea</strong></span> <span class='ocrx_word' id='word_1_16' title='bbox 1203 518 1368 588; x_wconf 79' lang='lat' dir='ltr'><strong>dirige</strong></span> <span class='ocrx_word' id='word_1_17' title='bbox 1397 517 1688 584; x_wconf 79' lang='lat' dir='ltr'><strong>secundum</strong></span> <span class='ocrx_word' id='word_1_18' title='bbox 1716 502 1946 576; x_wconf 82' lang='lat' dir='ltr'><strong>liberum</strong></span> 
     </span>
    </p>
   </div>
   <div class='ocr_carea' id='block_1_4' title="bbox 361 595 1944 688">
    <p class='ocr_par' dir='ltr' id='par_1_4' title="bbox 361 595 1944 688">
     <span class='ocr_line' id='line_1_4' title="bbox 361 595 1944 688; baseline -0.004 -22"><span class='ocrx_word' id='word_1_19' title='bbox 361 595 671 680; x_wconf 64' lang='lat' dir='ltr'><strong>arbitrium,</strong></span> <span class='ocrx_word' id='word_1_20' title='bbox 705 612 826 682; x_wconf 89' lang='lat' dir='ltr'><strong>quia</strong></span> <span class='ocrx_word' id='word_1_21' title='bbox 841 627 944 666; x_wconf 91' lang='lat' dir='ltr'><strong>non</strong></span> <span class='ocrx_word' id='word_1_22' title='bbox 961 609 1456 676; x_wconf 81' lang='lat' dir='ltr'><strong>dominabiturmihi</strong></span> <span class='ocrx_word' id='word_1_23' title='bbox 1476 608 1649 674; x_wconf 85' lang='lat' dir='ltr'><strong>omnis</strong></span> <span class='ocrx_word' id='word_1_24' title='bbox 1669 606 1944 688; x_wconf 77' lang='lat' dir='ltr'><strong>iniquitas;</strong></span> 
     </span>
    </p>
   </div>
   <div class='ocr_carea' id='block_1_5' title="bbox 352 697 1943 777">
    <p class='ocr_par' dir='ltr' id='par_1_5' title="bbox 352 697 1943 777">
     <span class='ocr_line' id='line_1_5' title="bbox 352 697 1943 777; baseline -0.008 -16"><span class='ocrx_word' id='word_1_25' title='bbox 352 706 488 777; x_wconf 79' lang='lat' dir='ltr'><strong>__sed,</strong></span> <span class='ocrx_word' id='word_1_26' title='bbox 521 703 720 761; x_wconf 83' lang='lat' dir='ltr'><strong>Itinera</strong></span> <span class='ocrx_word' id='word_1_27' title='bbox 746 719 873 766; x_wconf 82' lang='lat' dir='ltr'><strong>mea,</strong></span> <span class='ocrx_word' id='word_1_28' title='bbox 894 701 1079 776; x_wconf 81' lang='lat' dir='ltr'><strong>inquit,</strong></span> <span class='ocrx_word' id='word_1_29' title='bbox 1105 702 1263 772; x_wconf 80' lang='lat' dir='ltr'><strong>dirige</strong></span> <span class='ocrx_word' id='word_1_30' title='bbox 1277 700 1545 762; x_wconf 82' lang='lat' dir='ltr'><strong>secundum</strong></span> <span class='ocrx_word' id='word_1_31' title='bbox 1566 697 1764 754; x_wconf 83' lang='lat' dir='ltr'><strong>verbum</strong></span> <span class='ocrx_word' id='word_1_32' title='bbox 1785 706 1943 763; x_wconf 81' lang='lat' dir='ltr'><strong>tuum,</strong></span> 
     </span>
    </p>
   </div>
   <div class='ocr_carea' id='block_1_6' title="bbox 355 789 1946 868">
    <p class='ocr_par' dir='ltr' id='par_1_6' title="bbox 355 789 1946 868">
     <span class='ocr_line' id='line_1_6' title="bbox 355 789 1946 868; baseline -0.006 -16"><span class='ocrx_word' id='word_1_33' title='bbox 355 810 414 868; x_wconf 28' lang='lat' dir='ltr'><strong>.ct</strong></span> <span class='ocrx_word' id='word_1_34' title='bbox 431 815 492 854; x_wconf 86' lang='lat' dir='ltr'><strong>ne</strong></span> <span class='ocrx_word' id='word_1_35' title='bbox 518 798 800 853; x_wconf 77' lang='lat' dir='ltr'><strong>dominetur</strong></span> <span class='ocrx_word' id='word_1_36' title='bbox 814 795 934 850; x_wconf 84' lang='lat' dir='ltr'><strong>mihi</strong></span> <span class='ocrx_word' id='word_1_37' title='bbox 950 795 1109 850; x_wconf 87' lang='lat' dir='ltr'><strong>omnis</strong></span> <span class='ocrx_word' id='word_1_38' title='bbox 1126 794 1377 864; x_wconf 72' lang='lat' dir='ltr'><strong>iniquitas.</strong></span> <span class='ocrx_word' id='word_1_39' title='bbox 1402 793 1674 856; x_wconf 76' lang='lat' dir='ltr'><strong>I’rccatur,</strong></span> <span class='ocrx_word' id='word_1_40' title='bbox 1692 806 1795 845; x_wconf 91' lang='lat' dir='ltr'><strong>non</strong></span> <span class='ocrx_word' id='word_1_41' title='bbox 1822 789 1946 861; x_wconf 79' lang='lat' dir='ltr'><strong>pel.-</strong></span> 
     </span>
    </p>
   </div>
   <div class='ocr_carea' id='block_1_7' title="bbox 372 873 1938 964">
    <p class='ocr_par' dir='ltr' id='par_1_7' title="bbox 372 873 1938 964">
     <span class='ocr_line' id='line_1_7' title="bbox 372 873 1938 964; baseline -0.006 -22"><span class='ocrx_word' id='word_1_42' title='bbox 372 891 562 945; x_wconf 81' lang='lat' dir='ltr'><strong>Iicctur</strong></span> <span class='ocrx_word' id='word_1_43' title='bbox 583 905 596 954; x_wconf 90' lang='lat'><strong>;</strong></span> <span class='ocrx_word' id='word_1_44' title='bbox 616 888 919 952; x_wconf 89' lang='lat' dir='ltr'><strong>conﬁtetur,</strong></span> <span class='ocrx_word' id='word_1_45' title='bbox 945 902 1047 940; x_wconf 92' lang='lat' dir='ltr'><strong>non</strong></span> <span class='ocrx_word' id='word_1_46' title='bbox 1077 884 1382 956; x_wconf 89' lang='lat' dir='ltr'><strong>proﬁtetur;</strong></span> <span class='ocrx_word' id='word_1_47' title='bbox 1415 873 1938 964; x_wconf 83' lang='lat' dir='ltr'><strong>eptatplenissimam</strong></span> 
     </span>
    </p>
   </div>
   <div class='ocr_carea' id='block_1_8' title="bbox 351 963 1944 1048">
    <p class='ocr_par' dir='ltr' id='par_1_8' title="bbox 351 963 1944 1048">
     <span class='ocr_line' id='line_1_8' title="bbox 351 963 1944 1048; baseline -0.006 -14"><span class='ocrx_word' id='word_1_48' title='bbox 351 980 693 1043; x_wconf 72' lang='lat' dir='ltr'><strong>libertatem,</strong></span> <span class='ocrx_word' id='word_1_49' title='bbox 722 994 825 1034; x_wconf 91' lang='lat' dir='ltr'><strong>non</strong></span> <span class='ocrx_word' id='word_1_50' title='bbox 851 977 1015 1048; x_wconf 89' lang='lat' dir='ltr'><strong>jactat</strong></span> <span class='ocrx_word' id='word_1_51' title='bbox 1041 978 1305 1047; x_wconf 88' lang='lat' dir='ltr'><strong>propriam</strong></span> <span class='ocrx_word' id='word_1_52' title='bbox 1322 981 1656 1044; x_wconf 87' lang='lat' dir='ltr'><strong>potestatem.</strong></span> <span class='ocrx_word' id='word_1_53' title='bbox 1674 963 1786 1029; x_wconf 86' lang='lat' dir='ltr'><strong>Non</strong></span> <span class='ocrx_word' id='word_1_54' title='bbox 1805 963 1944 1036; x_wconf 80' lang='lat' dir='ltr'><strong>enim</strong></span> 
     </span>
    </p>
   </div>
   <div class='ocr_carea' id='block_1_9' title="bbox 365 1060 1947 1142">
    <p class='ocr_par' dir='ltr' id='par_1_9' title="bbox 365 1060 1947 1142">
     <span class='ocr_line' id='line_1_9' title="bbox 365 1060 1947 1142; baseline -0.001 -18"><span class='ocrx_word' id='word_1_55' title='bbox 365 1060 545 1124; x_wconf 85' lang='lat' dir='ltr'><strong>omnis</strong></span> <span class='ocrx_word' id='word_1_56' title='bbox 572 1072 660 1142; x_wconf 81' lang='lat' dir='ltr'><strong>qui</strong></span> <span class='ocrx_word' id='word_1_57' title='bbox 687 1070 884 1125; x_wconf 88' lang='lat' dir='ltr'><strong>viribus</strong></span> <span class='ocrx_word' id='word_1_58' title='bbox 912 1070 1022 1124; x_wconf 87' lang='lat' dir='ltr'><strong>suis</strong></span> <span class='ocrx_word' id='word_1_59' title='bbox 1043 1068 1277 1135; x_wconf 89' lang='lat' dir='ltr'><strong>conﬁdit,</strong></span> <span class='ocrx_word' id='word_1_60' title='bbox 1305 1069 1397 1123; x_wconf 90' lang='lat' dir='ltr'><strong>sed</strong></span> <span class='ocrx_word' id='word_1_61' title='bbox 1433 1069 1605 1124; x_wconf 92' lang='lat' dir='ltr'><strong>omnis</strong></span> <span class='ocrx_word' id='word_1_62' title='bbox 1625 1068 1711 1138; x_wconf 89' lang='lat' dir='ltr'><strong>qui</strong></span> <span class='ocrx_word' id='word_1_63' title='bbox 1738 1068 1947 1128; x_wconf 77' lang='lat' dir='ltr'><strong>invocat</strong></span> 
     </span>
    </p>
   </div>
   <div class='ocr_carea' id='block_1_10' title="bbox 349 1146 1943 1228">
    <p class='ocr_par' dir='ltr' id='par_1_10' title="bbox 349 1146 1943 1228">
     <span class='ocr_line' id='line_1_10' title="bbox 349 1146 1943 1228; baseline -0.004 -10"><span class='ocrx_word' id='word_1_64' title='bbox 349 1177 567 1225; x_wconf 76' lang='lat' dir='ltr'><strong>nomen</strong></span> <span class='ocrx_word' id='word_1_65' title='bbox 595 1160 825 1228; x_wconf 78' lang='lat' dir='ltr'><strong>Domini,</strong></span> <span class='ocrx_word' id='word_1_66' title='bbox 868 1161 1044 1216; x_wconf 81' lang='lat' dir='ltr'><strong>salvus</strong></span> <span class='ocrx_word' id='word_1_67' title='bbox 1082 1162 1206 1220; x_wconf 86' lang='lat' dir='ltr'><strong>erit.</strong></span> <span class='ocrx_word' id='word_1_68' title='bbox 1237 1146 1498 1226; x_wconf 82' lang='lat' dir='ltr'><strong>Quomodo</strong></span> <span class='ocrx_word' id='word_1_69' title='bbox 1536 1169 1702 1214; x_wconf 87' lang='lat' dir='ltr'><strong>autem</strong></span> <span class='ocrx_word' id='word_1_70' title='bbox 1739 1159 1943 1218; x_wconf 46' lang='lat' dir='ltr'><strong>invoca,-</strong></span> 
     </span>
    </p>
   </div>
   <div class='ocr_carea' id='block_1_11' title="bbox 351 1237 1942 1324">
    <p class='ocr_par' dir='ltr' id='par_1_11' title="bbox 351 1237 1942 1324">
     <span class='ocr_line' id='line_1_11' title="bbox 351 1237 1942 1324; baseline -0.003 -15"><span class='ocrx_word' id='word_1_71' title='bbox 351 1257 509 1318; x_wconf 47' lang='lat' dir='ltr'><strong>.bunt,</strong></span> <span class='ocrx_word' id='word_1_72' title='bbox 556 1254 746 1324; x_wconf 91' lang='lat' dir='ltr'><strong>inquit,</strong></span> <span class='ocrx_word' id='word_1_73' title='bbox 775 1237 827 1307; x_wconf 83' lang='lat' dir='ltr'><strong>in</strong></span> <span class='ocrx_word' id='word_1_74' title='bbox 855 1239 1002 1322; x_wconf 82' lang='lat' dir='ltr'><strong>quem</strong></span> <span class='ocrx_word' id='word_1_75' title='bbox 1047 1268 1146 1306; x_wconf 89' lang='lat' dir='ltr'><strong>non</strong></span> <span class='ocrx_word' id='word_1_76' title='bbox 1187 1251 1501 1307; x_wconf 81' lang='lat' dir='ltr'><strong>crediderunt</strong></span> <span class='ocrx_word' id='word_1_77' title='bbox 1530 1240 1716 1322; x_wconf 69' lang='lat' dir='ltr'><strong>(Rom.</strong></span> <span class='ocrx_word' id='word_1_78' title='bbox 1745 1265 1800 1315; x_wconf 81' lang='lat' dir='ltr'><strong>x,</strong></span> <span class='ocrx_word' id='word_1_79' title='bbox 1832 1245 1942 1322; x_wconf 76' lang='grc'><strong>14).</strong></span> 
     </span>
    </p>
   </div>
   <div class='ocr_carea' id='block_1_12' title="bbox 359 1338 1942 1417">
    <p class='ocr_par' dir='ltr' id='par_1_12' title="bbox 359 1338 1942 1417">
     <span class='ocr_line' id='line_1_12' title="bbox 359 1338 1942 1417; baseline -0.004 -15"><span class='ocrx_word' id='word_1_80' title='bbox 359 1338 450 1402; x_wconf 69' lang='grc' dir='ltr'><strong>’Διί</strong></span> <span class='ocrx_word' id='word_1_81' title='bbox 481 1348 581 1403; x_wconf 89' lang='lat' dir='ltr'><strong>hoc</strong></span> <span class='ocrx_word' id='word_1_82' title='bbox 607 1362 733 1417; x_wconf 85' lang='lat' dir='ltr'><strong>ergo</strong></span> <span class='ocrx_word' id='word_1_83' title='bbox 753 1346 975 1401; x_wconf 90' lang='lat' dir='ltr'><strong>credunt</strong></span> <span class='ocrx_word' id='word_1_84' title='bbox 1000 1346 1088 1415; x_wconf 85' lang='lat' dir='ltr'><strong>qui</strong></span> <span class='ocrx_word' id='word_1_85' title='bbox 1106 1353 1248 1399; x_wconf 90' lang='lat' dir='ltr'><strong>recte</strong></span> <span class='ocrx_word' id='word_1_86' title='bbox 1270 1344 1512 1412; x_wconf 86' lang='lat' dir='ltr'><strong>credunt,</strong></span> <span class='ocrx_word' id='word_1_87' title='bbox 1539 1353 1593 1398; x_wconf 92' lang='lat' dir='ltr'><strong>ut</strong></span> <span class='ocrx_word' id='word_1_88' title='bbox 1623 1343 1869 1398; x_wconf 80' lang='lat' dir='ltr'><strong>invocent</strong></span> <span class='ocrx_word' id='word_1_89' title='bbox 1890 1343 1942 1396; x_wconf 90' lang='lat' dir='ltr'><strong>in</strong></span> 
     </span>
    </p>
   </div>
   <div class='ocr_carea' id='block_1_13' title="bbox 348 1435 1942 1512">
    <p class='ocr_par' dir='ltr' id='par_1_13' title="bbox 348 1435 1942 1512">
     <span class='ocr_line' id='line_1_13' title="bbox 348 1435 1942 1512; baseline -0.002 -19"><span class='ocrx_word' id='word_1_90' title='bbox 348 1455 524 1512; x_wconf 56' lang='lat' dir='ltr'><strong>,quem</strong></span> <span class='ocrx_word' id='word_1_91' title='bbox 551 1437 908 1506; x_wconf 87' lang='lat' dir='ltr'><strong>crediderunt,</strong></span> <span class='ocrx_word' id='word_1_92' title='bbox 941 1445 995 1494; x_wconf 92' lang='lat' dir='ltr'><strong>et</strong></span> <span class='ocrx_word' id='word_1_93' title='bbox 1010 1438 1218 1491; x_wconf 86' lang='lat' dir='ltr'><strong>valeant</strong></span> <span class='ocrx_word' id='word_1_94' title='bbox 1245 1436 1419 1492; x_wconf 88' lang='lat' dir='ltr'><strong>facere</strong></span> <span class='ocrx_word' id='word_1_95' title='bbox 1438 1436 1576 1508; x_wconf 88' lang='lat' dir='ltr'><strong>quod</strong></span> <span class='ocrx_word' id='word_1_96' title='bbox 1599 1437 1648 1490; x_wconf 92' lang='lat' dir='ltr'><strong>in</strong></span> <span class='ocrx_word' id='word_1_97' title='bbox 1665 1435 1942 1507; x_wconf 68' lang='lat' dir='ltr'><strong>prmceptis</strong></span> 
     </span>
    </p>
   </div>
   <div class='ocr_carea' id='block_1_14' title="bbox 350 1526 1938 1602">
    <p class='ocr_par' dir='ltr' id='par_1_14' title="bbox 350 1526 1938 1602">
     <span class='ocr_line' id='line_1_14' title="bbox 350 1526 1938 1602; baseline -0.006 -11"><span class='ocrx_word' id='word_1_98' title='bbox 350 1531 614 1602; x_wconf 73' lang='lat' dir='ltr'><strong>legitimis</strong></span> <span class='ocrx_word' id='word_1_99' title='bbox 638 1538 991 1600; x_wconf 87' lang='lat' dir='ltr'><strong>acceperunt;</strong></span> <span class='ocrx_word' id='word_1_100' title='bbox 1019 1530 1264 1600; x_wconf 87' lang='lat' dir='ltr'><strong>quoniam</strong></span> <span class='ocrx_word' id='word_1_101' title='bbox 1298 1527 1352 1584; x_wconf 88' lang='lat' dir='ltr'><strong>id</strong></span> <span class='ocrx_word' id='word_1_102' title='bbox 1393 1527 1533 1600; x_wconf 88' lang='lat' dir='ltr'><strong>quod</strong></span> <span class='ocrx_word' id='word_1_103' title='bbox 1560 1527 1645 1583; x_wconf 83' lang='lat' dir='ltr'><strong>lex</strong></span> <span class='ocrx_word' id='word_1_104' title='bbox 1691 1526 1938 1598; x_wconf 88' lang='lat' dir='ltr'><strong>imperat,</strong></span> 
     </span>
    </p>
   </div>
   <div class='ocr_carea' id='block_1_15' title="bbox 346 1605 794 1694">
    <p class='ocr_par' dir='ltr' id='par_1_15' title="bbox 346 1605 794 1694">
     <span class='ocr_line' id='line_1_15' title="bbox 346 1605 794 1694; baseline -0.002 -16"><span class='ocrx_word' id='word_1_105' title='bbox 346 1605 501 1694; x_wconf 24' lang='lat' dir='ltr'><strong>,tides</strong></span> <span class='ocrx_word' id='word_1_106' title='bbox 528 1611 794 1693; x_wconf 83' lang='lat' dir='ltr'><strong>impetrat.</strong></span> 
     </span>
    </p>
   </div>
   <div class='ocr_carea' id='block_1_16' title="bbox 435 1709 1936 1780">
    <p class='ocr_par' dir='ltr' id='par_1_16' title="bbox 435 1709 1936 1780">
     <span class='ocr_line' id='line_1_16' title="bbox 435 1709 1936 1780; baseline -0.004 -12"><span class='ocrx_word' id='word_1_107' title='bbox 435 1716 490 1768; x_wconf 91' lang='lat'><strong>9.</strong></span> <span class='ocrx_word' id='word_1_108' title='bbox 529 1713 660 1768; x_wconf 87' lang='lat' dir='ltr'><strong>Nam</strong></span> <span class='ocrx_word' id='word_1_109' title='bbox 690 1722 746 1768; x_wconf 90' lang='lat' dir='ltr'><strong>ut</strong></span> <span class='ocrx_word' id='word_1_110' title='bbox 773 1711 982 1768; x_wconf 87' lang='lat' dir='ltr'><strong>interim</strong></span> <span class='ocrx_word' id='word_1_111' title='bbox 997 1711 1298 1766; x_wconf 89' lang='lat' dir='ltr'><strong>omittamus</strong></span> <span class='ocrx_word' id='word_1_112' title='bbox 1318 1709 1444 1779; x_wconf 84' lang='lat' dir='ltr'><strong>legis</strong></span> <span class='ocrx_word' id='word_1_113' title='bbox 1470 1709 1631 1764; x_wconf 88' lang='lat' dir='ltr'><strong>multa</strong></span> <span class='ocrx_word' id='word_1_114' title='bbox 1655 1718 1936 1780; x_wconf 74' lang='lat' dir='ltr'><strong>prmeepta,</strong></span> 
     </span>
    </p>
   </div>
   <div class='ocr_carea' id='block_1_17' title="bbox 350 1800 1940 1877">
    <p class='ocr_par' dir='ltr' id='par_1_17' title="bbox 350 1800 1940 1877">
     <span class='ocr_line' id='line_1_17' title="bbox 350 1800 1940 1877; baseline 0 -19"><span class='ocrx_word' id='word_1_115' title='bbox 350 1810 418 1877; x_wconf 90' lang='lat' dir='ltr'><strong>_ct</strong></span> <span class='ocrx_word' id='word_1_116' title='bbox 443 1803 546 1859; x_wconf 86' lang='lat' dir='ltr'><strong>hoc</strong></span> <span class='ocrx_word' id='word_1_117' title='bbox 573 1803 696 1858; x_wconf 89' lang='lat' dir='ltr'><strong>inde</strong></span> <span class='ocrx_word' id='word_1_118' title='bbox 730 1816 1206 1857; x_wconf 90' lang='lat' dir='ltr'><strong>commemoremus</strong></span> <span class='ocrx_word' id='word_1_119' title='bbox 1233 1801 1372 1871; x_wconf 91' lang='lat' dir='ltr'><strong>quod</strong></span> <span class='ocrx_word' id='word_1_120' title='bbox 1402 1800 1466 1854; x_wconf 90' lang='lat' dir='ltr'><strong>ad</strong></span> <span class='ocrx_word' id='word_1_121' title='bbox 1517 1815 1940 1858; x_wconf 83' lang='lat' dir='ltr'><strong>commemoran—</strong></span> 
     </span>
    </p>
   </div>
   <div class='ocr_carea' id='block_1_18' title="bbox 351 1877 1935 1964">
    <p class='ocr_par' dir='ltr' id='par_1_18' title="bbox 351 1877 1935 1964">
     <span class='ocr_line' id='line_1_18' title="bbox 351 1877 1935 1964; baseline -0.002 -16"><span class='ocrx_word' id='word_1_122' title='bbox 351 1891 489 1958; x_wconf 78' lang='lat' dir='ltr'><strong>dum</strong></span> <span class='ocrx_word' id='word_1_123' title='bbox 507 1892 663 1964; x_wconf 82' lang='lat' dir='ltr'><strong>elegit</strong></span> <span class='ocrx_word' id='word_1_124' title='bbox 685 1891 1004 1962; x_wconf 84' lang='lat' dir='ltr'><strong>Apostolus;</strong></span> <span class='ocrx_word' id='word_1_125' title='bbox 1032 1907 1150 1947; x_wconf 91' lang='lat' dir='ltr'><strong>cum</strong></span> <span class='ocrx_word' id='word_1_126' title='bbox 1179 1877 1304 1945; x_wconf 85' lang='lat' dir='ltr'><strong>dicit</strong></span> <span class='ocrx_word' id='word_1_127' title='bbox 1328 1892 1430 1956; x_wconf 83' lang='lat' dir='ltr'><strong>lex,</strong></span> <span class='ocrx_word' id='word_1_128' title='bbox 1453 1887 1573 1944; x_wconf 86' lang='lat' dir='ltr'><strong>Non</strong></span> <span class='ocrx_word' id='word_1_129' title='bbox 1599 1882 1935 1964; x_wconf 74' lang='lat' dir='ltr'><strong>concupisces,</strong></span> 
     </span>
    </p>
   </div>
   <div class='ocr_carea' id='block_1_19' title="bbox 346 1979 1936 2060">
    <p class='ocr_par' dir='ltr' id='par_1_19' title="bbox 346 1979 1936 2060">
     <span class='ocr_line' id='line_1_19' title="bbox 346 1979 1936 2060; baseline -0.001 -24"><span class='ocrx_word' id='word_1_130' title='bbox 346 1981 492 2060; x_wconf 88' lang='lat' dir='ltr'><strong>_quid</strong></span> <span class='ocrx_word' id='word_1_131' title='bbox 519 1981 725 2038; x_wconf 87' lang='lat' dir='ltr'><strong>videtur</strong></span> <span class='ocrx_word' id='word_1_132' title='bbox 749 1981 889 2036; x_wconf 83' lang='lat' dir='ltr'><strong>aliud</strong></span> <span class='ocrx_word' id='word_1_133' title='bbox 928 1981 1205 2052; x_wconf 85' lang='lat' dir='ltr'><strong>imperare,</strong></span> <span class='ocrx_word' id='word_1_134' title='bbox 1237 1981 1335 2034; x_wconf 88' lang='lat' dir='ltr'><strong>nisi</strong></span> <span class='ocrx_word' id='word_1_135' title='bbox 1367 1981 1431 2036; x_wconf 87' lang='lat' dir='ltr'><strong>ab</strong></span> <span class='ocrx_word' id='word_1_136' title='bbox 1461 1979 1651 2034; x_wconf 88' lang='lat' dir='ltr'><strong>illicitis</strong></span> <span class='ocrx_word' id='word_1_137' title='bbox 1676 1980 1936 2050; x_wconf 43' lang='lat' dir='ltr'><strong>cupidita:</strong></span> 
     </span>
    </p>
   </div>
   <div class='ocr_carea' id='block_1_20' title="bbox 366 2071 1934 2144">
    <p class='ocr_par' dir='ltr' id='par_1_20' title="bbox 366 2071 1934 2144">
     <span class='ocr_line' id='line_1_20' title="bbox 366 2071 1934 2144; baseline 0 -17"><span class='ocrx_word' id='word_1_138' title='bbox 366 2074 508 2128; x_wconf 80' lang='lat' dir='ltr'><strong>tibus</strong></span> <span class='ocrx_word' id='word_1_139' title='bbox 537 2071 950 2128; x_wconf 84' lang='lat' dir='ltr'><strong>continentiam?</strong></span> <span class='ocrx_word' id='word_1_140' title='bbox 995 2073 1214 2127; x_wconf 86' lang='lat' dir='ltr'><strong>Animus</strong></span> <span class='ocrx_word' id='word_1_141' title='bbox 1259 2073 1452 2144; x_wconf 82' lang='lat' dir='ltr'><strong>quippe</strong></span> <span class='ocrx_word' id='word_1_142' title='bbox 1493 2071 1633 2127; x_wconf 82' lang='lat' dir='ltr'><strong>velut</strong></span> <span class='ocrx_word' id='word_1_143' title='bbox 1682 2072 1934 2142; x_wconf 76' lang='lat' dir='ltr'><strong>pondere,</strong></span> 
     </span>
    </p>
   </div>
   <div class='ocr_carea' id='block_1_21' title="bbox 365 2162 1934 2236">
    <p class='ocr_par' dir='ltr' id='par_1_21' title="bbox 365 2162 1934 2236">
     <span class='ocr_line' id='line_1_21' title="bbox 365 2162 1934 2236; baseline 0 -19"><span class='ocrx_word' id='word_1_144' title='bbox 365 2179 553 2218; x_wconf 87' lang='lat' dir='ltr'><strong>amere</strong></span> <span class='ocrx_word' id='word_1_145' title='bbox 583 2163 750 2220; x_wconf 78' lang='lat' dir='ltr'><strong>fertur</strong></span> <span class='ocrx_word' id='word_1_146' title='bbox 786 2179 1118 2234; x_wconf 85' lang='lat' dir='ltr'><strong>quocumque</strong></span> <span class='ocrx_word' id='word_1_147' title='bbox 1149 2164 1329 2217; x_wconf 80' lang='lat' dir='ltr'><strong>fertur.</strong></span> <span class='ocrx_word' id='word_1_148' title='bbox 1367 2162 1621 2217; x_wconf 82' lang='lat' dir='ltr'><strong>Jubemur</strong></span> <span class='ocrx_word' id='word_1_149' title='bbox 1647 2163 1821 2236; x_wconf 81' lang='lat' dir='ltr'><strong>itaque</strong></span> <span class='ocrx_word' id='word_1_150' title='bbox 1843 2163 1934 2217; x_wconf 88' lang='lat' dir='ltr'><strong>de-</strong></span> 
     </span>
    </p>
   </div>
   <div class='ocr_carea' id='block_1_22' title="bbox 345 2243 1934 2330">
    <p class='ocr_par' dir='ltr' id='par_1_22' title="bbox 345 2243 1934 2330">
     <span class='ocr_line' id='line_1_22' title="bbox 345 2243 1934 2330; baseline 0 -20"><span class='ocrx_word' id='word_1_151' title='bbox 345 2243 580 2311; x_wconf 75' lang='lat' dir='ltr'><strong>trahere</strong></span> <span class='ocrx_word' id='word_1_152' title='bbox 607 2255 673 2311; x_wconf 90' lang='lat' dir='ltr'><strong>de</strong></span> <span class='ocrx_word' id='word_1_153' title='bbox 698 2255 931 2326; x_wconf 75' lang='lat' dir='ltr'><strong>pondere</strong></span> <span class='ocrx_word' id='word_1_154' title='bbox 957 2255 1257 2330; x_wconf 75' lang='lat' dir='ltr'><strong>cupiditatis</strong></span> <span class='ocrx_word' id='word_1_155' title='bbox 1281 2255 1420 2326; x_wconf 92' lang='lat' dir='ltr'><strong>quod</strong></span> <span class='ocrx_word' id='word_1_156' title='bbox 1460 2255 1673 2312; x_wconf 81' lang='lat' dir='ltr'><strong>accedat</strong></span> <span class='ocrx_word' id='word_1_157' title='bbox 1705 2255 1769 2310; x_wconf 89' lang='lat' dir='ltr'><strong>ad</strong></span> <span class='ocrx_word' id='word_1_158' title='bbox 1802 2273 1934 2328; x_wconf 90' lang='lat' dir='ltr'><strong>pen-</strong></span> 
     </span>
    </p>
   </div>
   <div class='ocr_carea' id='block_1_23' title="bbox 361 2345 1936 2416">
    <p class='ocr_par' dir='ltr' id='par_1_23' title="bbox 361 2345 1936 2416">
     <span class='ocr_line' id='line_1_23' title="bbox 361 2345 1936 2416; baseline 0 -14"><span class='ocrx_word' id='word_1_159' title='bbox 361 2345 466 2402; x_wconf 89' lang='lat' dir='ltr'><strong>dus</strong></span> <span class='ocrx_word' id='word_1_160' title='bbox 485 2346 773 2412; x_wconf 75' lang='lat' dir='ltr'><strong>cliaritatis,</strong></span> <span class='ocrx_word' id='word_1_161' title='bbox 803 2347 974 2403; x_wconf 86' lang='lat' dir='ltr'><strong>donec</strong></span> <span class='ocrx_word' id='word_1_162' title='bbox 1024 2347 1148 2401; x_wconf 90' lang='lat' dir='ltr'><strong>illud</strong></span> <span class='ocrx_word' id='word_1_163' title='bbox 1178 2355 1536 2415; x_wconf 79' lang='lat' dir='ltr'><strong>consumatur,</strong></span> <span class='ocrx_word' id='word_1_164' title='bbox 1568 2347 1666 2402; x_wconf 90' lang='lat' dir='ltr'><strong>hoc</strong></span> <span class='ocrx_word' id='word_1_165' title='bbox 1698 2349 1936 2416; x_wconf 87' lang='lat' dir='ltr'><strong>perﬁcia-</strong></span> 
     </span>
    </p>
   </div>
   <div class='ocr_carea' id='block_1_24' title="bbox 363 2437 1934 2510">
    <p class='ocr_par' dir='ltr' id='par_1_24' title="bbox 363 2437 1934 2510">
     <span class='ocr_line' id='line_1_24' title="bbox 363 2437 1934 2510; baseline 0.001 -17"><span class='ocrx_word' id='word_1_166' title='bbox 363 2447 450 2493; x_wconf 89' lang='lat' dir='ltr'><strong>tur</strong></span> <span class='ocrx_word' id='word_1_167' title='bbox 482 2457 494 2494; x_wconf 90' lang='lat'><strong><em>:</em></strong></span> <span class='ocrx_word' id='word_1_168' title='bbox 523 2439 790 2508; x_wconf 83' lang='lat' dir='ltr'><strong>plenitudo</strong></span> <span class='ocrx_word' id='word_1_169' title='bbox 813 2439 953 2493; x_wconf 89' lang='lat' dir='ltr'><strong>enim</strong></span> <span class='ocrx_word' id='word_1_170' title='bbox 994 2438 1124 2510; x_wconf 85' lang='lat' dir='ltr'><strong>legis</strong></span> <span class='ocrx_word' id='word_1_171' title='bbox 1161 2449 1242 2494; x_wconf 90' lang='lat' dir='ltr'><strong>est</strong></span> <span class='ocrx_word' id='word_1_172' title='bbox 1270 2437 1515 2492; x_wconf 70' lang='lat' dir='ltr'><strong>Charitas.</strong></span> <span class='ocrx_word' id='word_1_173' title='bbox 1549 2439 1611 2493; x_wconf 85' lang='lat' dir='ltr'><strong>Et</strong></span> <span class='ocrx_word' id='word_1_174' title='bbox 1641 2446 1814 2493; x_wconf 90' lang='lat' dir='ltr'><strong>tamen</strong></span> <span class='ocrx_word' id='word_1_175' title='bbox 1865 2439 1934 2495; x_wconf 89' lang='lat' dir='ltr'><strong>de</strong></span> 
     </span>
    </p>
   </div>
   <div class='ocr_carea' id='block_1_25' title="bbox 353 2527 1935 2604">
    <p class='ocr_par' dir='ltr' id='par_1_25' title="bbox 353 2527 1935 2604">
     <span class='ocr_line' id='line_1_25' title="bbox 353 2527 1935 2604; baseline -0.001 -18"><span class='ocrx_word' id='word_1_176' title='bbox 353 2532 476 2602; x_wconf 88' lang='lat' dir='ltr'><strong>ipsa</strong></span> <span class='ocrx_word' id='word_1_177' title='bbox 507 2531 830 2586; x_wconf 87' lang='lat' dir='ltr'><strong>continentia</strong></span> <span class='ocrx_word' id='word_1_178' title='bbox 860 2530 979 2586; x_wconf 89' lang='lat' dir='ltr'><strong>vide</strong></span> <span class='ocrx_word' id='word_1_179' title='bbox 1017 2530 1142 2604; x_wconf 88' lang='lat' dir='ltr'><strong>quid</strong></span> <span class='ocrx_word' id='word_1_180' title='bbox 1172 2531 1427 2600; x_wconf 88' lang='lat' dir='ltr'><strong>scriptum</strong></span> <span class='ocrx_word' id='word_1_181' title='bbox 1454 2532 1522 2584; x_wconf 86' lang='lat' dir='ltr'><strong>sit</strong></span> <span class='ocrx_word' id='word_1_182' title='bbox 1554 2549 1565 2582; x_wconf 90' lang='lat'>:</span> <span class='ocrx_word' id='word_1_183' title='bbox 1597 2527 1680 2583; x_wconf 80' lang='lat' dir='ltr'><strong>Et&#39;</strong></span> <span class='ocrx_word' id='word_1_184' title='bbox 1703 2548 1815 2584; x_wconf 87' lang='lat' dir='ltr'><strong>cum</strong></span> <span class='ocrx_word' id='word_1_185' title='bbox 1845 2536 1935 2585; x_wconf 84' lang='lat' dir='ltr'><strong>sci-</strong></span> 
     </span>
    </p>
   </div>
   <div class='ocr_carea' id='block_1_26' title="bbox 361 2621 1932 2694">
    <p class='ocr_par' dir='ltr' id='par_1_26' title="bbox 361 2621 1932 2694">
     <span class='ocr_line' id='line_1_26' title="bbox 361 2621 1932 2694; baseline 0 -18"><span class='ocrx_word' id='word_1_186' title='bbox 361 2641 487 2690; x_wconf 88' lang='lat' dir='ltr'><strong>rem,</strong></span> <span class='ocrx_word' id='word_1_187' title='bbox 513 2623 701 2694; x_wconf 84' lang='lat' dir='ltr'><strong>inquit,</strong></span> <span class='ocrx_word' id='word_1_188' title='bbox 743 2623 860 2694; x_wconf 85' lang='lat' dir='ltr'><strong>quia</strong></span> <span class='ocrx_word' id='word_1_189' title='bbox 885 2625 1216 2692; x_wconf 71' lang='lat' dir='ltr'><strong>nemo&#39;potest</strong></span> <span class='ocrx_word' id='word_1_190' title='bbox 1246 2638 1349 2676; x_wconf 85' lang='lat' dir='ltr'><strong>esse</strong></span> <span class='ocrx_word' id='word_1_191' title='bbox 1373 2621 1628 2676; x_wconf 86' lang='lat' dir='ltr'><strong>continens</strong></span> <span class='ocrx_word' id='word_1_192' title='bbox 1662 2621 1759 2677; x_wconf 88' lang='lat' dir='ltr'><strong>nisi</strong></span> <span class='ocrx_word' id='word_1_193' title='bbox 1793 2621 1932 2678; x_wconf 93' lang='lat' dir='ltr'><strong>Deus</strong></span> 
     </span>
    </p>
   </div>
   <div class='ocr_carea' id='block_1_27' title="bbox 348 2715 1934 2786">
    <p class='ocr_par' dir='ltr' id='par_1_27' title="bbox 348 2715 1934 2786">
     <span class='ocr_line' id='line_1_27' title="bbox 348 2715 1934 2786; baseline 0 -16"><span class='ocrx_word' id='word_1_194' title='bbox 348 2717 464 2781; x_wconf 58' lang='lat' dir='ltr'><strong>&#39;det,</strong></span> <span class='ocrx_word' id='word_1_195' title='bbox 490 2716 534 2770; x_wconf 82' lang='lat' dir='ltr'><strong>et</strong></span> <span class='ocrx_word' id='word_1_196' title='bbox 564 2716 656 2770; x_wconf 81' lang='lat' dir='ltr'><strong>hoc</strong></span> <span class='ocrx_word' id='word_1_197' title='bbox 693 2717 859 2786; x_wconf 82' lang='lat' dir='ltr'><strong>ipsum</strong></span> <span class='ocrx_word' id='word_1_198' title='bbox 879 2726 983 2771; x_wconf 89' lang='lat' dir='ltr'><strong>erat</strong></span> <span class='ocrx_word' id='word_1_199' title='bbox 1033 2716 1311 2786; x_wconf 66' lang='lat' dir='ltr'><strong>sapientiae,</strong></span> <span class='ocrx_word' id='word_1_200' title='bbox 1335 2715 1461 2770; x_wconf 89' lang='lat' dir='ltr'><strong>scire</strong></span> <span class='ocrx_word' id='word_1_201' title='bbox 1504 2717 1648 2786; x_wconf 85' lang='lat' dir='ltr'><strong>cujus</strong></span> <span class='ocrx_word' id='word_1_202' title='bbox 1689 2726 1810 2771; x_wconf 82' lang='lat' dir='ltr'><strong>esset</strong></span> <span class='ocrx_word' id='word_1_203' title='bbox 1840 2717 1934 2770; x_wconf 82' lang='lat' dir='ltr'><strong>hoc</strong></span> 
     </span>
    </p>
   </div>
   <div class='ocr_carea' id='block_1_28' title="bbox 362 2803 1929 2878">
    <p class='ocr_par' dir='ltr' id='par_1_28' title="bbox 362 2803 1929 2878">
     <span class='ocr_line' id='line_1_28' title="bbox 362 2803 1929 2878; baseline 0.002 -17"><span class='ocrx_word' id='word_1_204' title='bbox 362 2809 582 2872; x_wconf 83' lang='lat' dir='ltr'><strong>donum;</strong></span> <span class='ocrx_word' id='word_1_205' title='bbox 604 2808 708 2861; x_wconf 85' lang='lat' dir='ltr'><strong>adii</strong></span> <span class='ocrx_word' id='word_1_206' title='bbox 735 2803 1026 2873; x_wconf 85' lang='lat' dir='ltr'><strong>Dominum,</strong></span> <span class='ocrx_word' id='word_1_207' title='bbox 1059 2816 1103 2860; x_wconf 89' lang='lat' dir='ltr'><strong>et</strong></span> <span class='ocrx_word' id='word_1_208' title='bbox 1133 2806 1427 2876; x_wconf 82' lang='lat' dir='ltr'><strong>deprecatus</strong></span> <span class='ocrx_word' id='word_1_209' title='bbox 1456 2824 1565 2859; x_wconf 86' lang='lat' dir='ltr'><strong>sum</strong></span> <span class='ocrx_word' id='word_1_210' title='bbox 1606 2807 1751 2860; x_wconf 81' lang='lat' dir='ltr'><strong>illum</strong></span> <span class='ocrx_word' id='word_1_211' title='bbox 1778 2806 1929 2878; x_wconf 75' lang='grc' dir='ltr'><strong>(δίῳ.</strong></span> 
     </span>
    </p>
   </div>
   <div class='ocr_carea' id='block_1_29' title="bbox 354 2881 1934 2972">
    <p class='ocr_par' dir='ltr' id='par_1_29' title="bbox 354 2881 1934 2972">
     <span class='ocr_line' id='line_1_29' title="bbox 354 2881 1934 2972; baseline 0.002 -19"><span class='ocrx_word' id='word_1_212' title='bbox 354 2881 476 2962; x_wconf 71' lang='lat' dir='ltr'><strong>&#39;vm,</strong></span> <span class='ocrx_word' id='word_1_213' title='bbox 499 2899 613 2970; x_wconf 58' lang='grc' dir='ltr'><strong>ς31).</strong></span> <span class='ocrx_word' id='word_1_214' title='bbox 646 2897 909 2970; x_wconf 84' lang='lat' dir='ltr'><strong>Numquid</strong></span> <span class='ocrx_word' id='word_1_215' title='bbox 946 2897 1096 2964; x_wconf 76' lang='lat' dir='ltr'><strong>dixit,</strong></span> <span class='ocrx_word' id='word_1_216' title='bbox 1128 2897 1194 2972; x_wconf 85' lang='lat' dir='ltr'><strong>Et</strong></span> <span class='ocrx_word' id='word_1_217' title='bbox 1243 2913 1360 2953; x_wconf 91' lang='lat' dir='ltr'><strong>cum</strong></span> <span class='ocrx_word' id='word_1_218' title='bbox 1389 2899 1579 2953; x_wconf 86' lang='lat' dir='ltr'><strong>scirem</strong></span> <span class='ocrx_word' id='word_1_219' title='bbox 1613 2899 1734 2970; x_wconf 88' lang='lat' dir='ltr'><strong>quia</strong></span> <span class='ocrx_word' id='word_1_220' title='bbox 1773 2894 1934 2970; x_wconf 77' lang='lat' dir='ltr'><strong>nemo</strong></span> 
     </span>
    </p>
   </div>
   <div class='ocr_carea' id='block_1_30' title="bbox 355 2988 1933 3064">
    <p class='ocr_par' dir='ltr' id='par_1_30' title="bbox 355 2988 1933 3064">
     <span class='ocr_line' id='line_1_30' title="bbox 355 2988 1933 3064; baseline 0.001 -22"><span class='ocrx_word' id='word_1_221' title='bbox 355 2997 536 3064; x_wconf 82' lang='lat' dir='ltr'><strong>‘petest</strong></span> <span class='ocrx_word' id='word_1_222' title='bbox 569 3005 684 3045; x_wconf 84' lang='lat' dir='ltr'><strong>esse</strong></span> <span class='ocrx_word' id='word_1_223' title='bbox 719 2989 1014 3055; x_wconf 88' lang='lat' dir='ltr'><strong>continens,</strong></span> <span class='ocrx_word' id='word_1_224' title='bbox 1046 2989 1145 3043; x_wconf 91' lang='lat' dir='ltr'><strong>nisi</strong></span> <span class='ocrx_word' id='word_1_225' title='bbox 1167 3003 1261 3058; x_wconf 89' lang='lat' dir='ltr'><strong>per</strong></span> <span class='ocrx_word' id='word_1_226' title='bbox 1288 2988 1556 3058; x_wconf 90' lang='lat' dir='ltr'><strong>preprium</strong></span> <span class='ocrx_word' id='word_1_227' title='bbox 1581 2989 1804 3044; x_wconf 78' lang='lat' dir='ltr'><strong>liberum</strong></span> <span class='ocrx_word' id='word_1_228' title='bbox 1846 3006 1933 3044; x_wconf 91' lang='lat' dir='ltr'><strong>ar-</strong></span> 
     </span>
    </p>
   </div>
   <div class='ocr_carea' id='block_1_31' title="bbox 355 3079 1932 3152">
    <p class='ocr_par' dir='ltr' id='par_1_31' title="bbox 355 3079 1932 3152">
     <span class='ocr_line' id='line_1_31' title="bbox 355 3079 1932 3152; baseline 0.003 -17"><span class='ocrx_word' id='word_1_229' title='bbox 355 3079 596 3146; x_wconf 81' lang='lat' dir='ltr'><strong>bitrium,</strong></span> <span class='ocrx_word' id='word_1_230' title='bbox 627 3088 676 3135; x_wconf 91' lang='lat' dir='ltr'><strong>et</strong></span> <span class='ocrx_word' id='word_1_231' title='bbox 705 3079 806 3134; x_wconf 85' lang='lat' dir='ltr'><strong>hoc</strong></span> <span class='ocrx_word' id='word_1_232' title='bbox 836 3080 1007 3150; x_wconf 90' lang='lat' dir='ltr'><strong>ipsum</strong></span> <span class='ocrx_word' id='word_1_233' title='bbox 1039 3089 1151 3135; x_wconf 88' lang='lat' dir='ltr'><strong>erat</strong></span> <span class='ocrx_word' id='word_1_234' title='bbox 1187 3081 1478 3151; x_wconf 64' lang='lat' dir='ltr'><strong>sapientiae,</strong></span> <span class='ocrx_word' id='word_1_235' title='bbox 1508 3081 1646 3137; x_wconf 90' lang='lat' dir='ltr'><strong>scire</strong></span> <span class='ocrx_word' id='word_1_236' title='bbox 1668 3097 1700 3135; x_wconf 86' lang='lat' dir='ltr'><strong>a</strong></span> <span class='ocrx_word' id='word_1_237' title='bbox 1731 3083 1932 3152; x_wconf 84' lang='lat' dir='ltr'><strong>meipse</strong></span> 
     </span>
    </p>
   </div>
   <div class='ocr_carea' id='block_1_32' title="bbox 355 3169 1932 3244">
    <p class='ocr_par' dir='ltr' id='par_1_32' title="bbox 355 3169 1932 3244">
     <span class='ocr_line' id='line_1_32' title="bbox 355 3169 1932 3244; baseline 0.001 -19"><span class='ocrx_word' id='word_1_238' title='bbox 355 3182 480 3225; x_wconf 84' lang='lat' dir='ltr'><strong>&#39;esse</strong></span> <span class='ocrx_word' id='word_1_239' title='bbox 511 3169 613 3225; x_wconf 88' lang='lat' dir='ltr'><strong>hoc</strong></span> <span class='ocrx_word' id='word_1_240' title='bbox 641 3170 872 3225; x_wconf 85' lang='lat' dir='ltr'><strong>bonum?</strong></span> <span class='ocrx_word' id='word_1_241' title='bbox 901 3169 1012 3225; x_wconf 85' lang='lat' dir='ltr'><strong>Non</strong></span> <span class='ocrx_word' id='word_1_242' title='bbox 1040 3171 1194 3241; x_wconf 86' lang='lat' dir='ltr'><strong>plane</strong></span> <span class='ocrx_word' id='word_1_243' title='bbox 1230 3171 1331 3226; x_wconf 86' lang='lat' dir='ltr'><strong>hoc</strong></span> <span class='ocrx_word' id='word_1_244' title='bbox 1371 3171 1522 3239; x_wconf 74' lang='lat' dir='ltr'><strong>dixit,</strong></span> <span class='ocrx_word' id='word_1_245' title='bbox 1557 3173 1694 3243; x_wconf 90' lang='lat' dir='ltr'><strong>quod</strong></span> <span class='ocrx_word' id='word_1_246' title='bbox 1721 3173 1932 3244; x_wconf 88' lang='lat' dir='ltr'><strong>quidam</strong></span> 
     </span>
    </p>
   </div>
   <div class='ocr_carea' id='block_1_33' title="bbox 361 3264 1932 3335">
    <p class='ocr_par' dir='ltr' id='par_1_33' title="bbox 361 3264 1932 3335">
     <span class='ocr_line' id='line_1_33' title="bbox 361 3264 1932 3335; baseline 0.003 -17"><span class='ocrx_word' id='word_1_247' title='bbox 361 3265 416 3319; x_wconf 89' lang='lat' dir='ltr'><strong>in</strong></span> <span class='ocrx_word' id='word_1_248' title='bbox 446 3280 540 3321; x_wconf 92' lang='lat' dir='ltr'><strong>sua</strong></span> <span class='ocrx_word' id='word_1_249' title='bbox 562 3266 788 3320; x_wconf 87' lang='lat' dir='ltr'><strong>vanitate</strong></span> <span class='ocrx_word' id='word_1_250' title='bbox 816 3264 1026 3331; x_wconf 86' lang='lat' dir='ltr'><strong>dicunt;</strong></span> <span class='ocrx_word' id='word_1_251' title='bbox 1056 3266 1153 3320; x_wconf 86' lang='lat' dir='ltr'><strong>sed</strong></span> <span class='ocrx_word' id='word_1_252' title='bbox 1180 3265 1318 3335; x_wconf 87' lang='lat' dir='ltr'><strong>quod</strong></span> <span class='ocrx_word' id='word_1_253' title='bbox 1350 3265 1442 3321; x_wconf 88' lang='lat' dir='ltr'><strong>fuit</strong></span> <span class='ocrx_word' id='word_1_254' title='bbox 1483 3268 1533 3322; x_wconf 93' lang='lat' dir='ltr'><strong>in</strong></span> <span class='ocrx_word' id='word_1_255' title='bbox 1563 3274 1758 3322; x_wconf 72' lang='lat' dir='ltr'><strong>sancta:</strong></span> <span class='ocrx_word' id='word_1_256' title='bbox 1785 3269 1932 3322; x_wconf 90' lang='lat' dir='ltr'><strong>Scri-</strong></span> 
     </span>
    </p>
   </div>
   <div class='ocr_carea' id='block_1_34' title="bbox 361 3352 1933 3432">
    <p class='ocr_par' dir='ltr' id='par_1_34' title="bbox 361 3352 1933 3432">
     <span class='ocr_line' id='line_1_34' title="bbox 361 3352 1933 3432; baseline 0.003 -22"><span class='ocrx_word' id='word_1_257' title='bbox 361 3365 534 3426; x_wconf 75' lang='lat' dir='ltr'><strong>ptura:</strong></span> <span class='ocrx_word' id='word_1_258' title='bbox 579 3352 796 3412; x_wconf 84' lang='lat' dir='ltr'><strong>veritate</strong></span> <span class='ocrx_word' id='word_1_259' title='bbox 832 3357 1114 3412; x_wconf 90' lang='lat' dir='ltr'><strong>dicendum</strong></span> <span class='ocrx_word' id='word_1_260' title='bbox 1145 3375 1159 3413; x_wconf 87' lang='lat'><strong>:</strong></span> <span class='ocrx_word' id='word_1_261' title='bbox 1187 3357 1309 3413; x_wconf 90' lang='lat' dir='ltr'><strong>Cum</strong></span> <span class='ocrx_word' id='word_1_262' title='bbox 1344 3361 1541 3425; x_wconf 85' lang='lat' dir='ltr'><strong>scirem,</strong></span> <span class='ocrx_word' id='word_1_263' title='bbox 1586 3359 1774 3430; x_wconf 89' lang='lat' dir='ltr'><strong>inquit,</strong></span> <span class='ocrx_word' id='word_1_264' title='bbox 1814 3361 1933 3432; x_wconf 88' lang='lat' dir='ltr'><strong>quia</strong></span> 
     </span>
    </p>
   </div>
   <div class='ocr_carea' id='block_1_35' title="bbox 364 3448 1932 3522">
    <p class='ocr_par' dir='ltr' id='par_1_35' title="bbox 364 3448 1932 3522">
     <span class='ocr_line' id='line_1_35' title="bbox 364 3448 1932 3522; baseline 0.003 -21"><span class='ocrx_word' id='word_1_265' title='bbox 364 3463 515 3501; x_wconf 91' lang='lat' dir='ltr'><strong>nemo</strong></span> <span class='ocrx_word' id='word_1_266' title='bbox 549 3463 652 3501; x_wconf 82' lang='lat' dir='ltr'><strong>esse</strong></span> <span class='ocrx_word' id='word_1_267' title='bbox 677 3457 830 3519; x_wconf 79' lang='lat' dir='ltr'><strong>potest</strong></span> <span class='ocrx_word' id='word_1_268' title='bbox 873 3450 1150 3514; x_wconf 86' lang='lat' dir='ltr'><strong>continens,</strong></span> <span class='ocrx_word' id='word_1_269' title='bbox 1196 3449 1300 3502; x_wconf 83' lang='lat' dir='ltr'><strong>nisi</strong></span> <span class='ocrx_word' id='word_1_270' title='bbox 1327 3448 1462 3504; x_wconf 88' lang='lat' dir='ltr'><strong>Deus</strong></span> <span class='ocrx_word' id='word_1_271' title='bbox 1487 3449 1586 3503; x_wconf 80' lang='lat' dir='ltr'><strong>det.</strong></span> <span class='ocrx_word' id='word_1_272' title='bbox 1620 3449 1778 3506; x_wconf 82' lang='lat' dir='ltr'><strong>Jubet</strong></span> <span class='ocrx_word' id='word_1_273' title='bbox 1805 3468 1932 3522; x_wconf 84' lang='lat' dir='ltr'><strong>ergo</strong></span> 
     </span>
    </p>
   </div>
   <div class='ocr_carea' id='block_1_36' title="bbox 361 3537 1934 3614">
    <p class='ocr_par' dir='ltr' id='par_1_36' title="bbox 361 3537 1934 3614">
     <span class='ocr_line' id='line_1_36' title="bbox 361 3537 1934 3614; baseline 0.005 -23"><span class='ocrx_word' id='word_1_274' title='bbox 361 3537 509 3592; x_wconf 89' lang='lat' dir='ltr'><strong>Deus</strong></span> <span class='ocrx_word' id='word_1_275' title='bbox 530 3539 925 3608; x_wconf 84' lang='lat' dir='ltr'><strong>continentiam,</strong></span> <span class='ocrx_word' id='word_1_276' title='bbox 959 3549 1010 3594; x_wconf 91' lang='lat' dir='ltr'><strong>et</strong></span> <span class='ocrx_word' id='word_1_277' title='bbox 1030 3539 1119 3594; x_wconf 88' lang='lat' dir='ltr'><strong>dat</strong></span> <span class='ocrx_word' id='word_1_278' title='bbox 1142 3541 1552 3607; x_wconf 84' lang='lat' dir='ltr'><strong>continentiam;</strong></span> <span class='ocrx_word' id='word_1_279' title='bbox 1580 3542 1840 3614; x_wconf 85' lang='lat' dir='ltr'><strong>jubctper</strong></span> <span class='ocrx_word' id='word_1_280' title='bbox 1867 3545 1934 3599; x_wconf 87' lang='lat' dir='ltr'><strong>le-</strong></span> 
     </span>
    </p>
   </div>
   <div class='ocr_carea' id='block_1_37' title="bbox 350 3630 1934 3707">
    <p class='ocr_par' dir='ltr' id='par_1_37' title="bbox 350 3630 1934 3707">
     <span class='ocr_line' id='line_1_37' title="bbox 350 3630 1934 3707; baseline 0.008 -25"><span class='ocrx_word' id='word_1_281' title='bbox 350 3634 505 3698; x_wconf 84' lang='lat' dir='ltr'><strong>gem,</strong></span> <span class='ocrx_word' id='word_1_282' title='bbox 538 3630 628 3684; x_wconf 90' lang='lat' dir='ltr'><strong>dat</strong></span> <span class='ocrx_word' id='word_1_283' title='bbox 677 3645 772 3700; x_wconf 90' lang='lat' dir='ltr'><strong>per</strong></span> <span class='ocrx_word' id='word_1_284' title='bbox 817 3633 1073 3702; x_wconf 88' lang='lat' dir='ltr'><strong>gratiam;</strong></span> <span class='ocrx_word' id='word_1_285' title='bbox 1116 3633 1266 3703; x_wconf 83' lang='lat' dir='ltr'><strong>jubet</strong></span> <span class='ocrx_word' id='word_1_286' title='bbox 1306 3649 1400 3704; x_wconf 90' lang='lat' dir='ltr'><strong>per</strong></span> <span class='ocrx_word' id='word_1_287' title='bbox 1421 3635 1671 3702; x_wconf 86' lang='lat' dir='ltr'><strong>litteram,</strong></span> <span class='ocrx_word' id='word_1_288' title='bbox 1721 3637 1809 3691; x_wconf 87' lang='lat' dir='ltr'><strong>dat</strong></span> <span class='ocrx_word' id='word_1_289' title='bbox 1839 3654 1934 3707; x_wconf 91' lang='lat' dir='ltr'><strong>per</strong></span> 
     </span>
    </p>
   </div>
   <div class='ocr_carea' id='block_1_38' title="bbox 349 3712 1932 3794">
    <p class='ocr_par' dir='ltr' id='par_1_38' title="bbox 349 3712 1932 3794">
     <span class='ocr_line' id='line_1_38' title="bbox 349 3712 1932 3794; baseline 0.006 -20"><span class='ocrx_word' id='word_1_290' title='bbox 349 3712 614 3789; x_wconf 85' lang='lat' dir='ltr'><strong>Spiritum</strong></span> <span class='ocrx_word' id='word_1_291' title='bbox 641 3738 654 3773; x_wconf 90' lang='lat'><strong>:</strong></span> <span class='ocrx_word' id='word_1_292' title='bbox 680 3721 760 3776; x_wconf 74' lang='lat' dir='ltr'><strong>lex</strong></span> <span class='ocrx_word' id='word_1_293' title='bbox 791 3723 930 3778; x_wconf 92' lang='lat' dir='ltr'><strong>enim</strong></span> <span class='ocrx_word' id='word_1_294' title='bbox 963 3724 1077 3778; x_wconf 89' lang='lat' dir='ltr'><strong>sine</strong></span> <span class='ocrx_word' id='word_1_295' title='bbox 1121 3725 1287 3794; x_wconf 89' lang='lat' dir='ltr'><strong>gratia</strong></span> <span class='ocrx_word' id='word_1_296' title='bbox 1334 3725 1460 3781; x_wconf 82' lang='lat' dir='ltr'><strong>facit</strong></span> <span class='ocrx_word' id='word_1_297' title='bbox 1507 3727 1776 3784; x_wconf 89' lang='lat' dir='ltr'><strong>abundare</strong></span> <span class='ocrx_word' id='word_1_298' title='bbox 1801 3729 1932 3784; x_wconf 87' lang='lat' dir='ltr'><strong>deli-</strong></span> 
     </span>
    </p>
   </div>
   <div class='ocr_carea' id='block_1_39' title="bbox 359 3814 1931 3896">
    <p class='ocr_par' dir='ltr' id='par_1_39' title="bbox 359 3814 1931 3896">
     <span class='ocr_line' id='line_1_39' title="bbox 359 3814 1931 3896; baseline 0.006 -29"><span class='ocrx_word' id='word_1_299' title='bbox 359 3822 525 3878; x_wconf 79' lang='lat' dir='ltr'><strong>Ctum,</strong></span> <span class='ocrx_word' id='word_1_300' title='bbox 556 3821 611 3896; x_wconf 78' lang='lat' dir='ltr'><strong>et</strong></span> <span class='ocrx_word' id='word_1_301' title='bbox 636 3814 808 3869; x_wconf 89' lang='lat' dir='ltr'><strong>littera</strong></span> <span class='ocrx_word' id='word_1_302' title='bbox 830 3817 945 3870; x_wconf 83' lang='lat' dir='ltr'><strong>sine</strong></span> <span class='ocrx_word' id='word_1_303' title='bbox 973 3815 1171 3885; x_wconf 88' lang='lat' dir='ltr'><strong>Spiritu</strong></span> <span class='ocrx_word' id='word_1_304' title='bbox 1189 3816 1465 3888; x_wconf 89' lang='lat' dir='ltr'><strong>eccidit(lI</strong></span> <span class='ocrx_word' id='word_1_305' title='bbox 1487 3818 1601 3873; x_wconf 89' lang='lat' dir='ltr'><strong>Cor.</strong></span> <span class='ocrx_word' id='word_1_306' title='bbox 1631 3833 1704 3886; x_wconf 79' lang='grc' dir='ltr'>ιιι,</span> <span class='ocrx_word' id='word_1_307' title='bbox 1736 3819 1812 3895; x_wconf 85' lang='grc'>6).</span> <span class='ocrx_word' id='word_1_308' title='bbox 1836 3821 1931 3876; x_wconf 79' lang='lat' dir='ltr'><strong>Ju-</strong></span> 
     </span>
    </p>
   </div>
   <div class='ocr_carea' id='block_1_40' title="bbox 348 3904 1934 3978">
    <p class='ocr_par' dir='ltr' id='par_1_40' title="bbox 348 3904 1934 3978">
     <span class='ocr_line' id='line_1_40' title="bbox 348 3904 1934 3978; baseline 0.006 -19"><span class='ocrx_word' id='word_1_309' title='bbox 348 3904 454 3960; x_wconf 87' lang='lat' dir='ltr'><strong>&#39;bet</strong></span> <span class='ocrx_word' id='word_1_310' title='bbox 483 3905 628 3971; x_wconf 86' lang='lat' dir='ltr'><strong>ideo,</strong></span> <span class='ocrx_word' id='word_1_311' title='bbox 660 3917 712 3961; x_wconf 90' lang='lat' dir='ltr'><strong>ut</strong></span> <span class='ocrx_word' id='word_1_312' title='bbox 741 3907 911 3963; x_wconf 87' lang='lat' dir='ltr'><strong>facere</strong></span> <span class='ocrx_word' id='word_1_313' title='bbox 931 3908 1080 3978; x_wconf 90' lang='lat' dir='ltr'><strong>jussa</strong></span> <span class='ocrx_word' id='word_1_314' title='bbox 1107 3911 1300 3976; x_wconf 88' lang='lat' dir='ltr'><strong>conati,</strong></span> <span class='ocrx_word' id='word_1_315' title='bbox 1328 3920 1382 3966; x_wconf 89' lang='lat' dir='ltr'><strong>et</strong></span> <span class='ocrx_word' id='word_1_316' title='bbox 1417 3921 1595 3966; x_wconf 89' lang='lat' dir='ltr'><strong>nostra</strong></span> <span class='ocrx_word' id='word_1_317' title='bbox 1630 3911 1934 3970; x_wconf 87' lang='lat' dir='ltr'><strong>inﬁrmitate</strong></span> 
     </span>
    </p>
   </div>
   <div class='ocr_carea' id='block_1_41' title="bbox 361 3995 1935 4074">
    <p class='ocr_par' dir='ltr' id='par_1_41' title="bbox 361 3995 1935 4074">
     <span class='ocr_line' id='line_1_41' title="bbox 361 3995 1935 4074; baseline 0.006 -24"><span class='ocrx_word' id='word_1_318' title='bbox 361 3995 461 4050; x_wconf 88' lang='lat' dir='ltr'><strong>sub</strong></span> <span class='ocrx_word' id='word_1_319' title='bbox 494 3997 612 4067; x_wconf 89' lang='lat' dir='ltr'><strong>lege</strong></span> <span class='ocrx_word' id='word_1_320' title='bbox 650 3997 870 4069; x_wconf 81' lang='lat' dir='ltr'><strong>fatigati,</strong></span> <span class='ocrx_word' id='word_1_321' title='bbox 907 3999 1222 4070; x_wconf 88' lang='lat' dir='ltr'><strong>adjutorium</strong></span> <span class='ocrx_word' id='word_1_322' title='bbox 1257 4003 1440 4072; x_wconf 66' lang='lat' dir='ltr'><strong>gratiae</strong></span> <span class='ocrx_word' id='word_1_323' title='bbox 1469 4017 1690 4074; x_wconf 88' lang='lat' dir='ltr'><strong>poscere</strong></span> <span class='ocrx_word' id='word_1_324' title='bbox 1726 4005 1935 4060; x_wconf 84' lang='lat' dir='ltr'><strong>noveri-</strong></span> 
     </span>
    </p>
   </div>
   <div class='ocr_carea' id='block_1_42' title="bbox 351 4089 1933 4168">
    <p class='ocr_par' dir='ltr' id='par_1_42' title="bbox 351 4089 1933 4168">
     <span class='ocr_line' id='line_1_42' title="bbox 351 4089 1933 4168; baseline 0.007 -27"><span class='ocrx_word' id='word_1_325' title='bbox 351 4102 512 4153; x_wconf 81' lang='lat' dir='ltr'><strong>-mus-;</strong></span> <span class='ocrx_word' id='word_1_326' title='bbox 541 4097 594 4142; x_wconf 87' lang='lat' dir='ltr'><strong>et</strong></span> <span class='ocrx_word' id='word_1_327' title='bbox 620 4089 664 4144; x_wconf 90' lang='lat' dir='ltr'><strong>si</strong></span> <span class='ocrx_word' id='word_1_328' title='bbox 695 4090 818 4160; x_wconf 86' lang='lat' dir='ltr'><strong>quid</strong></span> <span class='ocrx_word' id='word_1_329' title='bbox 841 4089 1015 4146; x_wconf 83' lang='lat' dir='ltr'><strong>facere</strong></span> <span class='ocrx_word' id='word_1_330' title='bbox 1041 4095 1369 4163; x_wconf 87' lang='lat' dir='ltr'><strong>potuerimus</strong></span> <span class='ocrx_word' id='word_1_331' title='bbox 1399 4095 1575 4164; x_wconf 88' lang='lat' dir='ltr'><strong>operis</strong></span> <span class='ocrx_word' id='word_1_332' title='bbox 1599 4095 1744 4163; x_wconf 89' lang='lat' dir='ltr'><strong>boni,</strong></span> <span class='ocrx_word' id='word_1_333' title='bbox 1775 4096 1824 4152; x_wconf 90' lang='lat' dir='ltr'><strong>ei</strong></span> <span class='ocrx_word' id='word_1_334' title='bbox 1843 4097 1933 4168; x_wconf 88' lang='lat' dir='ltr'><strong>qui</strong></span> 
     </span>
    </p>
   </div>
   <div class='ocr_carea' id='block_1_43' title="bbox 359 4179 1932 4256">
    <p class='ocr_par' dir='ltr' id='par_1_43' title="bbox 359 4179 1932 4256">
     <span class='ocr_line' id='line_1_43' title="bbox 359 4179 1932 4256; baseline 0.008 -23"><span class='ocrx_word' id='word_1_335' title='bbox 359 4179 576 4249; x_wconf 84' lang='lat' dir='ltr'><strong>adjuvat</strong></span> <span class='ocrx_word' id='word_1_336' title='bbox 604 4197 706 4237; x_wconf 91' lang='lat' dir='ltr'><strong>non</strong></span> <span class='ocrx_word' id='word_1_337' title='bbox 729 4183 896 4238; x_wconf 90' lang='lat' dir='ltr'><strong>simus</strong></span> <span class='ocrx_word' id='word_1_338' title='bbox 916 4183 1106 4256; x_wconf 82' lang='lat' dir='ltr'><strong>ingrati</strong></span> <span class='ocrx_word' id='word_1_339' title='bbox 1132 4203 1146 4239; x_wconf 91' lang='lat'><strong>:</strong></span> <span class='ocrx_word' id='word_1_340' title='bbox 1173 4187 1275 4242; x_wconf 93' lang='lat' dir='ltr'><strong>hoc</strong></span> <span class='ocrx_word' id='word_1_341' title='bbox 1299 4194 1352 4242; x_wconf 92' lang='lat' dir='ltr'><strong>et</strong></span> <span class='ocrx_word' id='word_1_342' title='bbox 1377 4187 1474 4242; x_wconf 90' lang='lat' dir='ltr'><strong>istc</strong></span> <span class='ocrx_word' id='word_1_343' title='bbox 1508 4187 1664 4256; x_wconf 88' lang='lat' dir='ltr'><strong>fecit;</strong></span> <span class='ocrx_word' id='word_1_344' title='bbox 1703 4189 1756 4245; x_wconf 92' lang='lat' dir='ltr'><strong>id</strong></span> <span class='ocrx_word' id='word_1_345' title='bbox 1789 4191 1932 4246; x_wconf 86' lang='lat' dir='ltr'><strong>enim</strong></span> 
     </span>
    </p>
   </div>
   <div class='ocr_carea' id='block_1_44' title="bbox 359 4275 1681 4350">
    <p class='ocr_par' dir='ltr' id='par_1_44' title="bbox 359 4275 1681 4350">
     <span class='ocr_line' id='line_1_44' title="bbox 359 4275 1681 4350; baseline 0.007 -23"><span class='ocrx_word' id='word_1_346' title='bbox 359 4288 480 4328; x_wconf 90' lang='lat' dir='ltr'><strong>eum</strong></span> <span class='ocrx_word' id='word_1_347' title='bbox 511 4275 766 4344; x_wconf 88' lang='lat' dir='ltr'><strong>sapientia</strong></span> <span class='ocrx_word' id='word_1_348' title='bbox 789 4276 986 4343; x_wconf 88' lang='lat' dir='ltr'><strong>docuit,</strong></span> <span class='ocrx_word' id='word_1_349' title='bbox 1012 4279 1161 4350; x_wconf 86' lang='lat' dir='ltr'><strong>cujus</strong></span> <span class='ocrx_word' id='word_1_350' title='bbox 1175 4289 1315 4335; x_wconf 89' lang='lat' dir='ltr'><strong>esset</strong></span> <span class='ocrx_word' id='word_1_351' title='bbox 1341 4279 1442 4336; x_wconf 90' lang='lat' dir='ltr'><strong>hoc</strong></span> <span class='ocrx_word' id='word_1_352' title='bbox 1466 4280 1681 4336; x_wconf 90' lang='lat' dir='ltr'><strong>donum.</strong></span> 
     </span>
    </p>
   </div>
   <div class='ocr_carea' id='block_1_45' title="bbox 345 4364 1930 4448">
    <p class='ocr_par' dir='ltr' id='par_1_45' title="bbox 345 4364 1930 4448">
     <span class='ocr_line' id='line_1_45' title="bbox 345 4364 1930 4448; baseline 0.009 -29"><span class='ocrx_word' id='word_1_353' title='bbox 345 4372 354 4378; x_wconf 85' lang='grc'><strong>’</strong></span> <span class='ocrx_word' id='word_1_354' title='bbox 432 4364 520 4420; x_wconf 83' lang='grc'><strong>10.</strong></span> <span class='ocrx_word' id='word_1_355' title='bbox 559 4365 742 4438; x_wconf 82' lang='lat' dir='ltr'><strong>Neque</strong></span> <span class='ocrx_word' id='word_1_356' title='bbox 771 4369 912 4424; x_wconf 89' lang='lat' dir='ltr'><strong>enim</strong></span> <span class='ocrx_word' id='word_1_357' title='bbox 943 4371 1236 4427; x_wconf 85' lang='lat' dir='ltr'><strong>voluntatis</strong></span> <span class='ocrx_word' id='word_1_358' title='bbox 1254 4373 1528 4428; x_wconf 90' lang='lat' dir='ltr'><strong>arbitrium</strong></span> <span class='ocrx_word' id='word_1_359' title='bbox 1556 4373 1672 4429; x_wconf 90' lang='lat' dir='ltr'><strong>ideo</strong></span> <span class='ocrx_word' id='word_1_360' title='bbox 1710 4375 1930 4448; x_wconf 88' lang='lat' dir='ltr'><strong>tollitur,</strong></span> 
     </span>
    </p>
   </div>
   <div class='ocr_carea' id='block_1_46' title="bbox 359 4458 1934 4539">
    <p class='ocr_par' dir='ltr' id='par_1_46' title="bbox 359 4458 1934 4539">
     <span class='ocr_line' id='line_1_46' title="bbox 359 4458 1934 4539; baseline 0.009 -27"><span class='ocrx_word' id='word_1_361' title='bbox 359 4458 743 4534; x_wconf 80' lang='lat' dir='ltr'><strong>quiajuvatur;</strong></span> <span class='ocrx_word' id='word_1_362' title='bbox 775 4462 868 4518; x_wconf 90' lang='lat' dir='ltr'><strong>sed</strong></span> <span class='ocrx_word' id='word_1_363' title='bbox 900 4463 1018 4519; x_wconf 82' lang='lat' dir='ltr'><strong>ideo</strong></span> <span class='ocrx_word' id='word_1_364' title='bbox 1039 4464 1270 4535; x_wconf 81' lang='lat' dir='ltr'><strong>juvatur,</strong></span> <span class='ocrx_word' id='word_1_365' title='bbox 1305 4466 1424 4536; x_wconf 89' lang='lat' dir='ltr'><strong>quia</strong></span> <span class='ocrx_word' id='word_1_366' title='bbox 1456 4482 1558 4522; x_wconf 91' lang='lat' dir='ltr'><strong>non</strong></span> <span class='ocrx_word' id='word_1_367' title='bbox 1587 4468 1805 4524; x_wconf 91' lang='lat' dir='ltr'><strong>tollitur.</strong></span> <span class='ocrx_word' id='word_1_368' title='bbox 1831 4470 1934 4539; x_wconf 90' lang='lat' dir='ltr'><strong>Qui</strong></span> 
     </span>
    </p>
   </div>
   <div class='ocr_carea' id='block_1_47' title="bbox 341 4550 1931 4636">
    <p class='ocr_par' dir='ltr' id='par_1_47' title="bbox 341 4550 1931 4636">
     <span class='ocr_line' id='line_1_47' title="bbox 341 4550 1931 4636; baseline 0.008 -31"><span class='ocrx_word' id='word_1_369' title='bbox 341 4553 504 4606; x_wconf 79' lang='lat' dir='ltr'><strong>‘enim</strong></span> <span class='ocrx_word' id='word_1_370' title='bbox 532 4554 823 4626; x_wconf 73' lang='lat' dir='ltr'><strong>Dee,dicit,</strong></span> <span class='ocrx_word' id='word_1_371' title='bbox 865 4550 1084 4630; x_wconf 80' lang='lat' dir='ltr'><strong>Adjntor</strong></span> <span class='ocrx_word' id='word_1_372' title='bbox 1120 4574 1256 4613; x_wconf 83' lang='lat' dir='ltr'><strong>meus</strong></span> <span class='ocrx_word' id='word_1_373' title='bbox 1299 4567 1401 4614; x_wconf 88' lang='lat' dir='ltr'><strong>esto</strong></span> <span class='ocrx_word' id='word_1_374' title='bbox 1431 4558 1601 4631; x_wconf 83' lang='lat' dir='ltr'><strong>(Psal.</strong></span> <span class='ocrx_word' id='word_1_375' title='bbox 1655 4577 1804 4628; x_wconf 68' lang='grc' dir='ltr'>χχιιι,</span> <span class='ocrx_word' id='word_1_376' title='bbox 1853 4560 1931 4636; x_wconf 81' lang='grc'><strong>9),</strong></span> 
     </span>
    </p>
   </div>
   <div class='ocr_carea' id='block_1_48' title="bbox 343 4647 1934 4730">
    <p class='ocr_par' dir='ltr' id='par_1_48' title="bbox 343 4647 1934 4730">
     <span class='ocr_line' id='line_1_48' title="bbox 343 4647 1934 4730; baseline 0.009 -31"><span class='ocrx_word' id='word_1_377' title='bbox 343 4647 646 4702; x_wconf 82' lang='lat' dir='ltr'><strong>&#39;cenﬁtetur</strong></span> <span class='ocrx_word' id='word_1_378' title='bbox 665 4663 722 4704; x_wconf 89' lang='lat' dir='ltr'><strong>se</strong></span> <span class='ocrx_word' id='word_1_379' title='bbox 745 4651 881 4706; x_wconf 81' lang='lat' dir='ltr'><strong>velle</strong></span> <span class='ocrx_word' id='word_1_380' title='bbox 913 4653 1134 4721; x_wconf 84' lang='lat' dir='ltr'><strong>implere</strong></span> <span class='ocrx_word' id='word_1_381' title='bbox 1162 4652 1301 4724; x_wconf 87' lang='lat' dir='ltr'><strong>quod</strong></span> <span class='ocrx_word' id='word_1_382' title='bbox 1319 4653 1475 4724; x_wconf 86' lang='lat' dir='ltr'><strong>jussit</strong></span> <span class='ocrx_word' id='word_1_383' title='bbox 1494 4697 1507 4721; x_wconf 94' lang='lat'><strong>,</strong></span> <span class='ocrx_word' id='word_1_384' title='bbox 1541 4655 1634 4710; x_wconf 90' lang='lat' dir='ltr'><strong>sed</strong></span> <span class='ocrx_word' id='word_1_385' title='bbox 1663 4655 1730 4710; x_wconf 88' lang='lat' dir='ltr'><strong>ab</strong></span> <span class='ocrx_word' id='word_1_386' title='bbox 1751 4666 1816 4713; x_wconf 90' lang='lat' dir='ltr'><strong>ee</strong></span> <span class='ocrx_word' id='word_1_387' title='bbox 1845 4657 1934 4730; x_wconf 89' lang='lat' dir='ltr'><strong>qui</strong></span> 
     </span>
    </p>
   </div>
   <div class='ocr_carea' id='block_1_49' title="bbox 356 4735 1934 4814">
    <p class='ocr_par' dir='ltr' id='par_1_49' title="bbox 356 4735 1934 4814">
     <span class='ocr_line' id='line_1_49' title="bbox 356 4735 1934 4814; baseline 0.01 -24"><span class='ocrx_word' id='word_1_388' title='bbox 356 4735 538 4806; x_wconf 89' lang='lat' dir='ltr'><strong>jussit,</strong></span> <span class='ocrx_word' id='word_1_389' title='bbox 567 4739 884 4811; x_wconf 88' lang='lat' dir='ltr'><strong>adjutorium</strong></span> <span class='ocrx_word' id='word_1_390' title='bbox 909 4757 1131 4814; x_wconf 87' lang='lat' dir='ltr'><strong>poscere</strong></span> <span class='ocrx_word' id='word_1_391' title='bbox 1174 4755 1231 4798; x_wconf 91' lang='lat' dir='ltr'><strong>ut</strong></span> <span class='ocrx_word' id='word_1_392' title='bbox 1273 4747 1457 4814; x_wconf 89' lang='lat' dir='ltr'><strong>possit.</strong></span> <span class='ocrx_word' id='word_1_393' title='bbox 1481 4745 1566 4802; x_wconf 91' lang='lat' dir='ltr'><strong>Sic</strong></span> <span class='ocrx_word' id='word_1_394' title='bbox 1591 4755 1646 4804; x_wconf 89' lang='lat' dir='ltr'><strong>et</strong></span> <span class='ocrx_word' id='word_1_395' title='bbox 1688 4747 1787 4804; x_wconf 87' lang='lat' dir='ltr'><strong>iste</strong></span> <span class='ocrx_word' id='word_1_396' title='bbox 1813 4765 1934 4806; x_wconf 91' lang='lat' dir='ltr'><strong>cum</strong></span> 
     </span>
    </p>
   </div>
   <div class='ocr_carea' id='block_1_50' title="bbox 360 4831 1931 4910">
    <p class='ocr_par' dir='ltr' id='par_1_50' title="bbox 360 4831 1931 4910">
     <span class='ocr_line' id='line_1_50' title="bbox 360 4831 1931 4910; baseline 0.011 -28"><span class='ocrx_word' id='word_1_397' title='bbox 360 4831 523 4885; x_wconf 84' lang='lat' dir='ltr'><strong>sciret</strong></span> <span class='ocrx_word' id='word_1_398' title='bbox 543 4833 808 4890; x_wconf 87' lang='lat' dir='ltr'><strong>neminem</strong></span> <span class='ocrx_word' id='word_1_399' title='bbox 828 4849 945 4890; x_wconf 87' lang='lat' dir='ltr'><strong>esse</strong></span> <span class='ocrx_word' id='word_1_400' title='bbox 964 4851 1117 4905; x_wconf 88' lang='lat' dir='ltr'><strong>posse</strong></span> <span class='ocrx_word' id='word_1_401' title='bbox 1130 4839 1509 4900; x_wconf 89' lang='lat' dir='ltr'><strong>continentem,</strong></span> <span class='ocrx_word' id='word_1_402' title='bbox 1530 4839 1630 4893; x_wconf 91' lang='lat' dir='ltr'><strong>nisi</strong></span> <span class='ocrx_word' id='word_1_403' title='bbox 1652 4840 1792 4898; x_wconf 89' lang='lat' dir='ltr'><strong>Dens</strong></span> <span class='ocrx_word' id='word_1_404' title='bbox 1822 4843 1931 4910; x_wconf 91' lang='lat' dir='ltr'><strong>det,</strong></span> 
     </span>
    </p>
   </div>
   <div class='ocr_carea' id='block_1_51' title="bbox 339 4920 1931 5001">
    <p class='ocr_par' dir='ltr' id='par_1_51' title="bbox 339 4920 1931 5001">
     <span class='ocr_line' id='line_1_51' title="bbox 339 4920 1931 5001; baseline 0.011 -29"><span class='ocrx_word' id='word_1_405' title='bbox 339 4920 492 4974; x_wconf 87' lang='lat' dir='ltr'><strong>‘adiit</strong></span> <span class='ocrx_word' id='word_1_406' title='bbox 520 4920 798 4978; x_wconf 90' lang='lat' dir='ltr'><strong>Dominum</strong></span> <span class='ocrx_word' id='word_1_407' title='bbox 823 4935 880 4980; x_wconf 88' lang='lat' dir='ltr'><strong>et</strong></span> <span class='ocrx_word' id='word_1_408' title='bbox 902 4925 1212 4996; x_wconf 86' lang='lat' dir='ltr'><strong>deprecatus</strong></span> <span class='ocrx_word' id='word_1_409' title='bbox 1241 4937 1355 4983; x_wconf 90' lang='lat' dir='ltr'><strong>est:</strong></span> <span class='ocrx_word' id='word_1_410' title='bbox 1381 4929 1558 4999; x_wconf 89' lang='lat' dir='ltr'><strong>utique</strong></span> <span class='ocrx_word' id='word_1_411' title='bbox 1578 4932 1760 4986; x_wconf 91' lang='lat' dir='ltr'><strong>volens</strong></span> <span class='ocrx_word' id='word_1_412' title='bbox 1783 4934 1931 5001; x_wconf 87' lang='lat' dir='ltr'><strong>adiit,</strong></span> 
     </span>
    </p>
   </div>
   <div class='ocr_carea' id='block_1_52' title="bbox 359 5009 1935 5091">
    <p class='ocr_par' dir='ltr' id='par_1_52' title="bbox 359 5009 1935 5091">
     <span class='ocr_line' id='line_1_52' title="bbox 359 5009 1935 5091; baseline 0.011 -29"><span class='ocrx_word' id='word_1_413' title='bbox 359 5009 548 5065; x_wconf 75' lang='lat' dir='ltr'><strong>volens</strong></span> <span class='ocrx_word' id='word_1_414' title='bbox 573 5013 885 5082; x_wconf 87' lang='lat' dir='ltr'><strong>deprecatus</strong></span> <span class='ocrx_word' id='word_1_415' title='bbox 913 5024 1015 5083; x_wconf 91' lang='lat' dir='ltr'><strong>est,</strong></span> <span class='ocrx_word' id='word_1_416' title='bbox 1051 5009 1414 5091; x_wconf 54' lang='lat' dir='ltr'><strong>ncc&#39;petiisset</strong></span> <span class='ocrx_word' id='word_1_417' title='bbox 1446 5018 1545 5073; x_wconf 85' lang='lat' dir='ltr'><strong>nisi</strong></span> <span class='ocrx_word' id='word_1_418' title='bbox 1572 5032 1712 5077; x_wconf 88' lang='lat' dir='ltr'><strong>esset</strong></span> <span class='ocrx_word' id='word_1_419' title='bbox 1745 5024 1935 5080; x_wconf 69' lang='lat' dir='ltr'><strong>volun-</strong></span> 
     </span>
    </p>
   </div>
   <div class='ocr_carea' id='block_1_53' title="bbox 340 5101 1935 5184">
    <p class='ocr_par' dir='ltr' id='par_1_53' title="bbox 340 5101 1935 5184">
     <span class='ocr_line' id='line_1_53' title="bbox 340 5101 1935 5184; baseline 0.013 -31"><span class='ocrx_word' id='word_1_420' title='bbox 340 5101 462 5156; x_wconf 78' lang='lat' dir='ltr'><strong>&#39;tas.</strong></span> <span class='ocrx_word' id='word_1_421' title='bbox 492 5103 597 5158; x_wconf 86' lang='lat' dir='ltr'><strong>Sed</strong></span> <span class='ocrx_word' id='word_1_422' title='bbox 624 5106 726 5160; x_wconf 93' lang='lat' dir='ltr'><strong>nisi</strong></span> <span class='ocrx_word' id='word_1_423' title='bbox 745 5107 1005 5178; x_wconf 89' lang='lat' dir='ltr'><strong>petiisset,</strong></span> <span class='ocrx_word' id='word_1_424' title='bbox 1025 5120 1276 5178; x_wconf 88' lang='lat' dir='ltr'><strong>quantum</strong></span> <span class='ocrx_word' id='word_1_425' title='bbox 1299 5120 1475 5178; x_wconf 83' lang='lat' dir='ltr'><strong>posset</strong></span> <span class='ocrx_word' id='word_1_426' title='bbox 1498 5111 1782 5169; x_wconf 84' lang='lat' dir='ltr'><strong>voluntas?</strong></span> <span class='ocrx_word' id='word_1_427' title='bbox 1802 5118 1935 5184; x_wconf 88' lang='lat' dir='ltr'><strong>Quia</strong></span> 
     </span>
    </p>
   </div>
   <div class='ocr_carea' id='block_1_54' title="bbox 335 5185 1937 5273">
    <p class='ocr_par' dir='ltr' id='par_1_54' title="bbox 335 5185 1937 5273">
     <span class='ocr_line' id='line_1_54' title="bbox 335 5185 1937 5273; baseline 0.009 -24"><span class='ocrx_word' id='word_1_428' title='bbox 335 5195 462 5250; x_wconf 87' lang='lat' dir='ltr'><strong>&#39;etsi</strong></span> <span class='ocrx_word' id='word_1_429' title='bbox 492 5197 662 5265; x_wconf 89' lang='lat' dir='ltr'><strong>possit</strong></span> <span class='ocrx_word' id='word_1_430' title='bbox 699 5208 980 5270; x_wconf 85' lang='lat' dir='ltr'><strong>antequam</strong></span> <span class='ocrx_word' id='word_1_431' title='bbox 1012 5209 1172 5273; x_wconf 85' lang='lat' dir='ltr'><strong>petat,</strong></span> <span class='ocrx_word' id='word_1_432' title='bbox 1209 5185 1332 5272; x_wconf 82' lang='lat' dir='ltr'><strong>quid</strong></span> <span class='ocrx_word' id='word_1_433' title='bbox 1362 5200 1410 5256; x_wconf 93' lang='lat' dir='ltr'><strong>ci</strong></span> <span class='ocrx_word' id='word_1_434' title='bbox 1442 5202 1684 5270; x_wconf 87' lang='lat' dir='ltr'><strong>prodest,</strong></span> <span class='ocrx_word' id='word_1_435' title='bbox 1719 5207 1818 5261; x_wconf 92' lang='lat' dir='ltr'><strong>nisi</strong></span> <span class='ocrx_word' id='word_1_436' title='bbox 1863 5208 1937 5263; x_wconf 75' lang='lat' dir='ltr'><strong>illi</strong></span> 
     </span>
    </p>
   </div>
   <div class='ocr_carea' id='block_1_55' title="bbox 1546 287 2453 366">
    <p class='ocr_par' dir='ltr' id='par_1_55' title="bbox 1546 287 2453 366">
     <span class='ocr_line' id='line_1_55' title="bbox 1546 287 2453 366; baseline -0.007 -2"><span class='ocrx_word' id='word_1_437' title='bbox 1546 301 2023 366; x_wconf 73' lang='lat' dir='ltr'><strong>EptsroLAnmt</strong></span> <span class='ocrx_word' id='word_1_438' title='bbox 2057 303 2330 362; x_wconf 84' lang='lat' dir='ltr'><strong>CLASSIS</strong></span> <span class='ocrx_word' id='word_1_439' title='bbox 2367 287 2453 362; x_wconf 79' lang='lat' dir='ltr'><strong>ni.</strong></span> 
     </span>
    </p>
   </div>
   <div class='ocr_carea' id='block_1_56' title="bbox 3516 307 3625 398">
    <p class='ocr_par' dir='ltr' id='par_1_56' title="bbox 3516 307 3625 398">
     <span class='ocr_line' id='line_1_56' title="bbox 3516 307 3625 398; baseline -0.018 -16"><span class='ocrx_word' id='word_1_440' title='bbox 3516 307 3625 398; x_wconf 66' lang='grc' dir='ltr'><strong>,βῖδ</strong></span> 
     </span>
    </p>
   </div>
   <div class='ocr_carea' id='block_1_57' title="bbox 2047 413 3609 492">
    <p class='ocr_par' dir='ltr' id='par_1_57' title="bbox 2047 413 3609 492">
     <span class='ocr_line' id='line_1_57' title="bbox 2047 413 3609 492; baseline 0.003 -18"><span class='ocrx_word' id='word_1_441' title='bbox 2047 419 2106 488; x_wconf 78' lang='lat' dir='ltr'><strong>id</strong></span> <span class='ocrx_word' id='word_1_442' title='bbox 2133 429 2231 488; x_wconf 89' lang='lat' dir='ltr'><strong>est,</strong></span> <span class='ocrx_word' id='word_1_443' title='bbox 2262 420 2397 488; x_wconf 86' lang='lat' dir='ltr'><strong>Quid</strong></span> <span class='ocrx_word' id='word_1_444' title='bbox 2425 420 2665 492; x_wconf 76' lang='lat' dir='ltr'><strong>gloriaris</strong></span> <span class='ocrx_word' id='word_1_445' title='bbox 2704 433 2852 490; x_wconf 69' lang='lat' dir='ltr'><strong>quas:</strong></span> <span class='ocrx_word' id='word_1_446' title='bbox 2897 434 2924 474; x_wconf 87' lang='lat' dir='ltr'><strong>a</strong></span> <span class='ocrx_word' id='word_1_447' title='bbox 2948 419 3118 490; x_wconf 80' lang='lat' dir='ltr'><strong>teipse</strong></span> <span class='ocrx_word' id='word_1_448' title='bbox 3151 419 3363 486; x_wconf 82' lang='lat' dir='ltr'><strong>habeas,</strong></span> <span class='ocrx_word' id='word_1_449' title='bbox 3399 413 3609 492; x_wconf 78' lang='lat' dir='ltr'><strong>quodsi</strong></span> 
     </span>
    </p>
   </div>
   <div class='ocr_carea' id='block_1_58' title="bbox 2049 504 3613 584">
    <p class='ocr_par' dir='ltr' id='par_1_58' title="bbox 2049 504 3613 584">
     <span class='ocr_line' id='line_1_58' title="bbox 2049 504 3613 584; baseline 0.003 -20"><span class='ocrx_word' id='word_1_450' title='bbox 2049 504 2156 580; x_wconf 73' lang='lat' dir='ltr'><strong>non</strong></span> <span class='ocrx_word' id='word_1_451' title='bbox 2187 513 2504 583; x_wconf 78' lang='lat' dir='ltr'><strong>accepisses,</strong></span> <span class='ocrx_word' id='word_1_452' title='bbox 2536 527 2566 566; x_wconf 89' lang='lat' dir='ltr'><strong>a</strong></span> <span class='ocrx_word' id='word_1_453' title='bbox 2593 512 2759 584; x_wconf 89' lang='lat' dir='ltr'><strong>teipse</strong></span> <span class='ocrx_word' id='word_1_454' title='bbox 2787 512 2980 567; x_wconf 88' lang='lat' dir='ltr'><strong>habere</strong></span> <span class='ocrx_word' id='word_1_455' title='bbox 3011 528 3111 566; x_wconf 93' lang='lat' dir='ltr'><strong>non</strong></span> <span class='ocrx_word' id='word_1_456' title='bbox 3140 514 3356 582; x_wconf 80' lang='lat' dir='ltr'><strong>posses?</strong></span> <span class='ocrx_word' id='word_1_457' title='bbox 3387 513 3494 569; x_wconf 85' lang='lat' dir='ltr'><strong>Hoc</strong></span> <span class='ocrx_word' id='word_1_458' title='bbox 3520 506 3613 569; x_wconf 55' lang='lat' dir='ltr'><strong>an;</strong></span> 
     </span>
    </p>
   </div>
   <div class='ocr_carea' id='block_1_59' title="bbox 2046 593 3610 676">
    <p class='ocr_par' dir='ltr' id='par_1_59' title="bbox 2046 593 3610 676">
     <span class='ocr_line' id='line_1_59' title="bbox 2046 593 3610 676; baseline 0.005 -21"><span class='ocrx_word' id='word_1_459' title='bbox 2046 593 2156 655; x_wconf 60' lang='lat' dir='ltr'><strong>&#39;lem</strong></span> <span class='ocrx_word' id='word_1_460' title='bbox 2185 603 2378 656; x_wconf 88' lang='lat' dir='ltr'><strong>dictum</strong></span> <span class='ocrx_word' id='word_1_461' title='bbox 2406 614 2504 668; x_wconf 89' lang='lat' dir='ltr'><strong>est,</strong></span> <span class='ocrx_word' id='word_1_462' title='bbox 2533 612 2589 658; x_wconf 90' lang='lat' dir='ltr'><strong>ut</strong></span> <span class='ocrx_word' id='word_1_463' title='bbox 2625 605 2712 676; x_wconf 88' lang='lat' dir='ltr'><strong>qui</strong></span> <span class='ocrx_word' id='word_1_464' title='bbox 2743 605 3014 673; x_wconf 78' lang='lat' dir='ltr'><strong>gloriatur,</strong></span> <span class='ocrx_word' id='word_1_465' title='bbox 3062 621 3165 658; x_wconf 91' lang='lat' dir='ltr'><strong>non</strong></span> <span class='ocrx_word' id='word_1_466' title='bbox 3207 604 3260 659; x_wconf 89' lang='lat' dir='ltr'><strong>in</strong></span> <span class='ocrx_word' id='word_1_467' title='bbox 3287 610 3483 676; x_wconf 76' lang='lat' dir='ltr'><strong>seipse,</strong></span> <span class='ocrx_word' id='word_1_468' title='bbox 3517 608 3610 663; x_wconf 86' lang='lat' dir='ltr'><strong>sed</strong></span> 
     </span>
    </p>
   </div>
   <div class='ocr_carea' id='block_1_60' title="bbox 2044 676 3610 768">
    <p class='ocr_par' dir='ltr' id='par_1_60' title="bbox 2044 676 3610 768">
     <span class='ocr_line' id='line_1_60' title="bbox 2044 676 3610 768; baseline 0.005 -23"><span class='ocrx_word' id='word_1_469' title='bbox 2044 676 2104 746; x_wconf 74' lang='lat' dir='ltr'><strong>in</strong></span> <span class='ocrx_word' id='word_1_470' title='bbox 2124 693 2343 746; x_wconf 90' lang='lat' dir='ltr'><strong>Domino</strong></span> <span class='ocrx_word' id='word_1_471' title='bbox 2356 693 2608 763; x_wconf 83' lang='lat' dir='ltr'><strong>glorietur</strong></span> <span class='ocrx_word' id='word_1_472' title='bbox 2628 693 2691 767; x_wconf 86' lang='lat' dir='ltr'><strong>(ll</strong></span> <span class='ocrx_word' id='word_1_473' title='bbox 2712 692 2828 749; x_wconf 88' lang='lat' dir='ltr'><strong>Cor.</strong></span> <span class='ocrx_word' id='word_1_474' title='bbox 2847 709 2902 758; x_wconf 85' lang='lat' dir='ltr'><strong>x,</strong></span> <span class='ocrx_word' id='word_1_475' title='bbox 2927 691 3014 768; x_wconf 83' lang='grc'><strong>17)</strong></span> <span class='ocrx_word' id='word_1_476' title='bbox 3035 711 3050 760; x_wconf 89' lang='lat'><strong>;</strong></span> <span class='ocrx_word' id='word_1_477' title='bbox 3074 704 3125 749; x_wconf 93' lang='lat' dir='ltr'><strong>et</strong></span> <span class='ocrx_word' id='word_1_478' title='bbox 3147 696 3234 765; x_wconf 89' lang='lat' dir='ltr'><strong>qui</strong></span> <span class='ocrx_word' id='word_1_479' title='bbox 3259 697 3490 752; x_wconf 91' lang='lat' dir='ltr'><strong>nondum</strong></span> <span class='ocrx_word' id='word_1_480' title='bbox 3514 697 3610 752; x_wconf 75' lang='lat' dir='ltr'><strong>ha~</strong></span> 
     </span>
    </p>
   </div>
   <div class='ocr_carea' id='block_1_61' title="bbox 2044 769 3604 854">
    <p class='ocr_par' dir='ltr' id='par_1_61' title="bbox 2044 769 3604 854">
     <span class='ocr_line' id='line_1_61' title="bbox 2044 769 3604 854; baseline 0.004 -19"><span class='ocrx_word' id='word_1_481' title='bbox 2044 769 2138 836; x_wconf 78' lang='lat' dir='ltr'><strong>bet</strong></span> <span class='ocrx_word' id='word_1_482' title='bbox 2161 783 2297 837; x_wconf 91' lang='lat' dir='ltr'><strong>unde</strong></span> <span class='ocrx_word' id='word_1_483' title='bbox 2320 784 2591 853; x_wconf 80' lang='lat' dir='ltr'><strong>glorietur,</strong></span> <span class='ocrx_word' id='word_1_484' title='bbox 2615 801 2718 838; x_wconf 90' lang='lat' dir='ltr'><strong>non</strong></span> <span class='ocrx_word' id='word_1_485' title='bbox 2739 801 2766 836; x_wconf 92' lang='lat' dir='ltr'><strong>a</strong></span> <span class='ocrx_word' id='word_1_486' title='bbox 2789 785 2962 854; x_wconf 88' lang='lat' dir='ltr'><strong>seipse</strong></span> <span class='ocrx_word' id='word_1_487' title='bbox 2989 794 3184 854; x_wconf 87' lang='lat' dir='ltr'><strong>speret,</strong></span> <span class='ocrx_word' id='word_1_488' title='bbox 3215 787 3310 842; x_wconf 89' lang='lat' dir='ltr'><strong>sed</strong></span> <span class='ocrx_word' id='word_1_489' title='bbox 3328 787 3604 842; x_wconf 87' lang='lat' dir='ltr'><strong>Dominum</strong></span> 
     </span>
    </p>
   </div>
   <div class='ocr_carea' id='block_1_62' title="bbox 2044 866 3612 949">
    <p class='ocr_par' dir='ltr' id='par_1_62' title="bbox 2044 866 3612 949">
     <span class='ocr_line' id='line_1_62' title="bbox 2044 866 3612 949; baseline 0.004 -23"><span class='ocrx_word' id='word_1_490' title='bbox 2044 866 2311 943; x_wconf 73' lang='lat' dir='ltr'><strong>precetur.</strong></span> <span class='ocrx_word' id='word_1_491' title='bbox 2335 873 2510 929; x_wconf 89' lang='lat' dir='ltr'><strong>Satius</strong></span> <span class='ocrx_word' id='word_1_492' title='bbox 2528 885 2608 929; x_wconf 91' lang='lat' dir='ltr'><strong>est</strong></span> <span class='ocrx_word' id='word_1_493' title='bbox 2630 875 2770 929; x_wconf 88' lang='lat' dir='ltr'><strong>enim</strong></span> <span class='ocrx_word' id='word_1_494' title='bbox 2791 875 2964 929; x_wconf 91' lang='lat' dir='ltr'><strong>minus</strong></span> <span class='ocrx_word' id='word_1_495' title='bbox 2979 891 3240 945; x_wconf 90' lang='lat' dir='ltr'><strong>quemque</strong></span> <span class='ocrx_word' id='word_1_496' title='bbox 3264 875 3458 932; x_wconf 88' lang='lat' dir='ltr'><strong>habere</strong></span> <span class='ocrx_word' id='word_1_497' title='bbox 3475 879 3612 949; x_wconf 88' lang='lat' dir='ltr'><strong>quod</strong></span> 
     </span>
    </p>
   </div>
   <div class='ocr_carea' id='block_1_63' title="bbox 2043 958 3614 1039">
    <p class='ocr_par' dir='ltr' id='par_1_63' title="bbox 2043 958 3614 1039">
     <span class='ocr_line' id='line_1_63' title="bbox 2043 958 3614 1039; baseline 0.003 -21"><span class='ocrx_word' id='word_1_498' title='bbox 2043 958 2079 1018; x_wconf 78' lang='lat' dir='ltr'><strong>a</strong></span> <span class='ocrx_word' id='word_1_499' title='bbox 2103 964 2210 1019; x_wconf 91' lang='lat' dir='ltr'><strong>Dee</strong></span> <span class='ocrx_word' id='word_1_500' title='bbox 2233 975 2393 1034; x_wconf 87' lang='lat' dir='ltr'><strong>petat,</strong></span> <span class='ocrx_word' id='word_1_501' title='bbox 2418 982 2573 1035; x_wconf 89' lang='lat' dir='ltr'><strong>quam</strong></span> <span class='ocrx_word' id='word_1_502' title='bbox 2597 967 2712 1034; x_wconf 88' lang='lat' dir='ltr'><strong>plus</strong></span> <span class='ocrx_word' id='word_1_503' title='bbox 2734 965 2925 1021; x_wconf 88' lang='lat' dir='ltr'><strong>habere</strong></span> <span class='ocrx_word' id='word_1_504' title='bbox 2950 966 3087 1036; x_wconf 88' lang='lat' dir='ltr'><strong>quod</strong></span> <span class='ocrx_word' id='word_1_505' title='bbox 3114 969 3211 1021; x_wconf 90' lang='lat' dir='ltr'><strong>sibi</strong></span> <span class='ocrx_word' id='word_1_506' title='bbox 3234 968 3454 1035; x_wconf 88' lang='lat' dir='ltr'><strong>tribuat;</strong></span> <span class='ocrx_word' id='word_1_507' title='bbox 3481 987 3614 1039; x_wconf 89' lang='lat' dir='ltr'><strong>que-</strong></span> 
     </span>
    </p>
   </div>
   <div class='ocr_carea' id='block_1_64' title="bbox 2039 1041 3616 1138">
    <p class='ocr_par' dir='ltr' id='par_1_64' title="bbox 2039 1041 3616 1138">
     <span class='ocr_line' id='line_1_64' title="bbox 2039 1041 3616 1138; baseline 0.004 -29"><span class='ocrx_word' id='word_1_508' title='bbox 2039 1041 2190 1138; x_wconf 41' lang='lat' dir='ltr'><strong>;niam</strong></span> <span class='ocrx_word' id='word_1_509' title='bbox 2211 1056 2421 1125; x_wconf 80' lang='lat' dir='ltr'><strong>expedit</strong></span> <span class='ocrx_word' id='word_1_510' title='bbox 2464 1057 2530 1111; x_wconf 89' lang='lat' dir='ltr'><strong>ab</strong></span> <span class='ocrx_word' id='word_1_511' title='bbox 2561 1057 2666 1111; x_wconf 89' lang='lat' dir='ltr'><strong>imo</strong></span> <span class='ocrx_word' id='word_1_512' title='bbox 2708 1072 2944 1127; x_wconf 86' lang='lat' dir='ltr'><strong>surgere,</strong></span> <span class='ocrx_word' id='word_1_513' title='bbox 2976 1073 3131 1128; x_wconf 88' lang='lat' dir='ltr'><strong>quam</strong></span> <span class='ocrx_word' id='word_1_514' title='bbox 3158 1073 3220 1113; x_wconf 81' lang='lat' dir='ltr'><strong>ex</strong></span> <span class='ocrx_word' id='word_1_515' title='bbox 3243 1060 3350 1114; x_wconf 91' lang='lat' dir='ltr'><strong>alte</strong></span> <span class='ocrx_word' id='word_1_516' title='bbox 3377 1059 3568 1115; x_wconf 85' lang='lat' dir='ltr'><strong>cadere</strong></span> <span class='ocrx_word' id='word_1_517' title='bbox 3605 1080 3616 1115; x_wconf 76' lang='grc' dir='ltr'><strong><em>τ</em></strong></span> 
     </span>
    </p>
   </div>
   <div class='ocr_carea' id='block_1_65' title="bbox 2047 1147 3616 1219">
    <p class='ocr_par' dir='ltr' id='par_1_65' title="bbox 2047 1147 3616 1219">
     <span class='ocr_line' id='line_1_65' title="bbox 2047 1147 3616 1219; baseline 0.004 -19"><span class='ocrx_word' id='word_1_518' title='bbox 2047 1147 2183 1203; x_wconf 83' lang='lat' dir='ltr'><strong>Deus</strong></span> <span class='ocrx_word' id='word_1_519' title='bbox 2210 1147 2359 1210; x_wconf 88' lang='lat' dir='ltr'><strong>enim,</strong></span> <span class='ocrx_word' id='word_1_520' title='bbox 2384 1149 2633 1218; x_wconf 86' lang='lat' dir='ltr'><strong>scriptum</strong></span> <span class='ocrx_word' id='word_1_521' title='bbox 2656 1158 2756 1213; x_wconf 90' lang='lat' dir='ltr'><strong>est,</strong></span> <span class='ocrx_word' id='word_1_522' title='bbox 2769 1149 2992 1219; x_wconf 82' lang='lat' dir='ltr'><strong>superbis</strong></span> <span class='ocrx_word' id='word_1_523' title='bbox 3011 1150 3510 1216; x_wconf 81' lang='lat' dir='ltr'><strong>resistit,.humilibus</strong></span> <span class='ocrx_word' id='word_1_524' title='bbox 3529 1170 3616 1206; x_wconf 84' lang='lat' dir='ltr'><strong>au-</strong></span> 
     </span>
    </p>
   </div>
   <div class='ocr_carea' id='block_1_66' title="bbox 2043 1239 3616 1315">
    <p class='ocr_par' dir='ltr' id='par_1_66' title="bbox 2043 1239 3616 1315">
     <span class='ocr_line' id='line_1_66' title="bbox 2043 1239 3616 1315; baseline 0.003 -23"><span class='ocrx_word' id='word_1_525' title='bbox 2043 1244 2141 1293; x_wconf 77' lang='lat' dir='ltr'><strong>tem</strong></span> <span class='ocrx_word' id='word_1_526' title='bbox 2167 1241 2254 1293; x_wconf 84' lang='lat' dir='ltr'><strong>dat</strong></span> <span class='ocrx_word' id='word_1_527' title='bbox 2281 1241 2496 1312; x_wconf 80' lang='lat' dir='ltr'><strong>gratiam</strong></span> <span class='ocrx_word' id='word_1_528' title='bbox 2518 1239 2718 1313; x_wconf 81' lang='lat' dir='ltr'><strong>(Jacobi</strong></span> <span class='ocrx_word' id='word_1_529' title='bbox 2744 1255 2816 1309; x_wconf 77' lang='grc' dir='ltr'><strong>ιν,</strong></span> <span class='ocrx_word' id='word_1_530' title='bbox 2847 1242 2920 1312; x_wconf 80' lang='lat'><strong>6).</strong></span> <span class='ocrx_word' id='word_1_531' title='bbox 2943 1243 3024 1296; x_wconf 83' lang='lat' dir='ltr'><strong>Ad</strong></span> <span class='ocrx_word' id='word_1_532' title='bbox 3049 1241 3422 1298; x_wconf 83' lang='lat' dir='ltr'><strong>abundantiam</strong></span> <span class='ocrx_word' id='word_1_533' title='bbox 3454 1245 3616 1315; x_wconf 83' lang='lat' dir='ltr'><strong>igitur</strong></span> 
     </span>
    </p>
   </div>
   <div class='ocr_carea' id='block_1_67' title="bbox 2047 1333 3610 1408">
    <p class='ocr_par' dir='ltr' id='par_1_67' title="bbox 2047 1333 3610 1408">
     <span class='ocr_line' id='line_1_67' title="bbox 2047 1333 3610 1408; baseline 0.001 -21"><span class='ocrx_word' id='word_1_534' title='bbox 2047 1333 2355 1408; x_wconf 83' lang='lat' dir='ltr'><strong>delictorum</strong></span> <span class='ocrx_word' id='word_1_535' title='bbox 2400 1336 2484 1390; x_wconf 82' lang='lat' dir='ltr'><strong>lex</strong></span> <span class='ocrx_word' id='word_1_536' title='bbox 2510 1351 2605 1408; x_wconf 86' lang='lat' dir='ltr'><strong>nos</strong></span> <span class='ocrx_word' id='word_1_537' title='bbox 2629 1335 2784 1389; x_wconf 90' lang='lat' dir='ltr'><strong>docet</strong></span> <span class='ocrx_word' id='word_1_538' title='bbox 2832 1335 2954 1405; x_wconf 90' lang='lat' dir='ltr'><strong>quid</strong></span> <span class='ocrx_word' id='word_1_539' title='bbox 3001 1337 3138 1391; x_wconf 88' lang='lat' dir='ltr'><strong>velle</strong></span> <span class='ocrx_word' id='word_1_540' title='bbox 3164 1338 3468 1407; x_wconf 86' lang='lat' dir='ltr'><strong>debeamus,</strong></span> <span class='ocrx_word' id='word_1_541' title='bbox 3513 1337 3610 1390; x_wconf 65' lang='lat' dir='ltr'><strong>nisi</strong></span> 
     </span>
    </p>
   </div>
   <div class='ocr_carea' id='block_1_68' title="bbox 2041 1423 3610 1496">
    <p class='ocr_par' dir='ltr' id='par_1_68' title="bbox 2041 1423 3610 1496">
     <span class='ocr_line' id='line_1_68' title="bbox 2041 1423 3610 1496; baseline 0.003 -20"><span class='ocrx_word' id='word_1_542' title='bbox 2041 1423 2250 1492; x_wconf 84' lang='lat' dir='ltr'><strong>&#39;adjuvet</strong></span> <span class='ocrx_word' id='word_1_543' title='bbox 2277 1425 2465 1495; x_wconf 85' lang='lat' dir='ltr'><strong>gratia,</strong></span> <span class='ocrx_word' id='word_1_544' title='bbox 2515 1434 2571 1479; x_wconf 89' lang='lat' dir='ltr'><strong>ut</strong></span> <span class='ocrx_word' id='word_1_545' title='bbox 2609 1423 2748 1495; x_wconf 92' lang='lat' dir='ltr'><strong>quod</strong></span> <span class='ocrx_word' id='word_1_546' title='bbox 2786 1425 3027 1479; x_wconf 88' lang='lat' dir='ltr'><strong>volumus</strong></span> <span class='ocrx_word' id='word_1_547' title='bbox 3052 1428 3350 1492; x_wconf 82' lang='lat' dir='ltr'><strong>valeamus,</strong></span> <span class='ocrx_word' id='word_1_548' title='bbox 3390 1437 3444 1482; x_wconf 91' lang='lat' dir='ltr'><strong>et</strong></span> <span class='ocrx_word' id='word_1_549' title='bbox 3472 1427 3610 1496; x_wconf 88' lang='lat' dir='ltr'><strong>quod</strong></span> 
     </span>
    </p>
   </div>
   <div class='ocr_carea' id='block_1_69' title="bbox 2044 1501 3611 1586">
    <p class='ocr_par' dir='ltr' id='par_1_69' title="bbox 2044 1501 3611 1586">
     <span class='ocr_line' id='line_1_69' title="bbox 2044 1501 3611 1586; baseline 0.004 -20"><span class='ocrx_word' id='word_1_550' title='bbox 2044 1501 2364 1570; x_wconf 81' lang='lat' dir='ltr'><strong>valuerimus</strong></span> <span class='ocrx_word' id='word_1_551' title='bbox 2391 1517 2407 1548; x_wconf 69' lang='grc' dir='ltr'>ί</span> <span class='ocrx_word' id='word_1_552' title='bbox 2437 1516 2763 1586; x_wconf 88' lang='lat' dir='ltr'><strong>impleamus.</strong></span> <span class='ocrx_word' id='word_1_553' title='bbox 2797 1514 3076 1586; x_wconf 84' lang='lat' dir='ltr'><strong>Adjuvabit</strong></span> <span class='ocrx_word' id='word_1_554' title='bbox 3102 1526 3298 1585; x_wconf 88' lang='lat' dir='ltr'><strong>autem,</strong></span> <span class='ocrx_word' id='word_1_555' title='bbox 3331 1519 3375 1572; x_wconf 91' lang='lat' dir='ltr'><strong>si</strong></span> <span class='ocrx_word' id='word_1_556' title='bbox 3410 1533 3512 1572; x_wconf 88' lang='lat' dir='ltr'><strong>non</strong></span> <span class='ocrx_word' id='word_1_557' title='bbox 3544 1518 3611 1572; x_wconf 81' lang='lat' dir='ltr'><strong>tle</strong></span> 
     </span>
    </p>
   </div>
   <div class='ocr_carea' id='block_1_70' title="bbox 2038 1591 3614 1677">
    <p class='ocr_par' dir='ltr' id='par_1_70' title="bbox 2038 1591 3614 1677">
     <span class='ocr_line' id='line_1_70' title="bbox 2038 1591 3614 1677; baseline 0.006 -21"><span class='ocrx_word' id='word_1_558' title='bbox 2038 1593 2244 1659; x_wconf 86' lang='lat' dir='ltr'><strong>nostris</strong></span> <span class='ocrx_word' id='word_1_559' title='bbox 2269 1605 2465 1659; x_wconf 88' lang='lat' dir='ltr'><strong>viribus</strong></span> <span class='ocrx_word' id='word_1_560' title='bbox 2490 1616 2870 1676; x_wconf 57' lang='lat' dir='ltr'><strong>praisumentes</strong></span> <span class='ocrx_word' id='word_1_561' title='bbox 2889 1607 2991 1662; x_wconf 89' lang='lat' dir='ltr'><strong>alta</strong></span> <span class='ocrx_word' id='word_1_562' title='bbox 3011 1607 3295 1677; x_wconf 79' lang='lat' dir='ltr'><strong>sapiamus,</strong></span> <span class='ocrx_word' id='word_1_563' title='bbox 3320 1610 3410 1663; x_wconf 82' lang='lat' dir='ltr'><strong>sed</strong></span> <span class='ocrx_word' id='word_1_564' title='bbox 3442 1591 3614 1664; x_wconf 81' lang='lat' dir='ltr'><strong>inuni-</strong></span> 
     </span>
    </p>
   </div>
   <div class='ocr_carea' id='block_1_71' title="bbox 2038 1683 3608 1774">
    <p class='ocr_par' dir='ltr' id='par_1_71' title="bbox 2038 1683 3608 1774">
     <span class='ocr_line' id='line_1_71' title="bbox 2038 1683 3608 1774; baseline 0.002 -23"><span class='ocrx_word' id='word_1_565' title='bbox 2038 1683 2183 1751; x_wconf 78' lang='lat' dir='ltr'><strong>libus</strong></span> <span class='ocrx_word' id='word_1_566' title='bbox 2211 1698 2602 1753; x_wconf 88' lang='lat' dir='ltr'><strong>consentientes</strong></span> <span class='ocrx_word' id='word_1_567' title='bbox 2627 1699 2800 1772; x_wconf 83' lang='lat' dir='ltr'><strong>(Rom.</strong></span> <span class='ocrx_word' id='word_1_568' title='bbox 2832 1693 2924 1767; x_wconf 76' lang='lat' dir='ltr'><strong>xxi,</strong></span> <span class='ocrx_word' id='word_1_569' title='bbox 2957 1701 3068 1774; x_wconf 77' lang='grc'>16),</span> <span class='ocrx_word' id='word_1_570' title='bbox 3099 1710 3149 1755; x_wconf 90' lang='lat' dir='ltr'><strong>et</strong></span> <span class='ocrx_word' id='word_1_571' title='bbox 3179 1700 3245 1756; x_wconf 89' lang='lat' dir='ltr'><strong>de</strong></span> <span class='ocrx_word' id='word_1_572' title='bbox 3273 1701 3337 1755; x_wconf 89' lang='lat' dir='ltr'><strong>iis</strong></span> <span class='ocrx_word' id='word_1_573' title='bbox 3362 1685 3478 1769; x_wconf 76' lang='lat' dir='ltr'><strong>quae</strong></span> <span class='ocrx_word' id='word_1_574' title='bbox 3501 1701 3608 1768; x_wconf 88' lang='lat' dir='ltr'><strong>jam</strong></span> 
     </span>
    </p>
   </div>
   <div class='ocr_carea' id='block_1_72' title="bbox 2040 1791 3609 1864">
    <p class='ocr_par' dir='ltr' id='par_1_72' title="bbox 2040 1791 3609 1864">
     <span class='ocr_line' id='line_1_72' title="bbox 2040 1791 3609 1864; baseline 0.001 -20"><span class='ocrx_word' id='word_1_575' title='bbox 2040 1802 2343 1859; x_wconf 85' lang='lat' dir='ltr'><strong>possumus,</strong></span> <span class='ocrx_word' id='word_1_576' title='bbox 2387 1791 2581 1861; x_wconf 81' lang='lat' dir='ltr'><strong>gratias</strong></span> <span class='ocrx_word' id='word_1_577' title='bbox 2610 1807 2844 1862; x_wconf 85' lang='lat' dir='ltr'><strong>agamus,</strong></span> <span class='ocrx_word' id='word_1_578' title='bbox 2872 1802 2926 1848; x_wconf 89' lang='lat' dir='ltr'><strong>et</strong></span> <span class='ocrx_word' id='word_1_579' title='bbox 2968 1809 3062 1864; x_wconf 88' lang='lat' dir='ltr'><strong>pro</strong></span> <span class='ocrx_word' id='word_1_580' title='bbox 3100 1793 3165 1848; x_wconf 92' lang='lat' dir='ltr'><strong>iis</strong></span> <span class='ocrx_word' id='word_1_581' title='bbox 3208 1809 3325 1864; x_wconf 75' lang='lat' dir='ltr'><strong>qua:</strong></span> <span class='ocrx_word' id='word_1_582' title='bbox 3375 1792 3609 1847; x_wconf 84' lang='lat' dir='ltr'><strong>nondum</strong></span> 
     </span>
    </p>
   </div>
   <div class='ocr_carea' id='block_1_73' title="bbox 2033 1880 3608 1956">
    <p class='ocr_par' dir='ltr' id='par_1_73' title="bbox 2033 1880 3608 1956">
     <span class='ocr_line' id='line_1_73' title="bbox 2033 1880 3608 1956; baseline -0.001 -18"><span class='ocrx_word' id='word_1_583' title='bbox 2033 1880 2341 1953; x_wconf 74' lang='lat' dir='ltr'><strong>&#39;pessumus,</strong></span> <span class='ocrx_word' id='word_1_584' title='bbox 2375 1885 2539 1940; x_wconf 90' lang='lat' dir='ltr'><strong>Deum</strong></span> <span class='ocrx_word' id='word_1_585' title='bbox 2587 1883 2892 1956; x_wconf 86' lang='lat' dir='ltr'><strong>suppliciter</strong></span> <span class='ocrx_word' id='word_1_586' title='bbox 2931 1885 3165 1941; x_wconf 90' lang='lat' dir='ltr'><strong>inhiante</strong></span> <span class='ocrx_word' id='word_1_587' title='bbox 3219 1887 3487 1940; x_wconf 82' lang='lat' dir='ltr'><strong>voluntate</strong></span> <span class='ocrx_word' id='word_1_588' title='bbox 3512 1899 3608 1954; x_wconf 89' lang='lat' dir='ltr'><strong>po-</strong></span> 
     </span>
    </p>
   </div>
   <div class='ocr_carea' id='block_1_74' title="bbox 2039 1977 3610 2056">
    <p class='ocr_par' dir='ltr' id='par_1_74' title="bbox 2039 1977 3610 2056">
     <span class='ocr_line' id='line_1_74' title="bbox 2039 1977 3610 2056; baseline 0.004 -28"><span class='ocrx_word' id='word_1_589' title='bbox 2039 1986 2286 2039; x_wconf 84' lang='lat' dir='ltr'><strong>scamus;</strong></span> <span class='ocrx_word' id='word_1_590' title='bbox 2331 1977 2766 2033; x_wconf 87' lang='lat' dir='ltr'><strong>adminiculantes</strong></span> <span class='ocrx_word' id='word_1_591' title='bbox 2812 1979 3103 2034; x_wconf 85' lang='lat' dir='ltr'><strong>orationem</strong></span> <span class='ocrx_word' id='word_1_592' title='bbox 3134 1990 3366 2035; x_wconf 90' lang='lat' dir='ltr'><strong>nostram</strong></span> <span class='ocrx_word' id='word_1_593' title='bbox 3396 1979 3610 2056; x_wconf 42' lang='lat' dir='ltr'><strong>miseri-1</strong></span> 
     </span>
    </p>
   </div>
   <div class='ocr_carea' id='block_1_75' title="bbox 2039 2068 3605 2143">
    <p class='ocr_par' dir='ltr' id='par_1_75' title="bbox 2039 2068 3605 2143">
     <span class='ocr_line' id='line_1_75' title="bbox 2039 2068 3605 2143; baseline 0.003 -20"><span class='ocrx_word' id='word_1_594' title='bbox 2039 2068 2233 2124; x_wconf 71' lang='lat' dir='ltr'><strong>cordia:</strong></span> <span class='ocrx_word' id='word_1_595' title='bbox 2253 2071 2273 2102; x_wconf 78' lang='grc'><em>³</em></span> <span class='ocrx_word' id='word_1_596' title='bbox 2299 2068 2579 2126; x_wconf 80' lang='lat' dir='ltr'><strong>fructuosis</strong></span> <span class='ocrx_word' id='word_1_597' title='bbox 2609 2072 2888 2143; x_wconf 83' lang='lat' dir='ltr'><strong>operibus,</strong></span> <span class='ocrx_word' id='word_1_598' title='bbox 2922 2072 3096 2128; x_wconf 88' lang='lat' dir='ltr'><strong>dando</strong></span> <span class='ocrx_word' id='word_1_599' title='bbox 3147 2084 3205 2128; x_wconf 88' lang='lat' dir='ltr'><strong>ut</strong></span> <span class='ocrx_word' id='word_1_600' title='bbox 3249 2074 3403 2129; x_wconf 88' lang='lat' dir='ltr'><strong>detur</strong></span> <span class='ocrx_word' id='word_1_601' title='bbox 3430 2074 3605 2141; x_wconf 90' lang='lat' dir='ltr'><strong>nobis,</strong></span> 
     </span>
    </p>
   </div>
   <div class='ocr_carea' id='block_1_76' title="bbox 2038 2160 2943 2238">
    <p class='ocr_par' dir='ltr' id='par_1_76' title="bbox 2038 2160 2943 2238">
     <span class='ocr_line' id='line_1_76' title="bbox 2038 2160 2943 2238; baseline 0.007 -25"><span class='ocrx_word' id='word_1_602' title='bbox 2038 2160 2350 2238; x_wconf 76' lang='lat' dir='ltr'><strong>dimittenda</strong></span> <span class='ocrx_word' id='word_1_603' title='bbox 2375 2171 2433 2217; x_wconf 89' lang='lat' dir='ltr'><strong>ut</strong></span> <span class='ocrx_word' id='word_1_604' title='bbox 2459 2163 2747 2218; x_wconf 88' lang='lat' dir='ltr'><strong>dimittatur</strong></span> <span class='ocrx_word' id='word_1_605' title='bbox 2770 2165 2943 2219; x_wconf 85' lang='lat' dir='ltr'><strong>nobis.</strong></span> 
     </span>
    </p>
   </div>
   <div class='ocr_carea' id='block_1_77' title="bbox 2109 2252 3608 2326">
    <p class='ocr_par' dir='ltr' id='par_1_77' title="bbox 2109 2252 3608 2326">
     <span class='ocr_line' id='line_1_77' title="bbox 2109 2252 3608 2326; baseline 0.001 -18"><span class='ocrx_word' id='word_1_606' title='bbox 2109 2252 2336 2309; x_wconf 81' lang='lat' dir='ltr'><strong>CAPUT</strong></span> <span class='ocrx_word' id='word_1_607' title='bbox 2365 2254 2463 2320; x_wconf 88' lang='lat' dir='ltr'><strong>_lll.</strong></span> <span class='ocrx_word' id='word_1_608' title='bbox 2490 2283 2561 2295; x_wconf 91' lang='lat'><strong>-—</strong></span> <span class='ocrx_word' id='word_1_609' title='bbox 2587 2255 2674 2321; x_wconf 83' lang='grc'><strong>11.</strong></span> <span class='ocrx_word' id='word_1_610' title='bbox 2714 2254 2863 2323; x_wconf 90' lang='lat' dir='ltr'><strong>Quod</strong></span> <span class='ocrx_word' id='word_1_611' title='bbox 2912 2263 3090 2326; x_wconf 86' lang='lat' dir='ltr'><strong>autem</strong></span> <span class='ocrx_word' id='word_1_612' title='bbox 3129 2255 3314 2310; x_wconf 90' lang='lat' dir='ltr'><strong>dicunt</strong></span> <span class='ocrx_word' id='word_1_613' title='bbox 3353 2253 3608 2310; x_wconf 81' lang='lat' dir='ltr'><strong>infantem</strong></span> 
     </span>
    </p>
   </div>
   <div class='ocr_carea' id='block_1_78' title="bbox 2037 2333 3606 2417">
    <p class='ocr_par' dir='ltr' id='par_1_78' title="bbox 2037 2333 3606 2417">
     <span class='ocr_line' id='line_1_78' title="bbox 2037 2333 3606 2417; baseline 0.003 -19"><span class='ocrx_word' id='word_1_614' title='bbox 2037 2353 2208 2400; x_wconf 84' lang='lat' dir='ltr'><strong>morte</strong></span> <span class='ocrx_word' id='word_1_615' title='bbox 2229 2333 2574 2415; x_wconf 69' lang='lat' dir='ltr'><strong>prrcventum,</strong></span> <span class='ocrx_word' id='word_1_616' title='bbox 2603 2361 2708 2416; x_wconf 85' lang='lat' dir='ltr'><strong>non</strong></span> <span class='ocrx_word' id='word_1_617' title='bbox 2736 2347 3076 2417; x_wconf 89' lang='lat' dir='ltr'><strong>baptizatum,</strong></span> <span class='ocrx_word' id='word_1_618' title='bbox 3100 2349 3275 2416; x_wconf 90' lang='lat' dir='ltr'><strong>perire</strong></span> <span class='ocrx_word' id='word_1_619' title='bbox 3301 2363 3403 2401; x_wconf 92' lang='lat' dir='ltr'><strong>non</strong></span> <span class='ocrx_word' id='word_1_620' title='bbox 3432 2363 3606 2416; x_wconf 88' lang='lat' dir='ltr'><strong>posse,</strong></span> 
     </span>
    </p>
   </div>
   <div class='ocr_carea' id='block_1_79' title="bbox 2037 2423 3610 2508">
    <p class='ocr_par' dir='ltr' id='par_1_79' title="bbox 2037 2423 3610 2508">
     <span class='ocr_line' id='line_1_79' title="bbox 2037 2423 3610 2508; baseline 0.003 -21"><span class='ocrx_word' id='word_1_621' title='bbox 2037 2423 2284 2506; x_wconf 78' lang='lat' dir='ltr'><strong>quoniam</strong></span> <span class='ocrx_word' id='word_1_622' title='bbox 2305 2437 2418 2491; x_wconf 90' lang='lat' dir='ltr'><strong>sine</strong></span> <span class='ocrx_word' id='word_1_623' title='bbox 2445 2445 2661 2506; x_wconf 89' lang='lat' dir='ltr'><strong>peccato</strong></span> <span class='ocrx_word' id='word_1_624' title='bbox 2680 2438 2950 2492; x_wconf 88' lang='lat' dir='ltr'><strong>nascitur:</strong></span> <span class='ocrx_word' id='word_1_625' title='bbox 2980 2453 3083 2492; x_wconf 92' lang='lat' dir='ltr'><strong>non</strong></span> <span class='ocrx_word' id='word_1_626' title='bbox 3111 2437 3212 2492; x_wconf 83' lang='lat' dir='ltr'><strong>hoc</strong></span> <span class='ocrx_word' id='word_1_627' title='bbox 3230 2438 3357 2492; x_wconf 90' lang='lat' dir='ltr'><strong>dicit</strong></span> <span class='ocrx_word' id='word_1_628' title='bbox 3384 2439 3610 2508; x_wconf 83' lang='lat' dir='ltr'><strong>Aposto-</strong></span> 
     </span>
    </p>
   </div>
   <div class='ocr_carea' id='block_1_80' title="bbox 2037 2523 3608 2602">
    <p class='ocr_par' dir='ltr' id='par_1_80' title="bbox 2037 2523 3608 2602">
     <span class='ocr_line' id='line_1_80' title="bbox 2037 2523 3608 2602; baseline 0 -18"><span class='ocrx_word' id='word_1_629' title='bbox 2037 2523 2150 2592; x_wconf 76' lang='lat' dir='ltr'><strong>lus;</strong></span> <span class='ocrx_word' id='word_1_630' title='bbox 2183 2537 2237 2582; x_wconf 88' lang='lat' dir='ltr'><strong>et</strong></span> <span class='ocrx_word' id='word_1_631' title='bbox 2263 2529 2491 2583; x_wconf 89' lang='lat' dir='ltr'><strong>arbitror</strong></span> <span class='ocrx_word' id='word_1_632' title='bbox 2513 2544 2632 2584; x_wconf 89' lang='lat' dir='ltr'><strong>esse</strong></span> <span class='ocrx_word' id='word_1_633' title='bbox 2669 2529 2858 2585; x_wconf 90' lang='lat' dir='ltr'><strong>melius</strong></span> <span class='ocrx_word' id='word_1_634' title='bbox 2888 2537 2943 2583; x_wconf 92' lang='lat' dir='ltr'><strong>ut</strong></span> <span class='ocrx_word' id='word_1_635' title='bbox 2968 2528 3222 2602; x_wconf 83' lang='lat' dir='ltr'><strong>Apostole</strong></span> <span class='ocrx_word' id='word_1_636' title='bbox 3256 2529 3425 2599; x_wconf 84' lang='lat' dir='ltr'><strong>potius</strong></span> <span class='ocrx_word' id='word_1_637' title='bbox 3453 2545 3608 2599; x_wconf 89' lang='lat' dir='ltr'><strong>quam</strong></span> 
     </span>
    </p>
   </div>
   <div class='ocr_carea' id='block_1_81' title="bbox 2038 2603 3611 2700">
    <p class='ocr_par' dir='ltr' id='par_1_81' title="bbox 2038 2603 3611 2700">
     <span class='ocr_line' id='line_1_81' title="bbox 2038 2603 3611 2700; baseline 0.002 -27"><span class='ocrx_word' id='word_1_638' title='bbox 2038 2603 2154 2700; x_wconf 76' lang='lat' dir='ltr'><strong>istis</strong></span> <span class='ocrx_word' id='word_1_639' title='bbox 2174 2620 2472 2677; x_wconf 88' lang='lat' dir='ltr'><strong>credamus.</strong></span> <span class='ocrx_word' id='word_1_640' title='bbox 2503 2623 2635 2676; x_wconf 90' lang='lat' dir='ltr'><strong>Dicit</strong></span> <span class='ocrx_word' id='word_1_641' title='bbox 2653 2617 2905 2677; x_wconf 85' lang='lat' dir='ltr'><strong>enimille</strong></span> <span class='ocrx_word' id='word_1_642' title='bbox 2934 2622 3118 2677; x_wconf 90' lang='lat' dir='ltr'><strong>doctor</strong></span> <span class='ocrx_word' id='word_1_643' title='bbox 3137 2620 3404 2689; x_wconf 89' lang='lat' dir='ltr'><strong>Gentium,</strong></span> <span class='ocrx_word' id='word_1_644' title='bbox 3432 2623 3484 2676; x_wconf 92' lang='lat' dir='ltr'><strong>in</strong></span> <span class='ocrx_word' id='word_1_645' title='bbox 3507 2622 3611 2692; x_wconf 88' lang='lat' dir='ltr'><strong>que</strong></span> 
     </span>
    </p>
   </div>
   <div class='ocr_carea' id='block_1_82' title="bbox 2036 2713 3611 2789">
    <p class='ocr_par' dir='ltr' id='par_1_82' title="bbox 2036 2713 3611 2789">
     <span class='ocr_line' id='line_1_82' title="bbox 2036 2713 3611 2789; baseline 0 -22"><span class='ocrx_word' id='word_1_646' title='bbox 2036 2713 2277 2789; x_wconf 72' lang='lat' dir='ltr'><strong>Christus</strong></span> <span class='ocrx_word' id='word_1_647' title='bbox 2316 2714 2642 2789; x_wconf 89' lang='lat' dir='ltr'><strong>loquebatur,</strong></span> <span class='ocrx_word' id='word_1_648' title='bbox 2674 2713 2774 2768; x_wconf 89' lang='lat' dir='ltr'><strong>Per</strong></span> <span class='ocrx_word' id='word_1_649' title='bbox 2795 2729 2949 2768; x_wconf 89' lang='lat' dir='ltr'><strong>unum</strong></span> <span class='ocrx_word' id='word_1_650' title='bbox 2979 2715 3227 2768; x_wconf 83' lang='lat' dir='ltr'><strong>hominem</strong></span> <span class='ocrx_word' id='word_1_651' title='bbox 3249 2722 3502 2786; x_wconf 84' lang='lat' dir='ltr'><strong>peccatum</strong></span> <span class='ocrx_word' id='word_1_652' title='bbox 3527 2716 3611 2768; x_wconf 80' lang='lat' dir='ltr'><strong>in-</strong></span> 
     </span>
    </p>
   </div>
   <div class='ocr_carea' id='block_1_83' title="bbox 2037 2784 3608 2877">
    <p class='ocr_par' dir='ltr' id='par_1_83' title="bbox 2037 2784 3608 2877">
     <span class='ocr_line' id='line_1_83' title="bbox 2037 2784 3608 2877; baseline 0.001 -19"><span class='ocrx_word' id='word_1_653' title='bbox 2037 2784 2183 2877; x_wconf 63' lang='lat' dir='ltr'><strong>iravit</strong></span> <span class='ocrx_word' id='word_1_654' title='bbox 2202 2805 2254 2858; x_wconf 87' lang='lat' dir='ltr'><strong>in</strong></span> <span class='ocrx_word' id='word_1_655' title='bbox 2282 2787 2540 2870; x_wconf 84' lang='lat' dir='ltr'><strong>mundum,</strong></span> <span class='ocrx_word' id='word_1_656' title='bbox 2565 2816 2610 2859; x_wconf 92' lang='lat' dir='ltr'><strong>et</strong></span> <span class='ocrx_word' id='word_1_657' title='bbox 2640 2821 2728 2877; x_wconf 84' lang='lat' dir='ltr'><strong>per</strong></span> <span class='ocrx_word' id='word_1_658' title='bbox 2747 2816 3002 2875; x_wconf 84' lang='lat' dir='ltr'><strong>peccatum</strong></span> <span class='ocrx_word' id='word_1_659' title='bbox 3021 2821 3174 2872; x_wconf 86' lang='lat' dir='ltr'><strong>mors,</strong></span> <span class='ocrx_word' id='word_1_660' title='bbox 3203 2815 3249 2859; x_wconf 87' lang='lat' dir='ltr'><strong>et</strong></span> <span class='ocrx_word' id='word_1_661' title='bbox 3277 2806 3348 2858; x_wconf 85' lang='lat' dir='ltr'><strong>ita</strong></span> <span class='ocrx_word' id='word_1_662' title='bbox 3367 2805 3418 2858; x_wconf 87' lang='lat' dir='ltr'><strong>in</strong></span> <span class='ocrx_word' id='word_1_663' title='bbox 3439 2821 3608 2860; x_wconf 72' lang='lat' dir='ltr'><strong>omnes</strong></span> 
     </span>
    </p>
   </div>
   <div class='ocr_carea' id='block_1_84' title="bbox 2037 2876 3608 2970">
    <p class='ocr_par' dir='ltr' id='par_1_84' title="bbox 2037 2876 3608 2970">
     <span class='ocr_line' id='line_1_84' title="bbox 2037 2876 3608 2970; baseline 0.003 -24"><span class='ocrx_word' id='word_1_664' title='bbox 2037 2876 2258 2970; x_wconf 59' lang='lat' dir='ltr'><strong>homines</strong></span> <span class='ocrx_word' id='word_1_665' title='bbox 2281 2896 2586 2965; x_wconf 79' lang='lat' dir='ltr'><strong>pertransiit,</strong></span> <span class='ocrx_word' id='word_1_666' title='bbox 2611 2897 2662 2949; x_wconf 87' lang='lat' dir='ltr'><strong>in</strong></span> <span class='ocrx_word' id='word_1_667' title='bbox 2675 2911 2770 2967; x_wconf 91' lang='lat' dir='ltr'><strong>quo</strong></span> <span class='ocrx_word' id='word_1_668' title='bbox 2801 2911 2968 2949; x_wconf 87' lang='lat' dir='ltr'><strong>omnes</strong></span> <span class='ocrx_word' id='word_1_669' title='bbox 2980 2900 3304 2966; x_wconf 76' lang='lat' dir='ltr'><strong>peccaverunt</strong></span> <span class='ocrx_word' id='word_1_670' title='bbox 3332 2911 3350 2950; x_wconf 92' lang='lat'><strong><em>:</em></strong></span> <span class='ocrx_word' id='word_1_671' title='bbox 3375 2904 3429 2950; x_wconf 89' lang='lat' dir='ltr'><strong>et</strong></span> <span class='ocrx_word' id='word_1_672' title='bbox 3454 2896 3608 2964; x_wconf 88' lang='lat' dir='ltr'><strong>paulo</strong></span> 
     </span>
    </p>
   </div>
   <div class='ocr_carea' id='block_1_85' title="bbox 2035 2981 3608 3056">
    <p class='ocr_par' dir='ltr' id='par_1_85' title="bbox 2035 2981 3608 3056">
     <span class='ocr_line' id='line_1_85' title="bbox 2035 2981 3608 3056; baseline 0.003 -20"><span class='ocrx_word' id='word_1_673' title='bbox 2035 2981 2153 3054; x_wconf 85' lang='lat' dir='ltr'><strong>post</strong></span> <span class='ocrx_word' id='word_1_674' title='bbox 2172 2985 2315 3047; x_wconf 89' lang='lat' dir='ltr'><strong>dicit,</strong></span> <span class='ocrx_word' id='word_1_675' title='bbox 2349 2983 2484 3038; x_wconf 88' lang='lat' dir='ltr'><strong>Nam</strong></span> <span class='ocrx_word' id='word_1_676' title='bbox 2504 2985 2754 3056; x_wconf 80' lang='lat' dir='ltr'><strong>judicium</strong></span> <span class='ocrx_word' id='word_1_677' title='bbox 2777 2985 2976 3056; x_wconf 81' lang='lat' dir='ltr'><strong>quidem</strong></span> <span class='ocrx_word' id='word_1_678' title='bbox 2990 3001 3052 3040; x_wconf 78' lang='lat' dir='ltr'><strong>ea:</strong></span> <span class='ocrx_word' id='word_1_679' title='bbox 3077 3003 3176 3040; x_wconf 88' lang='lat' dir='ltr'><strong>uno</strong></span> <span class='ocrx_word' id='word_1_680' title='bbox 3193 2986 3374 3040; x_wconf 83' lang='lat' dir='ltr'><strong>delicto</strong></span> <span class='ocrx_word' id='word_1_681' title='bbox 3401 2987 3454 3040; x_wconf 88' lang='lat' dir='ltr'><strong>in</strong></span> <span class='ocrx_word' id='word_1_682' title='bbox 3483 3003 3608 3041; x_wconf 86' lang='lat' dir='ltr'><strong>con-</strong></span> 
     </span>
    </p>
   </div>
   <div class='ocr_carea' id='block_1_86' title="bbox 2035 3059 3609 3148">
    <p class='ocr_par' dir='ltr' id='par_1_86' title="bbox 2035 3059 3609 3148">
     <span class='ocr_line' id='line_1_86' title="bbox 2035 3059 3609 3148; baseline 0.003 -20"><span class='ocrx_word' id='word_1_683' title='bbox 2035 3059 2432 3141; x_wconf 72' lang='lat' dir='ltr'><strong>demnationem,</strong></span> <span class='ocrx_word' id='word_1_684' title='bbox 2444 3079 2606 3148; x_wconf 84' lang='lat' dir='ltr'><strong>gratia</strong></span> <span class='ocrx_word' id='word_1_685' title='bbox 2626 3086 2789 3131; x_wconf 85' lang='lat' dir='ltr'><strong>autent</strong></span> <span class='ocrx_word' id='word_1_686' title='bbox 2809 3094 2871 3133; x_wconf 80' lang='lat' dir='ltr'><strong>ea:</strong></span> <span class='ocrx_word' id='word_1_687' title='bbox 2884 3077 3054 3132; x_wconf 86' lang='lat' dir='ltr'><strong>multis</strong></span> <span class='ocrx_word' id='word_1_688' title='bbox 3073 3078 3267 3132; x_wconf 82' lang='lat' dir='ltr'><strong>delictis</strong></span> <span class='ocrx_word' id='word_1_689' title='bbox 3295 3079 3345 3132; x_wconf 88' lang='lat' dir='ltr'><strong>in</strong></span> <span class='ocrx_word' id='word_1_690' title='bbox 3352 3062 3609 3148; x_wconf 46' lang='lat' dir='ltr'><strong>justi/ica?</strong></span> 
     </span>
    </p>
   </div>
   <div class='ocr_carea' id='block_1_87' title="bbox 2037 3166 3609 3240">
    <p class='ocr_par' dir='ltr' id='par_1_87' title="bbox 2037 3166 3609 3240">
     <span class='ocr_line' id='line_1_87' title="bbox 2037 3166 3609 3240; baseline 0.003 -18"><span class='ocrx_word' id='word_1_691' title='bbox 2037 3169 2217 3222; x_wconf 87' lang='lat' dir='ltr'><strong>tionem</strong></span> <span class='ocrx_word' id='word_1_692' title='bbox 2231 3166 2381 3238; x_wconf 87' lang='lat' dir='ltr'><strong>(Luc.</strong></span> <span class='ocrx_word' id='word_1_693' title='bbox 2395 3168 2563 3235; x_wconf 78' lang='lat' dir='ltr'><strong>vr,57,</strong></span> <span class='ocrx_word' id='word_1_694' title='bbox 2577 3168 2689 3237; x_wconf 78' lang='lat'><strong>58).</strong></span> <span class='ocrx_word' id='word_1_695' title='bbox 2709 3168 2936 3224; x_wconf 87' lang='lat' dir='ltr'><strong>Proinde</strong></span> <span class='ocrx_word' id='word_1_696' title='bbox 2950 3170 3223 3240; x_wconf 63' lang='lat' dir='ltr'><strong>isti,fquem</strong></span> <span class='ocrx_word' id='word_1_697' title='bbox 3246 3169 3380 3225; x_wconf 88' lang='lat' dir='ltr'><strong>forte</strong></span> <span class='ocrx_word' id='word_1_698' title='bbox 3393 3173 3609 3226; x_wconf 69' lang='lat' dir='ltr'><strong>invene~</strong></span> 
     </span>
    </p>
   </div>
   <div class='ocr_carea' id='block_1_88' title="bbox 2036 3248 3605 3331">
    <p class='ocr_par' dir='ltr' id='par_1_88' title="bbox 2036 3248 3605 3331">
     <span class='ocr_line' id='line_1_88' title="bbox 2036 3248 3605 3331; baseline 0.001 -17"><span class='ocrx_word' id='word_1_699' title='bbox 2036 3248 2142 3314; x_wconf 74' lang='lat' dir='ltr'><strong>rint</strong></span> <span class='ocrx_word' id='word_1_700' title='bbox 2157 3258 2410 3314; x_wconf 84' lang='lat' dir='ltr'><strong>infantem</strong></span> <span class='ocrx_word' id='word_1_701' title='bbox 2430 3276 2532 3314; x_wconf 92' lang='lat' dir='ltr'><strong>non</strong></span> <span class='ocrx_word' id='word_1_702' title='bbox 2545 3275 2609 3315; x_wconf 88' lang='lat' dir='ltr'><strong>ex</strong></span> <span class='ocrx_word' id='word_1_703' title='bbox 2625 3259 2764 3315; x_wconf 87' lang='lat' dir='ltr'><strong>illius</strong></span> <span class='ocrx_word' id='word_1_704' title='bbox 2777 3261 2929 3315; x_wconf 85' lang='lat' dir='ltr'><strong>unius</strong></span> <span class='ocrx_word' id='word_1_705' title='bbox 2945 3262 3170 3315; x_wconf 85' lang='lat' dir='ltr'><strong>heminis</strong></span> <span class='ocrx_word' id='word_1_706' title='bbox 3181 3261 3605 3331; x_wconf 87' lang='lat' dir='ltr'><strong>concupiscentia</strong></span> 
     </span>
    </p>
   </div>
   <div class='ocr_carea' id='block_1_89' title="bbox 2035 3349 3604 3424">
    <p class='ocr_par' dir='ltr' id='par_1_89' title="bbox 2035 3349 3604 3424">
     <span class='ocr_line' id='line_1_89' title="bbox 2035 3349 3604 3424; baseline 0.001 -22"><span class='ocrx_word' id='word_1_707' title='bbox 2035 3359 2390 3424; x_wconf 88' lang='lat' dir='ltr'><strong>procreatum,</strong></span> <span class='ocrx_word' id='word_1_708' title='bbox 2417 3351 2587 3419; x_wconf 88' lang='lat' dir='ltr'><strong>ipsum</strong></span> <span class='ocrx_word' id='word_1_709' title='bbox 2615 3349 2792 3404; x_wconf 88' lang='lat' dir='ltr'><strong>dicant</strong></span> <span class='ocrx_word' id='word_1_710' title='bbox 2817 3349 2893 3404; x_wconf 92' lang='lat' dir='ltr'><strong>illi</strong></span> <span class='ocrx_word' id='word_1_711' title='bbox 2921 3349 3242 3405; x_wconf 89' lang='lat' dir='ltr'><strong>damnationi</strong></span> <span class='ocrx_word' id='word_1_712' title='bbox 3258 3367 3360 3405; x_wconf 92' lang='lat' dir='ltr'><strong>non</strong></span> <span class='ocrx_word' id='word_1_713' title='bbox 3379 3367 3495 3406; x_wconf 86' lang='lat' dir='ltr'><strong>esse</strong></span> <span class='ocrx_word' id='word_1_714' title='bbox 3513 3351 3604 3405; x_wconf 79' lang='lat' dir='ltr'><strong>eb-</strong></span> 
     </span>
    </p>
   </div>
   <div class='ocr_carea' id='block_1_90' title="bbox 2035 3439 3607 3510">
    <p class='ocr_par' dir='ltr' id='par_1_90' title="bbox 2035 3439 3607 3510">
     <span class='ocr_line' id='line_1_90' title="bbox 2035 3439 3607 3510; baseline 0.001 -16"><span class='ocrx_word' id='word_1_715' title='bbox 2035 3440 2268 3503; x_wconf 82' lang='lat' dir='ltr'><strong>nexium,</strong></span> <span class='ocrx_word' id='word_1_716' title='bbox 2288 3455 2388 3494; x_wconf 86' lang='lat' dir='ltr'><strong>nec</strong></span> <span class='ocrx_word' id='word_1_717' title='bbox 2399 3454 2492 3510; x_wconf 90' lang='lat' dir='ltr'><strong>per</strong></span> <span class='ocrx_word' id='word_1_718' title='bbox 2506 3439 2701 3494; x_wconf 90' lang='lat' dir='ltr'><strong>Christi</strong></span> <span class='ocrx_word' id='word_1_719' title='bbox 2715 3441 2934 3510; x_wconf 82' lang='lat' dir='ltr'><strong>gratiam</strong></span> <span class='ocrx_word' id='word_1_720' title='bbox 2953 3441 3018 3494; x_wconf 90' lang='lat' dir='ltr'><strong>ab</strong></span> <span class='ocrx_word' id='word_1_721' title='bbox 3035 3440 3118 3493; x_wconf 90' lang='lat' dir='ltr'><strong>illa</strong></span> <span class='ocrx_word' id='word_1_722' title='bbox 3136 3441 3472 3494; x_wconf 85' lang='lat' dir='ltr'><strong>damnatione</strong></span> <span class='ocrx_word' id='word_1_723' title='bbox 3488 3450 3607 3496; x_wconf 77' lang='lat' dir='ltr'><strong>esse&quot;</strong></span> 
     </span>
    </p>
   </div>
   <div class='ocr_carea' id='block_1_91' title="bbox 2035 3530 3604 3599">
    <p class='ocr_par' dir='ltr' id='par_1_91' title="bbox 2035 3530 3604 3599">
     <span class='ocr_line' id='line_1_91' title="bbox 2035 3530 3604 3599; baseline 0.001 -15"><span class='ocrx_word' id='word_1_724' title='bbox 2035 3531 2381 3587; x_wconf 86' lang='lat' dir='ltr'><strong>liberandum.</strong></span> <span class='ocrx_word' id='word_1_725' title='bbox 2401 3530 2536 3599; x_wconf 93' lang='lat' dir='ltr'><strong>Quid</strong></span> <span class='ocrx_word' id='word_1_726' title='bbox 2563 3539 2641 3586; x_wconf 90' lang='lat' dir='ltr'><strong>est</strong></span> <span class='ocrx_word' id='word_1_727' title='bbox 2662 3533 2824 3597; x_wconf 91' lang='lat' dir='ltr'><strong>enim,</strong></span> <span class='ocrx_word' id='word_1_728' title='bbox 2843 3548 2903 3585; x_wconf 70' lang='lat' dir='ltr'><strong>ea:</strong></span> <span class='ocrx_word' id='word_1_729' title='bbox 2916 3549 3016 3585; x_wconf 84' lang='lat' dir='ltr'><strong>uno</strong></span> <span class='ocrx_word' id='word_1_730' title='bbox 3034 3531 3213 3586; x_wconf 81' lang='lat' dir='ltr'><strong>delicto</strong></span> <span class='ocrx_word' id='word_1_731' title='bbox 3229 3533 3280 3585; x_wconf 89' lang='lat' dir='ltr'><strong>in</strong></span> <span class='ocrx_word' id='word_1_732' title='bbox 3298 3533 3604 3586; x_wconf 82' lang='lat' dir='ltr'><strong>condemna-</strong></span> 
     </span>
    </p>
   </div>
   <div class='ocr_carea' id='block_1_92' title="bbox 2035 3619 3606 3691">
    <p class='ocr_par' dir='ltr' id='par_1_92' title="bbox 2035 3619 3606 3691">
     <span class='ocr_line' id='line_1_92' title="bbox 2035 3619 3606 3691; baseline 0.001 -17"><span class='ocrx_word' id='word_1_733' title='bbox 2035 3621 2237 3684; x_wconf 81' lang='lat' dir='ltr'><strong>tionem,</strong></span> <span class='ocrx_word' id='word_1_734' title='bbox 2257 3621 2361 3676; x_wconf 91' lang='lat' dir='ltr'><strong>nisi</strong></span> <span class='ocrx_word' id='word_1_735' title='bbox 2392 3621 2447 3676; x_wconf 90' lang='lat' dir='ltr'><strong>in</strong></span> <span class='ocrx_word' id='word_1_736' title='bbox 2473 3619 2564 3676; x_wconf 91' lang='lat' dir='ltr'><strong>illo</strong></span> <span class='ocrx_word' id='word_1_737' title='bbox 2594 3621 2784 3676; x_wconf 88' lang='lat' dir='ltr'><strong>delicto</strong></span> <span class='ocrx_word' id='word_1_738' title='bbox 2815 3636 2919 3691; x_wconf 93' lang='lat' dir='ltr'><strong>que</strong></span> <span class='ocrx_word' id='word_1_739' title='bbox 2942 3621 3159 3690; x_wconf 88' lang='lat' dir='ltr'><strong>deliquit</strong></span> <span class='ocrx_word' id='word_1_740' title='bbox 3179 3623 3380 3675; x_wconf 85' lang='lat' dir='ltr'><strong>Adam?</strong></span> <span class='ocrx_word' id='word_1_741' title='bbox 3406 3632 3457 3676; x_wconf 91' lang='lat' dir='ltr'><strong>ct</strong></span> <span class='ocrx_word' id='word_1_742' title='bbox 3484 3622 3606 3691; x_wconf 87' lang='lat' dir='ltr'><strong>quid</strong></span> 
     </span>
    </p>
   </div>
   <div class='ocr_carea' id='block_1_93' title="bbox 2034 3707 3608 3782">
    <p class='ocr_par' dir='ltr' id='par_1_93' title="bbox 2034 3707 3608 3782">
     <span class='ocr_line' id='line_1_93' title="bbox 2034 3707 3608 3782; baseline -0.003 -15"><span class='ocrx_word' id='word_1_743' title='bbox 2034 3707 2135 3778; x_wconf 83' lang='lat' dir='ltr'><strong>est,</strong></span> <span class='ocrx_word' id='word_1_744' title='bbox 2165 3729 2229 3767; x_wconf 78' lang='lat' dir='ltr'><strong>ex</strong></span> <span class='ocrx_word' id='word_1_745' title='bbox 2251 3713 2419 3766; x_wconf 83' lang='lat' dir='ltr'><strong>multis</strong></span> <span class='ocrx_word' id='word_1_746' title='bbox 2437 3711 2630 3766; x_wconf 83' lang='lat' dir='ltr'><strong>delictis</strong></span> <span class='ocrx_word' id='word_1_747' title='bbox 2656 3713 2707 3765; x_wconf 90' lang='lat' dir='ltr'><strong>in</strong></span> <span class='ocrx_word' id='word_1_748' title='bbox 2719 3713 3154 3782; x_wconf 80' lang='lat' dir='ltr'><strong>justiﬁcationem,</strong></span> <span class='ocrx_word' id='word_1_749' title='bbox 3184 3713 3281 3767; x_wconf 87' lang='lat' dir='ltr'><strong>nisi</strong></span> <span class='ocrx_word' id='word_1_750' title='bbox 3304 3713 3423 3782; x_wconf 85' lang='lat' dir='ltr'><strong>quia</strong></span> <span class='ocrx_word' id='word_1_751' title='bbox 3452 3711 3608 3766; x_wconf 76' lang='lat' dir='ltr'><strong>Chri-</strong></span> 
     </span>
    </p>
   </div>
   <div class='ocr_carea' id='block_1_94' title="bbox 2034 3805 3608 3874">
    <p class='ocr_par' dir='ltr' id='par_1_94' title="bbox 2034 3805 3608 3874">
     <span class='ocr_line' id='line_1_94' title="bbox 2034 3805 3608 3874; baseline 0 -15"><span class='ocrx_word' id='word_1_752' title='bbox 2034 3805 2100 3859; x_wconf 71' lang='lat' dir='ltr'><strong>‘sti</strong></span> <span class='ocrx_word' id='word_1_753' title='bbox 2113 3805 2279 3874; x_wconf 86' lang='lat' dir='ltr'><strong>gratia</strong></span> <span class='ocrx_word' id='word_1_754' title='bbox 2297 3821 2402 3859; x_wconf 88' lang='lat' dir='ltr'><strong>non</strong></span> <span class='ocrx_word' id='word_1_755' title='bbox 2419 3805 2587 3859; x_wconf 89' lang='lat' dir='ltr'><strong>solum</strong></span> <span class='ocrx_word' id='word_1_756' title='bbox 2601 3805 2724 3858; x_wconf 91' lang='lat' dir='ltr'><strong>illud</strong></span> <span class='ocrx_word' id='word_1_757' title='bbox 2747 3819 2906 3859; x_wconf 91' lang='lat' dir='ltr'><strong>unum</strong></span> <span class='ocrx_word' id='word_1_758' title='bbox 2919 3805 3168 3860; x_wconf 89' lang='lat' dir='ltr'><strong>delictum</strong></span> <span class='ocrx_word' id='word_1_759' title='bbox 3198 3805 3372 3868; x_wconf 78' lang='lat' dir='ltr'><strong>solvit,</strong></span> <span class='ocrx_word' id='word_1_760' title='bbox 3394 3821 3494 3872; x_wconf 87' lang='lat' dir='ltr'><strong>quo</strong></span> <span class='ocrx_word' id='word_1_761' title='bbox 3509 3806 3608 3860; x_wconf 53' lang='lat' dir='ltr'><strong>ob.</strong></span> 
     </span>
    </p>
   </div>
   <div class='ocr_carea' id='block_1_95' title="bbox 2035 3896 3607 3966">
    <p class='ocr_par' dir='ltr' id='par_1_95' title="bbox 2035 3896 3607 3966">
     <span class='ocr_line' id='line_1_95' title="bbox 2035 3896 3607 3966; baseline 0 -16"><span class='ocrx_word' id='word_1_762' title='bbox 2035 3898 2362 3966; x_wconf 84' lang='lat' dir='ltr'><strong>stringuntur</strong></span> <span class='ocrx_word' id='word_1_763' title='bbox 2391 3896 2615 3951; x_wconf 83' lang='lat' dir='ltr'><strong>infantes</strong></span> <span class='ocrx_word' id='word_1_764' title='bbox 2666 3911 2732 3951; x_wconf 76' lang='lat' dir='ltr'><strong>ex</strong></span> <span class='ocrx_word' id='word_1_765' title='bbox 2775 3896 2866 3950; x_wconf 92' lang='lat' dir='ltr'><strong>illo</strong></span> <span class='ocrx_word' id='word_1_766' title='bbox 2901 3912 3008 3950; x_wconf 90' lang='lat' dir='ltr'><strong>uno</strong></span> <span class='ocrx_word' id='word_1_767' title='bbox 3055 3896 3270 3950; x_wconf 87' lang='lat' dir='ltr'><strong>homine</strong></span> <span class='ocrx_word' id='word_1_768' title='bbox 3308 3897 3607 3965; x_wconf 79' lang='lat' dir='ltr'><strong>procreati,</strong></span> 
     </span>
    </p>
   </div>
   <div class='ocr_carea' id='block_1_96' title="bbox 2032 3987 3603 4058">
    <p class='ocr_par' dir='ltr' id='par_1_96' title="bbox 2032 3987 3603 4058">
     <span class='ocr_line' id='line_1_96' title="bbox 2032 3987 3603 4058; baseline -0.002 -15"><span class='ocrx_word' id='word_1_769' title='bbox 2032 3987 2131 4043; x_wconf 82' lang='lat' dir='ltr'><strong>sed</strong></span> <span class='ocrx_word' id='word_1_770' title='bbox 2161 3988 2318 4043; x_wconf 85' lang='lat' dir='ltr'><strong>etiam</strong></span> <span class='ocrx_word' id='word_1_771' title='bbox 2343 3988 2504 4042; x_wconf 88' lang='lat' dir='ltr'><strong>multa</strong></span> <span class='ocrx_word' id='word_1_772' title='bbox 2535 3987 2745 4054; x_wconf 86' lang='lat' dir='ltr'><strong>delicta,</strong></span> <span class='ocrx_word' id='word_1_773' title='bbox 2774 4001 2891 4058; x_wconf 66' lang='lat' dir='ltr'><strong>qua!</strong></span> <span class='ocrx_word' id='word_1_774' title='bbox 2915 4003 3038 4042; x_wconf 87' lang='lat' dir='ltr'><strong>cum</strong></span> <span class='ocrx_word' id='word_1_775' title='bbox 3055 3988 3603 4053; x_wconf 76' lang='lat' dir='ltr'><strong>crcvm&#39;inthomines,</strong></span> 
     </span>
    </p>
   </div>
   <div class='ocr_carea' id='block_1_97' title="bbox 2035 4080 3604 4150">
    <p class='ocr_par' dir='ltr' id='par_1_97' title="bbox 2035 4080 3604 4150">
     <span class='ocr_line' id='line_1_97' title="bbox 2035 4080 3604 4150; baseline 0.001 -16"><span class='ocrx_word' id='word_1_776' title='bbox 2035 4080 2236 4134; x_wconf 85' lang='lat' dir='ltr'><strong>addunt</strong></span> <span class='ocrx_word' id='word_1_777' title='bbox 2260 4080 2412 4136; x_wconf 86' lang='lat' dir='ltr'><strong>malis</strong></span> <span class='ocrx_word' id='word_1_778' title='bbox 2441 4081 2677 4135; x_wconf 88' lang='lat' dir='ltr'><strong>moribus</strong></span> <span class='ocrx_word' id='word_1_779' title='bbox 2700 4081 3054 4136; x_wconf 87' lang='lat' dir='ltr'><strong>suis?Tamen</strong></span> <span class='ocrx_word' id='word_1_780' title='bbox 3083 4090 3135 4136; x_wconf 92' lang='lat' dir='ltr'><strong>et</strong></span> <span class='ocrx_word' id='word_1_781' title='bbox 3155 4081 3280 4135; x_wconf 86' lang='lat' dir='ltr'><strong>illud</strong></span> <span class='ocrx_word' id='word_1_782' title='bbox 3304 4097 3604 4150; x_wconf 80' lang='lat' dir='ltr'><strong>unnm.qtt0</strong></span> 
     </span>
    </p>
   </div>
   <div class='ocr_carea' id='block_1_98' title="bbox 2034 4162 3608 4243">
    <p class='ocr_par' dir='ltr' id='par_1_98' title="bbox 2034 4162 3608 4243">
     <span class='ocr_line' id='line_1_98' title="bbox 2034 4162 3608 4243; baseline 0.001 -16"><span class='ocrx_word' id='word_1_783' title='bbox 2034 4162 2119 4227; x_wconf 72' lang='lat' dir='ltr'><strong>est</strong></span> <span class='ocrx_word' id='word_1_784' title='bbox 2141 4172 2366 4242; x_wconf 81' lang='lat' dir='ltr'><strong>obligata</strong></span> <span class='ocrx_word' id='word_1_785' title='bbox 2388 4187 2619 4242; x_wconf 82' lang='lat' dir='ltr'><strong>propago</strong></span> <span class='ocrx_word' id='word_1_786' title='bbox 2638 4173 2993 4242; x_wconf 72' lang='lat' dir='ltr'><strong>carnalisquae</strong></span> <span class='ocrx_word' id='word_1_787' title='bbox 3013 4173 3080 4229; x_wconf 84' lang='lat' dir='ltr'><strong>ab</strong></span> <span class='ocrx_word' id='word_1_788' title='bbox 3101 4174 3188 4228; x_wconf 91' lang='lat' dir='ltr'><strong>ille</strong></span> <span class='ocrx_word' id='word_1_789' title='bbox 3202 4174 3372 4243; x_wconf 88' lang='lat' dir='ltr'><strong>primo</strong></span> <span class='ocrx_word' id='word_1_790' title='bbox 3396 4173 3608 4229; x_wconf 84' lang='lat' dir='ltr'><strong>homine</strong></span> 
     </span>
    </p>
   </div>
   <div class='ocr_carea' id='block_1_99' title="bbox 2035 4263 3608 4333">
    <p class='ocr_par' dir='ltr' id='par_1_99' title="bbox 2035 4263 3608 4333">
     <span class='ocr_line' id='line_1_99' title="bbox 2035 4263 3608 4333; baseline 0.003 -18"><span class='ocrx_word' id='word_1_791' title='bbox 2035 4263 2291 4333; x_wconf 71' lang='lat' dir='ltr'><strong>“originem</strong></span> <span class='ocrx_word' id='word_1_792' title='bbox 2321 4263 2483 4326; x_wconf 90' lang='lat' dir='ltr'><strong>ducit,</strong></span> <span class='ocrx_word' id='word_1_793' title='bbox 2531 4263 2774 4318; x_wconf 80' lang='lat' dir='ltr'><strong>sufﬁcere</strong></span> <span class='ocrx_word' id='word_1_794' title='bbox 2819 4264 2947 4318; x_wconf 89' lang='lat' dir='ltr'><strong>dicit</strong></span> <span class='ocrx_word' id='word_1_795' title='bbox 2980 4263 3045 4317; x_wconf 88' lang='lat' dir='ltr'><strong>ad</strong></span> <span class='ocrx_word' id='word_1_796' title='bbox 3091 4265 3608 4320; x_wconf 86' lang='lat' dir='ltr'><strong>condemnationem.</strong></span> 
     </span>
    </p>
   </div>
   <div class='ocr_carea' id='block_1_100' title="bbox 2038 4353 3610 4425">
    <p class='ocr_par' dir='ltr' id='par_1_100' title="bbox 2038 4353 3610 4425">
     <span class='ocr_line' id='line_1_100' title="bbox 2038 4353 3610 4425; baseline 0.003 -18"><span class='ocrx_word' id='word_1_797' title='bbox 2038 4353 2160 4410; x_wconf 87' lang='lat' dir='ltr'><strong>Ideo</strong></span> <span class='ocrx_word' id='word_1_798' title='bbox 2183 4369 2290 4410; x_wconf 91' lang='lat' dir='ltr'><strong>non</strong></span> <span class='ocrx_word' id='word_1_799' title='bbox 2318 4363 2400 4410; x_wconf 88' lang='lat' dir='ltr'><strong>est</strong></span> <span class='ocrx_word' id='word_1_800' title='bbox 2424 4355 2718 4424; x_wconf 81' lang='lat' dir='ltr'><strong>superﬂuus</strong></span> <span class='ocrx_word' id='word_1_801' title='bbox 2747 4355 3039 4424; x_wconf 88' lang='lat' dir='ltr'><strong>baptismus</strong></span> <span class='ocrx_word' id='word_1_802' title='bbox 3069 4358 3493 4423; x_wconf 83' lang='lat' dir='ltr'><strong>parvulorum,ut</strong></span> <span class='ocrx_word' id='word_1_803' title='bbox 3519 4357 3610 4425; x_wconf 89' lang='lat' dir='ltr'><strong>qui</strong></span> 
     </span>
    </p>
   </div>
   <div class='ocr_carea' id='block_1_101' title="bbox 2035 4445 3610 4517">
    <p class='ocr_par' dir='ltr' id='par_1_101' title="bbox 2035 4445 3610 4517">
     <span class='ocr_line' id='line_1_101' title="bbox 2035 4445 3610 4517; baseline 0.001 -15"><span class='ocrx_word' id='word_1_804' title='bbox 2035 4460 2134 4516; x_wconf 85' lang='lat' dir='ltr'><strong>per</strong></span> <span class='ocrx_word' id='word_1_805' title='bbox 2156 4445 2547 4517; x_wconf 86' lang='lat' dir='ltr'><strong>generationem</strong></span> <span class='ocrx_word' id='word_1_806' title='bbox 2581 4447 2652 4500; x_wconf 88' lang='lat' dir='ltr'><strong>illi</strong></span> <span class='ocrx_word' id='word_1_807' title='bbox 2673 4445 3099 4502; x_wconf 84' lang='lat' dir='ltr'><strong>cendemnatieni</strong></span> <span class='ocrx_word' id='word_1_808' title='bbox 3119 4445 3331 4516; x_wconf 80' lang='lat' dir='ltr'><strong>Obligati</strong></span> <span class='ocrx_word' id='word_1_809' title='bbox 3347 4457 3488 4511; x_wconf 89' lang='lat' dir='ltr'><strong>sunt,</strong></span> <span class='ocrx_word' id='word_1_810' title='bbox 3512 4463 3610 4516; x_wconf 80' lang='lat' dir='ltr'><strong>per</strong></span> 
     </span>
    </p>
   </div>
   <div class='ocr_carea' id='block_1_102' title="bbox 2032 4536 3610 4608">
    <p class='ocr_par' dir='ltr' id='par_1_102' title="bbox 2032 4536 3610 4608">
     <span class='ocr_line' id='line_1_102' title="bbox 2032 4536 3610 4608; baseline 0.002 -16"><span class='ocrx_word' id='word_1_811' title='bbox 2032 4540 2495 4608; x_wconf 79' lang='lat' dir='ltr'><strong>&quot;regenerationem</strong></span> <span class='ocrx_word' id='word_1_812' title='bbox 2523 4538 2591 4590; x_wconf 83' lang='lat' dir='ltr'><strong>ab</strong></span> <span class='ocrx_word' id='word_1_813' title='bbox 2613 4539 2798 4592; x_wconf 87' lang='lat' dir='ltr'><strong>eadem</strong></span> <span class='ocrx_word' id='word_1_814' title='bbox 2840 4536 3280 4594; x_wconf 83' lang='lat' dir='ltr'><strong>condenuiatione</strong></span> <span class='ocrx_word' id='word_1_815' title='bbox 3306 4539 3610 4595; x_wconf 84' lang='lat' dir='ltr'><strong>solvantur:</strong></span> 
     </span>
    </p>
   </div>
   <div class='ocr_carea' id='block_1_103' title="bbox 2036 4629 3614 4701">
    <p class='ocr_par' dir='ltr' id='par_1_103' title="bbox 2036 4629 3614 4701">
     <span class='ocr_line' id='line_1_103' title="bbox 2036 4629 3614 4701; baseline -0.001 -15"><span class='ocrx_word' id='word_1_816' title='bbox 2036 4632 2176 4686; x_wconf 85' lang='lat' dir='ltr'><strong>sicut</strong></span> <span class='ocrx_word' id='word_1_817' title='bbox 2198 4631 2342 4687; x_wconf 90' lang='lat' dir='ltr'><strong>enim</strong></span> <span class='ocrx_word' id='word_1_818' title='bbox 2367 4645 2470 4686; x_wconf 89' lang='lat' dir='ltr'><strong>non</strong></span> <span class='ocrx_word' id='word_1_819' title='bbox 2497 4629 2762 4687; x_wconf 88' lang='lat' dir='ltr'><strong>invenitur</strong></span> <span class='ocrx_word' id='word_1_820' title='bbox 2787 4631 2949 4686; x_wconf 86' lang='lat' dir='ltr'><strong>homo</strong></span> <span class='ocrx_word' id='word_1_821' title='bbox 2974 4631 3062 4701; x_wconf 89' lang='lat' dir='ltr'><strong>qui</strong></span> <span class='ocrx_word' id='word_1_822' title='bbox 3087 4641 3276 4700; x_wconf 60' lang='lat' dir='ltr'><strong>praeter</strong></span> <span class='ocrx_word' id='word_1_823' title='bbox 3301 4631 3464 4684; x_wconf 79' lang='lat' dir='ltr'><strong>Adam</strong></span> <span class='ocrx_word' id='word_1_824' title='bbox 3497 4646 3614 4685; x_wconf 85' lang='lat' dir='ltr'><strong>car-</strong></span> 
     </span>
    </p>
   </div>
   <div class='ocr_carea' id='block_1_104' title="bbox 2038 4721 3611 4797">
    <p class='ocr_par' dir='ltr' id='par_1_104' title="bbox 2038 4721 3611 4797">
     <span class='ocr_line' id='line_1_104' title="bbox 2038 4721 3611 4797; baseline -0.001 -17"><span class='ocrx_word' id='word_1_825' title='bbox 2038 4726 2230 4780; x_wconf 88' lang='lat' dir='ltr'><strong>naliter</strong></span> <span class='ocrx_word' id='word_1_826' title='bbox 2254 4735 2534 4797; x_wconf 88' lang='lat' dir='ltr'><strong>generetur</strong></span> <span class='ocrx_word' id='word_1_827' title='bbox 2561 4726 2580 4759; x_wconf 86' lang='grc'>³</span> <span class='ocrx_word' id='word_1_828' title='bbox 2603 4742 2618 4791; x_wconf 92' lang='lat'><strong>;</strong></span> <span class='ocrx_word' id='word_1_829' title='bbox 2643 4726 2723 4780; x_wconf 86' lang='lat' dir='ltr'><strong>sic</strong></span> <span class='ocrx_word' id='word_1_830' title='bbox 2750 4739 2855 4778; x_wconf 84' lang='lat' dir='ltr'><strong>non</strong></span> <span class='ocrx_word' id='word_1_831' title='bbox 2888 4721 3150 4780; x_wconf 81' lang='lat' dir='ltr'><strong>invenitur</strong></span> <span class='ocrx_word' id='word_1_832' title='bbox 3178 4725 3349 4780; x_wconf 78' lang='lat' dir='ltr'><strong>homo</strong></span> <span class='ocrx_word' id='word_1_833' title='bbox 3367 4727 3454 4794; x_wconf 89' lang='lat' dir='ltr'><strong>qui</strong></span> <span class='ocrx_word' id='word_1_834' title='bbox 3476 4734 3611 4794; x_wconf 61' lang='lat' dir='ltr'><strong>prro:-</strong></span> 
     </span>
    </p>
   </div>
   <div class='ocr_carea' id='block_1_105' title="bbox 2030 4819 3607 4888">
    <p class='ocr_par' dir='ltr' id='par_1_105' title="bbox 2030 4819 3607 4888">
     <span class='ocr_line' id='line_1_105' title="bbox 2030 4819 3607 4888; baseline -0.003 -13"><span class='ocrx_word' id='word_1_835' title='bbox 2030 4825 2122 4875; x_wconf 82' lang='lat' dir='ltr'><strong>-ter</strong></span> <span class='ocrx_word' id='word_1_836' title='bbox 2144 4819 2413 4874; x_wconf 90' lang='lat' dir='ltr'><strong>Christum</strong></span> <span class='ocrx_word' id='word_1_837' title='bbox 2429 4819 2770 4888; x_wconf 80' lang='lat' dir='ltr'><strong>Spiritualiter</strong></span> <span class='ocrx_word' id='word_1_838' title='bbox 2797 4827 3157 4888; x_wconf 82' lang='lat' dir='ltr'><strong>regeneretur.</strong></span> <span class='ocrx_word' id='word_1_839' title='bbox 3173 4819 3408 4872; x_wconf 81' lang='lat' dir='ltr'><strong>Carnalis</strong></span> <span class='ocrx_word' id='word_1_840' title='bbox 3432 4826 3607 4871; x_wconf 82' lang='lat' dir='ltr'><strong>autem</strong></span> 
     </span>
    </p>
   </div>
   <div class='ocr_carea' id='block_1_106' title="bbox 2038 4907 3605 4979">
    <p class='ocr_par' dir='ltr' id='par_1_106' title="bbox 2038 4907 3605 4979">
     <span class='ocr_line' id='line_1_106' title="bbox 2038 4907 3605 4979; baseline -0.001 -16"><span class='ocrx_word' id='word_1_841' title='bbox 2038 4908 2510 4979; x_wconf 84' lang='lat' dir='ltr'><strong>generatiodelicte</strong></span> <span class='ocrx_word' id='word_1_842' title='bbox 2537 4909 2610 4962; x_wconf 91' lang='lat' dir='ltr'><strong>illi</strong></span> <span class='ocrx_word' id='word_1_843' title='bbox 2632 4909 2742 4971; x_wconf 88' lang='lat' dir='ltr'><strong>uni,</strong></span> <span class='ocrx_word' id='word_1_844' title='bbox 2769 4908 3173 4963; x_wconf 82' lang='lat' dir='ltr'><strong>etdamnatieni</strong></span> <span class='ocrx_word' id='word_1_845' title='bbox 3195 4909 3311 4976; x_wconf 87' lang='lat' dir='ltr'><strong>ejus</strong></span> <span class='ocrx_word' id='word_1_846' title='bbox 3332 4907 3354 4939; x_wconf 64' lang='grc' dir='ltr'>δ</span> <span class='ocrx_word' id='word_1_847' title='bbox 3378 4907 3605 4962; x_wconf 80' lang='lat' dir='ltr'><strong>obnoxia</strong></span> 
     </span>
    </p>
   </div>
   <div class='ocr_carea' id='block_1_107' title="bbox 2039 4998 3610 5069">
    <p class='ocr_par' dir='ltr' id='par_1_107' title="bbox 2039 4998 3610 5069">
     <span class='ocr_line' id='line_1_107' title="bbox 2039 4998 3610 5069; baseline -0.003 -14"><span class='ocrx_word' id='word_1_848' title='bbox 2039 5008 2152 5064; x_wconf 85' lang='lat' dir='ltr'><strong>est;</strong></span> <span class='ocrx_word' id='word_1_849' title='bbox 2183 4998 2464 5068; x_wconf 87' lang='lat' dir='ltr'><strong>spiritualis</strong></span> <span class='ocrx_word' id='word_1_850' title='bbox 2483 5013 2609 5053; x_wconf 88' lang='lat' dir='ltr'><strong>vero</strong></span> <span class='ocrx_word' id='word_1_851' title='bbox 2634 5001 2960 5069; x_wconf 84' lang='lat' dir='ltr'><strong>regeneratio</strong></span> <span class='ocrx_word' id='word_1_852' title='bbox 2975 5016 3080 5059; x_wconf 86' lang='lat' dir='ltr'><strong>non</strong></span> <span class='ocrx_word' id='word_1_853' title='bbox 3108 4999 3278 5054; x_wconf 86' lang='lat' dir='ltr'><strong>solum</strong></span> <span class='ocrx_word' id='word_1_854' title='bbox 3295 4999 3422 5052; x_wconf 88' lang='lat' dir='ltr'><strong>illud</strong></span> <span class='ocrx_word' id='word_1_855' title='bbox 3449 5013 3610 5051; x_wconf 90' lang='lat' dir='ltr'><strong>unum</strong></span> 
     </span>
    </p>
   </div>
   <div class='ocr_carea' id='block_1_108' title="bbox 2023 5088 3612 5162">
    <p class='ocr_par' dir='ltr' id='par_1_108' title="bbox 2023 5088 3612 5162">
     <span class='ocr_line' id='line_1_108' title="bbox 2023 5088 3612 5162; baseline -0.003 -17"><span class='ocrx_word' id='word_1_856' title='bbox 2023 5099 2258 5162; x_wconf 84' lang='lat' dir='ltr'><strong>propter</strong></span> <span class='ocrx_word' id='word_1_857' title='bbox 2279 5089 2420 5158; x_wconf 90' lang='lat' dir='ltr'><strong>quod</strong></span> <span class='ocrx_word' id='word_1_858' title='bbox 2449 5088 2780 5158; x_wconf 82' lang='lat' dir='ltr'><strong>baptizantur</strong></span> <span class='ocrx_word' id='word_1_859' title='bbox 2821 5090 3068 5152; x_wconf 83' lang='lat' dir='ltr'><strong>infantes,</strong></span> <span class='ocrx_word' id='word_1_860' title='bbox 3100 5088 3384 5148; x_wconf 73' lang='lat' dir='ltr'><strong>sedmulta</strong></span> <span class='ocrx_word' id='word_1_861' title='bbox 3423 5089 3612 5143; x_wconf 85' lang='lat' dir='ltr'><strong>delicta</strong></span> 
     </span>
    </p>
   </div>
   <div class='ocr_carea' id='block_1_109' title="bbox 2042 5178 3609 5252">
    <p class='ocr_par' dir='ltr' id='par_1_109' title="bbox 2042 5178 3609 5252">
     <span class='ocr_line' id='line_1_109' title="bbox 2042 5178 3609 5252; baseline -0.004 -12"><span class='ocrx_word' id='word_1_862' title='bbox 2042 5185 2166 5240; x_wconf 85' lang='lat' dir='ltr'><strong>facit</strong></span> <span class='ocrx_word' id='word_1_863' title='bbox 2188 5181 2408 5248; x_wconf 85' lang='lat' dir='ltr'><strong>aboleri,</strong></span> <span class='ocrx_word' id='word_1_864' title='bbox 2437 5178 2558 5252; x_wconf 67' lang='lat' dir='ltr'><strong>qua:</strong></span> <span class='ocrx_word' id='word_1_865' title='bbox 2593 5181 2833 5236; x_wconf 84' lang='lat' dir='ltr'><strong>homines</strong></span> <span class='ocrx_word' id='word_1_866' title='bbox 2859 5183 3004 5237; x_wconf 87' lang='lat' dir='ltr'><strong>male</strong></span> <span class='ocrx_word' id='word_1_867' title='bbox 3019 5179 3282 5246; x_wconf 59' lang='lat' dir='ltr'><strong>vivendo,</strong></span> <span class='ocrx_word' id='word_1_868' title='bbox 3314 5179 3380 5235; x_wconf 91' lang='lat' dir='ltr'><strong>ad</strong></span> <span class='ocrx_word' id='word_1_869' title='bbox 3405 5178 3530 5234; x_wconf 79' lang='lat' dir='ltr'><strong>illud</strong></span> <span class='ocrx_word' id='word_1_870' title='bbox 3557 5178 3609 5234; x_wconf 87' lang='lat' dir='ltr'><strong>in</strong></span> 
     </span>
    </p>
   </div>
   <div class='ocr_carea' id='block_1_110' title="bbox 336 5283 2036 5360">
    <p class='ocr_par' dir='ltr' id='par_1_110' title="bbox 336 5283 2036 5360">
     <span class='ocr_line' id='line_1_110' title="bbox 336 5283 2036 5360; baseline 0.009 -22"><span class='ocrx_word' id='word_1_871' title='bbox 336 5295 482 5356; x_wconf 73' lang='lat' dir='ltr'><strong>agat</strong></span> <span class='ocrx_word' id='word_1_872' title='bbox 510 5288 709 5357; x_wconf 85' lang='lat' dir='ltr'><strong>gratias</strong></span> <span class='ocrx_word' id='word_1_873' title='bbox 733 5304 798 5348; x_wconf 62' lang='lat' dir='ltr'><strong>est</strong></span> <span class='ocrx_word' id='word_1_874' title='bbox 834 5305 899 5346; x_wconf 90' lang='lat' dir='ltr'><strong>eo</strong></span> <span class='ocrx_word' id='word_1_875' title='bbox 931 5290 1075 5360; x_wconf 88' lang='lat' dir='ltr'><strong>quod</strong></span> <span class='ocrx_word' id='word_1_876' title='bbox 1102 5283 1294 5360; x_wconf 82' lang='lat' dir='ltr'><strong>potest,</strong></span> <span class='ocrx_word' id='word_1_877' title='bbox 1322 5305 1352 5344; x_wconf 89' lang='lat' dir='ltr'><strong>a</strong></span> <span class='ocrx_word' id='word_1_878' title='bbox 1390 5305 1493 5360; x_wconf 90' lang='lat' dir='ltr'><strong>quo</strong></span> <span class='ocrx_word' id='word_1_879' title='bbox 1522 5293 1806 5360; x_wconf 86' lang='lat' dir='ltr'><strong>petendum</strong></span> <span class='ocrx_word' id='word_1_880' title='bbox 1855 5309 1938 5353; x_wconf 87' lang='lat' dir='ltr'><strong>est</strong></span> <span class='ocrx_word' id='word_1_881' title='bbox 2024 5298 2036 5305; x_wconf 82' lang='grc'><em>’</em></span> 
     </span>
    </p>
   </div>
   <div class='ocr_carea' id='block_1_111' title="bbox 334 5376 2030 5454">
    <p class='ocr_par' dir='ltr' id='par_1_111' title="bbox 334 5376 2030 5454">
     <span class='ocr_line' id='line_1_111' title="bbox 334 5376 2030 5454; baseline 0.009 -24"><span class='ocrx_word' id='word_1_882' title='bbox 334 5377 502 5446; x_wconf 85' lang='lat' dir='ltr'><strong>~quod</strong></span> <span class='ocrx_word' id='word_1_883' title='bbox 535 5379 766 5434; x_wconf 89' lang='lat' dir='ltr'><strong>nondum</strong></span> <span class='ocrx_word' id='word_1_884' title='bbox 796 5376 1011 5454; x_wconf 72' lang='lat' dir='ltr'><strong>potest?</strong></span> <span class='ocrx_word' id='word_1_885' title='bbox 1043 5379 1190 5438; x_wconf 91' lang='lat' dir='ltr'><strong>Unde</strong></span> <span class='ocrx_word' id='word_1_886' title='bbox 1218 5383 1372 5436; x_wconf 87' lang='lat' dir='ltr'><strong>etiam</strong></span> <span class='ocrx_word' id='word_1_887' title='bbox 1402 5382 1489 5452; x_wconf 87' lang='lat' dir='ltr'><strong>qui</strong></span> <span class='ocrx_word' id='word_1_888' title='bbox 1514 5383 1624 5452; x_wconf 90' lang='lat' dir='ltr'><strong>jam</strong></span> <span class='ocrx_word' id='word_1_889' title='bbox 1659 5389 1938 5445; x_wconf 89' lang='lat' dir='ltr'><strong>continens</strong></span> <span class='ocrx_word' id='word_1_890' title='bbox 2023 5377 2030 5398; x_wconf 69' lang='grc'><em>³</em></span> 
     </span>
    </p>
   </div>
   <div class='ocr_carea' id='block_1_112' title="bbox 2027 5453 3618 5526">
    <p class='ocr_par' dir='ltr' id='par_1_112' title="bbox 2027 5453 3618 5526">
     <span class='ocr_line' id='line_1_112' title="bbox 2027 5453 3618 5526; baseline 0.003 -22"><span class='ocrx_word' id='word_1_891' title='bbox 2027 5492 2036 5504; x_wconf 93' lang='grc'><strong>.</strong></span> <span class='ocrx_word' id='word_1_892' title='bbox 2107 5458 2128 5488; x_wconf 73' lang='grc' dir='ltr'><strong>ι</strong></span> <span class='ocrx_word' id='word_1_893' title='bbox 2152 5459 2259 5525; x_wconf 80' lang='lat' dir='ltr'><strong>ead.</strong></span> <span class='ocrx_word' id='word_1_894' title='bbox 2285 5453 2483 5506; x_wconf 57' lang='lat' dir='ltr'><strong>mox</strong></span> <span class='ocrx_word' id='word_1_895' title='bbox 2510 5465 2561 5506; x_wconf 90' lang='lat' dir='ltr'><strong>et</strong></span> <span class='ocrx_word' id='word_1_896' title='bbox 2597 5456 2834 5526; x_wconf 72' lang='lat' dir='ltr'><strong>.‘otss._duo</strong></span> <span class='ocrx_word' id='word_1_897' title='bbox 2857 5458 3021 5526; x_wconf 50' lang='lat' dir='ltr'><strong>Vatia”</strong></span> <span class='ocrx_word' id='word_1_898' title='bbox 3057 5467 3200 5510; x_wconf 81' lang='lat' dir='ltr'><strong>nunc.</strong></span> <span class='ocrx_word' id='word_1_899' title='bbox 3224 5453 3618 5509; x_wconf 66' lang='lat' dir='ltr'><strong>adnuntiatum</strong></span> 
     </span>
    </p>
   </div>
   <div class='ocr_carea' id='block_1_113' title="bbox 2023 5522 3091 5582">
    <p class='ocr_par' dir='ltr' id='par_1_113' title="bbox 2023 5522 3091 5582">
     <span class='ocr_line' id='line_1_113' title="bbox 2023 5522 3091 5582; baseline -0.002 -10"><span class='ocrx_word' id='word_1_900' title='bbox 2023 5522 2303 5582; x_wconf 60' lang='lat' dir='ltr'><strong>,Orntionem</strong></span> <span class='ocrx_word' id='word_1_901' title='bbox 2324 5528 2534 5569; x_wconf 57' lang='lat' dir='ltr'><strong>uestram</strong></span> <span class='ocrx_word' id='word_1_902' title='bbox 2554 5534 2676 5570; x_wconf 82' lang='lat' dir='ltr'><strong>nunc</strong></span> <span class='ocrx_word' id='word_1_903' title='bbox 2698 5522 2969 5582; x_wconf 73' lang='lat' dir='ltr'><strong>fructuosis.</strong></span> <span class='ocrx_word' id='word_1_904' title='bbox 2997 5531 3091 5570; x_wconf 86' lang='lat' dir='ltr'><strong>etc.</strong></span> 
     </span>
    </p>
   </div>
   <div class='ocr_carea' id='block_1_114' title="bbox 333 5469 1936 5542">
    <p class='ocr_par' dir='ltr' id='par_1_114' title="bbox 333 5469 1936 5542">
     <span class='ocr_line' id='line_1_114' title="bbox 333 5469 1936 5542; baseline 0.01 -22"><span class='ocrx_word' id='word_1_905' title='bbox 333 5477 464 5534; x_wconf 68' lang='lat' dir='ltr'><strong>&#39;cst,</strong></span> <span class='ocrx_word' id='word_1_906' title='bbox 484 5483 591 5523; x_wconf 90' lang='lat' dir='ltr'><strong>non</strong></span> <span class='ocrx_word' id='word_1_907' title='bbox 621 5469 780 5526; x_wconf 89' lang='lat' dir='ltr'><strong>habet</strong></span> <span class='ocrx_word' id='word_1_908' title='bbox 803 5472 992 5542; x_wconf 79' lang='lat' dir='ltr'><strong>utique</strong></span> <span class='ocrx_word' id='word_1_909' title='bbox 1014 5473 1414 5538; x_wconf 89' lang='lat' dir='ltr'><strong>continentiam,</strong></span> <span class='ocrx_word' id='word_1_910' title='bbox 1446 5472 1545 5527; x_wconf 89' lang='lat' dir='ltr'><strong>nisi</strong></span> <span class='ocrx_word' id='word_1_911' title='bbox 1588 5475 1725 5531; x_wconf 89' lang='lat' dir='ltr'><strong>adsit</strong></span> <span class='ocrx_word' id='word_1_912' title='bbox 1748 5470 1936 5535; x_wconf 79' lang='lat' dir='ltr'><strong>volun—</strong></span> 
     </span>
    </p>
   </div>
   <div class='ocr_carea' id='block_1_115' title="bbox 333 5559 1942 5637">
    <p class='ocr_par' dir='ltr' id='par_1_115' title="bbox 333 5559 1942 5637">
     <span class='ocr_line' id='line_1_115' title="bbox 333 5559 1942 5637; baseline 0.008 -24"><span class='ocrx_word' id='word_1_913' title='bbox 333 5559 338 5580; x_wconf 79' lang='grc'><strong><em>⁵</em></strong></span> <span class='ocrx_word' id='word_1_914' title='bbox 364 5571 476 5625; x_wconf 85' lang='lat' dir='ltr'><strong>tas;</strong></span> <span class='ocrx_word' id='word_1_915' title='bbox 505 5563 599 5618; x_wconf 86' lang='lat' dir='ltr'><strong>sed</strong></span> <span class='ocrx_word' id='word_1_916' title='bbox 623 5563 721 5619; x_wconf 92' lang='lat' dir='ltr'><strong>nisi</strong></span> <span class='ocrx_word' id='word_1_917' title='bbox 748 5566 1061 5636; x_wconf 88' lang='lat' dir='ltr'><strong>accepisset,</strong></span> <span class='ocrx_word' id='word_1_918' title='bbox 1092 5560 1215 5636; x_wconf 90' lang='lat' dir='ltr'><strong>quid</strong></span> <span class='ocrx_word' id='word_1_919' title='bbox 1249 5565 1467 5619; x_wconf 86' lang='lat' dir='ltr'><strong>haberet</strong></span> <span class='ocrx_word' id='word_1_920' title='bbox 1503 5567 1782 5624; x_wconf 74' lang='lat' dir='ltr'><strong>voluntas?</strong></span> <span class='ocrx_word' id='word_1_921' title='bbox 1805 5571 1942 5637; x_wconf 85' lang='lat' dir='ltr'><strong>Quid</strong></span> 
     </span>
    </p>
   </div>
   <div class='ocr_carea' id='block_1_116' title="bbox 329 5653 1944 5728">
    <p class='ocr_par' dir='ltr' id='par_1_116' title="bbox 329 5653 1944 5728">
     <span class='ocr_line' id='line_1_116' title="bbox 329 5653 1944 5728; baseline 0.009 -23"><span class='ocrx_word' id='word_1_922' title='bbox 329 5663 342 5672; x_wconf 86' lang='lat'><strong><em>’</em></strong></span> <span class='ocrx_word' id='word_1_923' title='bbox 363 5653 495 5706; x_wconf 77' lang='lat' dir='ltr'><strong>enim</strong></span> <span class='ocrx_word' id='word_1_924' title='bbox 527 5654 697 5721; x_wconf 84' lang='lat' dir='ltr'><strong>habes,</strong></span> <span class='ocrx_word' id='word_1_925' title='bbox 731 5656 920 5728; x_wconf 90' lang='lat' dir='ltr'><strong>inquit,</strong></span> <span class='ocrx_word' id='word_1_926' title='bbox 948 5659 1081 5726; x_wconf 87' lang='lat' dir='ltr'><strong>quod</strong></span> <span class='ocrx_word' id='word_1_927' title='bbox 1111 5673 1208 5711; x_wconf 91' lang='lat' dir='ltr'><strong>non</strong></span> <span class='ocrx_word' id='word_1_928' title='bbox 1228 5656 1498 5725; x_wconf 80' lang='lat' dir='ltr'><strong>accepisti?</strong></span> <span class='ocrx_word' id='word_1_929' title='bbox 1535 5657 1594 5714; x_wconf 87' lang='lat' dir='ltr'><strong>Si</strong></span> <span class='ocrx_word' id='word_1_930' title='bbox 1615 5671 1780 5717; x_wconf 87' lang='lat' dir='ltr'><strong>autem</strong></span> <span class='ocrx_word' id='word_1_931' title='bbox 1800 5681 1944 5720; x_wconf 82' lang='lat' dir='ltr'><strong>acce-</strong></span> 
     </span>
    </p>
   </div>
   <div class='ocr_carea' id='block_1_117' title="bbox 367 5744 1943 5831">
    <p class='ocr_par' dir='ltr' id='par_1_117' title="bbox 367 5744 1943 5831">
     <span class='ocr_line' id='line_1_117' title="bbox 367 5744 1943 5831; baseline 0.011 -34"><span class='ocrx_word' id='word_1_932' title='bbox 367 5744 506 5813; x_wconf 81' lang='lat' dir='ltr'><strong>pisti,</strong></span> <span class='ocrx_word' id='word_1_933' title='bbox 538 5748 660 5818; x_wconf 80' lang='lat' dir='ltr'><strong>quid</strong></span> <span class='ocrx_word' id='word_1_934' title='bbox 684 5749 920 5820; x_wconf 82' lang='lat' dir='ltr'><strong>gloriaris</strong></span> <span class='ocrx_word' id='word_1_935' title='bbox 951 5751 1096 5821; x_wconf 84' lang='lat' dir='ltr'><strong>quasi</strong></span> <span class='ocrx_word' id='word_1_936' title='bbox 1120 5765 1218 5804; x_wconf 90' lang='lat' dir='ltr'><strong>non</strong></span> <span class='ocrx_word' id='word_1_937' title='bbox 1246 5751 1493 5818; x_wconf 84' lang='lat' dir='ltr'><strong>acceperis</strong></span> <span class='ocrx_word' id='word_1_938' title='bbox 1529 5751 1574 5820; x_wconf 95' lang='lat' dir='ltr'><strong>(l</strong></span> <span class='ocrx_word' id='word_1_939' title='bbox 1595 5751 1713 5808; x_wconf 88' lang='lat' dir='ltr'><strong>Cor.</strong></span> <span class='ocrx_word' id='word_1_940' title='bbox 1758 5758 1813 5824; x_wconf 81' lang='grc'><strong>4,</strong></span> <span class='ocrx_word' id='word_1_941' title='bbox 1841 5758 1943 5831; x_wconf 86' lang='lat'><strong>7)?</strong></span> 
     </span>
    </p>
   </div>
   <div class='ocr_carea' id='block_1_118' title="bbox 2107 5391 2722 5454">
    <p class='ocr_par' dir='ltr' id='par_1_118' title="bbox 2107 5391 2722 5454">
     <span class='ocr_line' id='line_1_118' title="bbox 2107 5391 2722 5454; baseline 0.003 -12"><span class='ocrx_word' id='word_1_942' title='bbox 2107 5395 2124 5427; x_wconf 73' lang='grc' dir='ltr'>ι</span> <span class='ocrx_word' id='word_1_943' title='bbox 2157 5393 2267 5444; x_wconf 81' lang='lat' dir='ltr'><strong>cdd.</strong></span> <span class='ocrx_word' id='word_1_944' title='bbox 2291 5394 2407 5454; x_wconf 89' lang='lat' dir='ltr'><strong>duo,</strong></span> <span class='ocrx_word' id='word_1_945' title='bbox 2424 5391 2722 5445; x_wconf 82' lang='lat' dir='ltr'><strong>voluerimus.</strong></span> 
     </span>
    </p>
   </div>
   <div class='ocr_carea' id='block_1_119' title="bbox 2115 5576 3620 5652">
    <p class='ocr_par' dir='ltr' id='par_1_119' title="bbox 2115 5576 3620 5652">
     <span class='ocr_line' id='line_1_119' title="bbox 2115 5576 3620 5652; baseline 0.005 -26"><span class='ocrx_word' id='word_1_946' title='bbox 2115 5583 2132 5612; x_wconf 79' lang='grc'>³</span> <span class='ocrx_word' id='word_1_947' title='bbox 2169 5581 2272 5627; x_wconf 69' lang='lat' dir='ltr'><strong>uad.</strong></span> <span class='ocrx_word' id='word_1_948' title='bbox 2295 5585 2388 5652; x_wconf 54' lang='lat' dir='ltr'><strong>ani.</strong></span> <span class='ocrx_word' id='word_1_949' title='bbox 2418 5591 2466 5652; x_wconf 78' lang='lat' dir='ltr'><strong>et</strong></span> <span class='ocrx_word' id='word_1_950' title='bbox 2492 5585 2582 5632; x_wconf 68' lang='lat' dir='ltr'><strong>Frz.</strong></span> <span class='ocrx_word' id='word_1_951' title='bbox 2608 5576 3112 5652; x_wconf 69' lang='lat' dir='ltr'><strong>per&#39;_regenerationcm</strong></span> <span class='ocrx_word' id='word_1_952' title='bbox 3133 5579 3405 5652; x_wconf 74' lang='lat' dir='ltr'><strong>liberentur.</strong></span> <span class='ocrx_word' id='word_1_953' title='bbox 3424 5587 3478 5652; x_wconf 60' lang='lat' dir='ltr'><strong>Et</strong></span> <span class='ocrx_word' id='word_1_954' title='bbox 3499 5576 3620 5634; x_wconf 76' lang='lat' dir='ltr'><strong>stent</strong></span> 
     </span>
    </p>
   </div>
   <div class='ocr_carea' id='block_1_120' title="bbox 2021 5642 3619 5707">
    <p class='ocr_par' dir='ltr' id='par_1_120' title="bbox 2021 5642 3619 5707">
     <span class='ocr_line' id='line_1_120' title="bbox 2021 5642 3619 5707; baseline 0.004 -17"><span class='ocrx_word' id='word_1_955' title='bbox 2021 5655 2140 5707; x_wconf 63' lang='lat' dir='ltr'><strong>non</strong></span> <span class='ocrx_word' id='word_1_956' title='bbox 2162 5642 2392 5691; x_wconf 77' lang='lat' dir='ltr'><strong>invenitur</strong></span> <span class='ocrx_word' id='word_1_957' title='bbox 2431 5647 2584 5696; x_wconf 68' lang='lat' dir='ltr'><strong>nonac.</strong></span> <span class='ocrx_word' id='word_1_958' title='bbox 2609 5642 2716 5707; x_wconf 64' lang='lat' dir='ltr'><strong>qui</strong></span> <span class='ocrx_word' id='word_1_959' title='bbox 2749 5642 2808 5694; x_wconf 74' lang='lat' dir='ltr'><strong>de</strong></span> <span class='ocrx_word' id='word_1_960' title='bbox 2846 5647 3017 5696; x_wconf 79' lang='lat' dir='ltr'><strong>eadem</strong></span> <span class='ocrx_word' id='word_1_961' title='bbox 3042 5647 3342 5696; x_wconf 68' lang='lat' dir='ltr'><strong>armatam</strong></span> <span class='ocrx_word' id='word_1_962' title='bbox 3377 5648 3619 5697; x_wconf 61' lang='lat' dir='ltr'><strong>salvatus:</strong></span> 
     </span>
    </p>
   </div>
   <div class='ocr_carea' id='block_1_121' title="bbox 2049 5705 2626 5763">
    <p class='ocr_par' dir='ltr' id='par_1_121' title="bbox 2049 5705 2626 5763">
     <span class='ocr_line' id='line_1_121' title="bbox 2049 5705 2626 5763; baseline -0.002 -7"><span class='ocrx_word' id='word_1_963' title='bbox 2049 5705 2118 5756; x_wconf 73' lang='lat' dir='ltr'><strong>sic</strong></span> <span class='ocrx_word' id='word_1_964' title='bbox 2144 5718 2235 5756; x_wconf 82' lang='lat' dir='ltr'><strong>non</strong></span> <span class='ocrx_word' id='word_1_965' title='bbox 2257 5708 2506 5763; x_wconf 69' lang='lat' dir='ltr'><strong>Invenitur,</strong></span> <span class='ocrx_word' id='word_1_966' title='bbox 2524 5720 2626 5760; x_wconf 82' lang='lat' dir='ltr'><strong>etc.</strong></span> 
     </span>
    </p>
   </div>
   <div class='ocr_carea' id='block_1_122' title="bbox 2118 5763 3518 5836">
    <p class='ocr_par' dir='ltr' id='par_1_122' title="bbox 2118 5763 3518 5836">
     <span class='ocr_line' id='line_1_122' title="bbox 2118 5763 3518 5836; baseline 0.011 -24"><span class='ocrx_word' id='word_1_967' title='bbox 2118 5768 2136 5798; x_wconf 70' lang='grc' dir='ltr'><strong>ι</strong></span> <span class='ocrx_word' id='word_1_968' title='bbox 2172 5773 2273 5815; x_wconf 67' lang='lat' dir='ltr'><strong>Mss.</strong></span> <span class='ocrx_word' id='word_1_969' title='bbox 2299 5763 2494 5830; x_wconf 77' lang='lat' dir='ltr'><strong>aliquot,</strong></span> <span class='ocrx_word' id='word_1_970' title='bbox 2521 5779 2567 5818; x_wconf 80' lang='grc' dir='ltr'><strong>ιιι</strong></span> <span class='ocrx_word' id='word_1_971' title='bbox 2603 5775 2689 5820; x_wconf 70' lang='lat' dir='ltr'><strong>~m.</strong></span> <span class='ocrx_word' id='word_1_972' title='bbox 2711 5770 2817 5820; x_wconf 74' lang='lat' dir='ltr'><strong>Bad.</strong></span> <span class='ocrx_word' id='word_1_973' title='bbox 2843 5775 2914 5819; x_wconf 71' lang='lat' dir='ltr'><strong>Er.</strong></span> <span class='ocrx_word' id='word_1_974' title='bbox 2943 5770 3254 5832; x_wconf 74' lang='lat' dir='ltr'><strong>[dannmtioni</strong></span> <span class='ocrx_word' id='word_1_975' title='bbox 3275 5771 3518 5836; x_wconf 66' lang='lat' dir='ltr'><strong>obnoxia.)</strong></span> 
     </span>
    </p>
   </div>
  </div>
