2077 3177
282 169 335 199 679

283 234 335 263 quo
348 224 465 263 generati
479 227 550 258 sunt,
563 221 729 251 addiderunt.
743 219 805 248 Ideo
818 220 937 255 sequitur
947 225 973 248 et
985 220 1069 248 dicit:

283 272 314 301 Si
334 272 400 300 enim
413 271 443 298 ob
457 270 531 297 unius
555 269 673 296 delictum
696 275 763 294 mors
781 266 892 301 regnavit
915 274 959 301 per
979 274 1069 300 unum,

282 319 360 346 multo
372 318 452 354 magis
465 318 506 352 qui
528 315 708 343 abundantiam
731 313 819 350 gratia:
830 317 853 340 et
873 313 981 348 justitite
1002 313 1070 340 acci-

283 365 364 400 piunt,
374 364 400 391 in
412 364 462 390 vita
471 362 609 397 regnabunt
618 369 663 396 per
675 368 753 387 unum
764 358 853 387 Iesum
864 358 1000 386 Christum.
1013 357 1070 386 Ita-

281 419 330 445 que
343 410 406 437 sicut
420 417 464 444 per
477 409 551 436 unius
563 407 683 435 delictum
696 407 723 434 in
736 414 821 434 omnes
842 406 955 433 homines
966 405 1000 432 ad
1008 414 1070 433 con-

282 456 477 486 demnationem;
487 455 521 481 ita
535 462 580 489 per
587 453 662 480 unius
671 452 880 487 justiﬁcatt'onem
891 452 917 479 in
928 460 1015 479 omnes
1024 452 1070 479 Ito-

282 502 359 529 mincc
372 501 405 527 ad
413 500 621 536 justi/icationem
632 499 698 526 vita.
715 499 787 526 Sicut
798 499 864 526 enim
873 506 917 533 per
929 498 1071 525 inobedien-

282 550 344 575 tiam
371 548 445 575 unius
470 547 579 574 hominis
602 550 744 583 peccatores
764 545 890 573 constituti
904 550 963 572 sunt
975 545 1071 572 multi:

280 595 316 621 ita
322 602 368 627 per
377 594 451 621 unius
465 592 695 628 obedientiamjuui
703 592 888 619 constituuntur
897 591 970 618 multi
981 590 1068 627 (Rom.

280 648 307 673 ν,
319 639 425 676 12-19).

317 685 360 713 12.
379 685 446 719 Quid
464 684 498 713 ad
514 684 565 713 ista
579 684 675 713 dicturi
688 684 769 712 sunt?
781 687 826 711 aut
839 682 902 719 quid
917 682 956 711 eis
968 686 1069 716 restat,

280 731 332 759 nisi
355 736 384 759 ut
405 731 562 766 Apostolum
584 738 689 759 errasse
710 729 888 758 contendant?
907 728 1010 757 Clamat
1022 736 1070 757 vas

279 778 428 811 electionis,
443 779 536 806 doctor
549 778 683 811 Gentium,
698 777 760 805 tuba
773 775 883 810 Christi,
896 775 1026 803 Iudicium
1038 783 1071 802 ea;

279 833 330 852 uno
346 825 374 852 in
391 825 644 853 condemnationem:
657 828 684 852 et
695 824 840 851 reclamant
852 823 906 857 isti,
920 826 1070 851 asserentes

279 871 412 906 parvulos.
432 879 500 907 quos
520 879 555 899 ex
568 870 614 898 illo
628 877 682 898 uno
700 869 809 897 homine
829 868 863 896 de
876 876 928 904 quo
942 869 1068 904 loquitur,

279 917 376 945 ducere
390 917 559 953 propaginem
572 915 739 950 conﬁtentur,
753 923 807 943 non
818 915 857 942 ire
871 915 897 942 in
908 915 1071 942 condemna-

278 962 388 996 tionem,
402 963 451 990 etsi
462 963 488 989 in
500 962 606 990 Christo
615 969 668 989 non
680 960 917 996 fuerintbaptizati.
929 959 1067 993 Iudicium,

278 1006 372 1043 inquit,
388 1016 419 1035 ea:
430 1016 481 1035 uno
495 1007 521 1035 in
535 1007 765 1035 condemnationem
777 1013 787 1033 :
798 1005 860 1041 quid
873 1005 947 1039 dicit,
960 1012 993 1032 ea:
1006 1013 1067 1038 uno,

278 1054 328 1081 nisi
338 1073 345 1085 .
361 1053 469 1081 delicto?
482 1054 601 1089 sequitur
613 1053 683 1080 enim
693 1073 702 1086 ,
717 1051 805 1080 Gratia
825 1056 909 1079 autem
929 1059 961 1079 ex
983 1051 1069 1078 multis

277 1099 374 1127 delictis
390 1099 417 1126 in
422 1099 638 1134 justiﬁcntionem.
651 1099 720 1133 Ergo
733 1097 794 1126 inde
804 1096 929 1132 judicium
942 1097 1022 1125 etiam
1035 1104 1068 1125 ex

278 1152 331 1173 uno
350 1144 446 1173 delicto
467 1145 540 1172 ducit
556 1144 583 1172 in
602 1144 851 1172 condemnationem
870 1151 877 1171 :
897 1143 958 1170 hinc
978 1147 1067 1171 autem

277 1193 361 1228 gratia
374 1193 452 1220 etiam
464 1183 498 1220 ex
510 1192 600 1220 multis
610 1190 714 1219 delictis
723 1191 795 1218 ducit
805 1191 831 1218 in
838 1190 1066 1225 justiticationem.

277 1238 443 1274 Quapropter
455 1237 478 1265 si
492 1245 546 1265 non
560 1236 661 1264 audent
679 1236 803 1265 resistere
824 1235 968 1270 Apostolo,
982 1242 1066 1270 expo-

276 1289 342 1312 nant
365 1283 441 1311 nobis
458 1291 540 1319 quare
557 1282 684 1318 judicium
707 1290 740 1310 ex
762 1289 815 1309 uno
837 1281 933 1309 delicto
947 1281 1026 1309 ducat
1039 1280 1067 1309 in

276 1329 543 1362 condemnationem,
567 1336 627 1356 cum
650 1336 683 1356 ex
708 1327 799 1355 multis
819 1327 922 1355 delictis
943 1326 1066 1354 homines

276 1374 417 1404 damnandi
436 1375 544 1403 veniant
564 1375 597 1402 ad
612 1373 750 1409 judicium.
771 1373 824 1400 Aut
842 1372 865 1400 si
879 1376 1018 1408 propterea
1029 1372 1066 1399 ita

276 1421 374 1450 dictum
389 1426 499 1457 putant,
513 1421 574 1457 quia
586 1420 690 1448 initium
705 1419 805 1456 peccati
820 1427 853 1447 ex
867 1419 952 1447 Adam
966 1417 1066 1446 factum

275 1472 326 1501 est,
340 1467 411 1503 quod
426 1466 520 1495 imitati
529 1466 619 1495 exteri
628 1470 699 1499 sunt,
712 1469 740 1493 ut
749 1465 788 1493 sic
800 1473 832 1493 ex
845 1472 898 1492 uno
911 1464 955 1492 illo
967 1463 1065 1492 delicto

276 1513 303 1542 in
314 1513 443 1549 judicium
456 1513 756 1547 condemnationemque
766 1511 933 1539 traherentur
945 1510 991 1546 qui
1003 1516 1065 1538 eum

273 1559 404 1587 imitando
420 1559 503 1587 multa
526 1562 686 1594 peccarunt;
702 1565 749 1585 cur
764 1565 817 1585 non
836 1557 916 1585 etiam
934 1556 968 1584 de
980 1556 1064 1592 gratia

275 1610 302 1633 et
314 1605 502 1641 justilicatione
512 1607 549 1633 sic
561 1605 661 1633 dictum
672 1604 730 1632 est?
739 1611 787 1631 cur
796 1611 848 1631 non
858 1603 924 1631 dixit
933 1603 1063 1635 similiter,

275 1652 309 1680 Et
333 1652 417 1688 gratia
441 1659 474 1680 ex
497 1659 550 1679 uno
577 1651 674 1679 delicto
699 1651 726 1679 in
744 1649 976 1686 justitlcationem?
991 1649 1065 1678 Sicut

274 1699 345 1727 enim
365 1698 501 1726 hominum
523 1697 605 1725 multa
624 1697 719 1725 delicta
739 1697 809 1724 inter
822 1696 885 1724 illud
899 1704 980 1724 tinum
994 1694 1064 1731 quod

275 1743 376 1771 imitati
385 1747 457 1777 sunt,
471 1748 499 1772 et
508 1743 636 1779 judicium
649 1750 702 1778 quo
715 1742 868 1778 puniuntur,
883 1741 970 1769 media
984 1748 1064 1776 repe—

274 1789 393 1823 riuntur;
408 1790 442 1817 ab
455 1797 507 1817 uno
517 1789 613 1825 quippe
624 1788 657 1816 ad
667 1788 748 1816 multa
757 1792 896 1820 venerunt,
908 1792 961 1815 uta
974 1787 1064 1815 multis

276 1836 309 1863 ad
322 1836 450 1871 judicium
463 1836 712 1870 damnationemque
724 1835 884 1863 ducerentur
896 1842 903 1860 :
917 1834 956 1861 sic
970 1833 1064 1861 eadem

274 1882 357 1910 multa
372 1883 466 1911 delicta
482 1883 551 1911 inter
567 1882 618 1910 hoc
632 1882 718 1918 ipsum
735 1889 816 1909 unum
828 1881 904 1916 cujus
918 1880 1065 1909 imitatione

277 1929 418 1958 commissa
431 1933 509 1963 sunt,
525 1933 552 1957 et
563 1929 675 1965 gratiam
696 1936 747 1964 qua
767 1928 949 1961 dimittuntur,
969 1928 1063 1955 eodem

277 1975 356 2004 modo
369 1976 454 2004 media
469 1981 545 2009 sunt;
566 1976 690 2011 quoniam
704 1983 737 2004 ex
752 1975 797 2003 illo
811 1982 863 2003 uno
876 1975 909 2002 ad
922 1975 1004 2002 multa
1016 1983 1063 2003 ve-

274 2026 379 2055 nerunt,
393 2027 423 2050 ut
435 2030 469 2051 ex
482 2023 570 2050 multis
584 2022 617 2050 ad
631 2022 743 2057 gratiam
755 2020 918 2057 justilicandi
932 2021 1062 2049 venirent.

275 2069 341 2096 Cum
354 2076 418 2104 ergo
432 2067 459 2095 in
472 2072 595 2104 utroque,
607 2068 633 2096 id
643 2073 684 2095 est
697 2073 724 2096 et
735 2067 835 2103 judicio
846 2072 873 2095 et
885 2067 979 2103 gratia,
993 2066 1063 2103 quod

273 2114 369 2142 attinet
381 2114 414 2142 ad
427 2122 508 2142 unum
521 2119 548 2142 et
560 2114 642 2142 multa
654 2114 760 2148 delicta,
773 2121 825 2141 una
838 2114 983 2150 eademque
996 2114 1064 2142 ratio

274 2159 324 2192 sit;
344 2159 433 2187 dicant
446 2159 489 2187 isti
511 2159 587 2188 nobis
606 2167 689 2195 quare
708 2159 837 2194 judicium
856 2159 952 2187 dixerit
965 2168 997 2187 ex
1010 2168 1064 2188 uno

274 2205 372 2233 delicto
389 2205 486 2234 ducere
500 2205 528 2234 in
545 2205 792 2235 condemnationem
802 2226 810 2240 ,
829 2208 939 2242 gratiam
955 2214 1018 2235 vero
1031 2215 1064 2235 ex

276 2251 368 2279 multis
396 2251 499 2280 delictis
522 2251 551 2280 in
570 2251 796 2287 justiticationem.
818 2253 871 2280 Aut
895 2252 1064 2287 acquiescant

277 2297 337 2325 idco
354 2297 393 2325 sic
411 2305 471 2326 esse
489 2297 588 2326 dictum
598 2318 606 2331 ,
620 2297 682 2333 quia
696 2298 722 2325 in
737 2297 788 2325 hac
801 2304 880 2325 causa
894 2298 947 2326 duo
961 2298 1063 2326 consti-

276 2347 386 2372 tuuntur
399 2343 538 2378 homines;
557 2344 657 2379 Adam,
672 2351 705 2372 ex
716 2351 770 2380 quo
786 2343 909 2372 consistit
928 2344 1064 2380 generatio

275 2390 391 2420 carnalis
401 2411 408 2425 ,
424 2395 452 2420 et
465 2391 597 2425 Christus,
608 2399 642 2419 ex
660 2400 713 2428 quo
726 2391 891 2428 regeneratio
907 2391 1061 2426 spiritualis.

274 2438 326 2467 Sed
336 2440 395 2475 quia
405 2443 505 2467 tantum
516 2438 560 2467 ille
570 2438 660 2472 homo,
669 2439 719 2467 iste
728 2443 816 2467 autem
823 2443 851 2467 et
859 2439 927 2468 Deus
934 2443 963 2468 et
971 2439 1062 2473 homo;

274 2492 327 2513 non
338 2484 474 2521 quomodo
484 2484 528 2512 illa
541 2485 678 2520 generatio
693 2492 747 2513 uno
759 2484 855 2513 delicto
869 2485 978 2520 obligat,
993 2484 1064 2520 quod

274 2535 315 2559 cst
326 2538 360 2558 cx
374 2531 457 2558 Adam
467 2550 476 2565 ,
491 2530 528 2558 ita
540 2529 591 2558 ista
604 2530 770 2567 regeneratio
782 2538 863 2558 unum
877 2530 1001 2559 delictum
1017 2537 1063 2558 so-

276 2576 329 2604 lum
343 2576 438 2610 solvit,
451 2576 523 2612 quod
537 2580 579 2604 est
589 2583 623 2604 ex
635 2576 730 2604 Adam.
745 2576 798 2604 Sed
810 2576 847 2605 illi
862 2575 968 2612 quidem
980 2583 1063 2612 gene<

275 2622 371 2650 rationi
384 2621 482 2650 sultlcit
494 2622 528 2649 ad
540 2622 788 2650 condemnationem
805 2622 883 2649 unius
895 2621 983 2649 delicti
997 2629 1063 2649 con-

275 2668 371 2701 nexio;
386 2667 512 2704 quidquid
529 2668 599 2696 enim
623 2672 714 2704 postea
734 2668 854 2696 homines
872 2675 905 2696 ex
920 2667 996 2695 malis
1008 2668 1064 2696 suis

275 2714 400 2750 operibus
410 2713 520 2747 addunt,
534 2722 588 2741 non
601 2714 715 2749 pertinet
728 2713 761 2741 ad
774 2713 845 2741 illam
854 2713 1061 2748 generationem,

275 2761 323 2789 sed
337 2761 370 2789 ad
390 2761 533 2788 humanam
547 2760 774 2788 conversationem
789 2768 797 2787 :
810 2758 872 2787 huic
884 2764 972 2787 autem
984 2767 1064 2796 rege-

276 2807 407 2835 nerationi
420 2815 473 2835 non
486 2807 583 2835 sufﬁcit
597 2806 661 2834 illud
676 2806 801 2834 delictum
818 2807 999 2835 tantummodo
1011 2807 1065 2835 sol-

280 2860 344 2881 vere
363 2854 433 2889 quod
452 2862 485 2882 ex
507 2853 590 2881 Adam
618 2853 745 2885 trahitur,
767 2851 814 2879 sed
838 2851 965 2887 quidquid
984 2853 1063 2882 etiam

280 2905 371 2937 postea
391 2908 423 2929 ex
447 2899 543 2937 iniquis
569 2899 693 2937 operibus
712 2898 836 2931 humana
855 2901 1065 2932 conversationis

884 162 912 192 S.
934 161 1116 192 AUGUSTlNl
1132 162 1280 193 EPlSCOPl

1124 220 1235 247 accedit.
1258 219 1319 247 ideo
1337 219 1467 255 judicium
1487 227 1520 248 ex
1539 228 1592 249 uno
1607 221 1633 249 in
1648 221 1912 260 condemnationem,

1124 267 1207 302 gratia
1219 270 1308 294 autem
1321 274 1354 295 ex
1368 266 1459 294 multis
1473 267 1578 295 delictis
1589 267 1615 295 in
1626 268 1852 303 jnstilieationcm.

1160 312 1204 340 1-5.
1225 312 1256 340 Si
1277 312 1343 340 enim
1367 312 1397 340 ob
1420 313 1494 340 unius
1514 313 1630 341 delictum
1652 323 1719 342 mors
1737 317 1851 352 regnavit
1871 325 1915 353 per

1123 365 1216 393 unum,
1236 366 1251 386 a
1263 366 1315 394 quo
1327 358 1425 387 delicto
1438 359 1538 394 parvuli
1559 367 1606 395 per
1620 360 1784 396 Baptismum
1802 363 1915 398 expian-

1124 408 1181 437 tur;
1197 405 1276 432 multo
1286 405 1366 440 magis
1379 405 1422 440 qui
1434 405 1613 433 abundantiam
1625 408 1713 442 gratia:
1723 412 1746 435 et
1750 409 1856 443 justitite
1868 418 1914 437 ac-

1123 449 1233 485 cipiunt,
1253 450 1280 477 in
1297 451 1348 477 uita
1361 450 1500 486 regnabunt
1515 460 1559 487 per
1570 459 1649 479 unum
1661 452 1749 480 Jesum
1763 453 1891 482 Christum
1906 463 1916 483 :

1124 495 1207 523 multo
1226 497 1310 531 magis
1329 496 1419 531 utique
1439 497 1466 524 in
1484 497 1536 524 vita
1551 498 1714 533 regnabunt;
1733 500 1793 535 quia
1807 506 1915 529 :etermc

1123 541 1184 569 vitae
1198 542 1206 557 ‘
1220 549 1332 577 regnum
1350 543 1412 576 erit,
1432 550 1504 571 mors
1523 548 1611 571 autem
1632 544 1658 571 in
1672 546 1712 572 eis
1734 547 1915 581 temporaliter

1123 587 1236 621 transit,
1254 595 1307 615 non
1329 588 1355 616 in
1372 593 1499 616 aeternum
1521 590 1652 625 regnabit.
1675 591 1765 626 Itaque
1784 592 1848 620 sicut
1869 602 1915 629 per

1123 635 1198 662 unius
1210 634 1328 662 delictum
1341 635 1367 663 in
1381 645 1465 664 omnes
1484 637 1596 664 homines
1615 637 1649 664 ad
1662 639 1914 673 condemnationem;

1122 681 1156 709 de
1168 689 1219 717 qua
1231 682 1452 711 condemnatione
1472 685 1573 718 parvuli
1590 692 1637 720 per
1648 691 1842 714 sacramentum
1860 686 1912 713 Ba-

1123 727 1212 762 ptismi
1229 727 1358 756 liberandi
1372 734 1434 757 sunt
1448 739 1453 756 :
1466 730 1501 757 ita
1516 739 1559 766 per
1578 731 1651 759 unius
1660 732 1868 767 justiﬁcationem
1886 732 1913 759 in

1123 780 1208 800 omne:
1220 772 1333 801 homines
1352 774 1386 801 ad
1403 775 1611 810 justiﬁeationem
1629 776 1695 804 uiue.
1719 776 1753 804 Et
1766 775 1811 804 hic
1827 785 1913 804 omnes

1123 817 1198 852 dixit,
1213 823 1240 846 et
1250 819 1301 852 ibi;
1314 827 1367 847 non
1379 821 1439 855 quia
1451 828 1544 849 omnes
1557 822 1678 850 homines
1690 822 1800 850 veniunt
1809 822 1841 850 ad
1852 829 1914 858 gra-

1122 863 1186 890 tiam
1194 863 1392 899 justillcationis
1405 865 1513 900 Christi,
1527 874 1587 895 cum
1602 871 1655 894 tam
1667 868 1743 895 multi
1756 867 1862 896 alienati
1878 868 1913 896 ab

1122 908 1166 937 illa
1175 928 1183 942 ,
1199 909 1226 937 in
1247 915 1375 939 :cternum
1388 911 1552 940 moriantur:
1565 913 1613 941 sed
1627 913 1688 949 quia
1703 920 1796 942 omnes
1808 914 1853 950 qui
1867 922 1912 943 re-

1121 960 1265 984 nascuntur
1288 957 1315 985 in
1335 958 1570 995 justilicationcm,
1592 960 1700 988 nonnisi
1717 968 1765 996 per
1777 960 1911 988 Christum

1120 1007 1312 1036 renascuntur;
1324 1004 1393 1031 sicut
1404 1012 1496 1033 omnes
1506 1005 1551 1041 qui
1562 1011 1706 1034 nascuntur
1718 1007 1745 1033 in
1754 1006 1912 1035 condemna-

1121 1046 1231 1080 tionem,
1256 1050 1362 1077 nonnisi
1384 1057 1431 1085 per
1452 1050 1535 1078 Adam
1549 1056 1702 1079 nascuntur.
1716 1051 1799 1080 Nemo
1812 1052 1911 1088 quippe

1120 1093 1199 1120 estin
1215 1094 1259 1121 illa
1270 1096 1440 1130 generatione
1453 1102 1550 1132 praeter
1562 1098 1658 1132 Adam,
1671 1106 1751 1126 nemo
1765 1098 1791 1126 in
1806 1098 1856 1126 ista
1869 1106 1912 1127 re-

1119 1141 1290 1175 generatione
1304 1147 1400 1177 praeter
1409 1142 1542 1171 Christum
1558 1153 1565 1172 :
1582 1144 1641 1172 ideo
1653 1153 1738 1172 omnes
1748 1165 1757 1180 ,
1768 1149 1795 1173 et
1808 1152 1910 1179 omna;

1119 1186 1228 1214 eosdem
1246 1193 1334 1216 autem
1351 1197 1452 1223 omnes,
1470 1190 1549 1218 etiam
1564 1190 1656 1218 multo:
1669 1197 1761 1226 postea
1772 1191 1846 1225 dicit,
1862 1191 1910 1219 ad-

1116 1231 1231 1268 jungens
1241 1254 1249 1267 ,
1262 1234 1336 1262 Sicut
1352 1235 1417 1262 enim
1436 1245 1480 1272 per
1496 1236 1690 1264 inobedientiam
1702 1238 1777 1266 unius
1790 1238 1909 1272 hamulis,

1118 1285 1261 1315 peccatores
1270 1281 1398 1308 constituti
1407 1286 1465 1309 sunt
1475 1282 1548 1309 multi
1558 1289 1568 1310 :
1577 1284 1614 1310 sic
1622 1288 1645 1311 et
1657 1292 1702 1319 per
1713 1283 1788 1311 unius
1800 1283 1911 1311 hominis

1118 1324 1284 1353 obedientiam
1300 1327 1365 1362 justi
1379 1328 1565 1355 constituuntur
1584 1329 1665 1357 multi.
1687 1330 1736 1364 Qui
1749 1330 1838 1365 multi,
1857 1329 1910 1359 nisi

1117 1378 1184 1407 quos
1195 1371 1252 1407 jam
1266 1372 1345 1407 paulo
1355 1368 1416 1401 ante
1429 1382 1513 1401 omnes
1526 1374 1644 1402 dixerat?

1154 1417 1197 1445 ﬂ.
1218 1417 1284 1445 Vide
1294 1419 1515 1453 quemadmodum
1524 1421 1691 1449 commendat
1698 1430 1776 1450 unum
1783 1428 1808 1452 et
1817 1431 1906 1458 unum,

1117 1461 1145 1490 id
1155 1468 1197 1491 est
1208 1463 1292 1491 Adam
1308 1470 1333 1491 et
1346 1465 1495 1498 Christum;
1511 1467 1583 1494 illum
1597 1467 1628 1495 ad
1639 1468 1906 1506 condemnationem,

1117 1507 1188 1550 hunc
1199 1509 1232 1537 ad
1241 1510 1466 1545 justiticationem,
1481 1520 1541 1540 cum
1553 1518 1625 1542 tanto
1637 1520 1697 1550 post
1709 1515 1795 1544 Adam
1807 1517 1909 1545 venerit

1116 1554 1238 1583 Christus
1252 1556 1278 1583 in
1291 1564 1370 1584 carne
1383 1566 1389 1583 :
1404 1563 1432 1584 ut
1452 1558 1567 1586 sciamus
1580 1560 1659 1588 etiam
1671 1561 1794 1596 antiquos
1806 1562 1904 1597 justos,

1116 1601 1276 1637 quicumque
1285 1610 1344 1630 esse
1357 1608 1508 1637 potuerunt,
1521 1605 1623 1633 nonnisi
1635 1613 1683 1641 per
1694 1607 1814 1636 eamdem
1827 1608 1906 1636 tidem

1116 1646 1258 1682 liberatos,
1273 1656 1321 1684 per
1334 1658 1411 1684 quam
1426 1650 1569 1678 liberamur
1584 1655 1611 1679 et
1624 1659 1689 1686 nos;
1708 1652 1787 1681 ﬁdem
1802 1654 1906 1682 scilicet

1116 1692 1306 1723 incarnationis
1319 1695 1434 1729 Christi,
1450 1705 1508 1732 qua:
1520 1698 1573 1725 illis
1586 1699 1822 1734 praenuntiabatur,
1835 1701 1905 1729 sicut

1116 1740 1194 1768 nobis
1206 1740 1275 1768 facta
1295 1742 1475 1770 annuntiatur.
1494 1742 1558 1771 Ideo
1577 1744 1647 1773 idem
1661 1745 1796 1773 Christum
1817 1747 1904 1774 homi-

1115 1793 1177 1814 nem
1190 1786 1263 1821 dicit,
1274 1794 1334 1814 cum
1349 1788 1383 1815 sit
1395 1793 1422 1816 et
1438 1789 1515 1823 Deus,
1529 1798 1562 1817 ne
1573 1791 1632 1825 quis
1642 1792 1773 1820 existimet
1781 1793 1905 1828 antiquos

1113 1830 1199 1867 justos
1222 1840 1271 1868 per
1291 1834 1372 1861 Deum
1390 1837 1571 1864 tantummodo
1586 1836 1734 1874 Christum,
1754 1839 1781 1867 id
1801 1845 1843 1868 est
1857 1848 1907 1876 per

1117 1876 1232 1905 Verbum
1247 1879 1316 1914 quod
1329 1885 1385 1907 erat
1400 1881 1425 1908 in
1440 1882 1584 1917 principio,
1597 1891 1650 1911 non
1668 1884 1747 1912 etiam
1766 1892 1815 1921 per
1825 1886 1904 1914 iidem

1116 1923 1305 1954 incarnationis
1316 1927 1384 1962 ejus,
1396 1936 1447 1964 qua
1457 1933 1484 1957 et
1501 1930 1581 1957 homo
1595 1929 1716 1959 Christus
1729 1932 1825 1961 dicitur
1833 1953 1841 1967 ,
1856 1940 1906 1969 po-

1116 1971 1198 1999 tuisse
1215 1971 1332 2001 liberuri.
1353 1974 1487 2003 Sententia
1500 1977 1597 2012 quippe
1615 1977 1665 2005 ista
1677 1978 1779 2006 destrui
1792 1988 1844 2007 non
1854 1988 1905 2016 po-

1116 2021 1167 2061 test
1179 2038 1186 2051 ,
1202 2018 1235 2046 de
1248 2026 1299 2054 qua
1313 2024 1340 2047 ct
1352 2020 1415 2048 alibi
1424 2021 1488 2050 dicit
1503 2030 1510 2049 :
1526 2022 1579 2051 Per
1590 2032 1668 2052 unum
1682 2025 1807 2053 hominem
1820 2035 1886 2055 more
1895 2047 1904 2061 ,

1114 2068 1139 2092 et
1161 2073 1205 2099 per
1223 2073 1302 2093 unum
1326 2066 1451 2095 hominem
1473 2070 1622 2097 resurrectio
1642 2075 1807 2099 mortuorum.
1833 2073 1905 2100 Sicut

1115 2112 1182 2138 enim
1194 2112 1220 2139 in
1233 2111 1314 2140 Adam
1328 2122 1413 2142 omnes
1426 2114 1574 2149 moriuntur,
1585 2116 1621 2144 ita
1635 2122 1659 2144 et
1669 2118 1696 2145 in
1708 2117 1808 2146 Christo
1822 2126 1905 2146 omnes

1114 2158 1305 2193 viviﬁcabuntur
1315 2159 1335 2195 (l
1344 2158 1403 2188 Cor.
1416 2168 1463 2196 xv,
1472 2162 1857 2199 21).Utiqueresurrectionem
1866 2166 1906 2193 di-

1116 2205 1153 2232 cit
1159 2204 1301 2240 justorum,
1312 2206 1355 2235 ubi
1370 2212 1411 2235 est
1420 2209 1473 2236 vita
1484 2212 1598 2244 mtcrna;
1612 2218 1666 2238 non
1683 2213 1905 2240 resurrectionem

1116 2250 1276 2286 iniquorum,
1289 2253 1331 2280 ubi
1343 2262 1414 2281 mors
1427 2255 1477 2281 erit
1491 2260 1589 2283 :clcrna
1600 2265 1606 2283 ε
1617 2256 1677 2284 ideo
1686 2257 1733 2291 ait,
1746 2257 1906 2292 viviﬁcabun-

1117 2300 1174 2330 tur;
1192 2299 1252 2332 quia
1267 2299 1302 2325 illi
1323 2299 1527 2328 damnabuntur.
1548 2302 1615 2329 llinc
1627 2306 1655 2330 et
1666 2302 1693 2330 in
1705 2304 1838 2331 veteribus
1854 2303 1905 2332 Sa-

1116 2345 1258 2371 cramcntis
1284 2345 1449 2373 circumcisio
1473 2348 1642 2381 parvulorum
1666 2353 1759 2376 octava
1783 2349 1826 2378 die
1846 2350 1904 2377 ﬁeri

1116 2396 1247 2425 pra-cepta
1261 2396 1301 2418 est
1315 2391 1405 2428 (Leuit.
1416 2401 1465 2427 xn,
1479 2394 1517 2429 5),
1532 2394 1656 2429 quoniam
1669 2394 1801 2429 Christus,
1814 2396 1840 2423 in
1853 2404 1906 2431 quo

1116 2435 1145 2462 ﬁt
1158 2436 1247 2463 delicti
1260 2437 1373 2464 carnalis
1389 2439 1555 2473 exspoliatio,
1565 2447 1642 2474 quam
1653 2440 1784 2476 signiﬁcat
1794 2441 1907 2469 circum-

1115 2481 1180 2509 cisio
1192 2502 1200 2515 ,
1228 2483 1270 2509 die
1294 2483 1427 2512 dominico
1449 2487 1610 2520 resurrexit,
1626 2487 1670 2522 qui
1685 2492 1746 2522 post
1763 2488 1906 2523 septimum

1116 2529 1217 2557 sabbati
1231 2534 1338 2557 octavus
1352 2536 1402 2559 est.
1415 2531 1476 2559 llaec
1491 2540 1553 2568 ergo
1564 2533 1629 2561 ﬁdes
1643 2534 1724 2562 etiam
1739 2535 1907 2571 antiquorum

1112 2574 1245 2610 justorum
1258 2576 1316 2603 luit.
1332 2576 1407 2604 Unde
1425 2582 1452 2605 et
1466 2579 1609 2614 Apostolus
1621 2579 1702 2613 dicit,
1718 2579 1846 2609 Habentes
1857 2590 1907 2609 au-

1116 2626 1165 2649 tem
1178 2623 1290 2650 eumdem
1313 2625 1430 2658 spiritum
1443 2625 1502 2659 ﬁdei
1511 2646 1519 2658 ,
1534 2632 1635 2661 propter
1645 2627 1714 2661 quod
1726 2628 1848 2663 scriptum
1859 2633 1907 2662 est,

1117 2667 1218 2695 Credidi
1239 2674 1339 2704 propter
1361 2671 1428 2705 quod
1442 2672 1538 2698 locutus
1558 2679 1633 2707 sunt,”
1658 2677 1683 2701 et
1703 2681 1749 2701 nos
1771 2673 1907 2707 credimus,

1116 2720 1217 2750 propter
1225 2716 1292 2750 quod
1303 2720 1327 2743 et
1337 2716 1464 2751 loquimur
1476 2717 1510 2753 (ll
1523 2717 1582 2746 Cor.
1599 2726 1636 2753 tv,
1651 2718 1694 2754 i5)
1709 2727 1716 2746 :
1731 2726 1784 2748 non
1796 2719 1907 2753 diceret,

1117 2761 1231 2788 euntdem
1244 2762 1363 2797 spiritum
1374 2762 1434 2797 ﬁdei
1444 2783 1452 2796 ,
1468 2763 1519 2791 nisi
1531 2763 1676 2792 admonens
1689 2764 1770 2793 etiam
1784 2766 1909 2802 antiquos

1114 2804 1202 2840 justos
1212 2805 1336 2835 habuisse
1348 2806 1435 2843 ipsum
1448 2808 1568 2844 spiritum
1582 2809 1653 2844 tidei,
1663 2809 1714 2838 hoc
1727 2814 1770 2839 est
1783 2811 1907 2840 incarna-

1150 2908 1159 2924 ι
1175 2910 1240 2934 Unus
1250 2914 1265 2934 (ς
1277 2908 1349 2935 vatio.
1361 2910 1425 2941 Mss,
1433 2907 1489 2941 quia
1499 2911 1589 2936 (eterna
1598 2912 1646 2937 tuta
1657 2916 1756 2945 regnum
1765 2909 1819 2942 erit.
