4154 6354
385 573 545 631 tionis
569 573 786 631 Christi.
828 572 935 632 Sed
962 573 1083 644 quia
1112 573 1218 629 illis
1260 573 1433 629 futura
1478 578 1959 647 praenuntiabatur,

382 681 503 737 quae
529 665 635 735 iam
666 664 803 720 facta
829 663 981 720 nobis
1008 664 1384 731 annuntiatur;
1413 673 1466 720 et
1493 675 1728 736 tempore
1765 668 1968 725 Veteris

392 756 710 811 I‘estamenti
738 755 1012 811 velabatur
1031 798 1045 821 ,
1071 771 1188 826 qua:
1216 764 1454 826 tempore
1475 754 1608 812 Novi
1643 757 1967 816 Testamenti

380 846 677 912 mvelatur;
708 845 826 901 ideo
858 844 975 915 ejus
1000 845 1341 901 Sacramenta
1371 848 1571 902 variata
1609 857 1752 918 sunt,
1779 858 1835 904 ut
1861 851 1964 906 alia

381 944 564 991 essent
585 937 636 990 in
664 936 842 992 Veteri
863 935 1205 992 Testamento
1223 980 1238 1005 ,
1264 937 1367 992 alia
1397 938 1450 993 in
1474 937 1652 1005 Novo;
1685 956 1803 995 cum
1835 942 1966 1000 ﬁdes

378 1027 493 1096 ipsa
533 1028 681 1082 varia
712 1042 817 1083 non
860 1027 949 1092 sit,
985 1028 1077 1083 sed
1106 1044 1207 1082 una
1257 1028 1362 1083 sit:
1400 1030 1521 1100 quia
1564 1032 1692 1085 sicut
1720 1033 1773 1086 in
1802 1034 1965 1089 Adam

374 1135 547 1175 omnes
571 1122 877 1188 moriuntur,
902 1122 976 1175 sic
999 1128 1045 1175 et
1071 1121 1126 1174 in
1147 1120 1342 1175 Christo
1367 1138 1537 1177 omnes
1563 1123 1959 1193 viviﬁcabuntur.

394 1234 397 1235 ν
448 1213 535 1267 15.
576 1211 731 1280 Quod
756 1227 885 1267 vero
904 1212 1008 1267 illis
1029 1213 1211 1267 verbis
1241 1228 1359 1283 quae
1381 1215 1751 1282 tractabamus,
1777 1218 1965 1288 adjun.

370 1303 449 1374 git
477 1313 531 1358 et
558 1303 719 1370 dicit,
758 1302 867 1357 Lex
893 1313 1061 1359 autem
1094 1304 1388 1359 subintravit
1410 1346 1425 1371 ,
1468 1314 1522 1359 ut
1558 1306 1836 1362 abundaret
1869 1309 1961 1363 de-

372 1394 566 1460 lictum,
588 1395 699 1465 jam
730 1410 835 1448 non
876 1395 1108 1463 pertinet
1135 1395 1203 1449 ad
1234 1395 1362 1450 illud
1387 1394 1642 1451 delictum
1679 1397 1821 1467 quod
1848 1407 1959 1453 tra-

368 1484 515 1540 hitur
533 1501 599 1540 ex
626 1484 814 1551 Adam,
840 1485 907 1540 de
926 1501 1032 1555 quo
1053 1485 1264 1541 dicebat
1281 1487 1545 1555 superius,
1570 1485 1711 1542 Mors
1735 1490 1959 1559 regnavit

368 1598 462 1652 per
484 1597 642 1635 unum
670 1596 688 1635 :
712 1581 881 1648 legem
902 1580 1099 1650 quippe
1121 1580 1235 1634 sive
1255 1581 1550 1635 naturalem
1580 1581 1951 1651 intelligamus,

365 1688 487 1743 quae
513 1675 568 1727 in
603 1680 1047 1742 eorumlapparet
1075 1672 1340 1739 natatibus,
1377 1672 1469 1742 qui
1502 1672 1610 1742 jam
1653 1673 1857 1730 ratione
1882 1676 1957 1730 uti

363 1774 622 1833 possunt;
646 1763 759 1818 sive
778 1763 1152 1832 conscriptam,
1174 1779 1293 1833 qua:
1317 1762 1437 1818 data
1465 1772 1547 1818 est
1590 1780 1685 1834 per
1713 1764 1951 1836 Moysen,

362 1856 487 1926 quia
503 1872 601 1911 nec
614 1857 724 1925 ipsa
753 1855 1021 1911 viviﬁcare
1039 1855 1227 1925 potuit,
1248 1863 1303 1911 et
1326 1856 1553 1910 liberare
1572 1871 1600 1909 a
1625 1857 1738 1926 lege
1764 1873 1950 1927 pecca-

362 1950 400 2003 ti
418 1959 472 2005 et
497 1951 703 2015 mortis,
721 1965 839 2019 qtne
866 1957 1031 2003 tracta
1052 1957 1136 2005 est
1151 1964 1216 2005 ex
1240 1948 1430 2014 Adam,
1449 1949 1542 2004 sed
1564 1949 1734 2019 magis
1752 1949 1955 2006 addidit

361 2039 811 2110 praevaricationis
837 2048 1149 2110 augmenta;
1195 2036 1293 2093 Ubi
1336 2039 1469 2093 enim
1498 2038 1582 2093 lex
1618 2056 1717 2093 non
1745 2047 1837 2105 est,
1879 2040 1954 2096 ait

359 2133 806 2201 idemapostolns,
826 2148 917 2186 nec
937 2132 1286 2203 praevaricatio
1303 2130 1479 2202 (Rom.
1498 2148 1568 2197 Iv,
1591 2134 1702 2205 l5).
1725 2134 1951 2190 Proinde

358 2224 611 2294 quoniam
657 2224 743 2278 lex
780 2232 862 2279 est
904 2223 1066 2278 etiam
1112 2223 1165 2277 in
1210 2223 1415 2277 ratione
1458 2223 1687 2279 hominis
1727 2225 1947 2295 quijam

355 2317 524 2368 utitur
546 2314 765 2369 arbitrio
792 2314 1050 2369 libertatis
1067 2355 1082 2381 ,
1112 2314 1422 2368 naturaliter
1447 2314 1501 2368 in
1527 2315 1688 2370 corde
1715 2317 1949 2371 conscri-

355 2417 481 2479 pta,
512 2424 613 2478 qua
656 2409 955 2479 suggeritur
983 2423 1051 2463 ne
1092 2406 1290 2477 aliquid
1330 2405 1487 2460 faciat
1533 2407 1758 2477 quisque
1792 2410 1946 2465 alteri

353 2501 498 2571 quod
537 2501 643 2570 pati
672 2501 782 2571 ipse
810 2515 918 2555 non
943 2499 1086 2565 vult;
1125 2498 1412 2553 secundum
1454 2498 1590 2553 hanc
1614 2499 1781 2569 legem
1811 2516 1946 2570 prte-

352 2595 684 2649 varicatores
711 2602 835 2647 sunt
863 2608 1049 2648 omnes
1070 2633 1083 2657 ,
1115 2593 1272 2646 etiam
1297 2591 1384 2661 qui
1411 2592 1579 2661 legem
1611 2608 1706 2661 per
1727 2592 1941 2664 Moysen

351 2687 532 2742 datam
559 2702 664 2742 non
697 2694 1039 2757 acceperunt,
1076 2686 1142 2741 de
1165 2686 1358 2756 quibus
1393 2686 1443 2738 in
1472 2685 1682 2739 Psalmo
1711 2686 1901 2756 legitur
1926 2705 1939 2741 :

353 2778 780 2835 Prtevaricatores
821 2780 1056 2833 a’stimati
1084 2795 1254 2832 omnes
1284 2786 1567 2847 peccatores
1596 2789 1743 2832 teme
1768 2777 1939 2849 (Psal.

348 2886 538 2934 cvau,
573 2868 719 2942 H9).
749 2869 865 2925 Non
887 2862 1028 2924 enim
1058 2884 1241 2923 omnes
1261 2876 1571 2939 peccatores
1588 2878 1747 2923 terra:
1765 2870 1937 2941 legem

348 2976 448 3032 per
465 2961 681 3031 Moysen
710 2959 888 3014 datam
917 2960 1361 3029 praevaricarunt;
1389 2958 1484 3013 sed
1512 2966 1688 3013 tamen
1711 2960 1812 3013 nisi
1840 2961 1939 3015 ali-

348 3070 508 3124 quam
536 3054 995 3123 prrevaricassent,
1028 3066 1134 3106 non
1157 3051 1552 3121 appellarentur
1571 3052 1943 3120 praevaricato-

346 3158 438 3198 res
457 3161 471 3197 :
493 3143 588 3198 Ubi
605 3145 736 3197 enim
752 3143 833 3197 lea:
850 3159 949 3197 non
966 3150 1055 3208 est,
1080 3159 1169 3196 nec
1196 3142 1561 3211 pravaricatio.
1591 3142 1937 3199 Praevaricata

346 3250 477 3305 ergo
504 3236 616 3305 lege
642 3251 760 3304 quae
786 3236 838 3289 in
870 3233 1115 3305 paradiso
1143 3233 1263 3288 data
1290 3243 1393 3300 est,
1425 3234 1660 3289 nascitur
1687 3234 1846 3289 homo
1869 3250 1937 3292 ex

344 3326 518 3381 Adam
563 3341 683 3382 cum
727 3325 843 3397 lege
886 3325 1092 3395 peccati
1120 3335 1175 3378 et
1216 3324 1421 3387 mortis,
1454 3323 1521 3378 de
1564 3338 1666 3392 qua
1704 3324 1933 3380 dicitur:

347 3415 515 3472 Video
554 3419 705 3471 aliam
733 3417 891 3487 legem
921 3418 975 3470 in
1009 3416 1239 3469 membris
1282 3416 1403 3469 meis
1443 3424 1803 3484 repugnantem
1839 3416 1939 3487 legi

341 3511 530 3563 mentis
555 3526 704 3576 mete,
751 3519 797 3563 et
838 3510 1090 3578 captivum
1118 3525 1194 3562 me
1222 3508 1481 3561 ducentem
1508 3508 1563 3561 in
1587 3507 1693 3579 lege
1723 3511 1931 3578 peccati,

338 3618 459 3672 qua:
485 3614 557 3655 est
584 3603 636 3656 in
680 3603 909 3657 membris
952 3603 1074 3656 meis
1115 3600 1289 3674 (Rom.
1321 3617 1415 3665 vII,
1445 3602 1562 3670 25).
1600 3602 1729 3668 Qua:
1757 3613 1930 3659 tamen

338 3694 442 3748 nisi
473 3695 609 3747 mala
634 3703 815 3763 postea
842 3694 1226 3748 consuetudine
1251 3693 1548 3757 roboretur,
1584 3692 1789 3749 facilius
1817 3695 1933 3749 vin-

335 3787 497 3850 citur,
524 3801 626 3839 non
652 3794 827 3839 tamen
855 3785 955 3839 nisi
974 3785 1141 3855 gratia
1168 3785 1281 3839 Dei.
1308 3784 1447 3855 Lege
1467 3794 1640 3839 autem
1667 3785 1771 3839 alia
1804 3801 1931 3855 pra:-

337 3875 592 3939 varicata,
633 3891 751 3945 qua:
777 3885 858 3930 est
895 3876 949 3929 in
977 3890 1075 3933 usu
1100 3874 1321 3929 rationis
1344 3875 1536 3928 animae
1574 3875 1844 3931 rationalis
1874 3876 1928 3931 in

333 3974 495 4020 etate
548 3964 779 4018 hominis
813 3964 922 4033 jam
972 3964 1177 4019 ratione
1221 3964 1449 4027 utentis,
1496 3964 1927 4033 prmvaricatorcs

336 4054 477 4108 ﬁunt
514 4069 700 4108 omnes
727 4062 1036 4124 peccatores
1072 4062 1247 4107 terrae.
1279 4054 1626 4107 Przevaricata
1655 4069 1782 4109 vero
1810 4056 1926 4126 lege

340 4147 504 4200 etiam
546 4145 635 4198 illa
674 4160 792 4214 (lure
824 4144 945 4198 data
984 4151 1065 4198 est
1093 4159 1187 4212 per
1222 4143 1457 4214 Moysen,
1495 4144 1659 4197 multo
1698 4146 1925 4214 amplius

332 4238 575 4292 abundat
611 4236 882 4292 delictum.
918 4236 977 4291 Si
1002 4236 1134 4289 enim
1167 4235 1289 4288 data
1330 4242 1454 4289 esset
1484 4233 1565 4288 lea:
1604 4251 1717 4306 quce
1758 4245 1923 4305 posset

332 4328 616 4396 viviﬁcare,
645 4328 848 4381 omnino
872 4344 936 4381 ea:
964 4325 1096 4399 Lege
1122 4334 1246 4380 esset
1270 4326 1493 4393 justitia.
1536 4324 1643 4380 Sed
1679 4328 1921 4382 conclusit

334 4418 606 4488 Scriptura
631 4420 799 4473 omnia
824 4419 916 4473 sub
944 4427 1145 4488 peccato
1165 4460 1180 4485 ,
1208 4427 1263 4471 ut
1292 4419 1557 4489 promissio
1583 4435 1645 4472 ea:
1668 4419 1768 4487 ﬁde
1793 4419 1919 4475 Jesu

329 4507 520 4565 Christi
548 4510 754 4564 daretur
801 4510 1111 4564 credentibus
1145 4525 1164 4563 :
1190 4509 1305 4565 haec
1349 4509 1511 4564 verba
1531 4550 1546 4575 ,
1576 4509 1620 4563 si
1650 4510 1914 4580 agnoscis,

329 4599 624 4669 apostolica
649 4608 791 4655 sunt.
829 4600 905 4655 De
933 4616 1033 4670 qua
1063 4601 1179 4670 lege
1211 4600 1401 4654 iterum
1430 4599 1578 4666 dicit,
1611 4599 1694 4653 lea:
1719 4617 1914 4669 prteva-

326 4692 589 4746 ricationis
613 4692 777 4763 gratia
804 4693 962 4761 posita
989 4701 1080 4757 est,
1112 4692 1267 4745 donec
1291 4692 1475 4746 veniret
1498 4708 1664 4746 semen
1691 4692 1774 4745 cui
1797 4709 1916 4762 pro-

327 4783 541 4837 missum
564 4793 658 4850 est,
688 4783 931 4852 disposita
958 4784 974 4814 ¹
1008 4800 1098 4854 per
1120 4782 1338 4853 Angelos
1362 4783 1412 4835 in
1440 4799 1592 4835 manu
1616 4782 1672 4836 Μ
1677 4782 1912 4838 ediatoris

326 4872 527 4944 (Colat.
546 4889 623 4939 ιιι,
644 4872 828 4947 19-21)
848 4891 861 4929 :
880 4871 1145 4929 Christum
1162 4874 1561 4941 commendans,
1580 4874 1730 4944 cujus
1744 4876 1910 4945 gratia

325 4962 460 5018 salvi
485 4964 616 5017 ﬁunt
642 4979 849 5030 omnes,
886 4962 999 5018 sive
1026 4965 1230 5033 parvuli
1258 4980 1288 5018 a
1316 4964 1432 5034 lege
1462 4965 1660 5033 peccati
1686 4975 1740 5019 et
1768 4981 1910 5020 moro

322 5053 431 5119 tis,
463 5068 584 5107 cum
613 5069 715 5124 qua
762 5053 873 5108 nati
902 5069 1118 5121 sumus;
1169 5054 1283 5109 sive
1329 5054 1587 5123 majores,
1637 5056 1724 5125 qui
1773 5055 1907 5112 male

320 5152 538 5199 utentes
562 5144 780 5199 arbitrio
804 5144 1089 5198 voluntatis
1114 5144 1527 5214 prmvaricarnnt
1556 5145 1721 5213 legem
1753 5154 1904 5199 natu-

320 5235 490 5289 ralem
513 5235 685 5305 ipsius
701 5235 954 5300 ralionis;
982 5235 1093 5288 sive
1117 5234 1204 5303 qui
1233 5234 1399 5303 legem
1422 5240 1757 5303 aeceperunt,
1787 5252 1904 5305 quae

317 5324 443 5380 data
475 5335 558 5379 est
591 5341 687 5395 per
731 5326 983 5397 Moysen,
1027 5340 1249 5394 eamque
1290 5326 1693 5394 prmvaricantes
1731 5327 1903 5383 littera

316 5418 482 5473 occisi
502 5426 645 5472 sunt.
662 5417 795 5472 Cum
818 5434 943 5471 vero
965 5417 1123 5472 etiam
1145 5417 1443 5487 evangelica
1460 5427 1719 5487 prmcepta
1743 5420 1903 5476 homo

316 5508 656 5579 przcvaricat,
702 5509 845 5563 velut
887 5507 1269 5578 quatriduanus
1316 5514 1554 5562 mortuus
1594 5519 1902 5577 putetznec

314 5598 385 5652 de
414 5598 504 5652 illo
529 5607 705 5653 tamen
735 5598 1121 5669 desperandum
1153 5608 1235 5653 est
1276 5606 1487 5666 propter
1517 5599 1632 5667 ejus
1656 5602 1897 5669 gratiam,

312 5690 407 5759 qui
430 5706 535 5743 non
562 5689 704 5745 lente
728 5690 890 5753 dixit,
914 5690 1006 5745 sed
1035 5706 1217 5760 magna
1242 5704 1358 5743 voce
1381 5688 1641 5759 clamavit,
1669 5690 1861 5746 Lazare
1877 5734 1894 5763 ,

309 5780 427 5834 veni
449 5780 587 5850 foras
614 5778 795 5852 (Joan.
820 5796 896 5845 ιι,
928 5780 1042 5852 45).

430 5914 748 5974 lsdsterc,
766 5911 1065 5977 disposittun.

513 5996 743 6063 Sacr.
801 5998 1078 6062 Λυειιετ.
1131 5995 1207 6059 ll.

1584 460 2068 523 EPISTOLARUM
2106 465 2384 530 CLASSIS
2419 472 2506 531 111.

2146 585 2506 686 £6..Leerrgo
2528 594 2824 656 subintravit
2862 611 2919 659 ut
2942 608 3222 669 abundaret
3244 616 3480 677 delictum
3503 639 3523 679 :
3541 626 3657 686 sive

2073 688 2194 776 eum
2234 677 2481 776 homines
2522 689 2795 760 negligant
2833 699 2974 766 quod
3011 701 3151 759 Deus
3174 706 3356 776 jubet;
3390 677 3652 774 siveet-Ini

2072 765 2139 869 de
2166 769 2277 874 suis
2305 772 2504 830 viribus
2533 793 2936 858 praesumentes,
2977 765 3295 865 adjutorium
3322 765 3506 874 gratias
3544 765 3650 866 non

2071 859 2376 930 implorant,
2404 875 2460 921 et
2478 869 2681 927 addunt
2712 875 3007 937 inﬁrmitati
3040 859 3363 957 superbiam].

2072 959 2177 1057 tem
2222 958 2499 1057 vocatione
2537 962 2713 1020 divina
2742 969 3042 1044 intelligunt
3069 994 3165 1035 cur
3192 983 3261 1039 sit
3286 986 3648 1057 ingemiscen-

2069 1042 2289 1147 dum,“et
2320 1049 2569 1108 invocant
2590 1072 2709 1112 eum
2740 1059 2793 1115 in
2827 1078 2982 1133 quem
3023 1082 3168 1127 recte
3193 1042 3435 1147 creduitt,
3466 1082 3648 1140 dicen-

2069 1142 2166 1235 tes,
2197 1136 2438 1195 Miserere
2460 1145 2575 1209 mei,
2606 1145 2762 1215 Deus,
2794 1157 3070 1213 secundum
3094 1178 3330 1235 magnam
3358 1136 3646 1229 misericor-

2066 1227 2205 1329 diam
2229 1240 2365 1285 luant
2386 1233 2623 1329 (UsaLL,
2656 1241 2730 1314 l);
2762 1254 2836 1311 et,
2868 1247 2978 1319 Ego
3002 1251 3128 1322 dixi,
3156 1227 3387 1329 Uumine,
3410 1227 3646 1323 miserere

2064 1320 2181 1428 pici,
2208 1338 2335 1428 sang
2368 1326 2591 1382 animam
2628 1348 2811 1402 meam,
2853 1340 2973 1411 quia
2998 1348 3194 1412 peccavi
3222 1351 3310 1405 tibi
3349 1320 3517 1428 (l’sal.
3548 1374 3641 1428 XL,

2063 1410 2150 1520 il}
2179 1412 2354 1519 el,'l.n
2391 1425 2477 1520 tua
2499 1420 2703 1520 iustitia
2728 1426 2925 1497 vivi/ica
2958 1410 3037 1487 me
3074 1434 3245 1509 (Paul.
3277 1410 3410 1512 “‘3’
3451 1410 3621 1520 2);;

2074 1500 2536 1601 Viam—iniguitatis
2563 1529 2737 1571 amove
2774 1534 2807 1571 a
2845 1537 2944 1589 me,
2975 1534 3022 1579 et
3058 1494 3121 1581 de
3151 1530 3257 1601 lege
3290 1544 3375 1589 tua
3395 1494 3644 1596 ,miie’rere

2063 1593 2161 1700 mei
2186 1594 2359 1700 (l’sal.
2385 1614 2565 1667 cxvm,
2595 1603 2716 1678 29);
2739 1617 2813 1677 et,
2841 1610 2961 1666 Non
2993 1618 3158 1671 veniat
3187 1593 3314 1677 mihi
3346 1642 3437 1697 pes
3457 1593 3641 1700 super;

2062 1684 2173 1791 bis,
2197 1697 2243 1741 et
2267 1705 2449 1791 manus
2474 1706 2794 1764 peccatorum
2828 1719 2927 1759 non
2952 1718 3145 1764 moveat
3171 1727 3251 1766 me
3279 1684 3451 1785 (Ιίεαι.
3474 1684 3639 1791 ιέχν,

2060 1773 2190 1879 12),
2212 1786 2288 1879 et,
2318 1778 2513 1838 Itinera
2543 1803 2656 1841 mea
2689 1792 2851 1864 dirige
2873 1800 3149 1855 secundum
3179 1773 3378 1862 verbum
3404 1773 3577 1879 tuum:

2058 1882 2128 1976 ne
2140 1868 2422 1976 dominetur
2440 1877 2539 1930 mei
2575 1882 2736 1976 omnis
2760 1884 2997 1956 iniquitas
3018 1888 3187 1963 (Psal.
3209 1911 3391 1964 CXVIII,
3425 1868 3640 1976 155)'(A

2056 1955 2277 2067 Domita:
2306 1964 2447 2019 enim
2474 1984 2675 2037 gressus
2708 1973 2927 2031 hominis
2960 1980 3267 2054 diriguntur,
3295 2000 3343 2044 et
3370 1994 3501 2047 viant
3530 1955 3639 2067 ejus

2055 2050 2181 2155 volet
2203 2050 2370 2124 [Psal.
2395 2073 2573 2126 xxxVI,
2601 2062 2747 2137 25]);
2778 2078 2833 2132 et
2866 2071 2966 2125 alia
2995 2050 3178 2143 multa,
3209 2050 3329 2149 quae
3353 2050 3637 2155 proptei-ea

2054 2144 2250 2249 scripta
2271 2157 2413 2249 sunt,
2434 2161 2491 2205 ut
2514 2167 2612 2249 nos
2637 2157 3004 2229 admonerent,
3038 2168 3104 2221 ad
3129 2144 3395 2239 implenda
3421 2144 3483 2233 ea
3516 2195 3636 2249 quae

2055 2235 2207 2339 pobis
2227 2237 2498 2307 jubentur,
2517 2244 2585 2299 ab
2609 2246 2701 2302 illo
2719 2252 3004 2317 petendum
3032 2235 3351 2328 adjuto-rium
3377 2281 3409 2320 a
3433 2235 3636 2339 quo'ju;

2054 2324 2248 2421 bentur
2276 2348 2289 2383 :
2320 2346 2439 2386 cum
2463 2349 2590 2405 ergo
2614 2353 2674 2393 se
2701 2339 2860 2395 homo
2880 2344 2945 2398 ad
2968 2324 3113 2403 illum
3134 2324 3533 2421 extenderit,.et
3554 2324 3637 2416 sic

2050 2417 2385 2521 ingemuerit,
2416 2425 2507 2521 fiet
2526 2429 2666 2499 quod
2679 2434 2935 2502 sequitur,
2971 2438 3069 2493 Ubi
3082 2441 3356 2501 abundavit
3370 2417 3632 2521 delictum,

2049 2514 2475 2605 superabundavit
2501 2529 2547 2572 et
2566 2524 2921 2595 gratia(Rom.
2944 2545 2997 2595 v,
3034 2530 3161 2605 20);
3193 2546 3267 2603 et,
3298 2514 3625 2599 Dimittuntui

2115 2608 2518 2710 pftfautpmltp,
2545 2616 2973 2710 quoniamgditezit
2991 2602 3203 2681 multum
3220 2630 3371 2699 (Luc.
3398 2649 3492 2702 vn,
3515 2638 3629 2710 47):

2047 2693 2437 2799 etdiﬁunditur
2462 2700 2517 2755 in
2561 2705 2724 2762 corde
2755 2708 2986 2768 charitas
3025 2716 3139 2783 Dei,
3192 2693 3331 2777 unde
3368 2693 3631 2799 ﬁat'legis

2048 2788 2356 2891 plenitudo;
2378 2809 2494 2891 non
2532 2812 2629 2867 per
2657 2801 2800 2858 vires
2827 2805 3030 2861 arbitrii
3078 2814 3221 2879 quod
3250 2825 3334 2871 est
3362 2818 3412 2871 in
3450 2788 3628 2891 nobis,

2045 2880 2137 2934 sed
2179 2897 2275 2952 per
2300 2883 2555 2955 Spiritum
2580 2902 2822 2949 sanctum
2847 2900 2936 2967 qni
2963 2900 3119 2958 datus
3145 2915 3227 2971 est
3252 2896 3435 2965 nobisl
3456 2880 3631 2971 Nave;

2044 2981 2128 3065 rat
2153 2977 2348 3048 quippe
2393 2981 2480 3036 ille
2523 2982 2740 3054 Legem,
2761 2991 2848 3059 qui
2879 2991 3108 3062 dicebat,
3140 2968 3464 3060 Condelector
3495 2968 3628 3065 enim

2045 3063 2144 3136 legi
2170 3066 2268 3122 Dei
2305 3074 2579 3128 secundum
2608 3078 2893 3137 interiorem
2931 3086 3214 3155 hominem;
3248 3105 3303 3149 et
3331 3104 3507 3155 tamen
3528 3063 3627 3157 ad;

2038 3158 2317 3231 jungebat,
2358 3165 2515 3221 Video
2540 3180 2707 3225 autem
2724 3175 2881 3229 aliam
2902 3177 3061 3250 legem
3074 3183 3127 3238 in
3146 3187 3381 3244 membris
3398 3194 3523 3248 meis
3542 3211 3627 3249 re-

2043 3265 2349 3344 pugnantem
2377 3258 2475 3329 legi
2500 3266 2679 3318 mentis
2712 3283 2866 3335 mete,
2899 3280 2947 3324 et
2976 3277 3225 3344 captivum
3254 3297 3334 3336 me
3359 3284 3625 3344 ducentem

2040 3342 2094 3451 iLn
2125 3342 2233 3415 lege
2258 3352 2468 3450 peccati,
2486 3369 2614 3451 gate
2644 3365 2729 3451 est
2751 3359 2825 3451 in
2863 3342 3096 3419 membris
3133 3370 3275 3425 meis.
3308 3370 3504 3439 Infelix
3532 3342 3624 3451 ego

2041 3430 2211 3533 homo,
2241 3438 2352 3533 quis
2380 3456 2460 3494 me
2480 3441 2706 3533 liberabit
2724 3448 2788 3501 de
2809 3465 3020 3522 corpore
3038 3458 3210 3514 mortis
3230 3430 3424 3533 hujus?

2038 3521 2139 3617 Uei
2159 3543 2248 3595 per
2279 3527 2458 3584 Iesum
2488 3532 2742 3592 Christum
2771 3521 3045 3599 Dominum
3090 3521 3334 3608 nostrum.
3366 3554 3475 3613 Cur
3510 3521 3619 3617 non

2036 3614 2170 3721 dixit
2210 3621 2404 3721 potius,
2435 3623 2538 3679 Per
2580 3643 2757 3685 meum
2786 3632 3009 3690 liberum
3038 3640 3338 3712 arbitrium,
3372 3650 3471 3703 nisi
3497 3614 3621 3721 quia

2035 3706 2254 3764 libertas
2283 3712 2398 3768 sine
2426 3716 2595 3783 gratia
2624 3734 2731 3774 non
2753 3724 3087 3795 estlibertas,
3120 3731 3215 3787 sed
3245 3706 3619 3798 contumaciai

2107 3801 2203 3899 l7.
2223 3804 2351 3859 Cum
2363 3820 2492 3899 ergo
2515 3807 2739 3867 dixisset
2764 3815 3069 3887 Apostolus,
3092 3822 3199 3879 Lex
3216 3829 3533 3899 subintravit,
3561 3846 3618 3891 ut

2033 3892 2311 3991 abundaret
2335 3898 2571 3954 delictum
2595 3916 2614 3955 :
2640 3903 2725 3958 ubi
2752 3917 2920 3962 autem
2949 3912 3221 3971 abundavit
3246 3892 3618 3991 delictum,'su-

2033 3985 2395 4084 perabundavit
2430 4002 2478 4084 et
2506 3994 2715 4063 gratia;
2740 4010 2957 4057 secutus
2985 4004 3244 4075 adjunxit,
3288 4024 3343 4065 ut
3373 3985 3616 4084 quemad-

2030 4076 2483 4177 modum-regnavit
2510 4096 2768 4153 peccatum
2801 4089 2855 4144 in
2879 4104 3057 4161 morte,
3082 4098 3156 4152 sic
3182 4110 3231 4153 et
3253 4076 3419 4173 gratia
3443 4119 3612 4177 regnet

2028 4183 2118 4237 per
2130 4168 2384 4238 justitiam
2411 4174 2465 4227 in
2483 4175 2584 4229 vita
2608 4186 2796 4233 (eterna
2821 4198 2911 4251 per
2933 4183 3112 4242 Iesum
3137 4168 3396 4248 Christum
3424 4168 3608 4253 Daumi-

2023 4453 2294 4547 Iiem,"aut
2319 4450 2667 4547 per-primum
2689 4453 2978 4527 hominem,
3006 4472 3103 4519 aut
3130 4483 3224 4537 per
3237 4471 3404 4528 Adam
3430 4490 3446 4528 :
3477 4476 3600 4547 quia

2016 4536 2126 4605 jam
2152 4536 2382 4637 dixerat,
2409 4540 2523 4597 Lex
2568 4547 2887 4618 subintravit,
2926 4562 2982 4609 ut
3023 4536 3299 4617 abundaret
3327 4536 3602 4637 delictum;

2019 4641 2139 4696 quaa
2159 4627 2478 4687 abundantia
2504 4633 2681 4692 delicti
2710 4655 2813 4696 non
2839 4646 3072 4713 pertinet
3098 4651 3163 4705 ad
3192 4656 3345 4722 primi
3364 4627 3596 4720 hominis

2018 4722 2383 4818 propaginem,
2415 4725 2509 4780 sed
2536 4727 2603 4781 ad
2630 4736 3049 4792 conversationis
3075 4740 3319 4802 humana:
3346 4756 3597 4818 praevari-

2017 4809 2302 4875 cationem,
2331 4828 2450 4883 qua:
2492 4817 2563 4870 illi
2607 4821 2694 4873 nni
2723 4820 2919 4879 delicto
2960 4845 3063 4897 quo
3092 4833 3209 4886 solo
3247 4809 3486 4895 obstricti
3514 4851 3595 4899 te-

2016 4911 2211 4955 nentur
2239 4900 2488 4969 inlantes,
2512 4906 2623 4975 jam
2652 4910 2701 4962 in
2732 4914 3021 4980 majoribus
3050 4924 3297 4980 aetatibus
3327 4943 3391 4982 es
3419 4932 3593 4988 abun-

2013 4989 2191 5092 dantia
2216 4992 2507 5093 iniquitatis
2522 4998 2724 5066 adjecta
2750 5014 2851 5058 est.
2876 5005 2979 5061 Sed
3008 5015 3254 5080 quoniam
3278 5018 3379 5073 hoc
3401 5030 3591 5093 totum,

2012 5082 2169 5137 etiam
2197 5083 2337 5153 quod
2365 5100 2468 5187 non
2509 5091 2739 5156 pertinet
2766 5094 2830 5147 ad
2861 5096 3001 5153 illius
3032 5103 3186 5157 unius
3214 5107 3391 5165 delicti
3422 5082 3587 5187 origi:

2011 5189 2155 5241 nem,
2189 5184 2362 5230 tamen
2388 5176 2572 5233 idonea
2602 5184 2683 5235 est
2709 5185 2917 5242 solvere
2940 5193 3104 5259 gratia
3127 5194 3445 5269 Salvatoris;
3470 5176 3589 5263 ideo

2008 5279 2130 5318 cum
2158 5263 2400 5330 dixisset,
2441 5268 2514 5320 sic
2540 5280 2586 5321 et
2626 5275 2793 5341 gratia
2829 5289 2998 5348 regnet
3025 5299 3114 5349 per
3131 5286 3381 5355 justitiam
3409 5263 3459 5347 in
3488 5298 3587 5351 vita

2006 5366 2223 5423 teterna,
2278 5357 2508 5427 addidit,
2550 5379 2640 5432 per
2678 5364 2854 5420 Jesum
2891 5370 3145 5429 Christum
3188 5377 3459 5439 Dominum
3490 5405 3584 5443 noi-

2006 5462 2187 5504 strum.

2078 5544 2166 5598 18.
2211 5544 2420 5601 Nullius
2467 5549 2645 5619 itaque
2692 5562 3183 5624 argumentationes
3233 5578 3416 5625 contra
3472 5574 3581 5631 have

2006 5637 2292 5705 apostolica
2322 5639 2481 5694 verba
2512 5643 2730 5710 prolatae
2760 5647 3047 5717 impediant
3077 5659 3320 5723 parvulos
3349 5665 3415 5717 ad
3440 5668 3579 5721 salu-

2006 5735 2144 5794 tem,
2174 5744 2291 5797 qua:
2320 5740 2401 5785 est
2429 5731 2479 5785 in
2519 5732 2732 5791 Christo
2768 5739 2893 5795 Jcsu
2923 5743 3147 5800 Domino
3175 5762 3356 5808 nostro
3390 5774 3403 5808 :
3436 5768 3580 5815 tanto

2003 5819 2169 5916 magis
2191 5822 2330 5875 enim
2362 5838 2455 5893 pro
2476 5826 2553 5879 eis
2579 5827 2719 5898 loqui
2742 5831 3016 5901 debemus,
3046 5850 3241 5908 quanto
3272 5845 3369 5914 ip'~i
3400 5863 3495 5916 pro
3520 5866 3578 5905 se

2002 5911 2142 5981 loqui
2170 5928 2275 5968 non
2306 5928 2545 5986 possunt.
2576 5918 2677 5974 Per
2706 5939 2861 5976 unum
2886 5928 3137 5985 hominem
3175 5911 3375 5993 intravit
3400 5911 3577 6011 pecca-

2640 6013 3135 6096 {Viam-deum.)
