4112 6346
622 403 728 461 687

621 528 838 575 aeterna;
873 512 1259 586 consequendae
1295 510 1574 568 consilium
1603 499 1873 581 quaerebat
1916 507 2157 578 accipere
2190 523 2205 560 :

621 613 726 668 hoc
753 610 896 667 enim
919 609 1144 664 Domino
1161 607 1384 667 dixerat,
1417 603 1552 670 Quid
1577 602 1784 674 faciam,
1803 611 1856 654 ut
1886 601 2036 655 vitam
2055 609 2208 654 (eter-

621 721 741 760 nam
783 701 1100 770 consequar?
1139 699 1233 754 llle
1261 705 1436 752 autem
1483 710 1590 750 non
1633 694 1683 749 ei
1706 693 1997 764 respondit,
2042 691 2098 746 Si
2128 691 2210 748 vis

620 796 804 851 venire
839 793 904 848 ad
929 792 1112 855 vitam,
1143 789 1296 854 vade,
1331 787 1502 842 vende
1525 785 1702 840 omnia
1727 800 1845 855 qum
1864 783 2027 838 habes
2049 797 2065 846 ;
2089 781 2205 848 sed,

622 887 685 944 Si
708 887 781 941 vis
808 885 975 939 venire
1017 881 1084 935 ad
1118 881 1290 946 vitam,
1339 895 1479 932 serva
1520 876 1780 930 mandata.
1829 873 1958 942 Qua:
1998 872 2208 943 juvenis

619 993 744 1034 cum
773 977 870 1032 sibi
895 991 924 1030 a
951 975 1173 1030 Domino
1200 989 1266 1026 ex
1292 972 1408 1042 lege
1433 969 1843 1024 commemorata
1880 983 1939 1022 se
1967 980 2208 1022 servasse

619 1070 872 1132 dixisset,
927 1078 982 1123 et
1033 1065 1330 1138 qumsiisset
1389 1063 1515 1134 quid
1577 1061 1751 1116 adhuc
1797 1061 1895 1117 sibi
1950 1059 2204 1128 deesset,

618 1181 933 1238 responsum
995 1163 1250 1231 accepit:
1297 1159 1357 1213 Si
1421 1159 1492 1212 vis
1557 1160 1802 1228 perfectus
1854 1171 1992 1221 esse,
2043 1153 2204 1220 vade,

617 1261 774 1316 vende
822 1259 992 1312 omnia
1036 1271 1148 1324 quae
1188 1252 1358 1318 habes,
1383 1260 1430 1305 et
1458 1250 1524 1303 da
1567 1247 1889 1319 pauperibus.
1945 1247 2010 1301 Ει
2049 1261 2116 1300 ne
2148 1259 2208 1300 se

617 1353 706 1407 illa
733 1367 850 1422 qua:
882 1349 1104 1402 multum
1129 1345 1357 1407 amabat,
1389 1342 1490 1394 hoc
1516 1340 1676 1394 modo
1699 1339 1925 1409 perdere
1947 1337 2206 1392 existima-

616 1451 738 1498 ret:
775 1441 840 1495 Et
868 1438 1086 1504 habebis,
1135 1436 1324 1506 inquit,
1371 1432 1663 1487 thesaurum
1705 1432 1757 1484 in
1797 1431 1955 1484 cwlis.
2006 1429 2206 1485 Deinde

614 1532 837 1594 addidit,
874 1529 943 1582 Et
972 1529 1102 1595 veni,
1144 1541 1346 1596 sequere
1374 1539 1489 1588 me;
1517 1538 1584 1577 ne
1615 1523 1879 1592 cuiquam,
1925 1536 2046 1576 cum
2092 1519 2207 1575 hmo

615 1624 822 1690 fecerit,
850 1621 1045 1690 aliquid
1088 1619 1337 1689 prodesse
1365 1616 1714 1679 existimetur,
1745 1614 1789 1670 si
1823 1631 1926 1668 non
1969 1614 2207 1684 sequitur

613 1716 907 1772 Christum.
939 1715 1005 1766 At
1035 1712 1124 1766 ille
1154 1710 1366 1780 quidem
1406 1709 1571 1763 tristis
1598 1708 1876 1774 abscessit,
1905 1707 1994 1777 qui
2015 1707 2206 1762 viderit

614 1806 1057 1880 quemadmodum
1091 1805 1175 1858 illa
1214 1803 1371 1872 Legis
1415 1799 1661 1854 mandata
1707 1807 2049 1856 servaverat:
2078 1807 2205 1870 puto

615 1901 756 1956 enim
785 1899 926 1971 quod
969 1913 1026 1951 se
1072 1894 1405 1966 arrogantius
1431 1909 1588 1963 quam
1630 1893 1808 1947 verius
1835 1908 2077 1948 servasse
2121 1908 2206 1947 re-

613 1991 920 2062 sponderat.
968 1987 1346 2048 .Verumlamen
1388 1983 1639 2054 magister
1664 1983 1834 2037 bonus
1861 1983 2107 2038 mandata
2131 1983 2207 2039 le-

613 2086 692 2157 gis
707 2087 772 2140 ab
794 2085 889 2139 ista
911 2081 1290 2136 excellentiorc
1315 2077 1637 2148 perfectione
1655 2077 1898 2132 distinxit
1927 2095 1940 2130 :
1969 2077 2038 2132 ibi
2062 2079 2202 2132 enim

612 2179 764 2244 dixit,
789 2177 849 2232 Si
868 2178 940 2230 vis
965 2175 1131 2230 venire
1153 2173 1220 2226 ad
1242 2174 1414 2234 vitam,
1433 2185 1575 2225 serva
1598 2170 1837 2223 mandata
1860 2184 1878 2232 ;
1907 2171 1990 2224 hic
2002 2179 2201 2235 autem,

615 2271 678 2326 Si
699 2272 772 2324 vis
798 2269 1047 2338 perfectus
1073 2283 1199 2330 esse,
1219 2265 1364 2330 vade,
1389 2263 1546 2318 vende
1565 2263 1733 2316 omnia
1766 2280 1878 2333 qua:
1904 2265 2073 2330 habes,
2097 2273 2201 2318 etc.

611 2364 721 2419 Cur
745 2377 875 2432 ergo
901 2373 1156 2432 negamus
1186 2359 1396 2424 divites,
1420 2356 1662 2427 quamvis
1687 2357 1754 2410 ab
1775 2355 1862 2409 illa
1886 2356 2205 2425 perfectione

611 2454 812 2520 absint,
855 2453 1036 2506 venire
1066 2459 1242 2504 tamen
1287 2449 1355 2502 ad
1395 2447 1577 2512 vitam,
1609 2447 1654 2501 si
1686 2446 1930 2500 mandata
1958 2461 2206 2500 servave-

611 2547 738 2612 rint,
771 2553 824 2598 et
843 2543 1090 2598 dederint
1118 2550 1173 2594 ut
1198 2540 1352 2595 detur
1376 2539 1503 2604 illis,
1533 2546 1587 2592 et
1608 2536 1912 2592 dimiserint
1941 2545 1999 2590 ut
2021 2536 2202 2591 diluit--

610 2646 752 2692 tatur
781 2637 885 2691 illis
912 2633 1062 2708 (Luc.
1095 2649 1171 2698 vt,
1202 2633 1288 2695 57,
1319 2631 1448 2700 58)?

678 2729 768 2783 26.
809 2727 1090 2782 Credimus
1143 2727 1284 2782 enim
1342 2725 1641 2780 ministrum
1693 2723 1824 2778 Novi
1868 2721 2203 2777 Testamcnti

607 2822 772 2878 fuisse
815 2821 1113 2890 apostolum
1162 2820 1404 2880 Paulum,
1455 2835 1573 2872 cum
1624 2818 1862 2872 scribens
1905 2816 1969 2869 ad
2016 2816 2202 2870 Timo-

607 2906 793 2963 theum
835 2907 1073 2973 diceret,
1123 2904 1352 2974 Prwcipe
1399 2903 1631 2957 divitibus
1679 2903 1832 2971 hujus
1881 2903 2055 2955 nmudi
2103 2920 2204 2957 non

605 3000 818 3070 superbe
844 3015 1041 3069 sapere,
1070 3015 1227 3068 neque
1247 3014 1450 3067 sperare
1485 2998 1538 3050 in
1559 2998 1747 3050 incerto
1776 2997 2083 3061 divitiarum,
2115 2998 2205 3051 sed

606 3089 660 3144 in
680 3089 789 3144 Deo
816 3090 940 3154 vivo,
970 3090 1056 3159 qui
1079 3098 1282 3160 prtestat
1307 3088 1446 3142 nobis
1466 3087 1634 3141 omnia
1660 3087 1974 3141 abundanter
1998 3087 2065 3139 ad
2088 3089 2201 3158 fru-

607 3184 809 3237 endum.
842 3181 979 3236 Bene
1006 3181 1217 3252 faciant,
1261 3179 1435 3233 divites
1472 3180 1570 3233 sint
1590 3181 1641 3232 in
1671 3178 1902 3250 aperibus
1930 3179 2090 3245 bonis,
2118 3182 2201 3251 fa-

605 3272 700 3327 cile
723 3273 958 3338 tribuant,
993 3271 1378 3336 communicent,
1408 3272 1744 3324 thesaurizent
1771 3271 1868 3324 sibi
1889 3272 2200 3338 fundamen-

608 3375 716 3418 tum
735 3364 917 3418 bonum
934 3363 985 3416 in
1007 3367 1253 3434 futurum,
1277 3371 1330 3415 ut
1357 3362 1738 3432 apprehendant
1761 3373 1998 3416 atternam
2019 3364 2168 3416 vitam
2183 3365 2198 3395 ⁸

609 3453 665 3528 (1
700 3455 830 3508 Tim.
864 3471 937 3522 vt,
969 3454 1160 3525 17-19)
1195 3473 1207 3508 :
1242 3454 1309 3508 de
1339 3470 1441 3524 qua
1469 3455 1622 3509 etilli
1650 3454 1972 3510 adolescenti
2001 3455 2199 3510 dictqu

605 3555 707 3609 est,
737 3545 798 3599 Si
823 3546 894 3598 vis
924 3547 1090 3598 venire
1111 3544 1178 3598 ad
1205 3545 1378 3598 vitam.
1410 3545 1542 3598 Puto
1565 3546 1704 3614 quod
1729 3548 1824 3598 ista
1855 3546 2192 3616 prcecipiens,

605 3639 799 3694 divites
842 3640 1158 3703 instruebat,
1212 3655 1318 3691 non
1353 3637 1568 3691 fallebat
1610 3640 1898 3706 Apostolus
1927 3657 1939 3692 :
1974 3639 2062 3708 qui
2093 3655 2197 3694 non

607 3730 702 3796 ait,
735 3730 972 3798 Prmeipc
998 3728 1252 3781 divitibus
1283 3728 1440 3796 hujus
1466 3728 1648 3781 mundi
1677 3738 1733 3783 ut
1760 3729 1990 3782 vendant
2019 3732 2196 3784 omnia

607 3839 727 3895 qum
753 3821 968 3887 habent,
985 3821 1114 3875 dent
1139 3820 1475 3890 pauperibus,
1495 3830 1546 3875 et
1573 3830 1860 3890 sequantur
1882 3820 2194 3890 Dominum;

605 3915 722 3981 sed,
753 3931 854 3969 non
882 3912 1094 3984 superbe
1114 3929 1310 3982 sapere,
1355 3929 1512 3983 neque
1539 3930 1742 3984 sperare
1770 3914 1820 3966 in
1849 3913 2037 3968 incerto
2065 3915 2196 3969 divi-

605 4008 810 4064 tiarum.
846 4006 946 4062 Ista
969 4005 1213 4076 superbia
1241 4004 1456 4060 divitem
1484 4005 1627 4060 illum
1656 4005 1743 4075 qui
1779 4005 2043 4075 jacentem
2072 4017 2194 4063 ante

599 4103 816 4174 ianuam
847 4115 997 4155 suam
1028 4096 1401 4154 contemnebat
1441 4112 1727 4167 pauperem
1757 4097 1980 4166 justum,
2013 4107 2067 4152 et
2097 4099 2194 4154 ista

598 4210 726 4266 spes
756 4196 811 4247 in
837 4192 1038 4246 incerto
1068 4189 1390 4254 divitiarum,
1418 4202 1523 4258 qua
1549 4201 1607 4240 se
1638 4195 1854 4256 propter
1881 4203 2190 4258 purpuram,

598 4286 841 4358 byssum,
891 4291 946 4339 et
986 4281 1170 4351 epulas
1215 4278 1522 4350 splendidas
1571 4278 1778 4332 beatum
1816 4279 2054 4348 putabat,
2085 4294 2193 4334 non

601 4380 735 4450 ipsze
759 4377 956 4433 divitia:
986 4375 1348 4445 perduxerunt
1377 4371 1443 4424 ad
1473 4370 1664 4425 inferni
1694 4380 1976 4427 tormenta.

672 4473 764 4524 ‘27.
806 4471 887 4523 An
919 4469 1052 4520 forte
1080 4467 1202 4534 quia
1227 4463 1481 4517 Dominus
1497 4462 1754 4530 adjunxit,
1783 4471 1836 4517 et
1861 4463 2012 4528 dixit,
2033 4465 2191 4519 Amen

600 4562 715 4615 dico
754 4560 910 4623 vobis,
950 4555 1148 4626 difficile
1191 4554 1327 4606 dives
1352 4553 1552 4604 intrabit
1581 4553 1635 4606 in
1672 4571 1882 4624 regnum
1909 4555 2147 4609 caelorum
2171 4572 2190 4611 :

598 4662 646 4709 et
675 4653 858 4707 iterum
883 4651 995 4702 dico
1019 4647 1174 4712 vobis,
1207 4643 1435 4698 Facilius
1461 4644 1664 4698 intrabit
1690 4647 1910 4700 camelus
1937 4665 2026 4718 per
2049 4649 2189 4718 fora-

600 4762 715 4800 men
744 4759 884 4809 acus,
906 4756 1057 4811 quam
1082 4738 1216 4793 dives
1242 4737 1296 4790 in
1319 4751 1530 4804 regnum
1554 4735 1792 4788 caelorum
1815 4751 1834 4799 ;
1856 4735 1975 4792 ideo
2005 4747 2190 4808 putant

601 4840 687 4894 isti
735 4836 975 4900 divitem,
1007 4833 1215 4889 etiamsi
1246 4829 1403 4885 faciat
1447 4829 1544 4882 ista
1576 4845 1692 4898 quae
1721 4828 1970 4885 divitibus
2001 4833 2188 4901 praeci-

601 4932 792 5004 pienda
819 4930 1032 4998 scripsit
1055 4924 1358 4996 Apostolus,
1384 4923 1436 4977 in
1458 4937 1678 4992 regnum
1704 4924 1959 4978 caelorum
1987 4923 2186 4983 intrare

598 5041 704 5080 non
747 5020 940 5093 posse?
982 5017 1118 5086 Quid
1149 5031 1276 5086 ergo
1313 5013 1428 5070 est?
1474 5022 1647 5068 utrum
1679 5014 1961 5084 Apostolus
1999 5028 2184 5072 contra

598 5115 880 5172 Dominum
907 5111 1158 5179 loquitur,
1201 5122 1268 5162 an
1310 5105 1396 5160 isti
1435 5106 1676 5160 nesciunt
1705 5105 1829 5176 quid
1859 5106 2184 5176 loquuntur?

593 5207 730 5277 Quid
765 5208 954 5261 horum
979 5201 1179 5268 credat,
1227 5198 1385 5270 eligat
1425 5198 1766 5254 christianus.
1817 5198 1950 5254 Puto
1994 5201 2183 5257 melius

594 5318 692 5358 nos
721 5300 940 5356 credere
965 5299 1096 5352 istos
1119 5293 1329 5350 nescire
1369 5293 1494 5363 quid
1525 5293 1824 5363 loquantur,
1855 5309 2012 5364 quam
2040 5294 2181 5349 Pau-

592 5395 702 5450 lum
749 5401 932 5448 contra
961 5388 1241 5442 Dominum
1271 5385 1434 5454 loqui.
1477 5383 1674 5438 Deinde
1703 5399 1798 5437 cur
1823 5399 1926 5439 non
1958 5387 2011 5439 in
2049 5401 2180 5440 con-

591 5483 938 5557 sequentibus
975 5481 1134 5535 etiam
1165 5479 1339 5548 ipsum
1367 5475 1646 5530 Dominum
1672 5475 1890 5529 audiunt
1914 5475 2176 5532 dicentem

595 5579 868 5649 discipulis
894 5587 990 5644 pro
1018 5571 1231 5626 miseria
1260 5566 1482 5621 divitum
1507 5566 1832 5621 contristatis
1865 5584 1878 5621 :
1912 5567 2060 5634 Quod
2084 5568 2177 5622 ho—

592 5671 809 5724 minibus
835 5660 1142 5736 impossibile
1159 5669 1253 5726 est,
1279 5657 1389 5713 Deo
1414 5657 1564 5730 facile
1589 5658 1702 5712 est!

657 5783 675 5815 ί
710 5781 819 5830 uad.
845 5787 944 5828 Am.
968 5783 1114 5842 anet
1134 5775 1279 5826 vatio.
1305 5780 1434 5836 Mss,
1460 5785 1624 5842 veram
1651 5770 1797 5825 vitam
1815 5775 1915 5829 :slc
1936 5775 2083 5829 etiam
2103 5777 2175 5829 in-

591 5844 667 5898 fra
691 5844 741 5892 iu
762 5842 984 5890 omnibus
1000 5837 1113 5887 l-‘dd.
1502 5837 1515 5864 ’-

1818 394 1878 450 S.
1919 388 2286 450 AUGUSTINI
2325 390 2630 449 EPISCOPI

2385 507 2474 564 28.
2505 507 2610 564 Sed
2640 507 2778 573 ideo,
2809 507 3072 580 inquiunt,
3104 505 3206 563 hoc
3225 506 3426 564 dictum
3453 515 3556 577 est,
3599 508 3723 580 quia
3749 509 3902 567 lutu-

2314 615 2431 655 rum
2473 607 2588 655 erat
2616 609 2672 654 ut
2697 599 2879 654 audito
2910 599 3215 670 Evangelio,
3243 599 3432 654 divites
3471 600 3686 656 vendito
3730 603 3901 671 patri-

2315 690 2495 745 monio
2523 698 2848 761 erogatoque
2868 689 3186 760 pauperibus
3213 689 3493 744 Dominum
3522 701 3890 761 sequerentur,

2313 790 2367 836 et
2390 781 2648 836 intrarent
2673 781 2725 836 in
2753 796 2972 850 regnum
2992 781 3270 846 caelorum,
3298 791 3456 851 atque
3485 781 3554 836 ita
3583 782 3736 838 iteret
3755 784 3901 854 quod

2313 873 2529 930 difficile
2557 874 2838 930 videbatur
2875 895 2888 928 :
2917 890 3024 929 non
3062 883 3120 930 nt
3149 882 3425 930 manentes
3454 875 3504 928 in
3531 875 3732 932 divitiis
3759 879 3898 944 suis,

2316 978 2576 1040 prmeepta
2605 970 2848 1040 Apostoli
2877 970 3261 1037 custodiendo,
3303 969 3357 1026 id
3396 978 3480 1025 est
3518 986 3624 1025 non
3664 973 3902 1042 superbe

2312 1063 2586 1135 sapiendo,
2620 1080 2790 1135 neque
2827 1064 3092 1134 sperando
3121 1063 3174 1120 in
3205 1064 3410 1119 incerto
3431 1063 3733 1118 divitiarum
3757 1103 3772 1128 ,
3800 1064 3898 1119 sed

2312 1153 2366 1209 in
2395 1154 2501 1209 Deo
2528 1155 2669 1220 vivo,
2698 1154 2834 1210 bene
2860 1153 3123 1222 faciendo,
3152 1153 3306 1210 facile
3329 1154 3628 1221 tribuendo,
3666 1162 3722 1209 et
3744 1169 3899 1210 com-

2312 1231 2630 1302 municando
2661 1247 3034 1318 indigentibus,
3061 1263 3243 1303 veram
3263 1247 3666 1318 apprehendant
3693 1249 3895 1317 vitam;

2310 1339 2406 1394 sed
2440 1338 2596 1394 etiam
2632 1340 2730 1394 ista
2777 1348 3037 1410 praecepta
3065 1339 3356 1410 apostolica
3383 1337 3611 1394 venditis
3645 1339 3899 1397 omnibus

2309 1430 2420 1486 suis
2445 1432 2602 1487 rebus
2631 1432 2926 1502 implerent.
3625 1488 3629 1491 _

2379 1519 2469 1574 29.
2500 1521 2625 1576 Haec
2647 1522 2690 1576 si
2719 1522 2920 1590 dicunt,
2949 1522 3062 1578 scio
3087 1523 3285 1594 quippe
3314 1538 3409 1579 eos
3441 1523 3528 1578 illa
3556 1522 3755 1590 dicere,
3785 1539 3896 1579 non

2310 1613 2591 1668 attendunt
2641 1614 2885 1684 primitus
2925 1613 3369 1684 quemadmodum
3409 1613 3664 1669 Dominus
3707 1624 3900 1670 contra

2311 1720 2498 1761 eorum
2531 1705 2720 1776 dogma
2748 1721 2898 1760 suam
2930 1707 3152 1778 gratiam
3194 1706 3580 1778 prtedicaverit.
3607 1706 3720 1761 Non
3749 1706 3898 1762 enim

2311 1797 2404 1861 ait,
2435 1796 2586 1863 Quod
2619 1797 2920 1852 hominibus
2966 1798 3292 1868 impossibile
3333 1798 3574 1866 videtur,
3621 1797 3774 1854 facile
3812 1805 3901 1854 est

2312 1886 2615 1943 hominibus
2641 1887 2687 1942 si
2715 1888 3013 1954 voluerint;
3053 1889 3168 1955 sed,
3202 1889 3350 1955 Quod
3369 1890 3668 1955 hominibus,
3700 1891 3897 1962 inquit,

2309 1977 2618 2049 impossibile
2643 1989 2737 2045 est,
2767 1979 2870 2033 Deo
2899 1981 3049 2051 facile
3077 1989 3148 2035 est
3175 1996 3195 2036 :
3221 1981 3528 2049 ostendens,
3559 1983 3770 2053 quando
3794 1984 3902 2038 ista

2310 2078 2455 2124 recte
2499 2069 2648 2132 ﬁunt.
2688 2085 2793 2124 non
2824 2070 2939 2126 fieri
2984 2071 3214 2127 hominis
3242 2074 3496 2143 potentia,
3527 2073 3624 2130 sed
3652 2073 3747 2130 Dei
3774 2090 3902 2145 gra-

2311 2161 2402 2214 tia.
2436 2160 2546 2215 Hoc
2583 2177 2709 2232 ergo
2750 2163 3030 2218 attendant
3057 2164 3174 2231 isti,
3209 2174 3260 2220 et
3296 2166 3339 2220 si
3368 2166 3766 2236 reprehendunt
3801 2183 3902 2224 eos

2309 2252 2398 2323 qui
2426 2253 2721 2322 gloriantur
2750 2255 2799 2307 in
2831 2255 3027 2309 divitiis
3056 2255 3186 2321 suis,
3209 2266 3431 2313 caveant
3458 2257 3556 2328 ipsi
3581 2259 3632 2312 in
3659 2273 3755 2313 sua
3784 2260 3900 2313 vir-

2313 2353 2422 2401 tute
2464 2348 2734 2403 confidere
2763 2367 2775 2402 :
2807 2350 2964 2405 simul
3006 2351 3149 2406 enim
3197 2353 3405 2422 utrique
3431 2353 3906 2424 reprehenduntur

2309 2437 2364 2492 in
2389 2437 2620 2506 Psalmo,
2648 2440 2746 2506 Qui
2773 2441 3033 2511 confidunt
3062 2443 3113 2498 in
3144 2445 3324 2498 virtute
3345 2462 3457 2509 sua,
3480 2455 3526 2500 et
3551 2447 3637 2516 qui
3664 2447 3720 2500 in
3735 2449 3906 2505 abun:

2309 2531 2483 2583 dantia
2508 2532 2793 2587 divitiarum
2822 2552 3030 2590 suarum
3054 2536 3337 2608 gloriantur
3370 2537 3547 2608 (Psal.
3582 2557 3775 2607 xu'tu,
3809 2542 3903 2611 7).

2310 2623 2540 2678 Audiant
2565 2625 2740 2694 itaque
2760 2627 2975 2695 divites,
3003 2629 3152 2695 Quod
3173 2631 3457 2686 hominibus
3475 2633 3784 2704 impossibile
3803 2644 3904 2704 est,

2309 2714 2416 2768 Deo
2441 2716 2594 2786 facile
2617 2725 2689 2771 est
2713 2733 2732 2772 :
2753 2727 2806 2773 et
2825 2719 2940 2774 sive
2969 2731 3248 2777 manentes
3275 2723 3325 2777 in
3354 2722 3552 2779 divitiis
3577 2725 3708 2792 suis,
3740 2735 3908 2796 atque

2308 2823 2372 2862 ex
2396 2809 2472 2863 cis
2498 2810 2634 2864 bona
2655 2826 2815 2881 opera
2843 2812 3098 2870 facientes
3121 2817 3157 2880 ¹,
3183 2817 3296 2872 sive
3320 2817 3424 2872 illis
3445 2819 3696 2885 venditis,
3725 2829 3780 2875 et
3807 2837 3909 2890 per

2310 2899 2628 2971 iudigentias
2677 2919 2968 2974 pauperum
3005 2907 3302 2964 distributis
3346 2909 3542 2965 intrent
3584 2911 3637 2966 in
3675 2929 3906 2983 regnum

2309 2993 2588 3058 cmlorum,
2621 2996 2803 3064 gratia:
2841 2997 2934 3052 Dei
2975 2999 3245 3067 tribuant,
3291 3017 3395 3056 non
3437 3004 3666 3073 propriis
3697 3005 3906 3062 viribus

2309 3084 2508 3139 bonum
2536 3099 2711 3139 suum.
2745 3086 2894 3153 Quod
2933 3089 3072 3143 enim
3105 3089 3408 3146 hominibus
3435 3093 3764 3164 impossibile
3792 3107 3903 3164 est,

2308 3191 2412 3230 non
2447 3177 2769 3244 hominibus,
2812 3179 2904 3233 sed
2944 3179 3052 3234 Deo
3099 3181 3253 3237 facile
3292 3193 3394 3237 est.
3431 3184 3662 3240 Audiant
3701 3186 3806 3243 hoc
3849 3197 3909 3244 et

2308 3266 2394 3320 isti
2420 3283 2432 3332 ;
2467 3277 2519 3323 et
2545 3269 2588 3322 si
2619 3271 2724 3337 iam
2752 3271 2928 3324 omnia
2968 3286 3060 3324 sua
3088 3274 3170 3327 vel
3200 3274 3587 3340 vendiderunt,
3615 3285 3665 3331 et
3691 3293 3908 3350 paupe-

2307 3361 2452 3415 ribus
2483 3361 2801 3426 tribucrunt,
2827 3363 2913 3418 vel
2941 3363 3114 3418 adhuc
3144 3365 3193 3419 id
3215 3374 3376 3436 agunt
3403 3377 3564 3436 atque
3582 3367 3903 3439 disponunt,

2306 3461 2360 3506 et
2388 3451 2492 3506 hoc
2522 3453 2682 3506 modo
2711 3463 3010 3524 pra-parant
3038 3455 3237 3512 intrare
3275 3456 3328 3511 in
3361 3474 3582 3528 regnum
3611 3461 3902 3531 caelorum,

2307 3558 2411 3598 non
2433 3543 2533 3598 hoc
2557 3544 2790 3600 tribuant
2807 3546 2982 3600 virtuti
3006 3563 3137 3612 sum,
3165 3547 3258 3603 sed
3280 3548 3451 3604 eidem
3478 3552 3659 3619 gratia:
3672 3553 3900 3610 divina;

2303 3633 2454 3702 Quod
2481 3637 2622 3690 enim
2653 3636 2956 3692 hominibus
2986 3639 3312 3708 impossibile
3339 3651 3440 3705 est,
3463 3657 3564 3696 non
3592 3643 3744 3712 ipsis,
3769 3649 3904 3716 quia

2302 3736 2357 3781 ct
2386 3726 2485 3797 ipsi
2516 3727 2758 3783 homines
2785 3738 2928 3795 sunt,
2961 3730 3054 3784 sed
3088 3731 3197 3786 Deo
3227 3732 3380 3787 facile
3408 3742 3507 3788 est.
3555 3734 3667 3788 Hoc
3695 3737 3907 3808 quippe

2304 3817 2408 3872 illis
2435 3827 2489 3872 et
2515 3819 2806 3887 Apostolus
2833 3819 2962 3874 dicit
2989 3837 3002 3873 :
3025 3820 3153 3876 Cum
3175 3823 3350 3877 timore
3372 3835 3418 3878 et
3442 3835 3654 3880 tremore
3675 3838 3906 3884 vestram

2301 3909 2526 3978 ipsorum
2547 3909 2758 3964 salutent
2784 3913 3080 3981 operamini.
3111 3912 3247 3968 Deus
3272 3915 3406 3969 enim
3429 3926 3502 3970 est
3525 3918 3613 3985 qui
3649 3929 3903 3987 operatur

2301 4001 2354 4053 in
2381 4000 2515 4054 vobis
2534 4011 2579 4054 et
2598 4002 2743 4066 velle,
2767 4011 2813 4056 et
2833 4005 3053 4074 operari,
3079 4021 3170 4074 pro
3195 4006 3323 4059 bona
3343 4007 3596 4062 voluntate
3616 4007 3897 4082 (Philipp.

2298 4105 2356 4156 ιι,
2381 4091 2467 4154 12,
2493 4091 2560 4145 15
2579 4091 2620 4160 ).
2641 4090 2798 4148 Certe
2825 4093 2946 4148 ideo
2971 4109 3030 4149 se
3057 4095 3238 4151 dicunt
3257 4096 3323 4152 de
3344 4098 3454 4153 suis
3478 4099 3638 4154 rebus
3657 4101 3904 4157 venden-

2299 4179 2381 4234 dis
2407 4179 2752 4249 perfectionis
2771 4198 2800 4237 a
2827 4184 3050 4240 Domino
3068 4187 3372 4256 suscepisse
3389 4191 3690 4257 consilium,
3720 4204 3783 4248 ut
3807 4211 3898 4250 se-

2299 4280 2527 4342 quantur
2556 4273 2834 4329 Dominum
2852 4316 2866 4340 ,
2885 4277 3133 4345 quoniam
3163 4278 3269 4334 iilic
3297 4279 3532 4336 additum
3557 4292 3659 4348 est,
3682 4295 3730 4339 et
3754 4288 3892 4355 veni,

2296 4379 2500 4434 sequere
2524 4381 2603 4418 me
2624 4379 2644 4418 :
2667 4380 2762 4418 cur
2787 4381 2914 4435 ergo
2943 4367 2995 4422 in
3022 4366 3085 4422 iis
3120 4370 3274 4424 bonis
3298 4386 3414 4441 qua:
3445 4372 3662 4438 faciunt,
3693 4374 3765 4432 de
3793 4392 3896 4432 sua

2298 4462 2500 4508 tantum
2525 4455 2795 4512 voluntate
2826 4467 3170 4526 praesumunt,
3200 4475 3298 4515 nec
3326 4461 3547 4518 audiunt
3578 4463 3896 4534 Dominum,

2295 4561 2450 4614 quem
2477 4547 2625 4616 sequi
2651 4562 2712 4602 se
2748 4547 2966 4615 dicunt,
2999 4550 3358 4620 increpantem
3385 4564 3542 4622 atque
3573 4564 3894 4627 testantem,

2296 4635 2422 4690 Sine
2447 4653 2523 4690 me
2548 4638 2674 4692 nihil
2699 4641 2903 4710 potestis
2931 4640 3100 4708 facere
3125 4640 3315 4710 (Joan.
3344 4659 3434 4709 xv,
3464 4645 3498 4700 5
3518 4645 3578 4716 )?

2365 4731 2454 4787 50.
2486 4731 2540 4788 Si
2575 4741 2750 4788 autem
2782 4734 3068 4802 Apostolus
3101 4735 3172 4790 ita
3207 4735 3354 4801 dixit,
3383 4735 3617 4809 Prcecipe
3642 4741 3894 4798 divitibus

2294 4826 2447 4897 hujus
2480 4825 2678 4892 mundi,
2716 4841 2816 4879 non
2842 4825 3052 4895 superbe
3084 4843 3282 4896 sapere,
3305 4845 3462 4900 neque
3488 4847 3696 4900 sperare
3726 4833 3782 4887 in
3809 4836 3896 4888 in-

2290 4927 2425 4972 certo
2455 4918 2761 4983 divitiarum,
2801 4925 2856 4971 ut
2883 4917 3113 4973 vendant
3150 4922 3326 4974 omnia
3361 4937 3478 4990 qua:
3505 4923 3806 4992 possident,
3836 4938 3895 4983 et

2291 5023 2353 5063 ea
2387 5008 2551 5077 pretia
2589 5007 2954 5063 distribuendo
2984 5009 3359 5081 indigentibus,
3397 5013 3592 5069 faciant
3619 5018 3767 5087 quod
3795 5035 3891 5074 se-

2289 5099 2502 5170 quitur,
2534 5099 2683 5170 facile
2708 5099 2949 5166 tribuant,
2990 5103 3372 5168 communicent,
3417 5105 3762 5164 thesaurisent
3789 5113 3891 5166 sibi

2289 5192 2673 5264 fundamentum
2701 5191 2885 5245 bonum
2917 5193 2969 5246 in
3007 5197 3236 5264 futurum
3257 5233 3272 5259 ,
3306 5203 3364 5250 et
3394 5197 3549 5252 aliter
3573 5214 3670 5255 eos
3708 5202 3764 5256 in
3793 5219 3890 5258 re-

2287 5297 2449 5355 gnum
2474 5284 2730 5339 cmlorum
2771 5284 2970 5338 intrare
3008 5299 3168 5355 posse
3206 5301 3310 5340 non
3350 5288 3554 5355 credit;
3585 5290 3727 5346 fallit
3751 5309 3891 5365 ergo

2287 5391 2382 5432 eos
2410 5391 2635 5447 quorum
2665 5375 2853 5430 domos
2883 5384 2990 5430 tam
3024 5375 3306 5448 diligenter
3346 5379 3602 5436 doctrina:
3645 5385 3890 5442 sanitate

2285 5470 2576 5538 componit,
2603 5469 2896 5524 admonens
2921 5477 2976 5524 et
3001 5470 3316 5540 praecipiens
3340 5473 3522 5542 quales
3545 5489 3606 5528 se
3629 5477 3891 5545 praebere

2283 5563 2513 5619 debeant
2549 5577 2739 5616 uxores
2773 5560 2934 5627 viris,
2972 5560 3070 5616 viri
3104 5561 3377 5630 uxoribus,
3408 5563 3500 5618 ﬁlii
3530 5569 3884 5637 parentibus,

2284 5669 2530 5730 parentes
2552 5656 2694 5722 filiis,
2717 5655 2854 5711 servi
2876 5655 3127 5721 dominis,
3145 5656 3344 5712 domini
3361 5657 3530 5712 servis
3552 5675 3567 5711 :
3594 5674 3724 5714 nam
3743 5677 3890 5732 quo-

2346 5774 2380 5838 i_
2399 5779 2448 5821 In
2471 5771 2606 5833 prius
2641 5771 2838 5838 exarsis
2857 5769 3390 5838 desidet-absumebat»
3422 5773 3605 5838 verba:
3628 5779 3788 5838 atque
3811 5789 3886 5828 ex

2279 5835 2350 5891 eis
2365 5832 2485 5886 bona
2505 5846 2652 5898 opera
2672 5832 2915 5896 facientes,
2933 5846 3044 5899 quae
3066 5833 3117 5883 in
3143 5836 3367 5887 omnibus
3391 5843 3496 5887 Mss.
3531 5832 3799 5900 leguntur.
