4154 6354
249 524 413 581 modo
439 522 557 579 haec
589 522 673 593 agi
704 529 927 593 possunt
961 521 1077 577 sine
1104 520 1267 577 domo
1286 561 1301 587 ,
1331 529 1386 575 et
1423 520 1535 574 sine
1572 520 1747 588 aliqua
1776 532 1836 571 re

248 616 534 673 familiari?

323 708 414 763 5i.
444 710 527 762 An
548 707 651 763 hoc
678 722 773 763 eos
801 715 978 763 movet
997 706 1139 779 quod
1169 707 1244 761 ait
1269 706 1557 760 Dominus:
1587 704 1836 769 Quicum-

250 818 348 871 que
386 800 631 855 dimiserit
658 801 829 854 omnia
855 817 949 855 sua
978 809 1184 870 prepter
1208 815 1301 864 me,
1331 798 1539 868 accipiet
1557 798 1608 849 in
1631 797 1724 849 hoc
1749 810 1843 849 sa:-

251 892 371 946 culo
398 892 705 963 centuplum,
737 903 782 945 et
815 893 869 945 in
908 896 1080 963 futuro
1111 892 1260 944 vitam
1298 899 1535 944 attentam
1574 885 1843 958 possidebit

253 982 483 1049 (Matth.
518 998 637 1047 xix,
658 982 803 1054 29)?
830 982 987 1037 Aliud
1012 992 1093 1038 est
1121 982 1363 1035 dimiserit
1385 1000 1403 1046 ;
1432 979 1574 1034 aliud
1603 988 1686 1035 est
1710 994 1843 1033 ven-

255 1073 450 1129 diderit
472 1092 485 1127 :
511 1089 631 1129 nam
652 1084 708 1129 et
726 1074 778 1129 in
806 1074 871 1129 iis
893 1090 1012 1145 qua:
1037 1073 1344 1128 dimittenda
1373 1070 1658 1136 mandavit,
1682 1070 1842 1126 etiam

256 1181 393 1220 uxor
417 1175 834 1222 commemorata
865 1176 967 1231 est,
994 1182 1151 1236 quam
1184 1167 1343 1220 nullis
1371 1164 1613 1219 humanis
1640 1162 1844 1233 legibus

254 1259 379 1313 licet
410 1259 675 1325 vendere,
705 1256 901 1312 Christi
943 1268 1119 1313 autem
1158 1259 1362 1327 legibus
1407 1273 1506 1313 nec
1544 1255 1841 1321 dimittere,

253 1356 478 1418 excepta
523 1363 681 1403 causa
726 1348 1083 1403 fornicationis
1130 1347 1253 1419 (Id.
1296 1364 1353 1415 v,
1396 1347 1523 1417 5:2).
1572 1346 1706 1415 Quid
1746 1346 1843 1408 sibi

252 1456 385 1510 ergo
408 1441 591 1496 volunt
619 1440 718 1495 ista
750 1450 1010 1510 praaccpta
1044 1438 1182 1513 (non
1208 1440 1346 1494 enim
1379 1446 1601 1519 possunt
1628 1438 1767 1491 inter
1789 1451 1845 1492 se

254 1546 379 1587 esse
404 1532 741 1603 contraria),
767 1531 869 1586 nisi
899 1532 1018 1602 quia
1050 1532 1280 1586 occurrit
1305 1529 1587 1600 aliquando
1615 1528 1848 1583 necessi-

256 1626 379 1680 tatis
405 1626 678 1692 articulus,
709 1625 796 1680 ubi
822 1635 913 1679 aut
949 1640 1087 1678 uxor
1114 1623 1424 1688 dimittatur,
1448 1633 1538 1677 aut
1562 1621 1803 1677 Christus
1830 1638 1843 1675 :

259 1726 318 1771 ut
343 1717 443 1770 alia
466 1716 729 1781 omittam,
753 1716 795 1770 si
820 1715 919 1785 ipsi
942 1714 1091 1769 uxori
1118 1714 1339 1769 maritus
1359 1713 1687 1783 displicuerit
1708 1712 1850 1767 chri-

258 1809 486 1872 stianus,
521 1808 675 1876 eique
712 1807 1048 1876 proposuerit
1076 1813 1166 1860 aut
1202 1822 1230 1859 a
1262 1820 1320 1860 se
1346 1804 1628 1859 divortium
1650 1845 1664 1871 ,
1695 1812 1786 1858 aut
1817 1818 1846 1856 a

256 1899 505 1955 Christo?
532 1900 626 1953 Hic
653 1900 739 1954 ille
767 1899 891 1969 quid
918 1899 1077 1970 eligat
1107 1898 1208 1953 nisi
1229 1898 1517 1964 Christum,
1545 1907 1598 1951 et
1620 1897 1851 1952 dimittat

259 2005 482 2045 uxorem
541 1989 873 2045 laudabiliter
925 1999 1141 2061 propter
1197 1988 1520 2044 Christum?
1576 1988 1850 2043 Ambobus

260 2082 461 2151 quippe
485 2081 786 2137 christianis
814 2082 1068 2136 Dominus
1096 2082 1346 2153 przecepit
1376 2097 1442 2135 ne
1467 2080 1742 2151 quisquam
1768 2080 1852 2134 di-

259 2173 437 2227 mittat
457 2188 696 2236 uxorem,
719 2182 940 2243 excepta
965 2188 1123 2228 causa
1151 2172 1529 2227 fornicationis.
1559 2171 1654 2227 Ubi
1674 2180 1849 2225 autem

259 2265 510 2335 quatlibel
546 2281 610 2319 ex
642 2266 720 2320 eis
748 2281 975 2335 persona
1008 2265 1235 2321 inﬁdelis
1263 2274 1361 2330 est,
1396 2265 1675 2320 consilium
1702 2266 1849 2335 Apo-

257 2356 383 2410 stoli
406 2356 711 2409 attendatur
736 2372 748 2408 :
776 2355 846 2412 Ut
868 2357 911 2410 si
939 2355 1165 2411 inﬁdelis
1188 2357 1452 2412 consentit
1474 2356 1710 2409 habitare
1729 2370 1850 2411 cum

264 2447 381 2500 viro
407 2446 568 2513 fideli,
604 2447 682 2501 vir
707 2463 809 2501 non
833 2447 1064 2501 dimittat
1094 2463 1332 2502 uxorem.
1356 2446 1611 2502 Similiter
1639 2457 1687 2501 et
1719 2460 1852 2501 uxor

260 2538 433 2593 ﬁdelis
457 2539 650 2604 virum,
692 2539 736 2593 si
768 2554 887 2594 cum
918 2539 1003 2593 illa
1035 2538 1271 2594 habitare
1311 2539 1661 2593 consenserit.
1704 2536 1854 2602 Quod

260 2632 308 2686 si
333 2633 576 2702 inﬁdelis,
608 2634 795 2703 inquit,
830 2633 1058 2698 discedit,
1086 2632 1309 2686 discedat
1334 2648 1351 2686 :
1372 2648 1471 2685 non
1499 2641 1571 2686 est
1595 2632 1723 2684 enim
1746 2648 1853 2684 ser-

258 2723 408 2777 vituti
427 2724 680 2793 subjectus
704 2726 862 2795 frater
879 2734 965 2776 aut
992 2740 1134 2777 soror
1149 2723 1200 2776 in
1223 2721 1513 2793 Itujusmodi
1534 2722 1588 2793 (Ι
1615 2721 1732 2777 Cor.
1754 2737 1850 2785 vn,

264 2816 353 2880 12,
386 2814 482 2886 15)
511 2834 524 2870 :
552 2816 602 2869 id
630 2826 733 2881 est,
758 2816 801 2871 si
830 2816 1057 2870 inﬁdelis
1077 2814 1308 2869 noluerit
1334 2830 1451 2869 esse
1478 2830 1599 2868 cum
1629 2813 1853 2882 conjuge

262 2906 434 2971 ﬁdeli,
467 2906 552 2961 hic
580 2916 835 2975 agnoscat
863 2907 1033 2963 ﬁdelis
1059 2923 1209 2962 suam
1247 2907 1570 2972 libertatem,
1604 2922 1670 2961 ne
1697 2906 1767 2960 ita
1793 2920 1854 2961 se

260 2996 562 3066 subjectum
590 2998 809 3068 deputet
850 2998 1087 3054 servituti
1117 3007 1175 3052 ut
1200 2997 1366 3068 ipsam
1403 2996 1635 3052 dimittat
1671 2995 1850 3063 fidem,

260 3101 333 3142 ne
361 3088 641 3159 coniugem
670 3089 878 3151 amittat
905 3088 1191 3144 inﬁdelem.

332 3180 425 3234 32.
455 3180 567 3235 lloc
590 3189 645 3236 et
668 3180 737 3236 de
766 3181 889 3236 ﬁliis
912 3190 1069 3251 atque
1089 3181 1419 3252 parentibus,
1448 3180 1549 3235 hoc
1572 3179 1640 3235 de
1674 3179 1852 3235 fratri-

260 3269 361 3324 bus
382 3279 439 3326 et
467 3272 742 3327 sororibus
768 3272 1097 3343 intelligitur,
1129 3281 1347 3342 propter
1365 3272 1634 3326 Christum
1664 3286 1853 3327 omnes

261 3376 385 3417 esse
427 3363 806 3430 dimittendos,
838 3379 959 3419 cum
998 3363 1311 3434 proponitur
1350 3364 1450 3418 ista
1485 3363 1750 3427 conditio,
1799 3373 1855 3418 ut

260 3451 541 3507 Christum
575 3453 833 3520 dimittat,
873 3454 919 3510 si
960 3455 1078 3510 illos
1111 3470 1290 3509 secum
1337 3454 1533 3509 habere
1566 3454 1850 3509 desiderat.

263 3542 377 3600 Hoc
398 3559 529 3615 ergo
560 3554 613 3601 et
636 3544 703 3601 de
732 3546 892 3602 domo
917 3554 1073 3616 atque
1110 3546 1270 3616 agris,
1301 3545 1401 3601 hoc
1431 3556 1486 3601 ct
1512 3546 1579 3601 de
1604 3548 1667 3601 iis
1695 3547 1854 3602 rebus

261 3650 384 3705 qua:
411 3635 533 3705 jure
560 3638 867 3707 peeuniario
905 3638 1269 3707 possidentur,
1302 3637 1404 3693 hoc
1440 3639 1559 3694 loco
1586 3640 1853 3709 accipien-

261 3725 389 3781 dum
410 3736 512 3782 est.
540 3728 795 3784 Similiter
818 3730 958 3785 enim
980 3731 1139 3786 etiam
1164 3731 1231 3787 de
1257 3731 1340 3785 his
1362 3748 1465 3786 non
1492 3734 1583 3797 ait,
1607 3734 1857 3802 Quicum-

262 3832 367 3887 que
412 3819 709 3875 vendiderit
752 3829 970 3892 propter
1006 3838 1091 3877 me
1129 3838 1484 3894 quaecumque
1526 3824 1730 3880 licitum
1771 3835 1852 3881 est

261 3911 529 3979 vendere;
558 3912 674 3979 sed,
712 3914 1021 3985 Quicumque
1050 3916 1308 3971 dimiserit.
1344 3918 1481 3974 Fieri
1511 3920 1654 3974 enim
1682 3930 1857 3991 potest

261 4011 322 4057 ut
347 4002 556 4059 dicatur
580 4004 872 4060 christiano
896 4007 962 4061 ab
981 4007 1151 4078 aliqua
1180 4017 1460 4078 potestate,
1484 4013 1589 4066 Aut
1614 4012 1857 4068 christia-

264 4109 366 4148 nus
395 4110 501 4149 non
532 4097 660 4164 eris,
688 4110 780 4151 aut
814 4099 857 4152 si
887 4099 937 4152 in
979 4098 1079 4155 hoc
1107 4117 1420 4170 permanere
1458 4105 1711 4171 volueris,
1760 4106 1855 4161 do-

264 4204 436 4253 mum,
464 4192 935 4262 possessionesque
966 4210 1070 4248 non
1102 4194 1337 4250 habebis.
1371 4197 1519 4251 Tunc
1545 4214 1673 4254 vero
1694 4200 1852 4255 etiam

264 4280 339 4337 illi
368 4282 580 4351 divites,
611 4285 700 4355 qui
736 4286 929 4341 in~snis
972 4287 1166 4343 divitiis
1214 4290 1291 4344 sic
1318 4298 1614 4347 statuerant
1640 4308 1853 4363 perma-

265 4388 426 4441 nere,
477 4384 539 4429 ut
588 4392 655 4431 ex
707 4392 889 4432 earum
932 4378 1085 4434 bonis
1128 4382 1377 4449 operibus
1424 4394 1855 4452 promererentur

268 4466 462 4532 Deum,
502 4468 616 4523 haec
640 4469 908 4525 dimittant
936 4474 1108 4542 potius
1135 4484 1351 4543 propter
1376 4475 1664 4545 Christum,
1696 4494 1853 4548 quam

266 4571 483 4628 propter
502 4560 617 4615 haec
638 4562 940 4629 Christum;
964 4573 1019 4617 ut
1039 4566 1298 4634 accipiant
1320 4568 1371 4621 in
1394 4568 1495 4624 hoc
1517 4572 1709 4626 saeculo
1730 4586 1856 4625 cen-

265 4654 496 4722 tuplum,
529 4655 678 4723 cujus
702 4657 907 4711 numeri
932 4657 1260 4728 perfectione
1286 4662 1652 4731 signiﬁcantur
1677 4666 1853 4720 omnia

268 4743 503 4815 (Fidelis
537 4748 721 4819 quippe
755 4749 969 4803 hominis
1017 4760 1148 4806 totus
1184 4756 1400 4808 mundus
1429 4757 1715 4811 divitiarum
1744 4770 1855 4827 est;

266 4833 504 4906 ﬁuntque
524 4836 626 4892 hoc
651 4839 809 4894 modo
834 4843 982 4911 quasi
1004 4843 1131 4897 nihil
1156 4844 1430 4913 habentes,
1454 4858 1505 4901 et
1530 4851 1705 4905 omnia
1733 4868 1855 4922 pos-

264 4926 507 4983 sidentes
536 4927 611 5001 [Jl
640 4928 757 4985 Cor.
786 4949 861 4999 vi,
894 4932 1039 5005 10]),
1069 4945 1121 4990 et
1152 4937 1204 4990 in
1236 4936 1412 4992 futuro
1446 4942 1643 4996 sreculo
1679 4945 1854 5013 possi-

262 5020 427 5074 deant
444 5021 607 5077 vitam
628 5035 910 5092 aeternam;
939 5044 1005 5082 ne
1026 5041 1243 5099 pmpter
1263 5032 1359 5086 ista
1381 5032 1599 5091 dimisso
1619 5035 1853 5107 Christo,

264 5111 317 5166 in
341 5124 571 5168 mortem
602 5117 998 5187 przecipilentur
1026 5130 1297 5177 aeternam.

334 5204 426 5259 55.
457 5203 569 5260 Hac
593 5206 788 5277 quippe
812 5208 932 5278 lege
959 5218 1011 5264 et
1047 5212 1365 5281 conditione,
1415 5230 1517 5270 non
1547 5217 1620 5271 illi
1650 5226 1853 5274 tantum

262 5296 355 5367 qui
379 5298 575 5352 mentis
608 5300 920 5355 excellentia
951 5302 1288 5374 perfectiOnis
1326 5308 1603 5363 consilium
1635 5326 1855 5382 recepe-

263 5399 410 5455 runt,
443 5401 503 5446 ut
528 5393 741 5449 vendita
768 5410 860 5450 sua
892 5397 1209 5467 pauperibus
1244 5398 1641 5467 distribuerent,
1670 5411 1725 5458 et
1754 5404 1855 5459 hu-

264 5482 431 5539 meris
455 5482 525 5537 ab
549 5485 693 5539 omni
718 5486 897 5541 saeculi
920 5487 1076 5557 hujus
1096 5490 1301 5545 sarcina
1327 5492 1663 5549 liberioribus
1686 5496 1853 5552 levem

266 5570 463 5627 Christi
487 5575 747 5630 sarcinam
771 5577 1003 5644 ferrent;
1024 5580 1117 5635 sed
1138 5581 1295 5635 etiam
1314 5583 1550 5654 quisquis
1572 5585 1853 5655 inﬁrmior,

270 5671 322 5719 et
356 5664 435 5719 illi
474 5666 875 5735 gloriosissima:
904 5671 1213 5741 perfectioni
1252 5674 1427 5729 minus
1466 5676 1725 5745 idoneus,
1767 5684 1857 5750 qui

269 5763 447 5813 tamen
474 5760 780 5817 meminerit
804 5778 862 5817 se
893 5766 1151 5821 veraciter
1178 5783 1298 5823 esse
1326 5768 1705 5839 christianum,
1735 5788 1856 5829 cum

263 5848 494 5907 audierit
520 5852 621 5909 sibi
660 5856 881 5926 proponi
904 5856 1045 5928 quod
1083 5860 1184 5915 nisi
1222 5859 1337 5918 haec
1360 5862 1536 5918 omnia
1572 5863 1855 5941 dimiserit,

1454 397 1930 461 EPISTOLARUM
1970 399 2245 458 CLASSIS
2282 400 2370 458 Ill.

3422 408 3529 468 690

1943 512 2257 569 dimissurus
2285 524 2367 570 est
2400 514 2703 585 Christum,
2741 518 3101 589 apprehendet
3130 520 3304 591 potius
3341 522 3529 578 turrim

1946 603 2267 661 fortitudinis
2297 622 2326 659 a
2357 607 2490 663 facie
2530 608 2730 663 inimici
2754 610 2772 681 (
2795 608 2939 665 Psal.
2983 625 3076 679 ιι,
3113 612 3181 684 4)
3212 630 3223 667 :
3253 614 3375 684 quia
3408 629 3532 669 cum

1946 712 2063 751 eam
2091 699 2140 752 in
2178 714 2268 753 sua
2300 700 2584 757 aediﬁcaret
2620 703 2741 771 ﬁde,
2791 707 3115 775 computavit
3143 718 3383 778 sumptus
3414 709 3533 778 qui-

1946 790 2043 844 bus
2087 792 2265 860 perﬁci
2303 803 2482 864 posset
2522 794 2683 865 (Luc.
2715 812 2828 861 xiv,
2871 797 3000 869 28),
3040 799 3091 853 id
3121 810 3223 862 est,
3256 814 3321 854 eo
3350 800 3532 857 animo

1946 884 2171 937 accessit
2197 885 2263 938 ad
2304 884 2495 953 ﬁdem,
2536 896 2591 941 ut
2623 888 2742 942 huic
2772 888 2967 943 saeculo
3010 906 3114 945 non
3156 891 3326 945 solum
3354 890 3534 948 verbis

1946 976 2306 1043 renuntiaret;
2332 979 2451 1047 quia
2474 988 2525 1032 et
2551 979 2594 1032 si
2622 980 2746 1033 emit
2771 981 2987 1050 aliquid,
3012 991 3262 1053 tanquam
3287 1000 3389 1039 non
3414 999 3535 1055 pos-

1948 1064 2127 1120 sidens
2154 1076 2266 1121 erat
2286 1109 2300 1134 ,
2330 1079 2383 1123 et
2425 1070 2467 1123 si
2496 1069 2742 1135 utebatur
2771 1071 2870 1126 hoc
2897 1074 3115 1142 mundo,
3146 1085 3395 1145 tanquam
3422 1092 3533 1133 non

1949 1168 2102 1213 utens
2128 1170 2242 1213 erat
2268 1160 2318 1231 (l
2346 1161 2461 1214 Cor.
2492 1178 2586 1228 vn,
2620 1162 2709 1229 30,
2733 1164 2794 1218 51
2813 1163 2854 1234 ),
2880 1180 2984 1220 non
3008 1181 3226 1239 sperans
3254 1168 3303 1222 in
3333 1168 3536 1224 incerto

1948 1249 2268 1317 divitiarum,
2293 1252 2384 1305 sed
2414 1253 2465 1306 in
2497 1253 2606 1308 Deo
2634 1255 2770 1311 vivo.

2021 1341 2107 1395 54.
2131 1340 2263 1394 Cum
2280 1343 2419 1395 enim
2442 1344 2614 1397 omnis
2631 1346 2720 1413 qui
2745 1347 3013 1401 renuntiat
3038 1348 3159 1403 huic
3180 1351 3395 1417 sarculo,
3420 1350 3538 1406 sine

1950 1430 2111 1487 dubio
2134 1434 2398 1488 renuntiet
2419 1435 2664 1489 omnibus
2686 1452 2803 1506 qu:e
2826 1446 2947 1491 sunt
2968 1439 3101 1508 ejus,
3127 1449 3183 1494 ut
3205 1441 3372 1510 possit
3395 1441 3540 1496 Chri-

1952 1523 2015 1576 sti
2052 1538 2169 1578 csse
2205 1524 2492 1593 discipulus
2522 1525 2667 1599 (ipse
2701 1527 2861 1593 enim,
2896 1544 3015 1582 cum
3046 1530 3111 1583 de
3150 1532 3444 1601 sumptibus
3470 1532 3539 1587 ad

1951 1616 2113 1669 turris
2140 1616 2421 1671 mdiﬁcium
2453 1620 2790 1687 necessariis,
2825 1629 2879 1675 et
2903 1620 2968 1675 de
2997 1621 3136 1675 bello
3168 1622 3420 1676 adversus
3454 1638 3539 1678 re-

1951 1720 2070 1775 gem
2104 1707 2328 1761 alterum
2362 1712 2730 1780 praeparando,
2771 1713 3145 1768 similitudines
3173 1716 3536 1784 prmniisisset,

1953 1798 2190 1868 adjunxit
2220 1802 2294 1855 sic
2320 1819 2331 1854 :
2365 1802 2463 1866 Qui
2488 1820 2589 1857 non
2612 1806 2864 1858 renuntiat
2886 1804 3111 1859 omnibus
3131 1823 3242 1875 qua:
3267 1815 3380 1859 sunt
3408 1806 3535 1875 ejus,

1954 1908 2055 1945 non
2083 1902 2241 1963 potest
2272 1911 2411 1947 meus
2436 1912 2539 1949 esse
2576 1896 2855 1967 discipulus
2886 1895 3048 1969 [Lua
3080 1914 3192 1961 xvx,
3222 1896 3387 1969 55]);
3417 1911 3541 1966 pro-

1955 1984 2093 2039 fecto
2133 1987 2402 2041 renuntiat
2431 1988 2589 2041 etiam
2617 1988 2810 2043 divitiis
2836 1991 2968 2055 suis,
3002 1991 3044 2044 si
3075 2003 3205 2060 quas
3237 1991 3415 2057 habet,
3446 1998 3539 2043 aut

1954 2078 2031 2131 sic
2057 2085 2113 2130 ut
2143 2092 2231 2131 eas
2259 2080 2475 2134 omnino
2506 2097 2610 2134 non
2645 2080 2891 2151 diligens,
2922 2091 3055 2135 totas
3090 2082 3367 2137 distribuat
3399 2081 3540 2136 indi-

1955 2169 2221 2237 gentibus,
2251 2181 2303 2224 ct
2328 2170 2612 2239 superﬁais
2638 2181 2955 2227 exoneretur
2983 2172 3239 2237 sarcinis;
3268 2180 3358 2226 aut
3386 2172 3462 2226 sic
3483 2180 3542 2226 ut

1955 2261 2074 2329 plus
2094 2260 2317 2330 diligens
2333 2260 2601 2315 Christum
2623 2277 2770 2331 spem
2795 2263 2860 2316 ab
2874 2262 2953 2317 eis
2976 2264 3318 2317 transieratin
3344 2263 3539 2331 ipsum,

1956 2360 2113 2421 atque
2145 2354 2211 2405 ita
2251 2361 2429 2407 utatur
2470 2353 2593 2419 illis,
2629 2363 2687 2408 ut
2712 2354 2867 2409 facile
2896 2357 3134 2410 tribuens
3163 2364 3216 2411 et
3240 2359 3543 2410 communi-

1956 2457 2118 2507 cans,
2159 2444 2481 2499 thesaurizet
2508 2445 2561 2499 in
2595 2445 2766 2512 etelo;
2805 2456 3123 2517 paratusque
3163 2448 3252 2514 sit,
3285 2446 3543 2517 quemad-

1957 2532 2170 2586 modum
2204 2543 2451 2603 parentes
2479 2544 2532 2590 et
2567 2536 2704 2591 ﬁlios
2743 2544 2797 2592 et
2832 2536 3021 2592 fratres
3064 2546 3118 2592 et
3156 2553 3375 2593 uxorem
3396 2580 3410 2604 ,
3443 2537 3545 2593 hoc

1958 2625 2118 2680 modo
2147 2634 2200 2680 et
2244 2626 2371 2681 istas
2407 2627 2707 2698 relinquere
2732 2672 2747 2697 ,
2779 2628 2825 2684 si
2855 2630 2971 2684 talis
3010 2629 3245 2683 conditio
3275 2629 3546 2698 proposita

1958 2720 2137 2789 fuerit,
2169 2732 2227 2777 ut
2262 2724 2361 2777 nisi
2394 2724 2613 2779 dimisso
2636 2721 2847 2779 Christo
2877 2741 2967 2780 eas
2998 2724 3192 2780 habere
3218 2740 3324 2779 non
3353 2723 3543 2794 possit.

1958 2815 2089 2870 Nam
2126 2816 2171 2870 si
2200 2818 2354 2872 aliter
2394 2817 2517 2873 huic
2559 2819 2754 2874 saeculo
2783 2821 3073 2887 renuntiat,
3103 2819 3314 2891 quando
3341 2818 3549 2875 accedit

1958 2906 2023 2959 ad
2049 2906 2167 2961 ﬁdei
2193 2916 2605 2975 sacramentum,
2637 2908 2761 2964 facit
2784 2911 2923 2980 quod
2954 2910 3019 2965 de
3046 2911 3209 2980 lapsis
3235 2911 3418 2965 beatus
3442 2909 3546 2982 Cy-

1959 3000 2175 3068 prianus
2213 3000 2459 3069 ingemit,
2493 3001 2714 3057 dicens:
2750 3002 2954 3057 chulo
2998 3005 3155 3058 verbis
3192 3005 3314 3058 solis
3356 3021 3546 3059 renun-

1958 3092 2155 3159 tiantes,
2186 3100 2233 3145 et
2271 3109 2369 3147 non
2394 3092 2561 3162 factis.
2595 3095 2669 3149 De
2700 3095 2804 3150 hoc
2830 3096 3023 3167 quippe
3059 3096 3275 3166 dicitur,
3306 3113 3426 3152 cum
3449 3113 3545 3153 ve-

1960 3191 2139 3245 niente
2166 3192 2457 3248 tentatione
2498 3194 2666 3263 magis
2705 3194 2802 3248 ista
2842 3194 3030 3248 metuit
3065 3195 3343 3261 amittere,
3385 3210 3546 3265 quam

1958 3281 2231 3338 Christum
2270 3300 2465 3355 negare
2496 3303 2508 3338 :
2542 3285 2673 3339 Ecce
2698 3286 2845 3340 homo
2878 3288 2965 3357 qui
3002 3289 3148 3356 erepit
3181 3287 3454 3356 cedi/icere,
3497 3295 3547 3341 et

1960 3394 2058 3431 non
2100 3380 2259 3449 potuit
2296 3380 2552 3450 per/icere.
2593 3379 2709 3448 Ipse
2747 3389 2828 3435 est
2865 3382 3023 3435 etiam
3050 3380 3174 3450 qui,
3213 3396 3334 3435 cum
3372 3379 3546 3435 adhuc

1961 3471 2117 3541 longe
2148 3481 2292 3527 esset
2327 3473 2661 3528 adversarius
2702 3473 2837 3543 ejus,
2871 3473 3015 3528 misit
3060 3458 3261 3543 legatos
3298 3487 3546 3543 qumrens

1959 3578 2173 3633 pacem;
2216 3564 2269 3619 id
2295 3573 2410 3630 est,
2454 3565 2685 3620 nondum
2709 3565 2977 3636 afﬁigente
2997 3608 3010 3630 ,
3042 3565 3134 3621 sed
3170 3564 3343 3619 adhuc
3372 3565 3548 3619 immi-

1960 3662 2119 3709 nente
2150 3670 2211 3709 ae
2238 3657 2474 3711 minante
2512 3658 2827 3725 tentatione,
2867 3666 2927 3711 ut
2969 3657 3032 3711 iis
3059 3671 3165 3711 non
3199 3667 3398 3722 careat,
3425 3671 3547 3726 qua:

1959 3746 2080 3815 plus
2125 3746 2313 3817 diligit,
2346 3747 2410 3801 ad
2442 3748 2847 3819 relinquendum
2894 3748 3162 3803 Christum
3216 3748 3547 3818 negandum-

1960 3853 2061 3907 qne
2099 3840 2382 3895 consentit.
2422 3840 2489 3894 Et
2548 3840 2699 3894 multi
2744 3849 2866 3895 sunt
2912 3840 3064 3904 tales,
3121 3840 3208 3911 qui
3249 3842 3408 3895 etiam
3444 3852 3546 3910 pu-

1961 3937 2071 3983 tant
2112 3931 2210 3984 sibi
2260 3930 2324 3984 ad
2370 3930 2640 4001 augendas
2686 3947 2817 4001 opes
2857 3946 3002 3997 suas,
3057 3940 3109 3985 et
3150 3930 3547 4000 multiplicanda

1958 4019 2342 4076 delectamenta
2386 4030 2619 4091 terrena,
2667 4022 2978 4093 religionem
3027 4023 3304 4092 suffragari
3350 4022 3548 4079 debere

1959 4111 2323 4166 christianam.

2033 4206 2118 4260 '55.
2153 4205 2255 4261 Sed
2289 4222 2391 4260 non
2423 4217 2549 4261 sunt
2581 4207 2710 4262 tales
2744 4207 2934 4263 divites
2972 4206 3268 4272 christiani,
3300 4206 3389 4276 qui
3419 4206 3546 4261 licet

1959 4296 2059 4351 ista
2091 4303 2339 4363 teneant,
2379 4312 2482 4351 non
2512 4307 2686 4351 tamen
2726 4298 2792 4353 ab
2831 4298 2907 4353 eis
2935 4298 3002 4351 ita
3034 4306 3280 4352 tenentur
3302 4338 3317 4363 ,
3349 4306 3404 4351 ut
3432 4295 3549 4352 haec

1959 4386 2174 4443 Christo
2202 4398 2558 4457 anteponant;
2584 4390 2706 4459 quia
2737 4391 2910 4445 veraci
2937 4389 3099 4444 corde
3126 4390 3321 4444 srcculo
3341 4404 3546 4444 renun-

1963 4481 2179 4545 tiarunt,
2210 4489 2266 4534 ut
2291 4482 2487 4535 nullam
2524 4497 2671 4553 spem
2702 4483 2752 4537 in
2783 4483 2971 4538 talibus
3007 4493 3222 4553 ponant.
3252 4482 3317 4538 Hi
3352 4497 3548 4540 uxores

1960 4585 2015 4631 et
2040 4575 2181 4630 ﬁlios
2212 4576 2590 4647 universasque
2618 4576 2845 4632 familias
2866 4578 2932 4631 ad
2957 4578 3301 4633 christianam
3328 4577 3548 4649 religio-

1961 4682 2083 4721 nem
2108 4668 2385 4722 tenendam
2410 4683 2535 4721 sana
2559 4668 2807 4722 erudiunt
2826 4669 3123 4739 disciplina.
3141 4668 3339 4724 Horum
3357 4668 3549 4724 domus

1963 4758 2321 4827 hospitalitate
2362 4759 2662 4823 ferventes,
2696 4759 2957 4828 recipiunt
2996 4759 3199 4828 justum
3235 4760 3285 4813 in
3329 4758 3548 4813 nomine

1957 4851 2103 4921 justi,
2137 4853 2206 4921 jut
2246 4852 2544 4907 mercedem
2590 4853 2715 4920 justi
2756 4853 3016 4921 accipiant
3057 4851 3275 4923 (Matth.
3318 4868 3373 4916 x,
3419 4849 3544 4922 41).

1961 4943 2231 5013 Frangunt
2271 4943 2523 4997 esurienti
2566 4959 2757 5013 panem
2799 4958 2989 5008 suum,
3041 4942 3238 4996 nudum
3279 4942 3542 5007 vestiunt,

1960 5037 2225 5107 captivum
2256 5037 2521 5091 redimunt
2550 5035 2713 5108 (Isai.
2748 5052 2891 5097 Lvtn,
2919 5038 2971 5101 7,
2999 5045 3043 5090 et
3072 5036 3257 5090 Matth.
3292 5052 3421 5101 xxv,
3452 5035 3545 5103 53,

1961 5128 2086 5199 '56),
2120 5127 2479 5181 thesaurizant
2507 5126 2607 5180 sibi
2637 5126 3033 5181 fundamentum
3070 5126 3264 5180 bonum
3304 5126 3355 5179 in
3403 5124 3547 5179 futu-

1961 5238 2103 5287 rum,
2124 5230 2179 5274 ut
2195 5220 2595 5290 apprehendant
2615 5236 2792 5275 veram
2816 5220 2996 5275 vitam.
3018 5221 3082 5274 Et
3102 5220 3146 5275 si
3168 5217 3303 5274 forte
3326 5234 3420 5290 pro
3441 5218 3546 5274 ﬁde

1962 5315 2157 5370 Christi
2188 5314 2489 5384 pecuniaria
2528 5313 2719 5369 damna
2750 5313 3093 5384 perpetienda
3134 5322 3287 5379 sunt,
3317 5311 3547 5367 oderunt

1961 5408 2171 5462 divitias
2215 5422 2339 5463 suas
2378 5426 2390 5461 :
2436 5408 2479 5461 si
2520 5423 2737 5462 suorum
2775 5407 3033 5461 orbitates
3061 5406 3142 5461 vel
3183 5404 3548 5475 separationes

1961 5515 2059 5571 pro
2096 5500 2310 5555 Christo
2338 5500 2567 5555 minatur
2592 5500 2676 5555 hic
2704 5499 2930 5554 mundus
2949 5540 2965 5566 ,
2991 5498 3217 5555 oderunt
3253 5504 3505 5569 parentes
3524 5535 3545 5562 ,

1960 5593 2172 5657 fratres,
2205 5594 2359 5660 filios,
2390 5610 2583 5649 uxores
2607 5611 2621 5647 :
2645 5602 2914 5664 postremo
2938 5593 2983 5648 si
3012 5592 3079 5648 de
3106 5593 3219 5663 ipsa
3241 5590 3398 5660 hujus
3422 5604 3545 5646 cor-

1962 5687 2106 5757 poris
2127 5688 2233 5741 vita
2258 5703 2376 5742 cum
2404 5688 2709 5743 adversario
2730 5687 3103 5758 paciscendum
3134 5696 3235 5755 est,
3264 5702 3329 5741 ne
3356 5685 3544 5741 deser-

1962 5788 2046 5833 tus
2072 5778 2287 5834 deserat
2310 5778 2567 5844 Christus,
2611 5779 2835 5833 oderunt
2865 5781 3081 5849 insuper
3108 5779 3338 5834 animam
3368 5792 3542 5832 suam.

1962 5871 2039 5928 De
2063 5870 2141 5944 iis
2172 5870 2367 5944 quippe
2402 5870 2648 5928 omnibus
2677 5872 2983 5927 mandatum
3022 5879 3375 5944 acceperunt,
3403 5866 3549 5941 quod
