4112 6346
563 431 664 488 691

559 542 714 600 aliter
751 539 992 611 discipuli
1031 537 1228 596 Christi
1267 551 1385 593 esse
1423 549 1526 590 non
1568 531 1772 604 possint
1809 532 1972 604 (Luc.
2007 545 2102 587 an
2122 573 2138 600 ,

558 634 648 700 ac,
677 634 745 689 27
764 635 808 704 ).

631 723 718 781 36.
767 721 880 779 Nec
920 732 1090 777 tamen
1133 721 1254 792 quia
1283 726 1604 790 praceptum
1633 724 1718 776 est
1740 717 1819 774 eis
1847 726 1905 772 ut
1933 713 2143 772 oderim

561 829 656 886 pro
693 813 903 868 Christo
941 821 992 866 et
1025 811 1231 867 animas
1259 825 1384 868 suas
1405 850 1420 876 ,
1453 807 1757 864 vendendas
1787 823 1876 863 eas
1903 807 2139 872 habent,

557 914 651 962 aut
697 904 853 958 illatis
892 904 991 958 sibi
1024 903 1268 958 manibus
1291 901 1636 958 eli'undendas
1665 919 1679 955 :
1708 901 1804 956 sed
1829 901 1998 970 parati
2017 907 2144 955 sunt

557 1010 648 1051 eas
669 996 914 1050 amittere
929 1035 944 1062 ,
971 1009 1068 1068 pro
1089 991 1286 1050 Christi
1314 993 1526 1048 nomine
1547 993 1842 1057 moriendo,
1864 1007 1934 1046 ne
1952 989 2145 1046 mortui

554 1088 776 1154 vivant,
822 1085 1090 1142 Christum
1134 1083 1398 1157 negando.
1453 1085 1542 1139 Sic
1580 1085 1739 1139 etiam
1783 1083 2032 1148 divitias,
2079 1081 2145 1137 ad

555 1191 687 1247 quas
731 1176 1033 1232 vendendas
1063 1177 1225 1246 parati
1255 1191 1356 1232 llOll
1385 1174 1594 1231 fuerunt
1620 1183 1870 1230 monente
1892 1172 2142 1241 Christo,

559 1269 625 1322 ad
669 1269 967 1338 perdendas
991 1284 1082 1323 eas
1111 1268 1308 1323 debent
1338 1270 1505 1338 parati
1532 1283 1650 1323 esse
1681 1284 1774 1336 pro
1805 1267 2016 1321 Christo
2035 1306 2051 1332 ,
2079 1279 2146 1319 ne

557 1375 676 1413 cum
720 1359 798 1414 eis
831 1367 1050 1429 pereant
1075 1358 1283 1428 perdito
1309 1358 1544 1414 Christo.
1580 1358 1844 1413 llabemus
1872 1357 1994 1410 hinc
2019 1357 2146 1410 utri-

555 1464 724 1518 usque
763 1464 923 1504 sexus
949 1449 1140 1506 divites
1168 1450 1597 1519 clarissimasque
1624 1463 1878 1519 personas
1909 1446 2145 1518 martyrii

554 1538 719 1609 gloria
758 1539 1088 1593 sublimatus.
1133 1540 1207 1594 lta
1234 1540 1384 1594 multi
1414 1554 1546 1610 quos
1571 1556 1746 1594 rerum
1773 1554 1986 1593 suarum
2014 1555 2145 1593 ven-

555 1629 752 1686 ditione
781 1631 1020 1702 piguerat
1044 1639 1166 1685 ante
1198 1631 1413 1700 perlici,
1441 1629 1636 1686 Christi
1670 1631 1870 1686 imitata
1902 1632 2148 1700 passione

501 1753 510 1772 .
555 1734 677 1780 sunt
703 1733 922 1793 repente
954 1724 1177 1793 perfecti
1203 1740 1218 1791 ;
1250 1733 1310 1780 et‘
1330 1725 1419 1794 qui
1449 1726 1759 1778 nonnullam
1787 1724 2144 1778 inﬁrmitatem

553 1814 730 1868 carnis
753 1822 805 1867 et
824 1815 1096 1884 sanguinis
1118 1813 1228 1868 suis
1253 1813 1452 1868 divitiis
1472 1813 1827 1884 perfecerunt,
1855 1815 2030 1868 subito
2053 1816 2146 1869 ad-

553 1919 739 1959 versus
775 1915 1047 1974 peccatum
1080 1920 1174 1974 pro
1206 1905 1310 1960 ﬁde
1341 1921 1504 1975 usque
1535 1907 1602 1960 ad
1629 1908 1942 1975 sanguinem
1973 1916 2146 1962 certa-

553 2002 698 2049 runt.
744 1995 943 2062 Quibus
985 2006 1166 2048 autem
1207 2010 1320 2050 non
1365 1998 1607 2066 provenit
1643 2012 1836 2050 corona
1871 1997 2142 2068 martyrii,

553 2101 728 2156 neque
755 2085 892 2139 illius
922 2085 1257 2154 perfectionis
1288 2086 1354 2140 de
1382 2087 1670 2142 vendendis
1699 2089 1861 2143 rebus
1884 2090 1994 2143 suis
2014 2105 2145 2144 con-

553 2175 728 2229 silium
776 2184 878 2226 tam
916 2176 1114 2244 grande
1147 2188 1357 2245 tamque
1383 2177 1693 2249 prum-larum
1722 2189 2065 2248 receperunt,
2094 2188 2148 2234 et

553 2272 732 2318 tamen
756 2280 784 2317 a
813 2265 1202 2320 damuabilibus
1228 2271 1488 2322 immunes
1501 2269 1809 2324 criminibus
1825 2272 2146 2326 esurientem

553 2352 825 2410 Christum
869 2366 1161 2424 paverunt,
1192 2358 1389 2411 sitienti
1418 2370 1597 2426 potum
1627 2360 1920 2426 dederunt,
1948 2363 2144 2418 nudum

451 2479 458 2491 ι
553 2446 867 2511 vestierunt,
895 2447 1318 2516 peregrinantem
1344 2460 1729 2517 susceperunt;
1755 2467 1862 2505 non
1885 2453 2148 2508 sedebunt

553 2536 764 2608 quidem
813 2553 932 2590 cum
980 2537 1189 2591 Christo
1237 2540 1536 2594 sublimiter
1574 2541 1891 2609 judicaturi,
1941 2543 2034 2598 sed
2080 2544 2147 2598 ad

553 2627 720 2698 ipsius
737 2627 1005 2682 dexteram
1025 2630 1240 2684 stabunt
1260 2631 1673 2686 misericorditer
1687 2618 1953 2700 judicandi
1973 2632 2144 2705 (Matt.

552 2733 694 2788 xxv,
723 2719 931 2791 34-40).
965 2721 1107 2776 Beati
1130 2722 1270 2776 enim
1295 2724 1700 2791 misericordes,
1727 2727 1975 2794 quoniam
1999 2728 2142 2796 ipso-

552 2827 671 2872 rum
715 2813 1050 2868 miserebitur
1092 2817 1229 2869 Deus
1271 2814 1380 2888 (Id.
1431 2833 1496 2882 ν,
1543 2817 1620 2888 7).
1665 2817 2006 2886 Etjudicium
2031 2821 2146 2875 sine

553 2902 919 2958 misericordia
952 2905 1041 2959 liet
1067 2905 1138 2959 illi
1167 2906 1254 2976 qui
1283 2922 1386 2960 non
1411 2906 1534 2962 fecit
1559 2909 1974 2964 misericordiam
2008 2930 2020 2964 :
2054 2927 2146 2966 su-

553 2996 878 3064 perexsultat
897 3006 1072 3050 autem
1095 2997 1454 3052 misericordia
1474 2999 1674 3068 judicio
1699 2999 1898 3072 (Jacobi
1927 3004 2006 3066 ll,
2033 3004 2142 3076 l5).

627 3087 718 3143 57.
760 3088 989 3143 Proinde
1030 3079 1115 3143 isti
1165 3090 1403 3144 desinant
1430 3100 1612 3147 contra
1643 3092 1944 3163 Scripturas
1971 3096 2144 3166 loqui,

555 3189 612 3235 ct
654 3180 706 3234 in
750 3181 859 3235 suis
899 3179 1353 3236 exhortationibus
1377 3183 1443 3236 ad
1475 3184 1673 3253 majora
1701 3186 1776 3239 sic
1802 3187 2062 3253 excitent,
2093 3196 2149 3240 ut

554 3272 762 3326 minora
805 3289 908 3326 non
945 3273 1214 3327 damnent.
1259 3274 1392 3328 Num
1425 3277 1566 3330 enim
1592 3287 1645 3331 et
1670 3289 1906 3333 sanctam
1932 3280 2150 3348 virgini-

555 3372 720 3418 tatem
748 3365 902 3419 aliter
927 3365 1258 3420 exhortando
1286 3367 1607 3436 persuadere
1635 3387 1737 3424 non
1762 3381 1982 3440 possunt
2001 3415 2014 3438 ,
2046 3374 2149 3428 nisi

558 3456 854 3525 conjugalia
871 3457 1079 3510 vincula
1094 3457 1482 3527 damnaverint,
1496 3475 1614 3514 cum
1632 3461 1905 3516 docenteA
1918 3463 2145 3530 postolo,

557 3551 920 3616 unusquisque
942 3547 1139 3601 donum
1173 3551 1436 3617 prOprium
1455 3549 1644 3605 habeat
1666 3568 1693 3605 a
1719 3554 1846 3618 Deo,
1869 3555 2002 3607 alius
2031 3555 2108 3609 sic
2129 3596 2144 3620 ,

553 3636 691 3692 alius
711 3647 883 3691 autem
901 3639 976 3693 sic
999 3638 1038 3710 (Ι
1052 3638 1164 3693 Cor.
1179 3656 1270 3704 vn,
1290 3640 1370 3711 7)?
1384 3641 1671 3696 Ambulent
1686 3645 1858 3714 itaque
1873 3646 2153 3712 perfectio-

555 3725 641 3779 nis
682 3726 820 3779 viam
839 3768 854 3791 ,
899 3728 1126 3781 venditis
1155 3731 1400 3784 omnibus
1421 3731 1532 3784 suis
1555 3733 1713 3788 rebus
1732 3775 1745 3798 ,
1773 3746 1825 3788 et
1848 3736 2152 3791 misericor-

557 3818 695 3873 diter
733 3821 985 3889 erogatis.
1029 3820 1134 3876 Sed
1176 3823 1221 3877 si
1259 3840 1385 3878 vere
1411 3840 1670 3896 pauperes
1693 3827 1888 3883 Christi
1915 3839 2068 3896 sunt,
2097 3841 2151 3886 et

556 3925 662 3964 non
685 3910 815 3977 sibi,
843 3911 937 3965 sed
965 3909 1184 3967 Christo
1212 3913 1497 3984 colligunt,
1530 3916 1821 3972 inﬁrmiora
1845 3920 1960 3989 ejus
1978 3936 2149 3976 mem-

554 4001 650 4058 bra
699 4020 861 4073 quare
906 4006 1129 4074 puniunt
1171 4016 1458 4078 antequam
1484 4009 1966 4081 sedesjudiciarias
1991 4030 2148 4072 acce-

554 4095 770 4166 perint?
797 4097 853 4152 Si
883 4099 1024 4151 euim
1054 4099 1182 4154 tales
1211 4108 1400 4166 erunt,
1425 4100 1670 4170 qualibus
1704 4102 1959 4159 Dominus
1981 4105 2146 4174 dicit,

553 4189 807 4244 Seaebitis
855 4206 1007 4260 super
1053 4190 1316 4246 duodecim
1359 4191 1535 4260 sedes,
1573 4193 1862 4263 judicantcs
1888 4198 2148 4252 duodecim

555 4277 714 4332 tribus
757 4277 922 4333 Israel
965 4279 1179 4350 (Matth.
1211 4298 1300 4335 XIX
1324 4323 1338 4347 ,
1366 4281 1498 4351 28);
1531 4283 1680 4340 etde
1703 4286 1943 4356 qualibus
1971 4275 2147 4358 Apos-

552 4371 694 4426 tolus
762 4372 933 4436 dicit,
995 4372 1211 4428 Nescitis
1261 4378 1498 4447 quoniam
1550 4377 1768 4448 Angelos
1803 4379 2150 4450 judicabimus

555 4463 608 4534 (ῐ
649 4464 766 4518 Cor.
795 4483 846 4519 vr
870 4509 883 4530 ,
918 4465 972 4538 5)
997 4484 1010 4532 ;
1043 4479 1342 4536 praeparent
1365 4486 1423 4524 se
1454 4472 1625 4540 pOtius
1655 4488 1759 4526 non
1790 4474 2146 4546 criminosus,

553 4555 650 4610 sed
678 4556 952 4625 religiosos
982 4558 1170 4612 divites
1192 4559 1429 4628 recipere
1464 4561 1516 4615 in
1547 4563 1881 4618 tabernacula
1904 4575 2104 4620 mterna
2122 4609 2140 4632 ,

552 4652 583 4697 a
633 4646 821 4714 quibus
869 4649 1022 4701 amici
1072 4649 1193 4704 facti
1239 4661 1363 4704 sunt
1403 4651 1471 4706 de
1506 4669 1805 4710 mammona
1850 4657 2145 4728 iniquitatis

552 4733 702 4805 (Luc.
734 4752 852 4799 xvr,
881 4737 960 4810 9).
989 4739 1122 4796 Puto
1149 4741 1290 4796 enim
1313 4742 1450 4812 quod
1473 4744 1685 4814 quidam
1707 4761 1890 4802 eorum
1919 4751 2009 4819 qui
2027 4750 2146 4806 hcce

551 4829 890 4899 impudenter
929 4842 1088 4904 atque
1129 4836 1494 4905 imprudenter
1528 4838 1800 4910 garriunt,
1833 4857 1862 4895 a
1890 4842 2146 4898 divitibus

551 4922 858 4980 Christianis
899 4933 954 4981 et
980 4926 1079 4996 piis
1104 4926 1156 4980 in
1186 4929 1294 4983 suis
1323 4931 1722 4986 necessitatibus
1752 4941 2136 4988 sustentantur.

548 5013 720 5071 llabet
764 5016 907 5070 enim
951 5016 1188 5074 Ecclesia
1231 5019 1621 5091 quodammodo
1658 5037 1782 5078 suos
1821 5023 2047 5088 milites,
2082 5031 2140 5079 et

547 5107 939 5177 quodammodo
959 5111 1311 5182 provinciales
1335 5131 1348 5167 :
1374 5113 1514 5169 unde
1533 5113 1658 5170 dicit
1683 5116 1988 5186 Apostolus,
2012 5115 2139 5180 Quis

546 5200 729 5254 mititat
777 5202 881 5256 suis
928 5203 1190 5273 stipendiis
1237 5207 1503 5277 unquam?
1552 5207 1717 5263 Habet
1759 5218 1814 5262 et
1850 5209 2057 5264 vineam
2082 5218 2138 5265 et

544 5291 902 5363 plantatores,
947 5295 1108 5352 habet
1133 5313 1347 5368 gregem
1375 5309 1430 5355 et
1457 5310 1697 5370 pastores
1730 5319 1742 5355 :
1779 5301 1917 5356 unde
1942 5317 2134 5358 conse-

545 5393 771 5454 quenter
805 5386 962 5452 dicit,
1004 5387 1126 5454 Quis
1161 5390 1354 5460 plantat
1389 5391 1616 5459 vineam,
1659 5402 1706 5446 et
1742 5393 1804 5446 de
1837 5397 2004 5462 fructu
2025 5395 2136 5466 ejus

544 5491 646 5531 non
683 5477 784 5531 edit
804 5479 830 5532 7
866 5480 978 5550 quis
1003 5483 1162 5551 pascit
1187 5499 1412 5553 gregem,
1443 5492 1489 5537 et
1516 5485 1578 5537 de
1607 5485 1734 5538 lacte
1755 5484 1863 5554 ejus
1889 5500 1989 5538 non
2013 5500 2131 5554 per-

543 5567 667 5640 avi!
711 5569 755 5642 (ἰ
793 5569 910 5626 Cor.
950 5588 1041 5639 Ix,
1084 5575 1140 5646 7)
1162 5573 1184 5628 ?
1209 5573 1457 5640 Quamvis
1486 5576 1602 5629 talia
1633 5575 1931 5648 disputare,
1957 5577 2130 5647 qualia

543 5659 637 5716 isti
658 5662 953 5736 disputant,
985 5683 1088 5722 non
1112 5668 1181 5724 sit
1206 5668 1464 5732 militare,
1489 5670 1582 5723 sed
1608 5670 1899 5735 rebellare;
1928 5685 2029 5723 non
2061 5671 2131 5722 sit

541 5753 785 5826 plantare
819 5757 1059 5829 vineam,
1107 5761 1201 5816 sed
1243 5761 1550 5829 eradicare;
1599 5780 1702 5818 non
1742 5764 1810 5817 sit
1839 5763 2129 5833 pascendos

542 5859 866 5920 congregare
883 5889 900 5919 ,
927 5851 1021 5908 sed
1051 5852 1351 5925 perdendos
1378 5870 1406 5910 a
1435 5870 1595 5929 grege
1621 5870 1888 5931 separare.

1805 420 1864 477 S.
1902 417 2268 476 AUGUSTI!“
2297 417 2601 476 EPISCOPI

2319 532 2410 588 58.
2439 533 2587 588 Sicut
2612 541 2785 590 autem
2809 534 2909 604 ipsi
2926 533 3017 604 qui
3035 532 3255 591 divina
3275 534 3540 606 religiosis
3557 535 3839 611 obsequiis

2246 623 2460 677 aluntur
2498 631 2655 693 atque
2698 624 2994 679 vestiuntur
3025 622 3220 697 (neque
3245 626 3386 681 enim
3409 625 3474 680 ad
3501 641 3628 684 suae
3649 641 3842 686 neces-

2245 715 2427 769 sitates
2470 715 2598 770 nihil
2641 715 2942 786 accipiunt,
2989 717 3091 772 nisi
3133 716 3202 772 ab
3230 718 3314 773 eis
3335 719 3425 788 qui
3450 734 3545 774 res
3561 725 3691 775 snas
3710 736 3845 776 ven-

2245 804 2428 878 dunt),
2457 821 2562 860 non
2589 815 2766 862 tamen
2785 808 3087 877 judieantur
3109 818 3267 880 atque
3292 810 3630 866 damnantur
3655 813 3725 867 ab
3747 825 3880 868 exe.

2247 895 2644 952 celltuitioribus
2689 897 2888 953 Christi
2932 899 3223 962 membris,
3272 901 3364 970 qui
3401 901 3590 971 majori
3611 902 3842 968 virtute,

2249 1003 2406 1056 quam
2437 989 2659 1044 multum
2684 990 3018 1045 commendat
3038 991 3322 1060 Apostolus
3341 1033 3359 1061 ,
3382 994 3572 1049 suisse
3591 992 3848 1050 manibus

2249 1080 2546 1148 transigunt
2569 1078 2703 1154 (Act.
2730 1096 2800 1136 xx
2820 1123 2833 1145 ,
2863 1080 2954 1153 34)
2992 1099 3005 1135 :
3033 1082 3112 1137 sic
3135 1097 3236 1138 nec
3256 1083 3345 1138 isti
3365 1084 3621 1140 damnare
3644 1084 3847 1140 debent

2250 1169 2515 1226 inferioris
2551 1173 2725 1228 meriti
2753 1173 3100 1241 christianos,
3126 1191 3354 1244 quorum
3379 1176 3572 1244 opibus
3595 1177 3614 1210 ⁸
3641 1177 3844 1232 transi-

2249 1271 2445 1332 guntur
2467 1280 2482 1328 ;
2510 1265 2602 1318 sed
2628 1273 2776 1319 recte
2802 1265 3030 1320 vivendo
3051 1273 3106 1320 et
3124 1276 3272 1322 recte
3292 1266 3537 1322 docendo
3559 1269 3733 1338 magis
3758 1269 3842 1324 eis

2249 1354 2458 1418 dicere,
2501 1354 2562 1410 Si
2589 1373 2680 1410 uas
2707 1358 2844 1411 vobis
2865 1355 3158 1428 spiritantia
3182 1358 3536 1413 seminavimus
3552 1400 3568 1425 ,
3597 1375 3846 1429 magnum

2251 1456 2323 1498 est
2352 1447 2396 1499 si
2440 1455 2603 1500 vestra
2642 1447 2871 1502 carnalia
2910 1458 3154 1504 metamus
3182 1449 3224 1519 (Ι
3252 1448 3371 1505 Cor.
3398 1464 3457 1504 Ix
3477 1491 3492 1516 ,
3521 1451 3611 1520 Η)
3633 1449 3658 1502 ?
3678 1449 3847 1505 Multo

2252 1538 2445 1615 quippe
2470 1523 2661 1593 minori
2681 1539 3006 1610 impudentia
3027 1541 3166 1595 servi
3188 1540 3308 1607 Dei,
3334 1541 3424 1611 qui
3444 1556 3700 1596 manuum
3721 1555 3845 1596 sna-

2251 1645 2368 1683 rum
2405 1630 2642 1686 honestis
2668 1633 2920 1703 operibus
2948 1632 3175 1690 venditis
3198 1633 3414 1700 vivunt,
3436 1634 3689 1688 damnant
3713 1634 3844 1687 istos

2251 1737 2278 1775 a
2306 1723 2496 1792 quibus
2524 1724 2652 1780 nihil
2671 1727 2956 1796 accipiunt,
2979 1741 3137 1796 quam
3165 1726 3251 1782 isti
3274 1726 3362 1796 qui
3377 1736 3594 1796 propter
3608 1726 3843 1796 aliquam

2251 1818 2488 1886 corporis
2533 1819 2888 1875 inlirmitatem
2914 1835 3022 1875 non
3050 1821 3287 1877 valentes
3316 1822 3560 1876 manibus
3587 1821 3841 1890 operari,

2251 1908 2503 1964 damnant
2528 1926 2622 1966 eos
2649 1913 2794 1981 ipsos
2812 1912 2881 1968 de
2901 1929 3125 1984 quorum
3153 1914 3489 1969 facultatibus
3510 1915 3715 1969 vivunt.

2320 2000 2406 2055 59.
2457 2002 2568 2072 Ego
2605 2003 2694 2072 qui
2729 2004 2845 2057 haec
2866 2005 3072 2070 scribo,
3103 2005 3480 2073 perfectionem
3508 2003 3576 2058 dc
3601 2018 3706 2074 qua
3738 2004 3844 2059 Do-

2251 2094 2427 2150 minus
2452 2096 2654 2150 locutus
2680 2105 2780 2160 est,
2813 2097 3026 2165 quando
3043 2098 3114 2151 ait
3133 2097 3281 2152 diviti
3306 2096 3648 2164 adolescenti,
3675 2095 3840 2165 Vade,

2251 2185 2406 2239 vende
2447 2187 2617 2239 onmia
2663 2203 2776 2254 qua:
2818 2187 2988 2255 habes,
3011 2198 3062 2243 et
3105 2190 3172 2241 da
3212 2188 3542 2259 pauperibus,
3572 2187 3842 2242 «habebis

2251 2277 2541 2332 thesaurum
2561 2278 2612 2331 in
2637 2280 2759 2332 cazlo
2773 2295 2793 2342 ;
2808 2288 2854 2332 et
2877 2280 3007 2345 ueni,
3033 2296 3238 2349 sequere
3253 2297 3330 2334 me
3351 2280 3562 2352 (Matth.
3585 2294 3702 2343 xu,
3717 2279 3838 2350 2!),

2253 2367 2597 2422 vehementer
2623 2369 2884 2430 adamavi.
2903 2380 3072 2425 etnon
3088 2370 3450 2434 meisviribus,
3472 2370 3565 2425 sed
3579 2371 3747 2439 gratia
3764 2370 3820 2440 ip

2252 2461 2364 2513 sius
2380 2460 2662 2528 :uljuvante
2681 2461 2760 2516 sic
2781 2461 2898 2516 feci.
2927 2461 3109 2532 Neque
3124 2463 3265 2517 enim
3285 2463 3407 2532 quia
3426 2463 3574 2517 dives
3593 2477 3696 2516 non
3730 2461 3804 2516 fui
3819 2502 3836 2527 ,
3885 2478 3901 2492 ε

2254 2552 2374 2606 ideo
2394 2553 2569 2608 minus
2598 2553 2730 2608 mihi
2745 2555 3086 2624 imputabitur
3104 2573 3117 2609 :
3136 2571 3258 2609 nam
3272 2571 3445 2625 neque
3462 2555 3558 2625 ipsi
3577 2553 3841 2625 Apostoﬁ,

2251 2644 2341 2712 qui
2385 2645 2590 2712 priores
2628 2644 2728 2700 hoc
2756 2646 3026 2712 fecerunt,
3058 2646 3248 2701 divites
3274 2646 3505 2700 fuerunt.
3535 2645 3642 2701 Sed
3673 2654 3841 2700 totum

2253 2736 2510 2790 mundum
2552 2737 2770 2792 dimittit
2811 2739 2902 2808 qui
2946 2747 3000 2793 et
3041 2738 3170 2792 illud
3210 2737 3352 2808 quod
3394 2738 3586 2805 habet,
3617 2745 3676 2791 et
3698 2735 3842 2806 quod

2253 2839 2398 2897 optat
2427 2829 2626 2884 habere
2645 2873 2659 2894 ,
2688 2831 2921 2885 dimittit.
2950 2832 3216 2897 Quantum
3242 2840 3417 2886 autem
3463 2832 3517 2885 in
3555 2831 3653 2885 hac
3672 2828 3845 2900 perfe-

2253 2920 2445 2974 ctionis
2475 2921 2553 2974 via
2588 2921 3104 2992 proiecerim,magis
3131 2922 3346 2991 quidem
3376 2923 3498 2976 novi
3522 2937 3623 2992 ego
3641 2964 3656 2987 ,
3685 2937 3840 2992 quam

2253 3011 2528 3080 quisquam
2567 3012 2702 3066 alius
2739 3012 2938 3075 homo;
2967 3014 3058 3067 sed
3284 3014 3425 3068 Deus
3446 3029 3606 3084 quam
3631 3027 3745 3084 ego.
3777 3013 3844 3068 Et

2252 3100 2320 3154 ad
2342 3101 2440 3155 hoc
2464 3103 2786 3171 propOsitum
2809 3104 3020 3174 quantis
3039 3119 3254 3173 possum
3275 3104 3474 3158 viribus
3493 3105 3627 3159 alios
3645 3104 3844 3160 exhorb

2255 3201 2372 3256 tor,
2411 3202 2466 3248 et
2507 3194 2563 3247 in
2608 3201 2821 3248 nomine
2867 3195 3076 3249 Domini
3116 3194 3289 3250 habeo
3313 3204 3620 3262 consortes,
3650 3197 3845 3266 quibus

2252 3282 2356 3338 hoc
2382 3299 2476 3352 per
2495 3299 2672 3338 meum
2700 3286 3048 3339 ministerium
3073 3301 3386 3354 persuasum
3411 3295 3495 3341 est
3521 3303 3535 3338 :
3563 3287 3639 3340 sic
3663 3296 3846 3342 tamen

2255 3383 2312 3432 ut
2354 3376 2620 3445 praecipue
2659 3391 2786 3430 sana
2827 3376 3066 3432 doctrina
3094 3385 3364 3443 teneatur,
3393 3391 3491 3432 nec
3513 3391 3606 3432 eos
3627 3377 3718 3447 qui
3742 3378 3846 3434 ista

2255 3482 2362 3520 non
2386 3466 2585 3521 faciunt
2604 3509 2618 3531 ,
2647 3483 2779 3520 vana
2807 3468 3138 3522 contumacia
3154 3467 3482 3536 indicemus,
3507 3468 3846 3524 dicentest

2253 3557 2386 3614 nihil
2421 3557 2672 3626 prodesse
2702 3559 2842 3627 quod
2874 3558 3089 3627 pudice,
3119 3559 3358 3628 quamvis
3385 3559 3737 3628 conjugaliter
3758 3559 3845 3614 vi-

2255 3661 2384 3704 vunt
2409 3691 2424 3717 ,
2451 3651 2594 3720 quod
2613 3650 2802 3705 domes
2831 3666 2956 3705 suas
2980 3661 3035 3706 et
3063 3652 3290 3706 familias
3306 3651 3594 3706 Christiane
3613 3658 3843 3722 regunt,

2253 3743 2396 3812 quod
2416 3743 2666 3811 operibus
2690 3742 3066 3797 misericordiae
3087 3743 3186 3798 sibi
3206 3743 3562 3798 thesaurirsant
3584 3744 3640 3797 in
3659 3751 3844 3812 posse.

2254 3849 2406 3899 rum;
2439 3849 2504 3888 ne
2530 3833 2628 3889 ista
2651 3833 2984 3902 disputando,
3007 3848 3110 3888 non
3135 3834 3530 3904 Seripturarum
3541 3839 3843 3888 sanctarum

2257 3932 2571 3980 tracutores
2586 3965 2602 3990 ,
2627 3925 2719 3979 sed
2747 3940 2930 3980 earum
2953 3933 3292 3980 accusatores
3312 3926 3663 3980 inveniamur.
3687 3924 3842 3993 Quod

2254 4016 2374 4072 ideo
2399 4031 2831 4083 commemoravi,
2862 4018 3111 4087 quoniam
3142 4017 3249 4085 isti,
3281 4018 3496 4088 quando
3521 4018 3843 4075 tona-dicere

2255 4107 2604 4177 prohibentur
2629 4107 2697 4162 ab
2721 4108 2800 4164 eis
2824 4109 2912 4178 qui
2944 4109 3044 4163 hoc
3064 4109 3274 4164 Domini
3303 4111 3580 4164 consilium
3608 4124 3710 4163 non
3741 4124 3834 4164 ce-

2253 4207 2476 4270 perunt,
2512 4200 2832 4268 respondent
2851 4215 2943 4255 eos
2966 4201 3090 4255 talia
3113 4200 3370 4270 disputari
3396 4201 3558 4268 notle,
3586 4201 3842 4271 quoniam

2252 4290 2395 4344 vitiis
2437 4291 2548 4344 suis
2590 4291 2800 4358 favent,
2841 4299 2895 4346 et
2922 4291 3188 4347 dominica
3213 4303 3477 4362 praecepta
3503 4292 3725 4363 implere
3749 4293 3844 4348 do-

2224 4412 2226 4414 τ
2253 4391 2483 4436 tractant
2511 4398 2526 4434 :
2557 4382 2705 4451 quasi
2737 4398 2840 4437 non
2864 4424 2878 4449 ,
2909 4393 2966 4438 ut
2991 4384 3056 4438 de
3081 4383 3146 4438 iis
3175 4393 3380 4438 taceam
3403 4426 3417 4450 ,
3449 4385 3538 4454 qui
3557 4426 3571 4448 ,
3604 4385 3726 4439 licet
3752 4386 3844 4439 in-

2253 4465 2516 4520 ﬁrmiores
2535 4507 2550 4532 ,
2582 4467 2829 4536 religiose
2853 4475 3028 4522 tamen
3055 4476 3273 4523 utuntur
3296 4469 3491 4524 divitiis
3511 4511 3526 4536 ,
3550 4469 3716 4523 etiam
3738 4469 3840 4539 ipsi

2250 4558 2428 4627 cupidi
2477 4566 2532 4612 et
2578 4560 2718 4612 avari
2763 4559 2901 4612 male
2933 4559 3013 4613 his
3042 4568 3290 4627 utentes,
3311 4567 3366 4616 et
3395 4561 3449 4614 in
3479 4569 3691 4616 ternae
3717 4562 3842 4615 Ebe-

2249 4661 2408 4704 sauro
2446 4662 2540 4704 cor
2579 4649 2775 4702 luteum
2831 4649 3082 4719 ligentes,
3107 4651 3231 4719 quia
3258 4659 3312 4704 et
3337 4651 3481 4719 ipsos
3509 4666 3728 4706 necesse
3755 4660 3844 4707 ω

2249 4755 2414 4810 usque
2443 4739 2507 4792 ad
2540 4740 2697 4793 ﬁnem
2729 4749 2906 4808 portet
2935 4741 3205 4807 Ecclesia,
3231 4741 3366 4796 sicut
3396 4742 3484 4797 illa
3510 4742 3645 4798 retia
3670 4756 3843 4812 usque

2247 4831 2314 4884 ad
2341 4831 2486 4885 littus
2515 4831 2684 4900 pisces
2715 4833 2880 4888 malos
2910 4832 3102 4904 (Idem,
3129 4848 3261 4899 xm,
3289 4834 3358 4888 47
3377 4875 3392 4900 ,
3427 4833 3545 4905 48),
3577 4832 3836 4890 tolerabi-

2246 4923 2408 4978 liores
2433 4923 2485 4978 in
2514 4938 2574 4979 ea
2605 4927 2711 4978 sint
2731 4940 2887 4995 quam
2917 4925 3000 4980 isti
3026 4967 3046 4993 ,
3072 4927 3162 4996 qui
3191 4927 3318 4981 talia.
3343 4925 3758 4982 sermosinando
3777 4935 3844 4984 ει

2243 5016 2640 5072 disseminando
2665 5058 2679 5084 ,
2721 5018 2796 5071 ita
2830 5033 2895 5072 se.
2916 5017 3080 5074 videri
3111 5033 3334 5090 magnos
3354 5020 3569 5086 volunt,
3595 5017 3832 5089 quiadi-

2243 5108 2400 5164 vitias
2441 5124 2565 5163 suas
2608 5111 2688 5164 vel
2732 5112 3214 5182 quantulacumque
3252 5113 3576 5184 patrimonia
3600 5128 3668 5168 ex
3690 5128 3844 5184 pca-

2242 5210 2398 5270 cepto
2425 5201 2633 5256 Domini
2663 5201 3012 5257 vendiderunt
3030 5244 3045 5269 ,
3076 5212 3131 5258 ut
3151 5204 3266 5273 ejus
3289 5204 3689 5270 hmreditatem,
3711 5218 3832 5275 quae

2240 5308 2410 5364 usque
2455 5292 2522 5351 ad
2569 5291 2701 5348 ﬁnes
2749 5301 2903 5348 terra:
2936 5293 3186 5350 dilatatur
3211 5295 3836 5364 atqttedifunditurhac

2240 5385 2478 5444 doctrina
2530 5401 2632 5442 non
2687 5402 2814 5442 sana
2857 5387 3170 5458 perturbare
3215 5397 3371 5458 atque
3420 5398 3674 5446 evertam
3706 5404 3830 5446 non

2241 5478 2453 5534 liautur.

2311 5571 2536 5644 CAPU’I:
2566 5570 2634 5625 V.
2659 5601 2728 5611 -—
2745 5571 2838 5628 40.
2863 5570 3020 5629 Unde
3057 5573 3179 5642 quia
3205 5589 3272 5629 ea
3299 5573 3402 5629 hac
3429 5573 3645 5644 quidem
3671 5590 3832 5631 occa-

2237 5665 2387 5720 sione
2407 5705 2420 5729 ,
2449 5663 2543 5719 sed
2574 5672 2750 5719 tanien
2768 5663 2876 5735 jam
2907 5665 3135 5720 breviter
3159 5665 3266 5720 dixi
3292 5665 3418 5736 quid
3444 5667 3610 5722 etiam
3630 5667 3700 5723 de
3717 5666 3824 5723 Ec-

2235 5798 2492 5928 ορέὺὲιᾱη
2513 5795 2753 5864 operibus,
2775 5797 2915 5863 cujus
2934 5797 3040 5851 loco
3061 5811 3190 5851 unus
3204 5811 3234 5852 e
3253 5800 3398 5852 vatic.
3421 5806 3533 5854 llss.
3562 5801 3828 5857 substitﬂt
