4112 6346
390 331 501 388 005

389 451 551 506 clasis
579 449 777 519 Christi
805 448 856 504 in
886 448 987 505 hoc
1015 449 1210 505 saeculo
1230 448 1455 505 sentiam
1473 489 1488 515 ,
1518 446 1572 503 id
1600 458 1717 515 est,
1745 446 1865 518 quia
1893 460 1982 500 us-

389 556 496 611 que
521 540 588 596 ad
618 540 778 599 fmem
800 541 955 610 hujus
975 541 1156 596 szeculi
1186 555 1403 596 necesse
1428 548 1512 595 est
1538 546 1715 608 portet
1740 538 1908 591 bonos
1927 544 1982 591 et

389 632 562 688 malos
579 674 595 699 ,
623 633 873 703 quoniam
898 642 954 688 et
978 632 1079 687 hoc
1103 632 1241 687 inter
1264 639 1378 686 tuas
1408 631 1731 701 qumstiones
1754 629 1982 682 interro-

387 725 521 796 gasti
540 765 559 790 ,
593 725 850 794 prolixam
872 725 1147 794 epistolam
1171 724 1280 795 jam
1303 722 1517 778 tandem
1544 720 1829 791 aliquando
1853 733 1983 773 con-

388 816 619 870 cludam.
634 815 964 871 Jurationem
976 830 1105 872 cave
1119 822 1374 886 quantum
1393 823 1563 884 potes.
1586 812 1772 868 Melius
1788 811 1982 882 quippe

391 924 493 965 nec
536 924 723 965 verum
762 908 1002 979 iuratur,
1045 924 1203 980 quam
1246 908 1457 980 jurandi
1488 894 1899 971 consuetudine,
1930 911 1983 959 et

389 1001 442 1055 in
488 1000 779 1069 periurium
821 1016 965 1070 saepe
1011 1001 1252 1066 caditur,
1279 1008 1333 1055 et
1357 1014 1569 1069 semper
1594 997 1824 1068 perjurio
1854 1011 1981 1075 pro-

388 1094 691 1162 pinquatur.
731 1092 835 1147 Sed
878 1093 991 1159 illi,
1033 1101 1285 1162 quantum
1330 1090 1534 1161 aliquos
1558 1104 1739 1144 eorum
1771 1084 1979 1153 audivi,

386 1185 511 1255 quid
540 1185 610 1239 sit
633 1184 815 1253 jurare
842 1200 1058 1254 prorsus
1090 1186 1334 1256 ignorant
1362 1203 1374 1237 :
1410 1191 1593 1253 putant
1618 1181 1759 1237 enim
1789 1195 1847 1234 se
1878 1194 1983 1233 non

383 1277 588 1346 iurare,
612 1277 823 1347 quando
847 1278 897 1331 in
922 1293 1013 1332 ore
1035 1277 1252 1344 habent,
1278 1276 1387 1333 Scit
1410 1276 1548 1330 Deus
1571 1274 1637 1345 (ll
1656 1272 1771 1328 Cor.
1789 1288 1882 1335 xu,
1902 1269 1980 1342 2);

387 1378 468 1433 et,
514 1368 671 1421 Testis
710 1378 781 1423 est
818 1368 951 1424 Deus
983 1368 1157 1439 (Rom.
1195 1385 1240 1435 ι,
1276 1368 1340 1435 9,
1366 1377 1413 1423 et
1440 1364 1671 1437 Philipp.
1696 1381 1741 1429 ι,
1775 1363 1868 1435 8);
1897 1356 1980 1432 et,

388 1459 593 1514 Testem
619 1460 783 1514 Deum
810 1462 983 1515 invoco
1017 1479 1166 1532 super
1190 1462 1413 1515 animum
1441 1477 1601 1515 meum
1651 1463 1668 1527 (
1698 1454 1739 1511 ll
1767 1455 1883 1511 Cur.
1917 1448 1939 1508 Ι
1964 1496 1980 1522 ,

388 1551 480 1623 25)
505 1568 521 1617 ;
556 1554 677 1621 quia
706 1570 811 1608 non
837 1554 1029 1608 dicitur
1048 1597 1063 1621 ,
1092 1554 1195 1609 Per
1226 1555 1383 1608 Deum
1402 1596 1416 1619 ,
1446 1563 1497 1607 et
1527 1554 1648 1623 quia
1678 1551 1796 1605 talia
1824 1564 1979 1618 repe-

389 1646 600 1699 riuntur
627 1645 678 1699 in
701 1648 939 1716 apostolo
966 1647 1149 1702 Paulo.
1172 1648 1275 1702 Sed
1301 1648 1458 1701 etiam
1486 1646 1572 1700 illa
1597 1646 1666 1699 ibi
1688 1651 1872 1697 contra
1890 1658 1983 1697 eos

393 1738 607 1792 inventa
656 1747 736 1793 est
784 1755 941 1809 quam
970 1742 987 1772 ¹
1018 1741 1338 1796 conﬁtentur
1367 1756 1486 1796 esse
1510 1739 1864 1809 jurationem,
1896 1733 1986 1792 ubi

390 1838 464 1883 aut
506 1830 795 1898 Apostolus
825 1849 837 1885 :
873 1831 1104 1897 Quotidie
1134 1834 1353 1899 morior,
1385 1850 1471 1901 per
1496 1841 1708 1887 vestram
1732 1831 1982 1902 gloriam,

394 1906 608 1987 fratres,
658 1940 807 1995 quant
861 1924 1016 1977 habeo
1063 1928 1115 1978 in
1163 1924 1359 1980 Christo
1404 1925 1526 1980 Jesu
1559 1924 1781 1979 Domino
1816 1932 1985 1979 nostra

392 2012 437 2082 (Ι
469 2012 586 2067 Cor.
606 2028 703 2080 xv,
722 2013 783 2068 51
797 2015 835 2084 ).
856 2012 911 2067 In
927 2016 1113 2083 graecis
1131 2017 1272 2071 enim
1294 2017 1563 2072 codicibus
1586 2016 1851 2087 reperitur
1870 2030 1986 2069 om-

390 2103 517 2157 nino
560 2118 679 2157 esse
722 2103 861 2158 banc
898 2104 1221 2175 jurationem
1256 2125 1269 2162 :
1302 2124 1367 2162 ne
1398 2108 1515 2178 quis
1544 2108 1595 2162 in
1623 2106 1781 2161 latina
1806 2107 1985 2176 lingua

391 2193 495 2249 hoc
536 2194 613 2250 sic
659 2194 916 2264 intelligat
953 2197 1183 2265 dictum,
1229 2216 1317 2269 per
1338 2210 1551 2253 vestram
1575 2198 1823 2270 gloriam,
1856 2213 1989 2269 quo-

392 2284 553 2339 modo
582 2285 777 2341 dictum
806 2294 915 2352 est,
948 2306 1035 2359 per
1066 2307 1231 2344 meum
1261 2290 1531 2344 adventum
1562 2293 1741 2347 iterum
1771 2292 1838 2346 ad
1862 2309 1985 2360 vos;

391 2386 445 2431 et
488 2378 653 2432 multa
683 2379 875 2434 similia
896 2422 909 2444 ,
939 2378 1028 2434 ubi
1057 2381 1279 2447 dicitur,
1312 2398 1405 2451 per
1429 2382 1627 2452 aliquid
1648 2424 1662 2449 ,
1694 2393 1749 2439 et
1776 2398 1879 2438 nou
1908 2392 1990 2438 est

388 2468 605 2539 juratio.
630 2471 730 2526 Sed
756 2486 865 2526 non
889 2472 1012 2528 ideo
1040 2474 1162 2543 quia
1185 2476 1237 2528 in
1262 2475 1370 2528 suis
1393 2475 1608 2530 Litteris
1624 2476 1823 2545 juravit
1846 2478 1988 2545 Apo-

401 2561 570 2645 stolus
591 2604 604 2628 ,
638 2563 719 2616 vir
739 2564 792 2617 in
823 2564 1043 2619 veritate
1076 2564 1408 2620 ﬁrmissimus
1428 2606 1443 2634 ,
1475 2565 1629 2621 ludus
1653 2566 1803 2621 nobis
1830 2567 1988 2621 debet

393 2667 511 2706 esse
545 2652 760 2722 juratio.
800 2656 963 2710 Multo
988 2660 1132 2712 enim
1159 2659 1320 2712 tutius
1341 2701 1356 2725 ,
1390 2668 1445 2713 ut
1474 2660 1608 2724 dixi,
1641 2670 1892 2729 quantum
1921 2660 1987 2714 ad

394 2760 491 2799 nos
530 2746 747 2814 attinet,
791 2764 1059 2819 nunquam
1080 2751 1355 2820 juramus;
1385 2759 1441 2806 ut
1465 2753 1532 2806 sit
1560 2753 1612 2807 in
1643 2768 1736 2807 ore
1766 2762 1983 2823 nostro,

393 2835 514 2905 Est,
553 2850 621 2894 est
646 2856 665 2903 ;
696 2858 793 2895 non
815 2882 828 2906 ,
860 2860 989 2911 non,
1018 2844 1155 2899 sicut
1184 2846 1437 2899 Dominus
1471 2855 1653 2901 monet
1680 2845 1890 2916 (Matth.
1920 2864 1981 2913 v,

394 2923 506 3001 57).
538 2929 653 2983 Non
678 2932 796 3001 quia
832 2943 1102 3001 peccatum
1134 2946 1214 2988 est
1236 2976 1250 2990 .
1284 2950 1463 2991 verum
1491 2934 1671 3005 iurare
1702 2955 1715 2991 :
1748 2937 1839 2991 sed
1866 2938 1987 3007 quia

393 3020 760 3091 gravissimum
808 3033 1081 3093 peccatum
1130 3036 1211 3080 est
1241 3024 1427 3081 falsum
1448 3025 1630 3098 jurare
1652 3043 1675 3093 ;.
1701 3044 1804 3095 quo
1833 3030 1988 3084 citius

397 3111 539 3165 cadit
567 3114 653 3182 qui
678 3116 1167 3183 consucvitjurarc.

463 3205 552 3260 41.
602 3207 868 3275 Accepisti
908 3209 1047 3277 quod
1075 3208 1205 3263 milii
1232 3209 1439 3265 videtur
1470 3226 1483 3262 :
1516 3211 1703 3266 melius
1722 3222 1989 3282 exponant

389 3294 491 3352 ista
537 3298 819 3365 meliores;
866 3316 968 3353 non
1013 3300 1097 3355 isti
1132 3316 1354 3369 quorum
1389 3300 1509 3356 novi
1530 3302 1640 3373 jam
1669 3306 1985 3360 sententiam

390 3387 813 3457 reprobandam,
857 3389 951 3445 sed
986 3391 1073 3444 alii
1102 3392 1189 3461 qui
1219 3392 1479 3447 veraciter
1506 3404 1744 3463 possunt.
1773 3396 1903 3450 Nam
1933 3404 1988 3450 et

390 3492 493 3546 ego
525 3479 757 3545 paratior
786 3494 902 3535 sum
932 3480 1111 3538 dicere
1138 3498 1297 3554 quam
1325 3483 1554 3551 docere;
1584 3496 1636 3540 et
1661 3498 1713 3540 tu
1737 3504 1985 3558 magnum

391 3564 639 3625 conteres
688 3568 1001 3627 beneﬁcium
1022 3613 1037 3635 ,
1083 3574 1129 3627 si
1168 3589 1228 3627 ea
1256 3590 1373 3644 quae
1404 3575 1511 3631 illic
1536 3592 1564 3630 a
1591 3578 1788 3634 sanctis
1812 3579 1989 3634 fratri-

390 3648 492 3710 bus
520 3655 777 3713 adversus
804 3658 1025 3714 istorum
1052 3662 1349 3732 vaniloquia
1381 3663 1716 3720 disseruntur
1735 3710 1747 3731 ,
1773 3684 1876 3722 non
1899 3686 1987 3725 me

392 3740 557 3801 iacias
584 3747 848 3818 ignorare.
875 3746 933 3805 In
962 3746 1188 3806 Domino
1214 3761 1359 3807 recte
1389 3765 1442 3808 et
1468 3752 1695 3811 ﬁdeliter
1717 3757 1882 3827 vivas,
1905 3759 1987 3815 di-

394 3832 683 3894 lectissime
710 3838 804 3894 ﬁli.

823 3958 1156 4015 EPISTOLA
1180 3958 1380 4015 aLvm
1408 3966 1425 3985 -
1443 3960 1542 4035 (a).

395 4067 623 4122 Ecodius
650 4066 914 4125 Uzalensis
939 4072 1205 4142 episcopus
1231 4072 1509 4127 laudabiles
1531 4090 1697 4130 mores
1712 4092 1774 4130 ac
1788 4076 1983 4147 felicem

464 4160 797 4217 adolescentis
837 4164 1107 4233 cujusdam
1144 4163 1329 4218 obitum
1358 4178 1681 4237 prosecutus,
1707 4172 1912 4243 eiusque
1937 4180 1984 4225 et

468 4255 683 4308 aliorum
712 4255 1066 4325 defunctorum
1091 4258 1311 4311 narratis
1331 4261 1748 4328 apparitionibus,
1775 4262 1984 4329 inquirit

466 4356 639 4399 atrum
658 4347 831 4400 anima
860 4365 950 4418 per
978 4357 1195 4403 mortem
1213 4348 1381 4403 soluta
1401 4366 1501 4404 non
1524 4352 1667 4405 omni
1680 4362 1847 4406 careat
1866 4367 1983 4407 cor-

466 4450 612 4507 pore,
656 4453 753 4507 que
788 4440 953 4511 possit
973 4440 1099 4510 ferri
1122 4441 1187 4494 de
1210 4441 1325 4495 loco
1344 4441 1398 4495 in
1419 4442 1603 4495 locum.
1632 4442 1764 4497 Tum
1788 4446 1985 4500 edoceri

466 4531 606 4600 cupit
640 4547 740 4602 qua
780 4533 922 4587 varia
957 4537 1153 4589 ratione
1186 4534 1250 4589 de
1282 4535 1391 4591 Deo
1418 4544 1471 4592 ct
1492 4538 1778 4593 horninibus
1800 4540 1985 4595 dicitur

464 4623 733 4693 sapientia.

396 4734 622 4793 Domino
652 4739 1129 4811 venerabiliterque
1160 4742 1506 4799 dilectissimo
1539 4741 1693 4800 fratri
1723 4755 1775 4801 et
1796 4759 1984 4802 consa-

468 4829 670 4885 cerdoti
690 4831 1010 4899 Ancusvmo,
1036 4844 1088 4889 et
1108 4833 1355 4892 fratribus
1373 4837 1461 4906 qui
1482 4846 1651 4892 tecum
1675 4848 1828 4906 sunt,
1854 4839 1985 4897 Evo-

470 4936 608 4985 nws,
625 4932 676 4977 et
699 4920 890 4979 fratres
911 4925 997 4993 qui
1021 4939 1229 4980 mecum
1250 4935 1393 4992 sunt,
1416 4928 1465 4981 in
1490 4927 1714 4985 Domino
1735 4932 1981 4987 salutem.

472 5014 521 5067 1.
558 5013 786 5068 Debitum
812 5017 987 5087 ﬂagito
1009 5016 1231 5087 epistolae
1252 5036 1402 5088 quam
1431 5022 1579 5088 misi;
1605 5031 1650 5075 et
1668 5024 1800 5077 volui
1821 5026 1983 5096 primo

396 5106 530 5161 tttud
566 5111 755 5164 discere
780 5112 914 5181 quod
946 5113 1252 5183 interrogavi
1272 5155 1295 5177 ,.
1319 5120 1369 5168 et
1397 5124 1569 5184 postea
1594 5116 1687 5171 hoc
1711 5119 1979 5185 requirere.

399 5197 533 5252 Audi
560 5216 695 5268 rem,
725 5202 842 5269 quia
871 5202 1096 5273 dignaris
1115 5246 1129 5270 ,
1161 5220 1273 5275 qute
1298 5218 1375 5259 me
1401 5208 1521 5276 fecit
1540 5208 1909 5278 impatientem,
1929 5220 1985 5264 ut

398 5301 447 5346 et
461 5293 516 5347 id
534 5295 824 5365 festinarent
850 5312 1011 5363 nosse,
1028 5299 1072 5350 si
1100 5297 1213 5366 ﬁeri
1237 5300 1490 5369 potest,in
1519 5296 1614 5354 hac
1642 5302 1763 5356 vita.
1797 5303 1983 5367 Quemv

462 5426 479 5457 ⁸
504 5431 614 5498 φῖ.
641 5432 693 5476 et
716 5425 938 5498 plerique
946 5434 1077 5489 Mss,
1091 5442 1183 5479 non
1198 5428 1495 5496 conﬁtentur.
1514 5438 1584 5484 At.
1604 5435 1717 5485 Bad.
1730 5443 1831 5485 Am.
1844 5442 1920 5489 Er.
1932 5397 2005 5490 et‘

394 5492 480 5536 Its.
504 5492 700 5538 Cistere.
727 5492 991 5553 negatione
1013 5498 1198 5542 carent.

458 5574 481 5593 '
515 5574 580 5647 sd
604 5574 820 5647 codicem
842 5576 1135 5647 \jatlcanum,
1158 5578 1210 5628 in
1230 5591 1330 5643 quo
1372 5578 1478 5631 solo
1499 5588 1580 5632 Ms.
1606 5584 1875 5646 reperitur,
1898 5596 1983 5634 re-

394 5638 605 5700 aeginiu-
614 5645 711 5699 est,
735 5644 789 5690 et
814 5638 874 5688 ad
895 5645 1005 5690 ων.

456 5721 541 5798 (a).
560 5722 691 5798 alias
846 5737 861 5776 :
884 5737 997 5790 quae
1037 5730 1206 5778 alitem
1248 5726 1341 5781 158
1361 5734 1487 5791 erat,
1508 5740 1639 5781 nunc
1671 5729 1780 5781 159.
1804 5731 1983 5794 seripu

394 5795 475 5841 In.
501 5786 696 5838 circiter
716 5786 826 5838 414.

1577 325 2055 386 EPISTOLARUM
2093 324 2365 386 CLASSIS
2398 325 2485 385 Ill.

3564 335 3667 395 694

2083 444 2201 497 dam
2269 462 2477 516 puerum
2517 444 2670 500 habui
2728 445 3006 518 presbyteri
3046 447 3251 501 Armeni
3278 448 3573 503 Mclonitani
3604 436 3665 506 ﬂb-

2085 537 2209 589 lium
2248 526 2497 605 notarium
2535 554 2551 591 :
2586 530 2719 603 hunc
2748 538 2861 609 jam
2900 539 3083 592 steculo
3110 538 3163 593 se
3194 550 3521 610 mergentem,
3551 550 3668 593 nam

2085 622 2381 682 scholastice
2412 628 2720 699 proconsulis
2750 628 3052 701 excipiebat,
3084 647 3171 701 per
3194 646 3354 683 meam
3383 620 3517 683 eruit1
3529 628 3669 684 Urit!

2086 719 2435 773 humilitatem.
2472 706 2593 774 Fuit
2619 723 2836 794 quidem,
2860 730 2914 776 ut
2936 723 3139 793 puerilis
3166 722 3289 777 tetas
3310 720 3475 790 habet,
3501 724 3671 792 promi“

2086 820 2201 881 plus
2221 854 2235 878 ,
2277 812 2643 882 aliquantulum
2684 814 2929 884 inquietus
2948 856 2962 880 ,
2994 816 3040 868 et
3068 814 3329 869 accedente
3355 823 3503 869 celate
3529 812 3672 885 (nant

2085 905 2321 976 vigesimo
2375 914 2421 959 et
2466 904 2685 961 secundo
2720 925 2853 962 anno
2909 902 3169 980 solvitur),
3209 910 3282 963 ita
3309 926 3421 963 eum
3450 908 3672 980 gravitas

2087 1011 2279 1049 morum
2302 1039 2315 1063 ,
2366 1000 2413 1050 el
2453 1005 2618 1051 custos
2660 994 2789 1053 bona
2835 1000 2937 1053 vita
2982 996 3197 1068 ornavit,
3234 1006 3293 1054 ut
3316 1000 3438 1054 satis
3465 997 3673 1053 delectet

2088 1089 2195 1159 ejus
2240 1087 2420 1144 habere
2453 1093 2762 1146 memoriam.
2802 1086 2928 1145 Erat
2973 1098 3139 1146 autem
3174 1096 3405 1146 strenuus
3428 1091 3477 1143 in
3505 1089 3670 1156 notis,

2088 1188 2136 1232 et
2184 1179 2235 1232 in
2276 1180 2537 1236 scribendo
2580 1178 2698 1236 bene
2728 1180 3039 1250 laboriosus,
3068 1180 3325 1237 studiosus
3347 1194 3543 1253 quoque
3570 1188 3674 1236 esse

2089 1282 2303 1342 coeperat
2331 1274 2578 1339 lectionis,
2610 1284 2662 1329 ut
2688 1276 2794 1346 ipse
2820 1292 2981 1329 meam
3009 1274 3293 1330 tarditatem
3312 1288 3463 1329 causa
3480 1270 3675 1345 legendi

2090 1367 2346 1419 nocturnis
2390 1365 2526 1420 horis
2569 1368 2959 1432 exhortaretur;
2999 1382 3118 1422 nam
3155 1364 3415 1436 aliquanto
3452 1370 3675 1435 tempore

2090 1458 2249 1510 noctis
2282 1458 2407 1510 mihi
2432 1459 2538 1528 ipse
2566 1458 2786 1531 legebat,
2819 1464 2932 1513 eum
2958 1460 3126 1514 omnia
3151 1458 3405 1514 siluissent
3432 1466 3561 1513 .‘nec
3580 1468 3670 1512 eo:

2091 1546 2222 1602 lebat
2247 1550 2499 1619 prieterire
2535 1546 2829 1621 lectionem,
2870 1551 2969 1605 nisi
2994 1550 3350 1618 intellexisset,
3379 1550 3603 1605 et'tertio
3628 1554 3675 1605 et

2090 1650 2267 1710 quarto
2288 1642 2567 1711 repetebat,
2599 1652 2646 1697 et
2671 1660 2759 1696 nec
2782 1626 3060 1696 dimittebat
3080 1686 3096 1709 ,
3122 1641 3220 1696 nisi
3240 1642 3335 1696 sibi
3358 1640 3676 1711 apparuisti!

2091 1733 2227 1804 quod
2254 1735 2523 1803 qumrebat.
2554 1731 2816 1806 Coeperam
2845 1752 2955 1789 eum
2981 1752 3079 1789 non
3104 1736 3247 1804 quasi
3274 1750 3484 1805 puerum
3513 1742 3561 1788 e’t
3584 1738 3676 1788 ποι

2093 1826 2275 1879 larium
2316 1825 2522 1893 habere,
2554 1827 2643 1881 sed
2668 1830 2885 1880 amicum
2911 1826 3173 1897 quemdam
3197 1828 3319 1880 satis
3346 1824 3675 1879 necessarium

2092 1928 2137 1972 et
2158 1934 2376 1973 suavem.
2408 1917 2734 1973 Delectabant
2754 1920 2883 1973 enim
2908 1938 2986 1973 me
3007 1920 3190 1992 fabula:
3213 1920 3393 1990 ipsius.

2161 2009 2215 2063 2.
2252 2008 2469 2081 Optabat
2492 2028 2701 2083 quoque,
2732 2012 2869 2083 quod
2892 2013 2935 2065 ei
2961 2013 3238 2082 prazstitum
3265 2021 3365 2076 est,
3395 2012 3602 2067 dissolvi
3630 2006 3677 2066 et

2092 2116 2199 2154 esse
2224 2117 2336 2153 cum
2373 2099 2572 2156 Christo
2600 2100 2859 2173 (Philipp.
2894 2118 2931 2167 l,
2962 2102 3080 2174 25).
3113 2103 3247 2156 Nam
3275 2104 3532 2174 wgrotavit
3556 2108 3674 2157 sea":-

2093 2192 2249 2246 decim
2280 2192 2453 2247 diebus
2480 2194 2619 2265 apud
2633 2202 2861 2264 parentes
2882 2211 3016 2257 suos,
3039 2204 3084 2249 et
3106 2195 3358 2248 memoria:
3370 2196 3417 2248 vi
3442 2193 3503 2248 de
3528 2194 3671 2249 Scri-

2093 2286 2254 2358 pturis
2280 2304 2405 2358 pene
2434 2296 2537 2340 tota
2560 2286 2858 2359 (egritudine
2883 2285 3196 2355 loquebatur.
3223 2282 3329 2341 Sed
3355 2295 3409 2340 ut
3439 2285 3508 2340 ad
3525 2287 3677 2356 ﬁnem

2092 2377 2205 2431 vitae
2236 2378 2494 2446 proximus
2523 2392 2626 2430 esse
2667 2376 2841 2448 σαρξί,
2872 2376 3117 2448 psallebat
3160 2374 3479 2430 audientibus
3515 2376 3679 2429 omni-

2094 2467 2185 2519 bus
2202 2511 2215 2532 ,
2255 2487 2273 2519 (
2308 2465 2570 2522 Desiderat
2597 2476 2651 2522 et
2668 2464 2909 2538 prOperat
2931 2469 3102 2521 anima
3143 2482 3252 2521 mea
3277 2466 3344 2520 ad
3380 2467 3512 2520 atria
3531 2463 3625 2520 Dei
3651 2470 3675 2517 ἠ

2094 2556 2261 2629 (Ρδαι.
2312 2574 2540 2625 Lxxxm,
2585 2558 2619 2614 3
2647 2556 2701 2629 );
2772 2566 2819 2612 et
2864 2568 2977 2628 post
3030 2558 3135 2612 haec
3172 2559 3353 2611 iterum
3394 2556 3677 2627 psallebat,

2100 2666 2117 2699 ι
2158 2646 2498 2720 lmpinguasti
2538 2649 2591 2702 in
2627 2648 2736 2703 oleo
2774 2658 2926 2719 caput
2965 2665 3165 2715 meum;
3194 2658 3240 2702 et
3271 2649 3507 2717 poculum
3538 2656 3679 2701 tuum

2093 2741 2345 2795 inebrians
2384 2757 2539 2811 quam
2586 2741 2887 2811 praclarum
2925 2749 2997 2793 est
3040 2740 3210 2810 (I’sal.
3238 2754 3379 2805 χχιι,
3408 2738 3500 2807 5)!
3542 2757 3559 2789 ›
3596 2736 3679 2791 Ibi

2094 2834 2190 2904 fuit
2231 2843 2540 2903 occupatus;
2568 2834 2663 2886 hac
2701 2849 2755 2887 se
2796 2831 3070 2886 oblectabat
3100 2832 3457 2886 consolatione.
3487 2828 3679 2884 Deinde

2096 2943 2207 2979 cum
2237 2927 2362 2979 solvi
2391 2927 2617 2997 ccepisset
2641 2966 2655 2990 ,
2687 2925 2887 2995 signare
2914 2938 2969 2978 se
3000 2924 3145 2993 cazpit
3188 2924 3238 2975 in
3278 2923 3471 2992 fronte,
3513 2920 3586 2974 ita
3625 2930 3679 2973 ut

2094 3020 2165 3073 sic
2187 3018 2500 3073 descenderet
2528 3034 2707 3071 manus
2735 3016 2804 3070 ad
2831 3033 2887 3070 os
2923 3016 3058 3086 quod
3081 3015 3176 3070 sibi
3200 3013 3428 3085 cupiebat
3456 3012 3676 3084 signare,

2094 3128 2207 3164 cum
2238 3111 2353 3180 jam
2394 3108 2602 3162 interior
2644 3109 2813 3174 homo,
2866 3116 2911 3161 et
2947 3107 3067 3161 bene
3103 3115 3368 3160 renovatus
3405 3104 3469 3160 de
3505 3104 3586 3158 die
3625 3105 3678 3158 in

2094 3202 2227 3255 diem
2250 3243 2264 3265 ,
2297 3200 2501 3255 domum
2531 3200 2715 3253 luteam
2744 3198 3027 3251 dimisisset.
3060 3195 3191 3251 Mihi
3219 3204 3411 3249 tantum
3435 3196 3678 3267 gaudium

2094 3292 2341 3358 accrevit,
2379 3300 2441 3345 ut
2474 3289 2687 3343 arbitrer
2728 3288 2865 3359 quod
2904 3288 3110 3343 dimisso
3152 3286 3356 3359 proprio
3383 3302 3593 3358 corpore
3624 3288 3679 3340 in

2093 3401 2259 3438 meum
2284 3384 2506 3436 animum
2534 3382 2788 3452 ingressus
2811 3381 2897 3448 sit,
2938 3389 2983 3435 et
3005 3378 3073 3434 ibi
3101 3379 3224 3434 mihi
3246 3381 3517 3450 quamdam
3546 3378 3676 3433 luei-

2094 3475 2299 3529 ditatem
2326 3474 2605 3545 ρνιεδεηεὶω
2629 3486 2735 3527 sua:
2764 3480 2981 3542 prdstet,
3005 3472 3124 3541 quia
3148 3471 3441 3526 liberatione
3464 3472 3513 3527 et
3530 3476 3677 3528 seed-

2092 3571 2241 3624 ritate
2263 3571 2403 3625 illius
2441 3570 2588 3624 nimis
2623 3569 2863 3640 gaudeo;
2903 3568 3004 3622 dici
3038 3584 3137 3622 non
3164 3576 3341 3640 potest.
3384 3562 3506 3622 Non
3547 3564 3678 3621 enim

2093 3664 2246 3717 levem
2272 3663 2319 3716 ei
2341 3661 2547 3716 exhibui
2567 3660 2980 3728 sollicitudinem,
3015 3661 3193 3715 timens
3220 3658 3358 3714 artati
3382 3658 3676 3714 adolescen-l

2092 3757 2175 3812 tis.
2204 3746 2341 3809 Nam
2369 3756 2541 3810 curavi
2567 3772 2628 3810 ea:
2654 3771 2712 3809 eo
2740 3771 2960 3825 qucerere
2982 3795 2998 3821 ,
3038 3764 3099 3807 ne
3127 3755 3254 3826 forte
3277 3755 3477 3825 femina:
3503 3761 3678 3808 conta-

2089 3851 2238 3923 gione
2264 3851 2440 3923 fuisset
2468 3850 2686 3920 pollutus
2720 3865 2737 3903 :
2766 3850 2973 3903 liberum
2999 3865 3051 3902 se
3080 3863 3184 3903 esse
3211 3852 3415 3901 testatus
3442 3852 3533 3911 est,
3568 3854 3677 3901 ma-

2089 3944 2168 4014 gis
2195 3952 2247 3995 ut
2274 3953 2500 3997 nostrum
2524 3940 2767 4013 gaudium
2800 3939 3157 3992 cumularetur.
3190 3938 3401 3993 Solutus
3426 3942 3498 3992 est
3534 3945 3672 4010 ergo.

2093 4034 2373 4105 Exsequias
2406 4033 2706 4104 praebuimus
2735 4032 2856 4086 satis
2882 4030 3217 4095 honorabiles,
3244 4038 3287 4082 et
3316 4030 3494 4099 dignas
3522 4028 3676 4083 tanta!

2089 4128 2305 4192 aninue;
2336 4142 2452 4179 nam
2493 4141 2580 4195 per
2609 4124 2830 4177 triduum
2870 4122 3067 4191 hymnis
3099 4120 3375 4174 Dominum
3409 4112 3675 4173 collauda-

2090 4220 2250 4273 vimus
2279 4233 2429 4286 super
2466 4214 2754 4285 sepulcrum
2790 4213 2947 4284 ipsius
2966 4253 2981 4277 ,
3023 4216 3071 4265 et
3098 4210 3457 4281 redemptidnis
3486 4203 3675 4263 Sacra;

2090 4318 2256 4362 menta
2283 4308 2426 4360 tertio
2456 4305 2537 4358 die
2563 4293 2852 4357 obtulimus.

2163 4402 2213 4455 5.
2245 4398 2350 4454 Sed
2375 4415 2485 4454 ecce
2516 4406 2625 4467 post
2652 4396 2857 4449 biduum
2885 4393 3113 4464 quaedam
3144 4392 3293 4447 vidua
3323 4393 3531 4447 honesta
3565 4380 3670 4447 Ur-

2090 4492 2200 4548 bica
2225 4492 2285 4547 de
2310 4490 2625 4564 Figentibus,
2654 4505 2766 4563 qua:
2799 4489 3065 4543 duodecim
3096 4496 3149 4543 s'e
3176 4500 3334 4542 annos
3357 4484 3569 4542 vidudm’
3589 4481 3671 4541 die

2091 4586 2249 4650 cebat,
2277 4584 2463 4639 ancilla
2492 4583 2585 4638 Dei
2606 4625 2618 4649 ,
2651 4583 2899 4637 somnium
2921 4580 3042 4635 vidit
3073 4580 3190 4636 tale.
3232 4576 3383 4635 Videt
3404 4572 3673 4652 quemdam

2091 4676 2357 4731 tﬁaconum
2387 4685 2502 4729 ante
2522 4673 2904 4745 quadriennium
2930 4688 3141 4742 corpore
3168 4680 3394 4738 exutum,
3426 4682 3542 4726 cum
3566 4678 3671 4726 ser-

2089 4771 2164 4826 vis
2193 4778 2237 4825 et
2266 4769 2462 4823 ancillis
2491 4766 2588 4821 Dei
2623 4765 2896 4837 virginibus
2936 4773 2981 4819 et
3010 4764 3173 4820 viduis
3199 4765 3443 4835 palatium
3466 4768 3670 4834 ργωρπδ

2089 4868 2222 4917 r‘are.
2251 4860 2541 4915 Ornabatur
2565 4869 2751 4923 autem,
2777 4867 2831 4913 ut
2850 4858 3054 4911 claritas
3078 4858 3178 4912 loci
3197 4856 3434 4929 ﬂtfsisset,
3464 4858 3511 4910 et
3532 4850 3671 4911 totus

2091 4954 2252 5008 omnis
2279 4959 2540 5023 argenteus
2568 4958 2843 5021 putaretur.
2875 4948 3001 5006 Cum
3029 4949 3125 5004 illa
3159 4947 3431 5003 studiosius
3456 4946 3672 5001 θητεηιοι

2089 5054 2253 5118 gasset
2279 5044 2479 5098 cuinam
2519 5042 2612 5097 hoc
2646 5051 3055 5114 prcepararetur;
3091 5040 3351 5113 respondit
3384 5034 3472 5094 ille
3498 5038 3670 5093 dieeo-1

2088 5154 2201 5200 nus,
2233 5151 2387 5207 puero
2414 5136 2499 5207 qui
2524 5135 2752 5190 hesterno
2781 5143 3106 5203 causumptus
3137 5139 3227 5196 est,
3257 5131 3365 5202 filio
3393 5122 3671 5203 presbyteri

2089 5228 2389 5301 praeparari.
2422 5225 2492 5282 Et
2516 5227 2569 5281 in
2598 5227 2769 5281 eodem
2800 5226 2988 5298 palatio
3011 5222 3277 5295 quemdam
3304 5236 3470 5278 senem
3494 5220 3668 5279 dandis

2089 5319 2264 5374 datum
2287 5320 2604 5392 apparuisse,
2627 5320 2717 5391 qui
2732 5318 2930 5389 iuberet
2954 5315 3148 5372 duobus
3172 5316 3455 5373 candidatis
3475 5325 3527 5372 ut
3552 5322 3668 5390 pars

2088 5421 2280 5484 gerent,
2303 5421 2350 5466 et
2368 5426 2551 5482 corpus
2571 5410 2790 5465 ablatum
2810 5409 2874 5464 de
2893 5408 3121 5476 sepulcro
3142 5407 3210 5462 ad
3227 5408 3407 5464 emtum
3426 5408 3667 5465 levarent.

2088 5498 2329 5577 Curaque,
2360 5505 2549 5576 inquit,
2581 5504 2653 5558 de’
2674 5503 2902 5575 sepulcro
2930 5517 3116 5574 corpus
3150 5500 3331 5573 (uisset
3356 5508 3670 5574 assumptum

2089 5609 2239 5670 atque
2264 5601 2315 5654 in
2346 5600 2523 5655 calum
2550 5600 2793 5663 levatum,
2822 5612 2991 5651 ramos
3023 5606 3255 5650 rosarum
3288 5595 3535 5665 virginum
3578 5594 3670 5668 (sic

2089 5693 2224 5745 enim
2248 5692 2434 5748 clausa:
2460 5689 2713 5763 appellari
2734 5689 2916 5762 solent)
2948 5688 3011 5744 de
3038 5686 3211 5744 eodem
3240 5691 3471 5761 sepulcro
3495 5702 3668 5744 surre-

2088 5799 2240 5841 $1888.
