4154 6354
490 325 597 387 695

559 448 616 504 4.
644 443 869 500 Narravi
892 442 1014 517 quid
1031 441 1184 514 fuerit
1207 447 1419 514 gestum.
1448 437 1607 494 Modo
1629 438 1952 512 quastionem
1976 454 2071 491 au-

488 540 597 596 dire
621 539 852 610 dignare,
892 548 941 593 et
965 538 1088 592 doce
1111 535 1246 608 quod
1271 551 1462 607 quarro.
1495 533 1640 606 Cogit
1671 533 1802 589 enim
1826 551 1905 588 me
1925 534 2071 589 istius

486 633 672 686 anima!
693 631 927 702 migratio
961 630 1084 684 talia
1121 628 1454 700 percunctari.
1488 627 1614 682 Cum
1643 628 1704 682 in
1732 644 1943 698 corpore
1979 645 2066 682 su-

485 741 618 791 mus,
649 733 722 780 est
749 723 890 778 nobis
914 739 1090 778 sensus
1115 722 1322 777 interior
1348 721 1506 776 solers
1544 738 1635 793 pro
1663 721 1888 793 agilitate
1916 719 2069 774 studii

485 817 681 880 nostri;
705 827 750 869 et
777 823 916 869 tanto
939 813 1225 885 vigilantior
1243 822 1288 868 et
1309 813 1596 885 ferventior,
1620 820 1804 882 quanto
1827 812 2069 882 fuerimus

483 909 838 975 studiosiores,
881 917 929 962 et
968 908 1134 963 adhuc
1169 909 1524 978 impedimento
1555 907 1780 977 corporis
1819 906 2069 960 retardari

483 1020 576 1059 nos
599 1004 794 1057 videtur
821 1019 927 1057 esse
952 1003 1226 1073 probabile.
1257 1002 1380 1068 Quis
1409 1010 1573 1055 autem
1614 1002 1784 1054 omnia
1819 1015 1931 1070 qua:
1957 1000 2067 1054 ani-

482 1111 595 1149 mus
614 1111 676 1150 ea
694 1112 904 1166 corpore
916 1095 1125 1166 patitur,
1144 1095 1324 1165 poterit
1339 1111 1574 1148 enarrare
1592 1095 1616 1148 Ρ
1633 1092 1775 1147 Inter
1792 1093 1881 1146 has
1898 1092 2067 1146 turbas

481 1196 528 1241 et
545 1186 820 1255 molestias,
849 1204 910 1242 ex
941 1186 1361 1259 suggestionibus,
1392 1204 1454 1241 ea:
1478 1185 1831 1240 tentationibus
1852 1227 1865 1251 ,
1894 1202 1956 1239 ea:
1981 1203 2067 1240 ne-

479 1280 812 1344 cessitatibus,
841 1280 1146 1351 diversisque
1166 1277 1537 1333 calamitatibus
1565 1279 1832 1344 venientes,
1857 1278 2063 1346 fortitu—

479 1370 646 1424 dinem
683 1387 828 1424 suam
869 1387 968 1424 non
1003 1370 1184 1424 deserit
1221 1371 1418 1425 animus
1446 1386 1464 1423 :
1487 1371 1692 1436 resistit,
1735 1370 1924 1433 vincit;
1962 1370 2063 1424 ali-

475 1462 678 1532 quando
699 1464 932 1517 vincitur.
976 1462 1164 1517 Tamen
1191 1463 1430 1533 quoniam
1456 1463 1681 1516 meminit
1723 1463 1836 1526 sui,
1881 1462 2064 1532 agilior

476 1562 524 1609 et
541 1554 804 1631 sollicitior
823 1555 1033 1625 efficitur
1053 1556 1293 1609 excitatus
1321 1554 1470 1608 tantis
1496 1552 1768 1619 laboribus,
1801 1563 1847 1606 et
1875 1553 2061 1623 rumpit

474 1663 696 1716 quosque
729 1648 886 1701 nodos
912 1648 1136 1715 malitiaz,
1164 1657 1209 1701 et
1245 1648 1424 1701 transit
1452 1647 1519 1700 ad
1559 1647 1784 1701 meliora.
1821 1647 1953 1712 Quid
1981 1647 2061 1700 di-

473 1755 584 1792 cam
612 1738 848 1809 dignatur
868 1739 1145 1809 intelligere
1167 1741 1425 1795 Sanctitas
1448 1748 1554 1792 tua.
1585 1739 1724 1811 Ergo
1745 1756 1858 1793 cum
1885 1741 1937 1793 in
1963 1739 2059 1793 hac
2088 1754 2095 1760 '

471 1829 574 1882 vita
600 1845 800 1896 sumus,
848 1831 1030 1884 talibus
1058 1831 1362 1900 egestatibus
1399 1831 1702 1902 impedimur
1721 1827 1815 1894 ,‘et
1849 1840 2013 1886 tamen
2039 1873 2053 1898 ,

468 1920 597 1974 sicut
621 1922 864 1992 scriptum
891 1933 999 1989 est,
1038 1941 1056 1972 (
1087 1924 1479 1993 snpervincimus
1505 1941 1596 1993 per
1625 1941 1739 1978 eum
1764 1924 1849 1993 qui
1878 1923 2054 1978 dilexit

468 2028 560 2066 nos
593 2031 611 2064 ι
645 2012 817 2083 (Rom.
862 2031 986 2081 vm,
1017 2015 1130 2085 57).
1164 2015 1420 2070 Exeuntes
1460 2017 1522 2070 de
1565 2032 1806 2086 corpore,
1844 2025 1889 2070 et
1927 2032 2054 2070 onus

467 2123 632 2172 omne,
664 2117 709 2161 et
735 2109 866 2178 agile
892 2118 1148 2179 peccatum
1173 2109 1453 2175 evadentes,
1481 2110 1567 2180 qui
1589 2110 1804 2163 sumus?

536 2199 591 2254 5.
619 2199 681 2252 Et
702 2201 918 2270 prinmm
942 2217 1113 2270 qutero
1139 2210 1308 2254 utrum
1342 2200 1548 2272 aliquod
1573 2218 1753 2271 corpus
1783 2201 1875 2266 sit,
1913 2199 2050 2270 quod

464 2307 572 2346 rem
595 2291 963 2362 incorporeum,
991 2293 1084 2346 hoc
1110 2303 1180 2347 est
1205 2294 1364 2365 ipsius
1388 2294 1573 2347 anima:
1595 2293 1921 2348 substantiam
1946 2310 2047 2348 non

464 2381 688 2448 deserat,
729 2398 844 2436 cum
879 2383 1123 2438 dimiserit
1159 2385 1253 2438 hoc
1295 2392 1548 2440 terrenum
1581 2401 1763 2452 corpus
1787 2425 1801 2450 ,
1830 2401 1892 2438 ne
1921 2388 2051 2456 forte

462 2473 527 2527 de
551 2481 766 2539 quatuor
792 2490 947 2527 unum
975 2474 1040 2528 sit
1064 2515 1080 2541 ,
1111 2485 1198 2528 aut
1227 2477 1420 2530 aerium
1439 2517 1455 2544 ,
1491 2485 1577 2530 aut
1609 2477 1892 2530 (Etherium.
1919 2473 2047 2531 Cum

461 2567 596 2620 enim
620 2567 918 2636 incorporea
946 2568 1011 2620 sit
1036 2568 1228 2634 anima,
1263 2568 1307 2621 si
1331 2569 1469 2623 omni
1503 2585 1713 2638 corpore
1743 2578 1906 2630 caret,
1929 2569 2045 2640 jam

460 2672 566 2709 una
588 2666 658 2710 est
683 2658 925 2711 omnium.
953 2656 1023 2710 Et
1062 2658 1146 2710 ubi
1184 2659 1274 2712 erit
1308 2660 1394 2713 ille
1435 2660 1570 2714 dives
1605 2671 1914 2730 purpuratus
1937 2702 1951 2726 ,
1995 2669 2045 2714 et

462 2745 687 2802 Lazarus
717 2749 1001 2803 vulneratus
1020 2751 1046 2803 .9
1076 2749 1339 2812 Quomodo
1363 2751 1513 2804 etiam
1535 2752 1720 2805 meritis
1748 2752 2040 2805 discernen-

458 2847 561 2908 tur,
579 2847 633 2891 ut
653 2839 738 2892 ille
747 2856 967 2910 poenam,
987 2839 1074 2893 ille
1093 2841 1337 2911 gaudium
1356 2841 1554 2908 habeat,
1573 2842 1616 2895 si
1633 2859 1733 2896 una
1756 2844 1772 2874 ί
1799 2860 1859 2898 ea:
1879 2844 2040 2896 omni-

457 2929 548 2983 bus
564 2929 872 3000 incorporeis
900 2931 1192 3001 apparuerit
1214 2932 1384 2985 anima
1413 2947 1430 2985 .°
1458 2933 1503 2985 si
1527 2941 1691 2986 tamen
1712 2933 1927 3004 ﬁgurate
1948 2932 2040 2986 illa

455 3018 740 3090 signiﬁcata
770 3037 871 3074 non
901 3030 1031 3074 sunt.
1055 3019 1256 3075 Certum
1281 3032 1353 3075 est
1379 3031 1567 3090 autem,
1595 3040 1709 3094 qua:
1735 3024 1856 3077 locis
1877 3034 2041 3078 tenen-

455 3120 558 3176 tur,
582 3112 874 3182 corporibus
895 3125 1142 3189 lenentur,
1170 3124 1226 3168 ut
1246 3115 1332 3169 ille
1355 3115 1492 3170 dives
1515 3117 1567 3170 in
1597 3119 1822 3186 flamma,
1843 3128 1888 3171 et
1905 3136 2038 3189 pau-

457 3219 547 3273 per
560 3204 646 3258 ille
671 3205 725 3258 in
750 3207 864 3259 sinu
886 3187 1102 3260 Abrahaz
1122 3206 1270 3276 (Luc.
1296 3223 1404 3274 XVI,
1434 3207 1522 3274 19,
1541 3208 1656 3280 22).
1685 3209 1744 3264 Si
1769 3210 1879 3264 loca
1899 3187 2036 3277 sunt,

453 3309 668 3365 corpora
705 3305 850 3364 sunt,
889 3307 935 3350 et
959 3299 1012 3352 in
1040 3297 1332 3368 corporibus
1361 3300 1545 3354 animos
1576 3310 1723 3367 sunt;
1753 3302 1804 3355 in
1830 3319 2040 3372 corpore

455 3397 623 3442 autem
649 3390 694 3444 si
721 3405 879 3459 paenae
911 3391 986 3444 vel
1011 3393 1221 3462 praemia
1243 3392 1296 3446 in
1334 3393 1650 3448 conscientiis
1670 3403 1806 3449 sunt.
1840 3394 2040 3460 Qutevis

457 3490 530 3536 est
548 3483 646 3534 ista
673 3498 777 3536 una
805 3484 996 3545 anima,
1028 3483 1205 3550 e/Tecta
1231 3501 1293 3539 ea:
1317 3484 1490 3538 multis
1531 3487 1733 3551 animis,
1765 3487 2035 3558 affligatur,

453 3581 499 3625 et
529 3571 725 3625 lauetur
752 3573 806 3625 in
832 3589 957 3639 una,
986 3582 1040 3628 ut
1070 3585 1316 3645 appareat
1344 3575 1622 3652 substantia
1649 3594 1713 3632 ex
1733 3579 1903 3632 multis
1928 3582 2039 3634 ani-

451 3661 545 3714 mis
585 3660 793 3714 collecta
815 3677 834 3726 ;
862 3670 949 3715 aut
973 3663 1017 3716 si
1051 3665 1146 3718 hoc
1172 3664 1358 3719 dicitur
1381 3667 1801 3736 quemadmodum
1832 3686 1932 3722 una
1959 3687 2038 3726 res

449 3751 649 3804 animus
678 3751 1026 3822 incorporeus,
1059 3765 1104 3807 et
1131 3755 1182 3808 in
1213 3771 1269 3809 eo
1299 3757 1541 3810 memoria
1566 3768 1670 3822 est,
1701 3767 1747 3812 et
1770 3759 2031 3828 voluntas,

449 3849 494 3895 et
520 3842 832 3910 intellectus,
864 3854 910 3898 et
941 3845 1022 3899 ha:
1051 3862 1220 3900 omnes
1248 3863 1414 3901 causa:
1456 3850 1768 3920 incorporea:
1805 3863 1961 3921 sunt,
1991 3863 2039 3908 et

449 3937 630 3994 habent
651 3941 923 4012 ofﬁciorum
952 3960 1227 4016 congruam
1251 3947 1530 4017 portionem
1553 3950 1572 3979 ³
1595 3989 1610 4014 ,
1648 3964 1739 4002 nec
1763 3957 1928 4002 tamen
1954 3949 2036 4002 al-

447 4042 554 4086 tera
579 4035 791 4088 alteram
816 4036 1044 4107 impedit.
1081 4037 1361 4107 Utcumque
1388 4049 1509 4111 puto
1548 4058 1691 4111 posse
1716 4041 2030 4112 responderi,

445 4133 505 4179 ut
521 4134 568 4180 et
586 4127 784 4199 aliquas
814 4145 994 4199 paena,
1017 4138 1065 4184 et
1091 4131 1287 4204 aliquas
1309 4134 1520 4203 prcemia
1542 4135 1837 4188 comitentur
1851 4135 1905 4189 in
1933 4151 2034 4190 una

445 4233 512 4272 ea:
537 4219 708 4274 multis
731 4221 914 4276 animis
935 4223 1147 4278 collecta
1168 4224 1465 4280 substantia.

419 4345 424 4348 -
515 4309 570 4365 6.
597 4309 698 4364 Aut
721 4311 768 4366 si
792 4329 894 4366 non
917 4313 989 4366 ita
1012 4322 1103 4380 est,
1131 4316 1252 4384 quid
1275 4317 1482 4388 impedit
1504 4319 1548 4373 si
1567 4321 1904 4392 unusquisque
1921 4321 2035 4375 ani-

444 4419 577 4467 mus,
605 4421 720 4458 cum
747 4422 957 4478 corpore
982 4407 1076 4462 hoc
1091 4409 1252 4462 solido
1283 4421 1437 4477 caret,
1466 4413 1608 4466 aliud
1631 4413 1809 4467 habeat
1829 4430 2029 4486 corpus,

443 4503 502 4550 ut
523 4494 632 4565 ipse
661 4496 859 4552 animus
880 4514 1078 4570 semper
1105 4501 1312 4570 aliquod
1340 4519 1522 4572 corpus
1543 4506 1767 4569 animet;
1804 4515 1891 4558 aut
1932 4523 2032 4578 quo

446 4587 713 4642 transitu»:
738 4589 891 4660 facit,
929 4592 972 4645 si
996 4593 1102 4646 ulla
1123 4593 1262 4663 regio
1291 4603 1364 4648 est
1397 4598 1465 4648 ad
1489 4613 1640 4667 quam
1667 4615 1779 4652 eum
1808 4599 2028 4653 necessi-

443 4689 523 4735 tas
556 4680 631 4735 ire
675 4683 969 4752 βοτηρεὲιὶιῖ
1017 4685 1434 4755 Quandoquidem
1481 4697 1528 4742 et
1571 4691 1668 4760 ipsi
1710 4691 1894 4762 Angeli
1940 4710 2030 4748 nec

441 4773 587 4827 multi
610 4774 714 4828 dici
751 4786 994 4846 possunt,
1036 4778 1209 4833 sinon
1250 4782 1542 4851 corporibus
1579 4794 1934 4852 numerentur;
1975 4795 2030 4841 ut

439 4863 512 4916 ait
534 4863 648 4934 ipsa
681 4862 875 4920 Veritas
901 4867 954 4922 in
977 4867 1255 4941 Evangelia
1273 4912 1289 4937 ,
1325 4889 1345 4923 ί
1378 4870 1589 4928 Possem
1613 4892 1793 4948 rogare
1817 4876 2028 4932 Patrem

439 4973 604 5012 meum
637 4967 693 5013 ut
729 4959 992 5015 duodecim
1031 4963 1157 5018 mihi
1181 4966 1402 5036 legiones
1426 4969 1719 5040 angelorum
1759 4972 1974 5026 misisset
2000 4991 2020 5026 s

438 5046 658 5122 (Matth.
685 5065 810 5105 xxv:
832 5093 848 5120 ,
879 5051 995 5124 55).
1035 5053 1232 5111 Deinde
1269 5073 1386 5111 cum
1419 5070 1606 5115 constet
1645 5062 1935 5117 Samuelem
1972 5065 2025 5118 in

435 5156 648 5212 corpore
673 5143 828 5214 fuisse
855 5144 1034 5211 visum,
1061 5148 1264 5217 quando
1289 5151 1534 5207 excitatus
1555 5155 1714 5212 estad
1737 5156 2024 5225 petitionem

435 5229 570 5289 Sai‘d
595 5231 641 5308 (Ι
671 5235 798 5306 Reg.
831 5251 1015 5304 xxvm,
1044 5237 1164 5311 i4);
1197 5249 1245 5294 et
1275 5241 1488 5313 Moysen
1509 5285 1524 5311 ,
1557 5246 1702 5316 cujus
1727 5263 1908 5317 corpus
1937 5265 2023 5303 se-

433 5325 633 5396 pultum
669 5335 742 5381 est
775 5329 1054 5383 secundum
1093 5330 1461 5404 Evangelium,
1501 5338 1823 5408 manifestum
1862 5341 1928 5394 sit
1969 5341 2023 5395 in

432 5431 643 5487 corpore
687 5435 801 5473 eum
845 5421 1037 5475 venisse
1077 5423 1148 5476 ad
1188 5423 1466 5502 Dominum
1512 5427 1564 5481 in
1604 5439 1769 5482 monte
1807 5429 2018 5500 (Matth.

431 5521 565 5575 XVII,
592 5510 670 5582 3),
692 5528 805 5566 cum
825 5515 1177 5570 constitissent.
1210 5517 1512 5590 Quanquam
1539 5532 1584 5574 et
1610 5523 1662 5575 in
1689 5525 2016 5596 apocryphis,

433 5610 480 5656 et
505 5603 560 5657 in
585 5606 783 5660 secretis
821 5607 979 5677 ipsius
1008 5607 1176 5680 Moysi
1201 5652 1216 5676 ,
1249 5627 1361 5680 qua:
1387 5615 1640 5684 scriptura
1667 5627 1801 5671 caret
1840 5629 2018 5674 aucto-

496 5718 516 5788 ξ
549 5724 678 5788 μον..
701 5732 921 5788 summm
937 5721 1026 5788 sed
1051 5724 1218 5774 verius
1240 5732 1320 5788 Ms,
1338 5728 1504 5788 \‘atic.,
1529 5727 1573 5779 si
1594 5742 1704 5781 una.

495 5779 517 5815 ³
549 5781 695 5832 vatio.
718 5783 872 5833 00(ch
907 5784 1074 5847 habet,
1104 5785 1470 5850 proportionem.

1733 317 1792 376 S.
1833 307 2198 374 AUGUSTINI
2237 309 2539 373 EPISCOPI

2176 431 2350 499 ritate,
2393 442 2512 488 tunc
2538 451 2652 490 cum
2679 435 2967 492 ascenderet
2997 436 3051 492 in
3089 449 3305 495 montem
3343 449 3398 494 ut
3442 451 3755 512 moreretur,

2174 525 2222 579 vi
2248 527 2472 599 corporis
2493 529 2720 600 efﬁcitur,
2747 540 2805 584 ut
2830 529 2972 584 aliud
3005 532 3283 605 essetquod
3309 541 3456 588 terra:
3481 535 3757 591 mandarec

2174 621 2287 684 tur,
2329 618 2475 673 aliud
2509 621 2642 692 quod
2679 621 2860 694 angelo
2901 625 3160 677 comitanti
3188 625 3480 680 sociaretur.
3513 625 3620 681 Sed
3656 644 3754 682 non

2171 712 2295 767 satis
2320 728 2460 786 urget
2503 731 2581 770 me
2617 717 3025 787 apocryphorum
3066 722 3306 789 praferre
3331 721 3628 774 sententiam
3652 721 3756 777 illis

2171 809 2511 878 superioribus
2540 811 2685 865 rebus
2709 812 2946 882 definitis.
2985 811 3270 867 Videndum
3296 831 3432 886 ergo,
3467 827 3514 870 et
3533 816 3635 871 sive
3656 833 3753 870 au-

2170 901 2395 955 ctoritate
2429 903 2531 956 sive
2559 904 2753 957 ratione
2790 903 3136 975 indagandum
3171 905 3306 976 quod
3341 907 3603 978 quaeritur.
3647 907 3754 963 Sed

2171 993 2356 1046 dicitur
2383 994 2519 1065 quod
2546 997 2844 1050 resurrectio
2874 997 3046 1066 futura
3070 999 3296 1052 ostendat
3321 1015 3432 1052 eam
3471 1001 3608 1054 omni
3633 1017 3750 1054 cor-

2147 1103 2291 1156 pore
2309 1088 2547 1142 caruisse.
2573 1085 2684 1142 Nec
2703 1091 2824 1143 satis
2850 1089 3078 1158 impedit,
3108 1090 3513 1161 quandoquidem
3541 1091 3618 1144 illi
3645 1092 3753 1145 An-

2169 1176 2283 1247 geli,
2309 1179 2396 1242 qui
2421 1179 2688 1234 invisibiles
2707 1181 2857 1235 etiam
2883 1191 3018 1247 sunt,
3050 1198 3165 1235 cum
3194 1183 3486 1253 corporibus
3509 1201 3753 1254 apparere

2168 1273 2431 1327 voluerunt
2451 1283 2497 1327 et
2520 1275 2677 1329 videri
2695 1317 2710 1343 ,
2743 1285 2789 1329 et
2813 1291 3134 1346 quiscumque
3153 1276 3245 1329 illa
3275 1277 3455 1346 positio
3480 1293 3749 1347 corporum

2167 1365 2250 1428 sit,
2274 1381 2446 1419 eorum
2466 1365 2724 1435 spiritibus
2744 1367 2917 1437 digna,
2945 1375 3110 1420 tamen
3136 1376 3481 1438 apparuerunt
3499 1367 3567 1420 ad
3589 1367 3751 1421 Abra-

2168 1455 2285 1509 ham
2311 1455 2461 1529 (Gen.
2494 1473 2653 1523 xvm,
2691 1456 2747 1529 2)
2781 1467 2828 1511 et
2854 1456 2922 1510 ad
2958 1455 3169 1511 Tobiam
3195 1455 3344 1528 (Tob.
3376 1474 3482 1524 xu,
3521 1457 3634 1527 15).
3662 1455 3750 1512 Ita

2166 1547 2275 1616 ﬁeri
2302 1557 2462 1617 potest
2487 1558 2542 1600 ut
2570 1549 2863 1602 resurrectio
2892 1547 3089 1620 quidem
3115 1549 3283 1603 carnis
3307 1549 3471 1615 istius,
3497 1565 3609 1621 qua:
3627 1549 3750 1605 bene

2166 1637 2387 1691 creditur
2411 1639 2584 1708 futura
2619 1641 2721 1702 sit,
2756 1651 2920 1692 tamen
2958 1641 3030 1693 sic
3067 1640 3237 1693 anima
3263 1638 3355 1693 illa
3389 1640 3628 1694 reddatur
3649 1682 3664 1707 ,
3691 1648 3748 1695 ut

2165 1745 2375 1800 corpore
2402 1731 2569 1800 aliquo
2595 1748 2849 1800 nunquam
2872 1732 3091 1787 caruisse
3117 1733 3416 1803 reperiatur.
3445 1731 3571 1788 Cum
3605 1733 3740 1787 enim

2161 1839 2224 1877 ea:
2245 1833 2460 1895 quatuor
2485 1823 2740 1879 elementis
2763 1842 2946 1896 corpus
2968 1827 3134 1896 ipsum
3169 1835 3374 1893 constet,
3405 1843 3561 1880 unum
3600 1827 3743 1881 vide-

2162 1926 2245 1968 tur
2267 1917 2492 1970 amittere
2511 1958 2524 1981 ,
2572 1917 2792 1971 calidum
2819 1917 3041 1983 scilicet,
3079 1934 3193 1971 cum
3226 1935 3253 1972 e
3277 1934 3487 1990 corpore
3526 1919 3620 1972 isto
3650 1919 3748 1973 mi-

2159 2027 2308 2080 grare
2335 2011 2579 2065 videatur.
2619 2010 2758 2064 Nam
2786 2021 3008 2066 remanet
3037 2011 3172 2082 quod
3202 2022 3451 2065 terrenum
3478 2022 3576 2076 est,
3603 2021 3650 2065 et
3677 2011 3744 2066 li-

2159 2121 2287 2173 quor
2314 2122 2411 2158 non
2444 2104 2611 2169 deest;
2649 2123 2738 2159 nec
2765 2105 2966 2176 frigida:
2989 2105 3214 2158 materiae
3237 2105 3529 2159 elementum
3560 2103 3693 2159 abest
3723 2119 3746 2160 :

2158 2196 2322 2250 solum
2351 2197 2428 2250 illi
2451 2197 2684 2250 eximitur
2713 2196 2972 2261 calidum;
2998 2196 3133 2268 quod
3161 2201 3289 2267 forte
3308 2213 3474 2250 secum
3498 2198 3605 2267 ipse
3631 2197 3744 2250 ani-‘

2158 2305 2269 2342 mus
2291 2289 2464 2354 trahit,
2495 2288 2540 2341 si
2567 2288 2630 2341 de
2655 2289 2762 2342 loco
2789 2288 2856 2340 ad
2885 2288 3047 2342 locum
3068 2287 3281 2358 migrat.
3314 2285 3424 2340 Hoc
3459 2287 3654 2341 interim
3681 2288 3744 2342 de

2157 2395 2368 2447 corpore
2401 2379 2636 2432 dixerim.

2230 2473 2281 2526 7.
2325 2470 2535 2525 Videtur
2568 2489 2762 2542 quoque
2788 2472 2914 2525 mihi
2940 2472 3076 2543 quod
3099 2473 3144 2528 si
3171 2473 3224 2526 in
3261 2489 3470 2545 corpore
3507 2475 3697 2544 positus
3719 2516 3737 2542 ,

2154 2573 2208 2617 ut
2225 2565 2339 2636 jam
2365 2566 2474 2619 dixi
2498 2607 2511 2630 ,
2543 2576 2710 2636 vegeto
2731 2608 2745 2633 ,
2787 2574 2993 2619 strenua
3031 2567 3192 2619 utitur
3228 2567 3404 2620 utentis
3429 2567 3736 2635 intentione,

2151 2670 2336 2730 quanto
2366 2662 2525 2732 magis
2551 2660 2842 2731 expeditus,
2877 2658 3026 2731 agilis
3044 2703 3059 2725 ,
3088 2670 3285 2731 vegetus
3311 2702 3326 2728 ,
3357 2664 3549 2730 fervens
3569 2703 3583 2728 ,
3615 2670 3741 2715 stre-

2159 2771 2309 2820 nuus,
2338 2755 2554 2808 intentus
2583 2754 2694 2820 erit,
2719 2763 2766 2808 et
2787 2755 3022 2825 capacior
3044 2755 3251 2824 efficitur
3271 2771 3330 2808 ac
3358 2755 3534 2809 melior
3551 2796 3565 2820 ,
3607 2763 3660 2808 ut
3685 2755 3736 2809 in

2150 2865 2360 2919 corpore
2390 2849 2581 2918 positus
2608 2849 2880 2919 gustaverit
2900 2850 3166 2904 virtutem!
3185 2849 3296 2915 Quo
3321 2849 3547 2921 deposito
3576 2849 3734 2919 magis

2147 2956 2343 3009 quoque
2361 2939 2584 2994 abstersa
2613 2939 2760 3005 nube,
2789 2949 2920 2995 totus
2941 2958 3148 2995 serenus
3169 2941 3372 3009 effectus
3396 2952 3488 3006 est,
3521 2943 3573 2995 in
3596 2951 3736 2994 tran-

2149 3029 2398 3101 quillitate
2420 3030 2528 3084 sine
2557 3032 2828 3084 tentatione
2862 3032 3073 3101 positus,
3112 3032 3273 3086 videat
3308 3031 3443 3102 quod
3472 3031 3732 3106 desidera-

2147 3121 2306 3185 verit,
2351 3121 2662 3191 amplexetur
2699 3123 2833 3188 quod
2876 3124 3080 3176 amavit.
3114 3123 3424 3177 Recordetur
3457 3140 3651 3193 quoque
3685 3130 3732 3176 et

2146 3212 2451 3276 amicorum,
2480 3223 2524 3266 et
2551 3229 2674 3284 quos
2694 3214 2807 3283 jam
2838 3214 3180 3284 praemiserat,
3217 3224 3490 3286 agnoscat,
3531 3225 3578 3268 et
3607 3231 3730 3278 quos

2147 3311 2258 3372 post
2283 3319 2336 3356 se
2360 3303 2547 3356 dimisit
2575 3319 2594 3357 :
2623 3305 2751 3376 forte
2774 3305 2846 3358 sic
2870 3314 2977 3369 est;
3002 3323 3090 3376 ego
3111 3306 3298 3370 nescio,
3323 3305 3514 3360 discere
3532 3321 3722 3373 quau-0.

2148 3393 2287 3448 Satis
2312 3403 2478 3447 autent
2507 3411 2585 3448 me
2611 3394 2885 3465 perturbat,
2919 3397 2964 3449 si
2990 3412 3221 3466 soporem
3253 3395 3518 3467 quemdam
3545 3396 3725 3466 accipit

2145 3484 2342 3538 animus
2370 3485 2492 3556 ipse,
2521 3502 2584 3539 ne
2609 3487 2725 3540 talis
2752 3487 2836 3553 sit,
2873 3487 3038 3558 qualis
3063 3503 3176 3540 cum
3211 3487 3396 3561 dormit
3436 3489 3488 3542 in
3521 3503 3728 3558 corpore

2144 3576 2460 3642 constitutus,
2509 3577 2653 3646 quasi
2686 3577 2930 3648 sepultus,
2975 3586 3020 3632 et
3065 3578 3120 3631 in
3159 3595 3248 3648 spe
3285 3588 3474 3632 tantum
3517 3580 3683 3633 vivens
3707 3593 3728 3632 :

2143 3679 2378 3723 cteterwn
2403 3670 2532 3724 nihil
2556 3672 2742 3724 habens
2761 3713 2775 3740 ,
2805 3671 2934 3725 nihil
2962 3673 3121 3726 sciens
3142 3689 3164 3737 ;
3199 3675 3415 3726 maxime
3447 3675 3490 3727 si
3529 3674 3725 3728 somnio

2143 3761 2286 3816 nullo
2329 3762 2569 3830 pulsetur.
2623 3761 2751 3828 Qua:
2793 3780 2871 3818 res
2912 3764 3222 3818 vehementer
3268 3773 3435 3831 terret,
3483 3775 3531 3819 et
3580 3765 3726 3833 quasi

2141 3853 2442 3908 exstinctum
2467 3854 2655 3908 indicat
2676 3855 2923 3908 aninmm.

2211 3945 2263 3999 8.
2297 3943 2442 4000 Illud
2466 3947 2615 4000 etiam
2643 3963 2833 4018 quaero,
2859 3949 2902 4001 si
2921 3965 3103 4018 corpus
3123 3949 3303 4004 habere
3332 3949 3482 4021 fuerit
3506 3950 3722 4020 indaga-

2140 4046 2240 4104 tus,
2267 4048 2436 4093 utrum
2458 4049 2506 4093 et
2531 4041 2700 4110 aliqua
2719 4058 2864 4095 sensu
2894 4058 2994 4095 non
3012 4043 3216 4096 careat?
3240 4040 3383 4096 Certe
3405 4043 3451 4096 si
3478 4059 3576 4096 non
3599 4043 3724 4096 odo-

2138 4131 2290 4184 randi
2313 4132 2582 4186 necessitas
2604 4121 2653 4186 εἴ
2671 4172 2686 4198 ,
2722 4141 2777 4185 ut
2802 4141 2920 4202 puto
2943 4174 2960 4199 ,
3000 4131 3163 4204 ingeri
3199 4141 3394 4203 potest,
3437 4149 3594 4204 neque
3629 4149 3723 4203 gu-

2137 4223 2340 4287 standi,
2368 4223 2457 4277 sed
2494 4240 2584 4277 nec
2626 4223 2907 4294 tangendi:
2944 4222 3120 4277 dubito
3148 4240 3404 4278 remanere
3438 4224 3638 4277 videndi
3676 4232 3723 4278 et

2137 4313 2400 4368 audiendi.
2433 4312 2571 4367 Nam
2591 4314 2712 4383 quid
2740 4325 2811 4368 est
2834 4313 2967 4384 quod
2990 4314 3170 4368 audire
3193 4315 3428 4369 dicuntur
3447 4316 3717 4382 daemones,

2137 4419 2239 4458 non
2267 4404 2321 4457 in
2355 4405 2586 4458 omnibus
2611 4421 2734 4474 quos
2758 4413 2958 4470 vexant,
2980 4421 3098 4458 nam
3124 4414 3171 4458 et
3195 4405 3249 4459 in
3279 4407 3358 4459 his
3380 4407 3588 4477 quwstio
3607 4415 3719 4471 est;

2136 4495 2224 4550 sed
2267 4497 2418 4549 etiam
2450 4512 2566 4549 cum
2603 4504 2848 4567 apparent
2894 4497 2947 4549 in
2989 4497 3280 4567 corporibus
3318 4497 3467 4552 suis?
3500 4495 3578 4550 De
3611 4499 3718 4550 visu

2135 4597 2303 4640 autem
2329 4587 2580 4657 quomodo
2613 4597 2870 4642 transeunt
2901 4579 3101 4643 deloco
3137 4589 3191 4642 in
3220 4589 3422 4655 locum,
3455 4590 3498 4642 si
3535 4574 3717 4658 corpus

2136 4677 2336 4743 habent,
2360 4678 2405 4732 si
2427 4695 2576 4732 sensu
2601 4677 2781 4733 visibili
2806 4679 2930 4733 duce
2954 4679 3169 4734 carent?
3194 4677 3360 4734 Putas
3385 4697 3485 4734 non
3512 4681 3582 4733 ita
3601 4687 3718 4733 sunt

2133 4770 2316 4823 animo:
2351 4769 2585 4823 humanae
2621 4786 2732 4823 cum
2774 4770 2835 4842 de
2877 4770 3172 4838 corporibus
3197 4771 3554 4842 egrediuntur,
3588 4780 3643 4825 ut
3667 4780 3714 4825 et

2133 4880 2316 4933 corpus
2337 4862 2542 4933 aliquod
2577 4863 2817 4932 habeant,
2859 4871 2905 4917 et
2944 4880 3092 4918 sensu
3124 4864 3293 4932 aliquo
3333 4880 3435 4917 non
3471 4862 3717 4917 careant?

2135 4954 2272 5020 Quid
2322 4964 2393 5008 est
2435 4964 2481 5008 et
2513 4954 2672 5021 illud,
2713 4955 2846 5024 quod
2894 4955 3120 5026 plerique
3157 4956 3342 5010 mortui
3379 4957 3472 5012 visi
3508 4965 3623 5010 sunt
3661 4955 3714 5010 in

2133 5048 2359 5103 domibus
2388 5050 2459 5102 ita
2483 5049 2697 5120 ingredi,
2735 5059 2789 5104 ut
2827 5050 2960 5104 soliti
2999 5061 3132 5117 sunt,
3165 5062 3254 5106 aut
3297 5069 3386 5124 per
3424 5053 3555 5107 diem
3577 5093 3595 5120 ,
3626 5060 3715 5107 aut

2133 5155 2221 5209 per
2247 5148 2438 5192 noctem
2468 5155 2500 5192 a
2527 5139 2845 5211 vigilantibus
2862 5183 2876 5206 ,
2919 5142 2980 5194 ab
3005 5141 3373 5198 ambulantibus
3394 5146 3420 5200 Ρ
3461 5142 3582 5198 Νοη
3617 5145 3712 5198 hoc

2132 5230 2282 5283 semel
2314 5229 2520 5296 audivi,
2556 5239 2602 5285 et
2635 5231 2765 5286 illud
2795 5232 2930 5303 quod
2961 5233 3144 5288 dicitur
3177 5235 3465 5308 plerumque
3500 5237 3550 5291 in
3588 5254 3689 5302 qua

2130 5323 2249 5376 dam
2289 5324 2538 5393 particula
2584 5326 2768 5393 noctis,
2806 5326 2859 5380 in
2898 5326 3019 5381 locis
3046 5329 3100 5382 in
3136 5329 3316 5398 quibus
3353 5332 3562 5383 humata
3599 5345 3714 5383 cor-

2130 5433 2254 5487 pora
2279 5429 2415 5482 sunt,
2455 5427 2500 5471 et
2529 5419 2748 5473 maxime
2781 5421 2836 5473 in
2861 5419 3081 5476 basilicis
3106 5423 3220 5491 fieri
3247 5425 3488 5477 tumultus
3515 5432 3562 5477 et
3596 5439 3712 5476 ora-

2128 5511 2304 5565 tiones.
2348 5509 2468 5565 Non
2499 5512 2630 5566 enim
2661 5511 2723 5565 ab
2746 5529 2846 5566 uno
2871 5514 2965 5568 hoc
2993 5515 3192 5570 audisse
3222 5532 3300 5569 me
3326 5517 3560 5578 memini;
3589 5531 3709 5570 nam

2127 5605 2265 5659 testis
2293 5614 2361 5659 est
2385 5606 2587 5659 visionis
2608 5607 2750 5660 istius
2773 5607 2849 5661 vir
2866 5609 3072 5676 quidam
3094 5619 3298 5663 sanctus
3323 5611 3596 5680 presbyter,
3625 5610 3712 5681 qui

2125 5697 2495 5750 multitudinem
2521 5699 2697 5751 talium
2717 5700 2779 5752 de
2806 5700 3094 5770 baptisteria
3119 5705 3407 5757 exeuntium
3434 5719 3486 5756 tu
3511 5717 3702 5773 corpo-

2125 5788 2260 5844 ribus
2287 5789 2482 5857 lucidis,
2507 5799 2552 5843 et
2575 5799 2748 5861 postea
2773 5791 2822 5845 in
2844 5793 3005 5847 medio
3029 5793 3187 5866 ipsius
3207 5794 3428 5851 ecclesia:
3451 5795 3707 5854 orationes

2281 6009 2314 6031 Ι
