4112 6346
329 395 434 457 697

325 513 612 569 adverterit.
644 511 767 569 Htec
802 530 918 585 ergo
946 512 1115 568 omnia
1140 522 1228 568 aut
1259 513 1339 574 illi
1378 524 1560 569 nostra:
1596 514 1906 586 inquisitioni

327 609 533 678 favent,
573 613 661 658 aut
686 603 730 659 si
752 603 940 676 fabula:
963 613 1118 669 sunt,
1158 604 1338 658 mirum
1369 620 1388 659 :
1412 614 1578 669 tamen
1604 604 1780 659 vellem
1809 605 1906 660 ali-

321 696 444 767 quid
465 711 528 750 ex
553 695 646 749 hac
667 712 720 750 re
749 713 915 764 nosse,
937 696 1059 769 quia
1082 697 1308 764 veniunt,
1335 705 1384 752 et
1409 697 1631 764 visitant,
1661 707 1706 751 et
1731 697 1905 751 viden-

325 796 403 842 tur
424 789 644 856 exceptis
669 789 894 844 somniis.

390 880 442 935 9.
489 881 571 935 Ea:
602 881 778 954 quibus
803 882 907 936 alia
933 882 1156 937 nascitur
1181 883 1410 954 quaestio.
1445 881 1564 936 Non
1593 883 1725 937 enim
1753 882 1901 937 modo

318 973 639 1044 phantasiam
676 990 768 1046 ego
795 991 937 1038 curo,
965 991 1114 1046 quam
1140 975 1234 1029 sibi
1255 991 1342 1028 cor
1365 975 1671 1028 ineruditum
1709 975 1854 1046 ﬁngit
1883 989 1903 1029 :

315 1064 623 1119 visitationes
649 1065 846 1138 loquor.
884 1065 1146 1131 Quomodo
1171 1066 1409 1138 apparuit
1436 1065 1627 1136 Joseph
1656 1083 1746 1136 per
1765 1082 1901 1120 som-

315 1158 453 1211 nium
485 1157 696 1229 (Matth.
728 1175 766 1222 ι,
789 1158 900 1231 20),
925 1159 1172 1229 quomodo
1204 1157 1425 1229 plerique
1450 1158 1632 1212 visitati
1657 1167 1788 1212 sunt.
1811 1157 1900 1213 Sic

313 1266 431 1322 ergo
454 1260 500 1304 et
530 1251 686 1305 nostri
712 1268 835 1322 quos
867 1252 1200 1321 prtemisimus
1229 1251 1504 1323 aliquando
1549 1254 1777 1315 veniunt,
1801 1251 1900 1320 ipsi

311 1352 557 1414 apparent
602 1360 689 1413 per
725 1345 992 1410 somnium,
1025 1352 1072 1398 et
1100 1344 1390 1413 loquuntur.
1421 1341 1560 1396 Nam
1589 1343 1789 1397 memini
1818 1360 1900 1398 me

309 1451 399 1506 ego
423 1437 560 1507 ipse,
599 1446 649 1489 et
679 1435 1050 1506 Profuturum,
1080 1447 1127 1491 et
1157 1436 1449 1503 Privatum,
1500 1445 1546 1490 et
1590 1437 1890 1503 Servilium,

306 1544 430 1598 quos
459 1529 663 1582 memini
687 1540 886 1583 sanctos
927 1530 1057 1584 viros
1085 1528 1147 1582 de
1183 1529 1486 1583 monasterio
1513 1529 1824 1599 prwcessisse
1853 1529 1892 1594 ί,

307 1617 502 1674 locutos
549 1620 707 1684 mihi,
754 1631 801 1674 et
843 1622 913 1673 ita
953 1621 1145 1690 factum
1173 1620 1329 1692 fuisse
1357 1630 1410 1674 ut
1440 1620 1695 1674 dixerunt.
1725 1620 1824 1674 Aut
1851 1620 1896 1674 si

303 1710 486 1781 aliquis
514 1713 721 1779 spiritus
752 1713 928 1766 melior
966 1721 1066 1778 est,
1091 1713 1177 1782 qui
1205 1730 1377 1766 eorum
1403 1715 1621 1784 figuram
1647 1715 1890 1781 assumit,

301 1811 349 1854 et
376 1811 588 1856 mentem
613 1804 776 1857 visita!
800 1846 814 1870 ,
843 1804 1020 1857 viderit
1050 1802 1137 1858 ille
1166 1804 1249 1857 cui
1277 1805 1445 1858 omnia
1473 1805 1609 1858 nuda
1637 1822 1666 1858 a
1693 1823 1892 1859 summa

301 1893 491 1948 cervice
516 1903 647 1947 sunt.
675 1894 735 1949 Si
765 1895 886 1966 quid
915 1912 1032 1966 ergo
1060 1895 1122 1949 de
1142 1896 1218 1950 his
1246 1895 1473 1950 omnibus
1503 1907 1600 1950 tua:
1622 1896 1892 1952 Sanctitati

302 1983 551 2038 Dominus
581 2003 669 2056 per
694 1988 936 2040 rationem
967 1987 1106 2056 loqui
1149 1987 1458 2058 dignabitur,
1491 2006 1611 2060 rogo
1640 2001 1693 2042 ut
1724 1995 1891 2060 facere

298 2093 378 2130 me
418 2077 638 2148 digneris
682 2079 976 2150 participem
1018 2079 1169 2149 hujus
1201 2080 1440 2133 scientiae.
1492 2080 1759 2135 Prwterire
1795 2099 1890 2135 au-

299 2178 395 2222 tem
426 2179 470 2221 et
500 2168 593 2221 hoc
623 2169 795 2234 nolui;
828 2173 958 2242 forte
1000 2171 1130 2223 enim
1169 2171 1379 2241 pertinet
1413 2172 1480 2224 ad
1518 2173 1888 2242 inquisitionem

297 2275 459 2313 nteant
465 2299 479 2312 .

366 2351 454 2406 10.
499 2350 638 2406 Puer
673 2353 782 2424 ipse
819 2354 880 2408 de
915 2370 1015 2424 quo
1050 2355 1236 2427 aqitur,
1286 2365 1506 2426 tempore
1532 2373 1630 2427 quo
1658 2358 1886 2412 solveba-

295 2452 396 2510 tur,
434 2445 683 2500 exhibitus
727 2447 1098 2518 quodammodo
1147 2449 1327 2520 pergit.
1375 2447 1522 2502 Nam
1559 2451 1754 2504 videtur
1797 2468 1887 2522 per

293 2536 541 2590 somnium
564 2537 938 2610 condiscipulus
959 2548 1006 2594 et
1031 2540 1282 2593 coniector
1302 2540 1481 2609 ipsius,
1506 2559 1617 2594 cum
1642 2559 1738 2612 quo
1762 2543 1886 2596 mihi

294 2629 593 2699 excipiebat,
613 2631 697 2701 qui
715 2632 828 2702 jam
856 2643 972 2685 ante
1001 2642 1111 2686 octo
1140 2650 1330 2688 menses
1360 2651 1568 2705 corpore
1593 2645 1698 2688 erat
1719 2652 1885 2688 exem-

295 2731 411 2790 ptus
430 2765 446 2790 ,
475 2724 681 2777 venisse.
731 2723 856 2779 Cum
894 2725 1285 2796 interrogaretur
1325 2726 1386 2779 ab
1430 2743 1486 2780 eo
1516 2729 1601 2796 qui
1625 2745 1736 2780 eum
1768 2739 1894 2781 tunc

293 2813 559 2881 cernebat,
597 2832 686 2869 cur
717 2816 1032 2882 advenisset;
1062 2818 1134 2870 ait
1171 2817 1290 2883 ille,
1339 2818 1418 2870 Ad
1461 2821 1676 2871 amicum
1720 2836 1883 2872 meum

292 2905 427 2960 hunc
453 2907 735 2961 ducendmn
762 2909 872 2962 veni
896 2926 913 2962 :
934 2919 979 2963 et
1008 2911 1077 2962 ita
1103 2913 1293 2981 factum
1318 2921 1405 2964 est.
1432 2910 1568 2963 Nam
1595 2921 1639 2964 et
1661 2912 1710 2964 in
1733 2912 1884 2965 domo

291 2997 402 3067 ipsa
431 2998 540 3051 seni
561 2994 763 3052 cuidam
787 3017 912 3071 pene
947 3001 1202 3071 vigilanti,
1239 3001 1476 3071 apparuit
1502 3002 1650 3055 homo
1682 3001 1882 3056 laurum

291 3101 498 3160 portans
526 3093 577 3146 in
598 3110 770 3159 manu,
801 3094 1062 3164 scriptum.
1094 3093 1156 3146 At
1187 3093 1269 3146 ubi
1291 3094 1378 3148 ille
1408 3095 1540 3148 visus
1569 3105 1661 3159 est,
1688 3097 1876 3167 adjun-

287 3185 425 3254 gitur
448 3185 616 3239 adhuc
636 3187 770 3257 quod
800 3196 910 3256 post
940 3188 1127 3240 exitum
1180 3187 1356 3257 pueri,
1387 3197 1529 3256 pater
1568 3189 1727 3257 ipsius
1763 3206 1877 3259 pre-

287 3276 459 3347 sbyter
494 3294 614 3331 cum
651 3294 767 3331 sene
789 3276 1003 3331 Theasio
1045 3279 1098 3332 in
1142 3280 1443 3332 monasterio
1487 3296 1592 3333 esse
1629 3290 1883 3348 coeperant

286 3369 587 3423 consolandi
628 3384 682 3422 se
707 3369 901 3438 gratia,
934 3368 1022 3422 sed
1049 3378 1160 3440 post
1191 3370 1390 3422 tertium
1434 3371 1566 3424 diem
1609 3373 1751 3439 pueri
1795 3373 1880 3426 de-

286 3462 454 3532 functi
474 3500 487 3523 ,
520 3459 717 3513 videtur
740 3461 874 3515 idem
897 3478 1020 3532 puer
1043 3463 1112 3515 ad
1135 3463 1492 3516 monasterium
1520 3465 1802 3534 ingressus,
1833 3475 1879 3520 et

283 3569 317 3605 α
353 3551 579 3618 quodam
620 3555 778 3620 fratre
821 3569 909 3622 per
949 3553 1205 3623 quoddam
1246 3555 1496 3609 somnium
1540 3557 1882 3628 interrogatur

285 3655 457 3698 utrum
486 3643 635 3698 sciret
667 3661 721 3698 se
751 3645 910 3716 fuisse
950 3648 1240 3701 mortuum?
1268 3647 1411 3702 Dixit
1433 3666 1485 3702 se
1514 3650 1660 3705 scire.
1696 3649 1879 3706 Utrum

286 3738 461 3807 fuisset
485 3753 516 3789 a
547 3735 654 3790 Deo
681 3740 943 3809 receptus?
966 3735 1154 3794 Et'hoc
1175 3756 1343 3795 secum
1370 3759 1554 3814 magna
1573 3745 1740 3798 retulit
1761 3744 1880 3816 gra-

286 3831 546 3883 tulatione.
571 3828 794 3900 Cumque
819 3848 971 3885 causa
997 3843 1301 3902 quaereretur
1332 3851 1423 3887 cur
1462 3835 1774 3902 advenisset,
1806 3839 1877 3892 ait

285 3924 404 3974 tunc
425 3921 549 3976 ille:
578 3922 764 3978 Missus
787 3940 898 3976 sum
923 3932 978 3976 ut
1003 3923 1262 3977 exhibeam
1299 3935 1490 3994 patrem
1522 3943 1706 3981 meum.
1748 3928 1876 3983 Evi-

284 4011 409 4081 gilat
430 4013 511 4064 cui
540 4012 646 4067 hcec
671 4013 1075 4080 ostendebantur,
1094 4025 1142 4068 et
1171 4025 1365 4080 narrat.
1383 4016 1616 4073 Pervenit
1637 4037 1790 4089 usque
1808 4022 1877 4075 ad

283 4120 456 4158 aurem
481 4105 701 4178 episcopi
728 4105 946 4161 Theasii.
984 4106 1083 4172 Qui
1110 4120 1364 4179 permotus
1390 4110 1673 4182 objurgavit
1698 4113 1873 4168 dicen-

284 4205 403 4260 tem,
431 4213 493 4251 ne
523 4197 672 4268 facile
696 4199 970 4269 perveniret
994 4199 1062 4252 ad
1086 4217 1257 4253 aurem
1283 4201 1581 4276 presbyteri,
1601 4213 1647 4256 et
1672 4214 1874 4274 pertur-

281 4287 484 4343 baretur
513 4291 602 4344 tali
642 4292 834 4346 nuntio.
873 4291 1007 4358 Quid
1041 4291 1168 4346 diu?
1201 4291 1328 4346 Post
1367 4293 1470 4347 dies
1502 4298 1632 4365 forte
1659 4307 1875 4366 quatuor

281 4382 581 4438 uisitationis
615 4401 727 4438 cum
769 4383 1009 4456 loquitur,
1043 4403 1160 4440 nam
1191 4387 1439 4441 modicam
1469 4399 1689 4443 senserat
1715 4391 1872 4460 febri-

279 4477 479 4546 culam,
509 4478 785 4548 periculum
809 4479 1004 4533 nullum
1025 4489 1166 4543 erat,
1193 4480 1414 4534 medicus
1439 4482 1610 4536 aberat
1630 4525 1642 4542 .
1672 4484 1758 4553 qui
1787 4501 1875 4554 pe-

279 4569 415 4623 nitus
440 4567 1046 4624 sollicitudinemnullam
1072 4588 1178 4626 esse
1202 4577 1504 4628 testaretur:
1529 4583 1582 4627 at
1611 4573 1697 4628 ubi
1730 4592 1782 4629 se
1819 4576 1872 4630 in

280 4659 461 4722 lectum
486 4661 774 4726 inclinavit,
803 4662 998 4717 solutus
1021 4671 1090 4717 est
1111 4662 1246 4716 idem
1270 4665 1542 4743 presbyter.
1571 4663 1681 4720 Nec
1710 4675 1868 4734 taceo,

277 4761 322 4804 et
348 4752 401 4805 in
441 4751 536 4805 hoc
561 4752 670 4824 ipso
711 4752 793 4806 die
829 4769 925 4823 quo
961 4770 1085 4824 puer.
1105 4753 1408 4820 solvebatur,
1435 4755 1553 4825 petit
1579 4766 1775 4827 patrem
1803 4757 1872 4810 ad

279 4861 482 4914 pacem,
513 4853 558 4898 et
584 4845 706 4914 petit
737 4846 908 4911 tertio,
935 4855 980 4899 et
1010 4846 1060 4899 in
1090 4847 1301 4917 singulis
1328 4848 1511 4901 osculis
1547 4847 1738 4902 dicebat
1774 4866 1870 4920 pa-

277 4937 374 5001 tri,
408 4934 587 5003 Pater,
623 4936 850 4991 dicamus
885 4935 993 4990 Deo
1023 4939 1245 5009 gratias;
1273 4948 1318 4992 et
1357 4949 1552 5008 patrem
1583 4941 1786 5011 cogebat
1817 4950 1872 4995 ut

277 5028 464 5096 pariter
501 5044 664 5082 secum
695 5027 930 5094 dixisset,
970 5028 1114 5099 quasi
1153 5045 1464 5083 communem
1508 5033 1777 5086 exhortans
1803 5032 1871 5086 ad

275 5120 598 5191 migrandum
625 5139 686 5177 ex
710 5122 804 5175 hac
825 5123 944 5175 vita.
971 5121 1109 5175 Nam
1131 5124 1260 5176 inter
1280 5131 1518 5194 utrosque
1542 5134 1731 5195 septem
1763 5126 1870 5180 dies

275 5213 426 5266 medii
451 5224 795 5268 numerantur.
827 5213 962 5280 Quid
1011 5215 1094 5280 fiet
1136 5215 1198 5269 de
1246 5216 1398 5268 tantis
1428 5215 1608 5271 rebus?
1632 5217 1755 5283 Quis
1779 5218 1885 5272 erit

276 5305 590 5359 occultarum
636 5307 849 5361 istarum
893 5323 1161 5361 causarum
1203 5308 1529 5377 fidelissimus
1579 5312 1871 5382 magister?

277 5395 461 5454 .Estus
484 5401 649 5454 cordis
676 5401 772 5454 mei
796 5400 1018 5469 refundit
1045 5417 1096 5455 se
1119 5399 1208 5454 tibi
1246 5400 1298 5453 in
1338 5410 1558 5472 tempore
1599 5405 1865 5474 augustite.

277 5489 599 5564 Dispensatio
623 5493 783 5548 exitus
811 5495 984 5565 pueri,
1017 5495 1221 5565 ejusque
1249 5496 1408 5566 patris
1446 5506 1518 5550 est
1556 5499 1829 5569 manifesta
1849 5540 1864 5566 ,

279 5585 395 5654 quia
421 5585 522 5640 duo
554 5603 777 5655 passeres
803 5603 903 5640 non
929 5586 1109 5642 cadent
1134 5588 1202 5642 ad
1231 5598 1414 5643 terram
1459 5590 1568 5643 sine
1614 5589 1870 5645 voluntate

279 5674 451 5732 Patris
477 5675 684 5749 (Matth.
718 5695 772 5745 ι,
800 5679 917 5749 ‘29).

352 5771 436 5826 ll.
479 5771 714 5825 Animam
746 5788 864 5842 ergo
905 5775 1040 5828 omni
1066 5791 1275 5848 corpore
1316 5792 1486 5830 carere
1529 5775 1735 5848 penitus
1768 5792 1868 5832 non

349 5883 371 5918 ⁸
395 5883 542 5936 Vatic.
565 5889 671 5950 κε..
694 5882 996 5940 vrocessisse.
1190 5919 1234 5974 λ

1502 395 1980 457 EPISTOLARUM
2017 399 2287 458 CLASSIS
2322 399 2412 458 Ill.

2014 533 2183 586 posse,
2211 517 2302 572 illa
2325 534 2423 584 res,
2456 525 2511 571 ut
2537 526 2676 589 puto,
2707 519 2954 589 ostendit,
2979 519 3100 592 quia
3125 520 3263 577 Deus
3284 522 3424 579 solus
3449 525 3589 587 omni

2010 624 2218 678 corpore
2261 625 2453 680 semper
2485 619 2640 664 caret.
2674 609 2801 666 Post
2824 612 3089 668 transitum
3125 621 3292 668 autem
3329 614 3553 668 animam
3570 653 3590 680 ,

2010 716 2160 770 quam
2185 701 2345 771 magis
2369 700 2733 771 vigilantiorem
2763 703 2872 774 fore
2895 703 3129 771 arbitror,
3161 705 3407 774 expositio
3435 712 3590 760 tanta

2009 791 2156 845 molis
2180 807 2435 863 corporea:
2459 792 2706 858 ostendit;
2726 803 2845 847 tunc
2869 795 3001 849 enim
3028 794 3082 848 in
3105 795 3300 849 actione
3334 805 3380 850 et
3412 795 3590 867 cogni-

2008 885 2141 939 tione
2167 885 2398 956 expedita
2427 895 2564 940 tanto
2591 887 2810 954 vinculo,
2840 897 2898 942 ut
2935 897 3078 960 puto,
3099 895 3310 960 apparet
3346 896 3592 960 praedan-

2007 977 2122 1041 tior,
2153 988 2197 1031 et
2226 977 2387 1032 omnis
2413 977 2506 1032 illa
2538 979 2678 1049 quies
2723 979 3000 1048 spiritualis
3019 1021 3035 1044 ,
3065 979 3293 1034 omnibus
3321 979 3591 1050 perturba-

2007 1067 2222 1122 tionibus
2246 1078 2291 1122 et
2318 1069 2566 1123 erroribus
2587 1069 2793 1124 liberam
2814 1070 3140 1136 demonstrat,
3161 1085 3263 1124 non
3287 1070 3583 1136 marcidam,

1985 1170 2052 1213 .et
2090 1163 2232 1231 quasi
2275 1179 2508 1232 segnem,
2551 1170 2597 1216 et
2646 1163 2931 1232 torpidam,
2979 1173 3026 1216 et
3063 1163 3374 1232 implicatam
3421 1163 3585 1233 facit:

2004 1254 2188 1323 quippe
2229 1254 2310 1307 cui
2356 1255 2533 1324 sufﬁcit
2575 1254 2768 1325 perfrui
2809 1257 2958 1309 etiam
3001 1256 3114 1327 ipsa
3163 1255 3389 1310 libertate
3437 1271 3587 1325 quam

2004 1345 2186 1416 adepta
2211 1355 2282 1399 est
2302 1387 2315 1409 ,
2349 1362 2460 1399 cum
2500 1347 2690 1400 mundo
2721 1355 2765 1399 et
2790 1363 2999 1419 corpore
3027 1356 3202 1412 caret;
3229 1363 3348 1400 nam
3387 1345 3585 1400 intelle-

2002 1443 2132 1488 ctum
2158 1452 2217 1489 ea
2247 1437 2413 1507 pasci,
2445 1448 2490 1490 et
2516 1453 2699 1508 ponere
2740 1455 2794 1492 os
2834 1439 3097 1508 spirituale
3138 1438 3205 1492 ad
3246 1443 3431 1510 fontem
3472 1439 3588 1494 vita

2003 1527 2272 1594 prudenter
2297 1527 2488 1592 dixisti,
2516 1527 2601 1581 ubi
2624 1538 2694 1582 est
2715 1527 2838 1597 felix
2857 1537 2901 1581 et
2919 1528 3060 1582 beata
3085 1529 3387 1600 proprietate
3410 1530 3589 1584 mentis

2000 1632 2123 1670 sum.
2153 1615 2291 1670 Nam
2317 1617 2589 1688 aliquando
2637 1635 2726 1688 ego
2772 1618 3042 1673 Servilium
3081 1618 3289 1688 fratrem
3331 1628 3442 1689 post
3479 1621 3589 1691 ejus

1999 1709 2186 1761 exitum
2225 1726 2314 1780 per
2337 1710 2587 1763 somnium
2626 1710 2728 1764 vidi
2764 1710 2932 1764 adhuc
2972 1709 3164 1780 positus
3186 1711 3238 1763 in
3264 1712 3585 1776 monasterio,

1997 1793 2084 1869 qui
2109 1801 2237 1855 dixit
2260 1803 2393 1872 quod
2420 1819 2510 1856 nos
2541 1819 2628 1872 per
2669 1803 2914 1856 rationem
2960 1801 3240 1855 laboremus
3278 1801 3480 1856 tendere
3519 1802 3586 1854 ad

1996 1892 2318 1960 intellectum,
2341 1912 2392 1948 se
2418 1904 2583 1949 autem
2611 1907 2655 1949 et
2684 1895 2807 1949 tales
2833 1895 2885 1948 in
2911 1895 3022 1965 ipsa
3041 1893 3472 1964 contemplationis
3497 1895 3588 1948 tle-

1997 1985 2261 2041 lectatione
2291 2005 2514 2042 manere.

2069 2077 2154 2132 12.
2202 2078 2330 2133 Peto
2380 2097 2574 2151 quoque
2618 2091 2672 2134 ut
2716 2091 2833 2152 quot
2875 2081 3038 2136 modis
3077 2082 3324 2153 sapientia
3367 2082 3582 2148 dicatur,

1995 2171 2227 2226 ostendas
2253 2173 2413 2237 mihi;
2448 2181 2502 2226 ut
2541 2174 2788 2243 sapientia
2827 2171 2967 2227 Deus
2987 2216 3001 2240 ,
3030 2181 3084 2226 ut
3111 2174 3358 2244 sapientia
3386 2173 3586 2226 animus

1993 2263 2192 2333 sapiens
2211 2305 2225 2328 ,
2257 2264 2505 2333 quomodo
2532 2265 2717 2318 dicitur
2745 2274 2797 2318 ut
2825 2264 2946 2328 lux,
2989 2273 3043 2318 ut
3080 2264 3329 2334 sapientia
3361 2262 3586 2318 Beseleel

1992 2353 2078 2421 qui
2103 2353 2375 2425 fabricatus
2401 2365 2472 2408 est
2505 2353 2905 2408 Tabernaculum
2923 2396 2939 2422 ,
2969 2354 3049 2408 vel
3070 2355 3488 2426 unguentariam,
3522 2361 3580 2406 ut

1991 2445 2238 2512 sapientia
2266 2445 2575 2509 Salomonis,
2608 2446 2684 2500 vel
2705 2447 2751 2500 si
2779 2462 2876 2516 qua
2901 2456 2972 2500 est
2992 2444 3114 2511 alia,
3145 2454 3192 2499 et
3219 2443 3342 2515 quid
3370 2445 3581 2498 invicem

1993 2538 2214 2591 distent:
2239 2547 2284 2590 et
2325 2548 2492 2591 utrum
2519 2555 2620 2592 una
2656 2538 2749 2592 illa
2787 2538 3035 2608 sapientia
3060 2547 3248 2592 aeterna
3278 2554 3392 2590 cum
3430 2536 3584 2590 Patre

1990 2629 2042 2682 in
2066 2629 2142 2681 his
2162 2629 2400 2700 gradibus
2423 2630 2749 2701 intelligenda
2769 2631 2864 2698 sit,
2887 2634 3137 2701 quomodo
3158 2631 3354 2684 diversa
3375 2645 3583 2683 munera
3611 2638 3620 2646 '

1991 2721 2227 2774 dicuntur
2265 2722 2488 2792 Spiritus
2530 2723 2692 2776 sancti
2727 2723 2814 2792 qui
2858 2723 3036 2777 dividit
3073 2723 3340 2789 unicuique
3378 2722 3585 2792 propria

1992 2823 2137 2882 prout
2164 2815 2284 2866 vult.
2306 2814 2385 2868 An
2411 2825 2617 2886 excepta
2647 2815 2737 2869 illa
2765 2815 2876 2870 sola
2903 2817 3150 2887 sapientia
3177 2831 3288 2886 quae
3313 2821 3450 2887 facta
3479 2832 3581 2869 non

1990 2915 2090 2971 est,
2119 2906 2231 2958 ista:
2255 2906 2404 2975 facta:
2433 2917 2549 2960 sunt
2571 2949 2583 2967 ,
2616 2916 2662 2960 et
2697 2908 2956 2978 propriam
2998 2908 3182 2962 habent
3219 2907 3585 2962 substantiam?

1990 3015 2055 3050 an
2085 2997 2260 3063 effecta
2284 3008 2398 3052 sunt
2424 3007 2468 3052 et
2491 3015 2554 3054 ex
2573 2999 2864 3069 deﬁnitione
2880 3000 3045 3070 operis
3064 3000 3400 3070 acceperunt?
3417 2998 3584 3052 Multa

1989 3090 2220 3158 requiro;
2251 3089 2331 3142 det
2363 3089 2449 3142 tibi
2477 3089 2725 3144 Dominus
2755 3101 2802 3144 et
2825 3093 3041 3162 gratiam
3079 3091 3395 3156 inveniendi,
3419 3100 3464 3144 et
3494 3107 3580 3144 sa-

1990 3184 2226 3253 pientiam
2255 3184 2500 3251 dictandi,
2528 3193 2574 3237 et
2598 3183 2662 3236 ad
2683 3200 2773 3238 nos
2799 3182 3024 3239 celeriter
3041 3183 3308 3239 scribendi.
3337 3182 3578 3254 Imperite

1988 3284 2034 3328 et
2059 3276 2244 3328 rustice
2262 3275 2440 3346 scripsi
2463 3291 2481 3328 :
2506 3276 2593 3329 sed
2612 3275 2729 3346 quia
2759 3275 2986 3346 dignaris
3015 3291 3160 3330 nosse
3181 3275 3302 3344 quid
3327 3289 3574 3345 queram,

1989 3383 2078 3436 per
2105 3365 2361 3419 Christum
2390 3365 2660 3420 Dominum
2681 3365 2882 3421 obsecro
2914 3375 2968 3420 ut
2997 3367 3050 3421 in
3092 3367 3171 3422 his
3213 3367 3436 3438 corrigas
3459 3381 3538 3420 me
3560 3405 3578 3434 ,

1987 3461 2032 3506 et
2061 3452 2241 3506 doceas
2266 3452 2401 3521 quod
2425 3453 2661 3524 intelligis
2687 3470 2766 3507 me
2791 3455 2919 3508 scire
2941 3470 3146 3524 cupere.

2413 3565 2744 3622 EPISTOLA
2786 3565 2944 3622 eux
2981 3571 3002 3584 ο
3029 3563 3130 3639 (α).

1985 3678 2298 3752 Augustinus
2327 3679 2546 3747 Evodio,
2574 3680 2880 3750 respondens
2909 3679 2974 3734 ad
2999 3682 3294 3752 quaestiones
3319 3680 3381 3734 de
3408 3680 3578 3735 anima

2235 3775 2399 3828 soluta
2426 3791 2668 3844 corpore,
2697 3783 2745 3828 et
2773 3775 2835 3829 de
2856 3775 2974 3829 visis
3004 3775 3327 3847 prodigiosis.

1985 3886 2211 3942 Domino
2231 3886 2559 3953 beatissimo,
2584 3896 2639 3942 et
2659 3886 2946 3942 venerabili
2977 3901 3040 3942 ac
3061 3885 3398 3941 desiderabili
3419 3885 3572 3941 fratri

2053 3992 2118 4032 ac
2152 3977 2517 4032 consacerdoti
2547 3992 2668 4032 meo
2697 3977 2932 4042 Evoolo,
2975 3985 3029 4030 et
3068 3985 3240 4031 tecum
3285 3975 3537 4031 fratribus
3557 4015 3572 4042 ,

2052 4069 2422 4134 Accusamus,
2467 4079 2522 4124 et
2565 4083 2776 4124 mecum
2819 4067 3049 4134 fratres,
3079 4067 3130 4122 in
3172 4067 3396 4122 Domino
3431 4067 3577 4122 salu-

2055 4170 2182 4216 tem.

2053 4274 2104 4328 l.
2147 4273 2335 4328 Frater
2379 4275 2478 4329 iste
2524 4273 2740 4329 nomine
2788 4273 3088 4342 Barbarus,
3130 4286 3318 4328 servus
3350 4272 3442 4347 Dei
3491 4279 3576 4328 est

1978 4363 2084 4433 jam
2116 4363 2209 4418 diu
2237 4365 2377 4436 apud
2410 4365 2704 4434 Hipponem
2731 4364 3070 4431 constitutus,
3099 4374 3154 4420 et
3178 4363 3324 4419 verbi
3346 4363 3438 4419 Dei
3469 4363 3575 4420 fer-

1979 4456 2132 4510 vidus
2155 4473 2218 4512 ac
2244 4458 2515 4512 studiosus
2544 4457 2774 4513 auditor.
2809 4457 3141 4513 Desideravit
3166 4457 3233 4512 ad
3261 4465 3405 4512 tuam
3430 4456 3570 4513 San-

1979 4549 2214 4604 ctitatem
2233 4551 2435 4606 litteras
2457 4559 2699 4617 nostras;
2725 4551 2775 4604 in
2797 4550 2988 4620 quibus
3007 4549 3102 4604 tibi
3127 4565 3248 4604 eum
3271 4549 3324 4604 in
3346 4549 3573 4606 Domino

1979 4641 2416 4697 commendamus
2436 4685 2449 4707 ,
2479 4642 2677 4712 tibique
2707 4657 2802 4712 per
2828 4657 2950 4696 eum
2976 4640 3200 4697 salutem
3227 4641 3458 4697 debitam
3487 4642 3572 4697 di-

1978 4735 2170 4789 cimus.
2201 4733 2414 4789 Litteris
2440 4743 2615 4788 autcm
2645 4732 2949 4788 Sanctitatis
2972 4740 3097 4800 tuae,
3120 4733 3312 4804 quibus
3333 4733 3574 4803 ingentes

1978 4827 2192 4882 texuisti
2224 4827 2581 4896 quaestiones,
2613 4825 2939 4896 respondere
2977 4826 3410 4896 Operosissimum
3447 4835 3530 4879 est
3551 4863 3568 4892 ,

1977 4923 2134 4977 etiam
2164 4921 2369 4987 otiosis,
2395 4930 2447 4975 et
2475 4920 2642 4975 multo
2671 4920 2870 4991 majore
2890 4935 3049 4990 quam
3078 4934 3177 4974 nos
3203 4934 3407 4982 sumus,
3431 4932 3573 4986 proe-

1977 5013 2102 5068 ditis
2147 5013 2396 5067 facultate
2444 5012 2741 5067 disserendi
2786 5022 2839 5068 et
2886 5012 3174 5068 acrimonia
3220 5010 3567 5080 intelligendi.

1978 5103 2211 5160 Duarum
2240 5121 2367 5160 sane
2396 5104 2735 5175 epistolarum
2776 5114 3018 5170 tuarum,
3066 5104 3257 5175 quibus
3302 5104 3467 5158 multa
3514 5112 3568 5158 et

1978 5216 2163 5269 magna
2192 5198 2461 5269 conquiris
2481 5239 2495 5265 ,
2532 5214 2634 5252 una
2664 5199 2845 5254 nescio
2887 5197 3155 5269 quomodo
3190 5197 3486 5263 aberravit,
3515 5205 3572 5254 et

1977 5291 2068 5347 diu
2093 5291 2313 5362 quassita
2347 5306 2451 5345 non
2484 5291 2650 5361 potuit
2680 5291 2903 5363 reperiri
2929 5308 2941 5344 :
2966 5291 3129 5344 altera
3161 5305 3306 5354 vero,
3337 5303 3455 5360 qua:
3482 5288 3570 5343 iu-

1977 5393 2133 5438 venta
2152 5393 2252 5444 cst,
2273 5382 2431 5438 habet
2446 5384 2960 5439 commendationem
2997 5381 3364 5437 suavissimam
3427 5379 3569 5436 servi

1977 5477 2072 5532 Dei
2104 5477 2226 5532 boni
2266 5486 2320 5532 et
2357 5478 2487 5532 casti
2514 5476 2896 5541 adolescentis,
2931 5473 3203 5553 quomodo
3225 5489 3290 5528 ex
3320 5471 3419 5528 hac
3461 5473 3570 5530 vita
3625 5527 3632 5533 ,

1976 5571 2303 5642 migraverit,
2319 5578 2375 5626 et
2389 5570 2578 5640 quibus
2605 5569 2865 5623 visionum
2888 5565 3240 5623 fraternarum
3271 5567 3568 5622 attestatio-

2039 5685 2059 5703 ‘
2094 5686 2344 5734 necensita
2369 5685 2428 5734 ad
2451 5685 2519 5734 bl.
2552 5698 2622 5734 cc.
2647 5683 2726 5733 cb.
2766 5683 2815 5732 tl‘.
2849 5695 2934 5746 gg.
2972 5694 3014 5731 r.
3043 5680 3119 5730 sb.
3144 5693 3221 5731 vc.
3245 5680 3366 5730 duos
3401 5684 3439 5729 ι.
3466 5686 3572 5732 tres

1977 5760 2023 5796 ν.
2051 5753 2102 5796 et
2125 5747 2182 5795 ad
2204 5758 2302 5794 am.
2330 5747 2439 5795 Bad.
2461 5755 2534 5795 Er.
2555 5753 2666 5796 Lov.

2039 5828 2269 5902 (t1)AliaS.
2306 5830 2395 5879 100
2419 5843 2431 5878 :
2456 5842 2567 5894 quae
2609 5833 2773 5878 autem
2819 5826 2912 5878 159
2955 5833 3080 5888 erat,
3104 5837 3235 5882 nunc
3256 5824 3571 5890 153.36!th

1976 5899 2084 5957 post
2105 5899 2430 5956 superiorem.

2102 5985 2136 5996 η

3583 5949 3606 5983 5
