4154 6354
520 502 680 557 nit-es
701 497 947 556 peritu
971 493 1092 564 eius
1120 490 1273 550 vobis
1299 487 1553 546 insinuari
1594 481 1845 555 potuerit.
1891 477 2095 537 Deinde

520 609 588 650 es
616 592 721 648 ho
738 589 1017 646 occasione
1052 584 1305 657 proponis
1326 590 1385 638 et
1405 593 1589 636 versas
1608 576 1679 633 de
1700 575 1874 631 anima
1908 572 2102 628 obscu-

521 683 786 739 rissimam
829 677 1216 750 quatiendis,
1268 683 1455 729 utrum.
1484 684 1609 725 cum
1652 667 1830 737 aliquo
1873 677 2100 733 corpore

522 774 823 845 egrediatur
853 787 887 829 ο
924 784 1185 840 ευριπ-ο,
1206 783 1317 838 quo
1343 765 1511 836 possit
1544 762 1613 818 ad
1649 757 1944 830 corporalia
1986 756 2102 810 loca

525 867 675 933 ferri,
698 865 779 922 vel
807 864 943 919 iocis
966 859 1328 932 corporalibus
1351 854 1633 913 contineri.
1656 852 1822 923 Hujus
1846 849 2001 920 igitur
2024 851 2107 905 rei

527 964 814 1020 tractatus,
850 955 899 1011 si
936 963 1109 1009 tamen
1136 951 1205 1006 ad
1230 948 1485 1020 liquidum
1509 962 1543 1001 a
1570 945 1759 1001 talibus
1786 942 1971 1013 quales
1998 954 2105 995 nos

527 1063 731 1114 sumus,
759 1046 1049 1103 examinari
1077 1052 1278 1114 potest,
1300 1056 1488 1097 curam
1511 1048 1673 1108 atque
1696 1051 1913 1106 operam
1937 1049 2101 1104 nego-

528 1139 868 1194 tiosissimam
910 1135 1174 1205 postulat,
1206 1149 1268 1187 ac
1294 1147 1387 1201 per
1413 1132 1514 1185 hoc
1550 1137 1783 1184 mentem
1814 1127 1880 1180 ab
1908 1125 1992 1180 his
2016 1139 2107 1178 oc-
2139 1138 2143 1142 ’

524 1230 895 1302 captionibus
905 1228 1301 1284 otiosissimam.
1318 1225 1372 1279 Si
1388 1233 1566 1279 autem
1584 1221 1815 1276 breviter
1832 1219 1909 1272 vis
1923 1215 2106 1272 audire

526 1322 653 1393 quid
697 1322 825 1378 mihi
866 1322 1126 1385 videatur,
1166 1318 1310 1373 ntdlo
1346 1315 1507 1371 modo
1542 1314 1769 1368 arbitror
1806 1310 2038 1365 animum
2070 1321 2102 1363 e

526 1426 751 1485 corpore
774 1415 925 1470 exire
950 1428 1072 1468 eum
1098 1426 1345 1480 corpore.

476 1550 481 1571 _.
596 1504 653 1560 9.
696 1504 938 1561 Visiones
962 1511 1140 1558 autem
1164 1502 1289 1567 illae,
1312 1500 1716 1567 futuramque
1736 1490 2110 1566 praedictiones

476 1581 481 1586 ’
525 1597 791 1668 quamde
832 1577 990 1662 ﬁant,
1020 1596 1107 1651 ille
1138 1594 1249 1664 jam
1288 1592 1555 1662 explicare
1583 1597 1821 1652 conetur,
1851 1586 1941 1658 qui
1966 1585 2112 1641 novit

528 1707 630 1761 (pia
658 1690 708 1744 vi
729 1688 1027 1745 efﬁciantur
1046 1688 1101 1743 in
1121 1699 1437 1756 utinquoque
1469 1685 1649 1739 animo
1676 1690 1842 1749 tanta,
1871 1696 1991 1736 cum
2016 1694 2109 1733 co-

526 1783 674 1852 gitat.
710 1780 957 1837 Videmus
981 1781 1154 1845 enim,
1181 1779 1444 1848 planeque
1469 1775 1742 1831 cernimus
1794 1774 1851 1829 in
1892 1787 1961 1827 eo
1996 1770 2111 1826 fieri

525 1890 705 1930 rerum
734 1873 1020 1929 multarum
1050 1871 1365 1933 visibilium,
1398 1878 1452 1922 et
1494 1867 1560 1921 ad
1608 1875 1833 1920 caeteros
1869 1862 2113 1933 corporis

524 1981 713 2022 sensus
758 1964 1170 2034 pertinentium,
1217 1958 1633 2014 innumerabiles
1675 1954 2112 2039 imagineszqum

523 2072 631 2111 non
654 2056 876 2111 interest
896 2070 1053 2125 quam
1083 2052 1326 2110 ordinate
1353 2050 1433 2103 vel
1468 2047 1672 2103 turbide
1700 2046 1854 2111 (iant;
1876 2043 1974 2100 sed
1997 2053 2112 2097 tan-

524 2155 636 2202 tum
663 2146 784 2216 quia
813 2144 944 2199 fiunt
963 2184 978 2208 ,
1005 2143 1147 2214 quod
1182 2141 1518 2197 manifestum
1545 2147 1661 2203 est,
1694 2152 1797 2208 qua
1824 2138 1873 2190 vi
1902 2144 1957 2191 et
1982 2152 2111 2203 quo-

524 2238 685 2293 modo
719 2236 851 2290 ﬁant
891 2235 1131 2305 quisquis
1173 2232 1405 2303 potuerit
1438 2231 1704 2302 explicare
1738 2228 1893 2301 (quae
1933 2228 2113 2283 omnia

531 2335 681 2382 certe
697 2325 1004 2396 quotidiana
1030 2334 1153 2379 sunt
1182 2334 1341 2393 atque
1358 2321 1656 2390 continua),
1679 2320 1872 2375 audeat
1911 2335 2112 2390 praesu-

525 2432 674 2475 mere
692 2416 892 2487 aliquid
914 2432 975 2472 ac
998 2415 1221 2472 delinire
1240 2415 1401 2470 etiam
1429 2414 1499 2470 de
1522 2414 1627 2468 illis
1655 2413 1940 2469 rarissimis
1964 2414 2115 2473 visis.

527 2507 651 2578 Ego
675 2517 851 2563 autem
895 2516 1044 2562 tanto
1081 2506 1257 2562 minus
1284 2504 1388 2561 hoc
1412 2504 1601 2572 audeo,
1630 2513 1832 2575 quanto
1860 2504 2035 2558 minus
2064 2503 2117 2560 id

536 2599 1003 2670 qneqmiunobis
1046 2599 1188 2669 quod
1231 2599 1336 2653 vita
1382 2597 1628 2652 continua
1678 2597 1954 2666 vigilantes
1995 2597 2119 2652 dor-

508 2692 869 2763 ‘nnientesque
895 2693 1223 2763 experimur,
1244 2708 1352 2761 quo
1377 2699 1533 2761 pacto
1558 2691 1649 2744 fiat
1674 2691 1942 2759 explicare
1965 2691 2114 2746 sufti-

528 2784 632 2840 cio.
655 2783 913 2845 Noncum
932 2783 1003 2838 ad
1020 2791 1073 2838 te
1097 2783 1352 2837 dictarem
1377 2782 1515 2836 hanc
1532 2782 1810 2852 epistolam
1829 2822 1843 2846 ,
1891 2782 2116 2851 teipsum

526 2877 705 2930 animo
728 2875 1040 2941 contuebar,
1078 2883 1130 2930 te
1156 2874 1339 2943 utique
1372 2873 1593 2929 absente
1620 2882 1780 2943 atque
1822 2873 2113 2937 nesciente,

527 2977 581 3025 et
614 2968 884 3038 quam
910 2967 1085 3039 possis
1112 2965 1199 3023 his
1222 2967 1400 3022 verbis
1429 2966 1665 3032 moveri,
1692 2964 1983 3019 secundum
2015 2981 2116 3018 no-

528 3059 697 3115 titiam
736 3074 857 3129 quze
882 3057 1017 3113 mihi
1060 3058 1129 3113 de
1168 3065 1220 3112 te
1263 3057 1439 3123 inest,
1482 3054 1843 3125 imaginabar;
1867 3063 2024 3123 atque
2064 3053 2118 3109 id

528 3165 760 3221 quonam
794 3149 957 3205 mdo
987 3150 1041 3204 in
1079 3148 1259 3204 animo
1303 3163 1424 3202 meo
1450 3145 1638 3213 fieret,
1666 3159 1859 3215 capere
1883 3159 1945 3198 ac
1970 3145 2117 3199 inve-

527 3245 725 3314 stigare
752 3258 857 3299 non
877 3251 1140 3313 poteram,
1169 3249 1348 3298 certus
1376 3248 1550 3295 tamen
1579 3255 1683 3295 non
1709 3239 1823 3294 ﬁeri
1844 3238 2118 3308 corporeis

530 3336 762 3392 molibus
779 3376 801 3400 ,.
826 3350 926 3391 nec
948 3334 1223 3403 corporeis
1246 3331 1589 3404 qualitatibus
1606 3373 1627 3399 ,
1650 3345 1772 3387 cum
1799 3331 2008 3402 corpori
2040 3331 2117 3385 si-

530 3427 810 3481 millimum
837 3426 1024 3482 fieret:
1054 3423 1160 3480 hoc
1182 3423 1396 3479 interim
1425 3421 1622 3477 habeas
1640 3462 1659 3488 ,
1686 3430 1744 3476 ut
1768 3422 1835 3476 ab
1860 3430 2118 3491 occupato

530 3527 584 3572 et
608 3516 890 3573 festinante
913 3514 1187 3571 dictatum.
1213 3512 1271 3568 In
1300 3512 1616 3568 duodecimo
1644 3522 1823 3567 autem
1863 3512 2000 3566 libro
2028 3527 2121 3567 eo-

533 3622 649 3661 rum
693 3622 825 3676 quos
865 3606 932 3660 de
973 3594 1168 3661 Genesi
1211 3603 1428 3674 scripsi,
1457 3611 1699 3658 versatur
1744 3603 1858 3658 haec
1897 3602 2119 3672 qurestio

533 3696 895 3761 vehementer,
927 3702 984 3751 et
1022 3710 1086 3751 ex
1131 3692 1309 3750 multis
1354 3706 1532 3751 rerum
1575 3702 1919 3764 expertarum
1959 3703 2120 3766 atque

535 3786 867 3842 credibiliter
884 3785 1185 3841 auditarum
1203 3786 1465 3856 exemptis
1498 3785 1789 3855 disputatio
1824 3785 1912 3839 ina
1954 3786 2119 3842 silve-

535 3881 656 3936 scit.
682 3879 823 3948 Quid
844 3881 906 3934 in
926 3893 991 3935 ea
1026 3880 1357 3950 potuerimus
1382 3879 1464 3932 vel
1491 3877 1856 3944 edocerinius,
1883 3892 2004 3932 eum
2041 3879 2120 3933 Ιοδ

535 3972 697 4044 geris,
721 3971 1016 4042 iudicabis;
1038 3972 1091 4027 si
1115 3980 1303 4027 tamen
1318 3971 1572 4025 Dominus
1597 3970 1898 4041 iurabitur
1920 3970 2121 4028 donare

535 4073 594 4119 ut
635 4078 735 4120 eos
776 4062 905 4118 mihi
954 4062 1169 4136 libros,»
1206 4071 1465 4132 quantum
1503 4075 1723 4131 possum
1767 4070 2122 4132 congruenter

537 4155 879 4222 emendatos,
902 4155 1012 4225 jam
1041 4155 1195 4209 liceat
1231 4152 1426 4218 edere,
1479 4160 1534 4208 et
1574 4152 1859 4210 multorum
1900 4154 2120 4209 fratrum

536 4247 986 4336 exspectationem
999 4245 1225 4315 neniam
1236 4245 1389 4317 longa
1400 4244 1758 4315 disputatione
1773 4245 2120 4315 suspendere.

609 4340 664 4394 3.
708 4338 945 4394 Narrabo
974 4345 1153 4393 autem
1177 4352 1340 4393 unum
1371 4335 1567 4407 aliquid
1605 4336 1838 4406 breviter
1862 4336 2002 4392 unde
2027 4352 2122 4393 eoa

539 4430 694 4499 gites.
719 4428 908 4485 Frater
935 4436 1119 4484 noster
1144 4426 1469 4494 Gennadius,
1488 4426 1799 4482 notissimus
1817 4427 1928 4483 fere
1951 4427 2124 4483 omni-

540 4519 667 4584 bus,
691 4519 952 4589 nobisque
978 4518 1322 4575 cbarissimus
1352 4517 1624 4585 medicus,
1660 4517 1751 4588 qui
1794 4533 1935 4573 nunc
1978 4517 2120 4588 apud

542 4606 919 4679 Carthaginem
943 4608 1123 4680 degit,
1148 4617 1202 4665 et
1226 4608 1409 4665 Roma:
1443 4624 1553 4663 suae
1576 4608 1710 4663 artis
1744 4608 2124 4671 exercitatione

543 4701 885 4771 praepolluit,
901 4710 963 4758 ut
982 4702 1250 4758 hominem
1277 4701 1579 4772 religiosum
1611 4700 1780 4766 nosti,
1804 4711 1962 4770 atque
1998 4716 2123 4772 erga

540 4806 830 4862 pauperum
872 4806 1059 4850 curam
1098 4792 1317 4863 impigro
1365 4789 1726 4845 misericordia
1769 4789 2124 4861 facillimoque

541 4882 720 4937 animo
743 4881 1213 4953 benignissimum,
1237 4879 1513 4936 dubitabat
1538 4887 1714 4935 tamen
1741 4879 2041 4950 aliquando,
2066 4888 2125 4936 ut

541 4971 702 5028 modo
725 4972 877 5029 nobis
901 4972 1121 5040 retulit,
1150 4986 1271 5027 cum
1299 4970 1475 5026 adhuc
1517 4978 1660 5026 esset
1702 4970 2014 5028 adolescens
2032 5012 2046 5036 ,
2069 4982 2124 5028 et

540 5066 595 5121 in
623 5065 706 5120 his
728 5066 1082 5138 eleemosynis
1115 5063 1573 5130 ferventissimus,
1614 5072 1789 5120 utrum
1831 5074 1974 5122 esset
2018 5065 2121 5121 ulla

543 5160 645 5214 vita
671 5168 793 5229 post
818 5166 1064 5214 mortem.
1091 5156 1257 5228 llujus
1286 5156 1446 5228 igitur
1475 5165 1709 5213 mentem
1745 5165 1799 5212 et
1836 5171 1998 5228 opera
2024 5157 2124 5217 mi-

541 5249 843 5307 sericordia:
865 5250 1115 5322 quoniam
1143 5248 1281 5307 Deus
1309 5247 1458 5306 nullo
1498 5247 1657 5306 modo
1698 5249 2001 5318 desereret,
2029 5266 2122 5321 ap-

539 5342 715 5415 paruit
742 5343 816 5398 illi
842 5343 899 5398 in
934 5342 1137 5399 somnis
1163 5340 1480 5413 conspicuos
1502 5341 1715 5414 juvenis
1737 5354 1793 5398 et
1826 5342 2016 5412 dignus
2041 5342 2123 5398 in-

541 5434 720 5501 tendi,
747 5434 902 5505 eique
926 5432 1059 5490 dixit
1083 5450 1097 5487 :
1119 5433 1356 5505 Sequere
1386 5449 1494 5490 me.
1523 5434 1691 5502 Quem
1716 5434 1840 5488 dum
1870 5449 2121 5504 sequere-

543 5534 649 5594 tur,
670 5525 817 5581 venit
838 5524 906 5580 ad
933 5524 1214 5597 quamdam
1251 5524 1515 5581 civitatem
1532 5566 1546 5589 ,
1582 5523 1670 5578 ubi
1697 5523 1881 5579 audire
1908 5525 2069 5594 erepit
2090 5540 2120 5579 a

543 5620 757 5676 dextera
771 5628 920 5690 parte
930 5633 1090 5675 sonos
1103 5618 1431 5673 suavissimze
1448 5616 1745 5683 cantilenai,
1760 5618 1893 5673 ultra
1911 5619 2116 5673 solitam

544 5718 829 5781 notamque
869 5709 1216 5776 suavitatem;
1244 5716 1370 5763 tunc
1401 5707 1486 5762 ille
1515 5707 1716 5762 intento
1750 5708 1999 5779 quidnam
2033 5723 2120 5765 es-

541 5808 669 5874 set,
704 5801 785 5859 ait
818 5801 1050 5876 hymnos
1091 5815 1215 5862 esse
1256 5799 1533 5858 beatorum
1570 5808 1731 5872 atque
1768 5810 2071 5858 sanctorum
2097 5816 2123 5861 ι,

1744 371 1811 429 ﬁ.
1848 363 2216 427 Αυαυςιτικι
2252 361 2555 422 Εριεοοιιι

2208 476 2423 533 sinistra
2452 485 2625 533 autem
2654 485 2803 549 parte
2824 477 2951 549 quid
2978 493 3038 535 se
3061 479 3253 538 vidisse
3275 482 3490 548 retulit,
3517 498 3624 541 non
3648 491 3778 543 satis

2206 560 2442 624 memini.
2474 570 2771 641 Evigilavit,
2799 579 2854 628 et
2879 573 3142 630 somnium
3169 573 3299 645 fugit
3319 577 3364 646 ί,
3381 583 3691 652 tantumque
3710 581 3789 637 de

2206 660 2297 717 illo
2323 672 2577 732 quantum
2605 662 2673 718 de
2697 664 2905 720 somnio
2921 666 3185 736 cogitavit.

2276 754 2331 807 4.
2370 753 2485 809 Alia
2513 768 2642 811 vero
2681 765 2870 821 nocte,
2900 772 3024 813 ecce
3053 757 3189 813 idem
3222 759 3336 829 ipse
3367 760 3579 831 juvenis
3603 764 3782 822 eidem

2208 859 2392 900 rursus
2414 847 2690 916 apparuit,
2723 857 2881 918 atque
2916 848 2986 905 ab
3028 849 3119 905 illo
3160 858 3335 906 utrum
3371 864 3782 924 cognosceretur

2209 936 2586 1008 interrogavit:
2612 941 2885 1009 respondit
2908 941 3009 996 iste
3037 941 3175 1012 quod
3207 959 3325 999 eum
3356 944 3492 1001 bene
3520 947 3785 1019 planeque

2177 1066 2183 1072 ρ
2208 1039 2569 1100 cognosceret.
2595 1030 2741 1086 Tunc
2763 1031 2850 1086 ille
2870 1034 3110 1104 quaesivit
3130 1034 3302 1091 ubi-se
3327 1046 3523 1092 nosset.
3546 1037 3653 1094 Nec
3673 1055 3788 1095 me~

2209 1123 2393 1178 merito
2412 1122 2580 1179 defuit
2598 1125 2721 1195 quid
2745 1127 2847 1180 iste
2868 1124 3156 1183 identidem
3180 1126 3557 1200 responderet;
3588 1141 3788 1188 totum-

2210 1228 2315 1284 que
2343 1215 2517 1270 visum‘
2549 1216 2707 1284 illud,
2740 1218 3072 1290 hymnosque
3100 1229 3403 1277 sanctorum
3432 1224 3497 1278 ad
3524 1240 3657 1295 quos
3683 1244 3783 1281 au-

2211 1305 2433 1361 diendos
2461 1323 2527 1363 eo
2548 1309 2683 1365 duce
2709 1320 2949 1377 venerat,
2978 1328 3082 1383 qua
3107 1316 3506 1372 recentissimos
3536 1320 3785 1374 recorda—

2212 1396 2369 1453 batur
2423 1399 2672 1456 facilitate
2730 1405 2982 1458 narravit.
3041 1405 3136 1461 Hic
3188 1407 3280 1462 ille
3324 1416 3661 1477 percontauts
3704 1420 3794 1466 est

2213 1500 2512 1546 utrumnam
2545 1492 2595 1546 id
2621 1494 2764 1562 quod
2789 1505 3114 1560 narraverat,
3144 1498 3198 1567 in
3222 1500 3424 1553 somnis
3453 1500 3690 1564 vidisset,
3716 1517 3789 1556 an

2214 1586 2435 1655 vigilans
2462 1587 2795 1656 :respondit,
2821 1588 2879 1642 in
2905 1589 3125 1644 somnis.
3156 1590 3224 1645 At
3254 1591 3362 1657 ille,
3393 1591 3534 1646 Bene
3554 1632 3571 1659 ,
3596 1592 3789 1662 inquit,

2214 1677 2407 1735 recolis
2435 1696 2449 1733 :
2475 1694 2658 1736 verum
2692 1690 2807 1746 est,
2838 1681 2893 1736 in
2920 1684 3119 1738 somnis
3149 1684 3235 1738 illa
3263 1685 3474 1751 vidisti;
3502 1685 3595 1740 sed
3627 1687 3797 1743 etiam

2216 1786 2355 1826 nunc
2376 1772 2429 1825 in
2449 1773 2649 1826 somnis
2672 1782 2722 1829 te
2746 1774 2924 1829 videre
2943 1772 3100 1829 scias.
3126 1774 3249 1829 H:ee
3269 1791 3389 1831 cum
3407 1776 3641 1831 audisset
3666 1778 3793 1842 iste,

2218 1863 2288 1917 ita
2319 1880 2437 1918 esse
2463 1864 2708 1929 credidit,
2737 1874 2895 1936 atque
2921 1866 2972 1921 id
3000 1867 3346 1935 responsione
3368 1867 3613 1923 firmavit.
3638 1868 3791 1924 Tunc

2217 1956 2304 2024 qui
2342 1954 2612 2011 hominem
2654 1956 2908 2025 docebat,
2947 1957 3141 2028 adjecit
3168 1968 3221 2013 et
3247 1960 3356 2012 ait:
3392 1959 3489 2016 Ubi
3524 1969 3607 2015 est
3630 1960 3799 2015 modo

2218 2061 2411 2115 corpus
2433 2056 2579 2102 tuum
2597 2048 2620 2102 ?
2640 2046 2733 2104 Ille
2747 2049 3022 2119 respondit
3043 2067 3056 2102 :
3081 2048 3136 2105 In
3159 2051 3403 2105 cubiculo
3422 2067 3562 2107 meo.
3581 2053 3793 2121 Scisne,

2219 2137 2386 2207 inquit
2415 2138 2530 2205 illc,
2569 2138 2619 2193 in
2661 2138 2851 2194 eodem
2878 2142 3191 2211 corpusculo
3219 2157 3361 2197 nunc
3386 2142 3612 2214 illigatos
3638 2158 3795 2211 esse,

2219 2238 2272 2283 et
2300 2231 2526 2298 clausos,
2557 2240 2611 2287 et
2631 2231 2838 2290 otiosos
2861 2234 3043 2288 oculos
3071 2245 3206 2299 tuos,
3238 2234 3470 2305 nihilque
3496 2237 3601 2290 illis
3626 2239 3797 2295 oculis

2221 2331 2271 2377 te
2296 2323 2511 2377 videre?
2536 2323 2861 2394 Respondit:
2885 2324 3025 2380 Scio.
3054 2326 3201 2381 Tunc
3226 2326 3313 2381 illc
3333 2344 3347 2380 :
3369 2326 3470 2394 Qui
3494 2336 3619 2381 sunt
3643 2343 3793 2399 ergo,

2222 2416 2418 2485 inquit,
2460 2416 2545 2470 isti
2576 2417 2719 2472 oculi
2761 2418 2948 2486 quibus
2978 2434 3063 2473 me
3103 2416 3291 2472 vides?
3320 2420 3400 2474 Ad
3431 2421 3529 2475 hoc
3559 2422 3657 2476 iste
3686 2438 3793 2477 non

2223 2506 2495 2562 inveniens
2520 2508 2644 2575 quid
2671 2508 3053 2577 responderet,
3094 2509 3334 2566 obticuit.
3361 2512 3459 2566 Cui
3487 2512 3791 2581 haesitanti,

2222 2597 2309 2652 ille
2356 2597 2496 2669 quod
2536 2597 2619 2653 his
2660 2595 3160 2689 interrogationibus
3205 2601 3399 2658 docere
3444 2602 3800 2670 moliebatur,

2221 2691 2456 2758 aperuit;
2486 2698 2538 2745 et
2569 2691 2854 2746 continuo:
2886 2691 3062 2759 Sicut,
3107 2692 3311 2763 inquit,
3356 2694 3429 2749 illi
3456 2695 3595 2750 oculi
3620 2697 3797 2752 carnis

2223 2791 2325 2839 tunc
2354 2783 2532 2851 utique
2560 2782 2610 2837 in
2636 2782 2932 2838 dormiente
2953 2792 3111 2855 atque
3126 2783 3181 2839 in
3198 2786 3391 2840 lectulo
3402 2785 3635 2855 jacente,
3657 2803 3799 2844 nunc

2223 2881 2429 2938 vacant,
2462 2890 2559 2928 nec
2584 2873 2781 2944 aliquid
2810 2885 3113 2945 operantur,
3138 2886 3192 2931 et
3220 2886 3393 2933 tamen
3423 2888 3547 2934 sunt
3568 2879 3653 2934 isti
3680 2881 3797 2951 qui-

2223 2964 2320 3019 bus
2347 2981 2433 3022 me
2463 2968 2714 3031 intueris,
2752 2977 2805 3023 et
2846 2969 2944 3023 ista
2984 2971 3147 3024 uteris
3187 2970 3421 3036 visione;
3458 2972 3532 3026 ita
3553 2987 3675 3029 eum
3703 2972 3796 3029 de-

2222 3054 2433 3111 functus
2462 3057 2629 3114 fueris
2650 3099 2666 3124 ,
2700 3057 2828 3111 nihil
2856 3062 3131 3130 agentibus
3157 3064 3326 3116 oculis
3351 3064 3531 3119 carnis
3558 3073 3660 3128 tua:
3687 3065 3795 3121 vita

2223 3148 2314 3216 tibi
2360 3150 2515 3204 inerit
2557 3167 2658 3221 qua
2706 3151 2889 3217 vivas,
2934 3168 3225 3224 sensusque
3262 3168 3367 3224 quo
3402 3154 3619 3210 sentias.
3657 3153 3797 3214 Cave

2217 3239 2326 3308 jam
2362 3240 2614 3309 deinceps
2644 3258 2710 3296 ne
2738 3241 2945 3297 dubites
2971 3243 3130 3298 vitam
3156 3259 3374 3299 manere
3400 3253 3518 3313 post
3546 3254 3791 3301 mortem.

2225 3330 2295 3385 ita
2341 3330 2439 3386 sibi
2481 3334 2640 3388 homo
2677 3335 2845 3389 fidelis
2884 3334 3117 3391 ablatam
3158 3335 3288 3390 dicit
3326 3335 3482 3404 hujus
3521 3336 3593 3392 rei
3636 3336 3794 3391 dubi—

2225 3425 2476 3480 tationem
2513 3445 2524 3479 :
2556 3441 2662 3498 quo
2697 3425 2958 3495 docente,
3003 3426 3105 3482 nisi
3149 3427 3479 3499 providentia
3506 3437 3559 3483 et
3582 3427 3795 3483 miseri-

2223 3516 2401 3571 cordia
2431 3517 2525 3573 Dei
2547 3517 2571 3572 7

2294 3609 2347 3665 5.
2388 3608 2489 3663 Ista
2521 3609 2824 3664 narratione
2848 3609 3041 3666 dixerit
3067 3611 3255 3680 aliquis
3285 3620 3441 3668 tanta:
3467 3613 3543 3668 rei
3568 3627 3668 3668 nos
3686 3626 3795 3669 non

2224 3702 2476 3770 solvisse,
2523 3702 2617 3756 sed
2662 3702 2893 3759 vinxisse
2934 3703 2955 3735 ²
3000 3704 3368 3775 quaestionem.
3418 3703 3800 3760 Verumtamen

2224 3808 2343 3849 cum
2372 3792 2458 3849 his
2484 3793 2659 3849 verbis
2700 3793 2957 3863 credere,
3005 3795 3089 3851 vel
3132 3812 3236 3850 non
3279 3796 3528 3862 credere,
3572 3796 3798 3852 liberum

2224 3887 2415 3959 cuique
2444 3886 2543 3954 sit;
2575 3888 2807 3959 seipsum
2833 3889 3054 3959 quisque
3084 3887 3264 3956 habet,
3293 3905 3398 3960 quo
3424 3904 3485 3945 se
3517 3898 3703 3945 avocet
3727 3888 3796 3945 ad

2224 3978 2697 4051 profundissimam
2714 3980 3080 4051 quaestionem.
3106 3981 3173 4036 Et
3192 3982 3372 4052 vigilat
3393 3982 3572 4048 homo,
3596 3990 3650 4038 et
3669 3980 3800 4036 dor-

2226 4072 2321 4126 mit
2350 4072 2510 4128 homo
2538 4072 2789 4143 quotidie,
2820 4083 2872 4128 et
2896 4077 3091 4144 cogitat
3116 4073 3277 4129 homo
3303 4093 3317 4129 :
3343 4074 3483 4130 dicat
3512 4075 3651 4129 unde
3672 4073 3803 4133 fiant

2227 4163 2327 4220 ista
2357 4166 2546 4221 similia
2572 4165 2777 4231 formis,
2806 4166 2997 4219 similia
3028 4165 3386 4235 qualitatibus,
3416 4166 3607 4221 similia
3637 4165 3797 4220 moti-

2227 4259 2325 4315 bus
2353 4272 2659 4326 corporum,
2694 4272 2793 4313 nec
2820 4268 2994 4312 tamen
3018 4257 3239 4312 materie
3266 4256 3526 4328 corporali
3551 4273 3565 4322 ;
3599 4256 3734 4310 dicat
3754 4258 3807 4312 si

2229 4359 2421 4421 potest.
2465 4347 2520 4405 Si
2572 4357 2747 4404 autem
2800 4365 2905 4403 non
2953 4358 3141 4418 potest,
3174 4348 3298 4418 quid
3326 4366 3384 4402 se
3415 4347 3710 4417 praecipitat
3732 4345 3804 4402 de

2227 4439 2512 4495 rarissimis
2540 4448 2629 4493 aut
2654 4437 2941 4509 inexpertis
2966 4438 3116 4509 quasi
3144 4436 3412 4493 definitam
3435 4432 3571 4493 ferre
3590 4446 3804 4493 senten-

2230 4533 2393 4597 tiam,
2425 4548 2545 4588 cum
2574 4528 2821 4587 continua
2862 4539 2917 4585 et
2956 4526 3260 4601 quotidiana
3304 4545 3411 4584 non
3438 4527 3650 4585 solvat?
3690 4522 3802 4600 Ego

2229 4633 2404 4679 autem
2423 4665 2439 4691 ,
2485 4623 2728 4693 quamvis
2754 4637 2859 4694 quo
2889 4622 3047 4676 modo
3073 4620 3201 4677 fiant
3233 4624 3331 4677 ista
3360 4620 3521 4678 veluti
3545 4637 3805 4692 corporea

2228 4718 2343 4773 sine
2369 4731 2595 4787 corpore
2617 4759 2631 4784 ,
2670 4716 2850 4772 verbis
2893 4732 3109 4787 prorsus
3138 4717 3405 4786 explicare
3430 4732 3535 4771 non
3565 4715 3801 4787 possim;

2230 4823 2404 4866 tamen
2435 4812 2569 4865 sicut
2596 4810 2707 4866 scio
2736 4824 2841 4863 non
2871 4824 2932 4864 ea
2953 4823 3177 4880 corpore
3205 4808 3341 4875 ﬁeri,
3372 4808 3574 4864 utinam
3598 4807 3677 4862 sic
3699 4807 3805 4861 sci-

2228 4919 2341 4959 rem
2361 4917 2467 4973 quo
2488 4902 2646 4956 modo
2665 4901 3094 4957 discernerentur
3118 4917 3235 4972 quae
3254 4899 3504 4955 videntur
3522 4898 3806 4971 aliquando

2228 5011 2325 5067 per
2363 4993 2639 5064 spiritum,
2682 5001 2737 5049 et
2783 5009 2877 5063 per
2913 5008 3106 5065 corpus
3132 4991 3299 5049 videri
3327 5000 3609 5063 putantur;
3632 5000 3805 5063 quove

2229 5085 2388 5141 modo
2416 5085 2802 5156 distinguantur
2828 5085 2939 5140 visa
2961 5099 3146 5152 eorum
3172 5098 3306 5156 quos
3332 5098 3486 5139 error
3508 5080 3595 5138 vel
3619 5082 3809 5153 impie-

2230 5188 2310 5235 tas
2340 5179 2651 5250 plerumque
2685 5178 2921 5246 deludit,
2968 5177 3180 5249 quando
3226 5178 3352 5233 visis
3398 5176 3603 5248 piorum
3644 5184 3806 5247 atque

2227 5280 2532 5328 sanctorum
2555 5270 2744 5325 similia
2769 5269 3020 5341 pleraque
3045 5269 3358 5325 narranturl
3384 5283 3608 5338 quorum
3625 5281 3809 5322 exem-

2229 5364 2313 5436 pla
2340 5363 2384 5419 si
2409 5376 2831 5418 commemorare
2859 5361 3141 5417 voluissem
3161 5402 3177 5430 ,
3223 5370 3431 5433 tempus
3456 5358 3584 5416 mihi
3629 5358 3807 5429 potius

2227 5473 2385 5529 quam
2412 5458 2561 5528 copia
2587 5455 2858 5512 defuisset.
2889 5452 2947 5510 In
2970 5455 3177 5510 Domini
3206 5453 3566 5510 misericordia
3590 5459 3807 5525 vegete-

2291 5683 2535 5755 {tn‘uss
2576 5675 3679 5746 pmpeomamwuhh;hte
3713 5686 3809 5744 ne

2225 5744 2477 5871 "iui-1551.,
2502 5805 2713 5860 audisse.
2742 5814 2796 5859 n
2815 5804 2867 5857 in
2887 5808 2996 5859 lhs.
3019 5806 3235 5860 melioris
3249 5804 3394 5871 notae,
3419 5802 3646 5858 eam.
