  <div class='ocr_page' id='page_1' title='image "/cluster/home/n/w/nwhite01/storage/ocr_20150623/33/hvd.32044015471451/356.png"; bbox 0 0 4154 6354; ppageno 0'>
   <div class='ocr_carea' id='block_1_1' title="bbox 511 433 613 493">
    <p class='ocr_par' dir='ltr' id='par_1_1' title="bbox 511 433 613 493">
     <span class='ocr_line' id='line_1_1' title="bbox 511 433 613 493; baseline 0 -4"><span class='ocrx_word' id='word_1_1' title='bbox 511 433 613 493; x_wconf 67' lang='grc'><em>’101</em></span> 
     </span>
    </p>
   </div>
   <div class='ocr_carea' id='block_1_2' title="bbox 513 528 2097 612">
    <p class='ocr_par' dir='ltr' id='par_1_2' title="bbox 513 528 2097 612">
     <span class='ocr_line' id='line_1_2' title="bbox 513 528 2097 612; baseline -0.014 -8"><span class='ocrx_word' id='word_1_2' title='bbox 513 546 610 612; x_wconf 82' lang='lat' dir='ltr'><em>ris,</em></span> <span class='ocrx_word' id='word_1_3' title='bbox 639 541 856 601; x_wconf 84' lang='lat' dir='ltr'><strong>domine</strong></span> <span class='ocrx_word' id='word_1_4' title='bbox 880 536 1209 603; x_wconf 78' lang='lat' dir='ltr'><em>beatissime,</em></span> <span class='ocrx_word' id='word_1_5' title='bbox 1230 542 1287 591; x_wconf 87' lang='lat' dir='ltr'><em>et</em></span> <span class='ocrx_word' id='word_1_6' title='bbox 1304 531 1625 591; x_wconf 71' lang='lat' dir='ltr'><em>venerabilis</em></span> <span class='ocrx_word' id='word_1_7' title='bbox 1649 540 1704 587; x_wconf 83' lang='lat' dir='ltr'><em>et</em></span> <span class='ocrx_word' id='word_1_8' title='bbox 1726 528 2097 588; x_wconf 65' lang='lat' dir='ltr'><em>desiderabilis</em></span> 
     </span>
    </p>
   </div>
   <div class='ocr_carea' id='block_1_3' title="bbox 516 635 697 696">
    <p class='ocr_par' dir='ltr' id='par_1_3' title="bbox 516 635 697 696">
     <span class='ocr_line' id='line_1_3' title="bbox 516 635 697 696; baseline -0.033 0"><span class='ocrx_word' id='word_1_9' title='bbox 516 635 697 696; x_wconf 66' lang='lat' dir='ltr'><em>frater.</em></span> 
     </span>
    </p>
   </div>
   <div class='ocr_carea' id='block_1_4' title="bbox 963 691 1645 770">
    <p class='ocr_par' dir='ltr' id='par_1_4' title="bbox 963 691 1645 770">
     <span class='ocr_line' id='line_1_4' title="bbox 963 691 1645 770; baseline -0.015 -12"><span class='ocrx_word' id='word_1_10' title='bbox 963 694 1294 759; x_wconf 82' lang='lat' dir='ltr'><em>EPISTOLA</em></span> <span class='ocrx_word' id='word_1_11' title='bbox 1330 692 1468 755; x_wconf 82' lang='lat' dir='ltr'><em>CLX</em></span> <span class='ocrx_word' id='word_1_12' title='bbox 1496 699 1514 719; x_wconf 60' lang='grc' dir='ltr'>δ</span> <span class='ocrx_word' id='word_1_13' title='bbox 1546 691 1645 770; x_wconf 83' lang='grc' dir='ltr'><em>(η).</em></span> 
     </span>
    </p>
   </div>
   <div class='ocr_carea' id='block_1_5' title="bbox 550 784 2065 890">
    <p class='ocr_par' dir='ltr' id='par_1_5' title="bbox 550 808 2065 890">
     <span class='ocr_line' id='line_1_5' title="bbox 550 808 2065 890; baseline -0.012 -11"><span class='ocrx_word' id='word_1_14' title='bbox 550 821 779 889; x_wconf 79' lang='lat' dir='ltr'><em>Evodius</em></span> <span class='ocrx_word' id='word_1_15' title='bbox 816 818 1097 890; x_wconf 83' lang='lat' dir='ltr'><em>Augustino</em></span> <span class='ocrx_word' id='word_1_16' title='bbox 1116 858 1129 883; x_wconf 87' lang='lat'><em>,</em></span> <span class='ocrx_word' id='word_1_17' title='bbox 1170 832 1373 871; x_wconf 81' lang='lat' dir='ltr'><em>movens</em></span> <span class='ocrx_word' id='word_1_18' title='bbox 1406 811 1731 883; x_wconf 65' lang='lat' dir='ltr'><em>quastionem</em></span> <span class='ocrx_word' id='word_1_19' title='bbox 1766 809 1835 865; x_wconf 75' lang='lat' dir='ltr'><em>de</em></span> <span class='ocrx_word' id='word_1_20' title='bbox 1867 808 2065 863; x_wconf 64' lang='lat' dir='ltr'><em>ratione</em></span> 
     </span>
    </p>
   </div>
   <div class='ocr_carea' id='block_1_6' title="bbox 1206 900 1844 965">
    <p class='ocr_par' dir='ltr' id='par_1_6' title="bbox 1206 900 1844 965">
     <span class='ocr_line' id='line_1_6' title="bbox 1206 900 1844 965; baseline -0.005 -1"><span class='ocrx_word' id='word_1_21' title='bbox 1206 918 1255 965; x_wconf 87' lang='lat' dir='ltr'><em>et</em></span> <span class='ocrx_word' id='word_1_22' title='bbox 1280 906 1417 965; x_wconf 68' lang='grc' dir='ltr'><em>ωδ.</em></span> <span class='ocrx_word' id='word_1_23' title='bbox 1832 900 1844 911; x_wconf 72' lang='grc'><em>”</em></span> 
     </span>
    </p>
   </div>
   <div class='ocr_carea' id='block_1_7' title="bbox 707 1016 1903 1091">
    <p class='ocr_par' dir='ltr' id='par_1_7' title="bbox 707 1016 1903 1091">
     <span class='ocr_line' id='line_1_7' title="bbox 707 1016 1903 1091; baseline -0.013 -7"><span class='ocrx_word' id='word_1_24' title='bbox 707 1028 938 1084; x_wconf 80' lang='lat' dir='ltr'><em>Eventus</em></span> <span class='ocrx_word' id='word_1_25' title='bbox 968 1026 1269 1080; x_wconf 74' lang='lat' dir='ltr'><em>Aucus&#39;nuo</em></span> <span class='ocrx_word' id='word_1_26' title='bbox 1292 1021 1579 1091; x_wconf 80' lang='lat' dir='ltr'><em>Episcopo,</em></span> <span class='ocrx_word' id='word_1_27' title='bbox 1610 1017 1832 1072; x_wconf 78' lang='lat' dir='ltr'><em>salutem</em></span> <span class='ocrx_word' id='word_1_28' title='bbox 1861 1016 1903 1069; x_wconf 74' lang='grc'><strong>³.</strong></span> 
     </span>
    </p>
   </div>
   <div class='ocr_carea' id='block_1_8' title="bbox 587 1131 2102 1209">
    <p class='ocr_par' dir='ltr' id='par_1_8' title="bbox 587 1131 2102 1209">
     <span class='ocr_line' id='line_1_8' title="bbox 587 1131 2102 1209; baseline -0.011 -13"><span class='ocrx_word' id='word_1_29' title='bbox 587 1143 637 1197; x_wconf 73' lang='lat' dir='ltr'><em>i.</em></span> <span class='ocrx_word' id='word_1_30' title='bbox 684 1139 919 1209; x_wconf 77' lang='lat' dir='ltr'><em>Perfecta</em></span> <span class='ocrx_word' id='word_1_31' title='bbox 945 1137 1075 1191; x_wconf 80' lang='lat' dir='ltr'><em>ratio</em></span> <span class='ocrx_word' id='word_1_32' title='bbox 1098 1134 1191 1189; x_wconf 71' lang='lat' dir='ltr'><em>ilia</em></span> <span class='ocrx_word' id='word_1_33' title='bbox 1217 1143 1293 1189; x_wconf 83' lang='lat' dir='ltr'><em>est</em></span> <span class='ocrx_word' id='word_1_34' title='bbox 1315 1147 1428 1206; x_wconf 69' lang='lat' dir='ltr'><em>qua:</em></span> <span class='ocrx_word' id='word_1_35' title='bbox 1447 1131 1669 1187; x_wconf 87' lang='lat' dir='ltr'><em>onmium</em></span> <span class='ocrx_word' id='word_1_36' title='bbox 1694 1143 1865 1185; x_wconf 86' lang='lat' dir='ltr'><em>rerum</em></span> <span class='ocrx_word' id='word_1_37' title='bbox 1897 1135 2102 1199; x_wconf 84' lang='lat' dir='ltr'><em>prccstat</em></span> 
     </span>
    </p>
   </div>
   <div class='ocr_carea' id='block_1_9' title="bbox 512 1220 2099 1301">
    <p class='ocr_par' dir='ltr' id='par_1_9' title="bbox 512 1220 2099 1301">
     <span class='ocr_line' id='line_1_9' title="bbox 512 1220 2099 1301; baseline -0.013 -9"><span class='ocrx_word' id='word_1_38' title='bbox 512 1234 796 1301; x_wconf 83' lang='lat' dir='ltr'><em>scientiam,</em></span> <span class='ocrx_word' id='word_1_39' title='bbox 838 1242 885 1287; x_wconf 90' lang='lat' dir='ltr'><em>et</em></span> <span class='ocrx_word' id='word_1_40' title='bbox 926 1230 1147 1285; x_wconf 71' lang='lat' dir='ltr'><em>maxime</em></span> <span class='ocrx_word' id='word_1_41' title='bbox 1180 1238 1481 1284; x_wconf 73' lang='lat' dir='ltr'><em>mter-narum</em></span> <span class='ocrx_word' id='word_1_42' title='bbox 1508 1230 1685 1280; x_wconf 75' lang='lat' dir='ltr'><em>reruni</em></span> <span class='ocrx_word' id='word_1_43' title='bbox 1706 1236 1819 1295; x_wconf 66' lang='lat' dir='ltr'><em>qua?</em></span> <span class='ocrx_word' id='word_1_44' title='bbox 1841 1220 2099 1276; x_wconf 78' lang='lat' dir='ltr'><em>intellectu</em></span> 
     </span>
    </p>
   </div>
   <div class='ocr_carea' id='block_1_10' title="bbox 515 1322 2102 1399">
    <p class='ocr_par' dir='ltr' id='par_1_10' title="bbox 515 1322 2102 1399">
     <span class='ocr_line' id='line_1_10' title="bbox 515 1322 2102 1399; baseline -0.012 -16"><span class='ocrx_word' id='word_1_45' title='bbox 515 1326 1014 1399; x_wconf 78' lang='lat' dir='ltr'><em>comprehenduntur</em></span> <span class='ocrx_word' id='word_1_46' title='bbox 1052 1339 1070 1378; x_wconf 88' lang='lat'><strong><em>:</em></strong></span> <span class='ocrx_word' id='word_1_47' title='bbox 1107 1322 1237 1376; x_wconf 77' lang='lat' dir='ltr'><em>hanc</em></span> <span class='ocrx_word' id='word_1_48' title='bbox 1273 1330 1517 1377; x_wconf 80' lang='lat' dir='ltr'><em>wternam</em></span> <span class='ocrx_word' id='word_1_49' title='bbox 1554 1334 1687 1384; x_wconf 88' lang='lat' dir='ltr'><em>esse,</em></span> <span class='ocrx_word' id='word_1_50' title='bbox 1730 1324 1968 1371; x_wconf 65' lang='lat' dir='ltr'><em>(sternam</em></span> <span class='ocrx_word' id='word_1_51' title='bbox 1997 1326 2102 1366; x_wconf 86' lang='lat' dir='ltr'><em>esse</em></span> 
     </span>
    </p>
   </div>
   <div class='ocr_carea' id='block_1_11' title="bbox 515 1408 2100 1484">
    <p class='ocr_par' dir='ltr' id='par_1_11' title="bbox 515 1408 2100 1484">
     <span class='ocr_line' id='line_1_11' title="bbox 515 1408 2100 1484; baseline -0.011 -10"><span class='ocrx_word' id='word_1_52' title='bbox 515 1421 779 1483; x_wconf 80' lang='lat' dir='ltr'><em>debuisse;</em></span> <span class='ocrx_word' id='word_1_53' title='bbox 805 1427 1047 1473; x_wconf 82' lang='lat' dir='ltr'><em>teternum</em></span> <span class='ocrx_word' id='word_1_54' title='bbox 1076 1413 1205 1469; x_wconf 87' lang='lat' dir='ltr'><em>illud</em></span> <span class='ocrx_word' id='word_1_55' title='bbox 1246 1429 1352 1469; x_wconf 89' lang='lat' dir='ltr'><em>esse</em></span> <span class='ocrx_word' id='word_1_56' title='bbox 1379 1411 1515 1484; x_wconf 83' lang='lat' dir='ltr'><em>quod</em></span> <span class='ocrx_word' id='word_1_57' title='bbox 1542 1426 1630 1465; x_wconf 89' lang='lat' dir='ltr'><em>nec</em></span> <span class='ocrx_word' id='word_1_58' title='bbox 1655 1408 1804 1479; x_wconf 60' lang='lat' dir='ltr'><em>carpit</em></span> <span class='ocrx_word' id='word_1_59' title='bbox 1822 1449 1837 1471; x_wconf 90' lang='lat'><em>,</em></span> <span class='ocrx_word' id='word_1_60' title='bbox 1871 1421 1961 1459; x_wconf 85' lang='lat' dir='ltr'><em>nec</em></span> <span class='ocrx_word' id='word_1_61' title='bbox 1986 1420 2100 1458; x_wconf 85' lang='lat' dir='ltr'><em>mu-</em></span> 
     </span>
    </p>
   </div>
   <div class='ocr_carea' id='block_1_12' title="bbox 515 1498 2101 1579">
    <p class='ocr_par' dir='ltr' id='par_1_12' title="bbox 515 1498 2101 1579">
     <span class='ocr_line' id='line_1_12' title="bbox 515 1498 2101 1579; baseline -0.011 -13"><span class='ocrx_word' id='word_1_62' title='bbox 515 1520 684 1579; x_wconf 89' lang='lat' dir='ltr'><em>tatur,</em></span> <span class='ocrx_word' id='word_1_63' title='bbox 730 1525 819 1564; x_wconf 88' lang='lat' dir='ltr'><em>nec</em></span> <span class='ocrx_word' id='word_1_64' title='bbox 862 1509 1114 1572; x_wconf 81' lang='lat' dir='ltr'><em>variatur,</em></span> <span class='ocrx_word' id='word_1_65' title='bbox 1161 1506 1275 1577; x_wconf 85' lang='lat' dir='ltr'><em>ipsa</em></span> <span class='ocrx_word' id='word_1_66' title='bbox 1319 1505 1462 1559; x_wconf 89' lang='lat' dir='ltr'><em>docet</em></span> <span class='ocrx_word' id='word_1_67' title='bbox 1502 1512 1650 1573; x_wconf 87' lang='lat' dir='ltr'><em>atque</em></span> <span class='ocrx_word' id='word_1_68' title='bbox 1681 1498 1895 1554; x_wconf 89' lang='lat' dir='ltr'><em>ostendit</em></span> <span class='ocrx_word' id='word_1_69' title='bbox 1930 1498 2101 1551; x_wconf 86' lang='lat' dir='ltr'><em>ratio:</em></span> 
     </span>
    </p>
   </div>
   <div class='ocr_carea' id='block_1_13' title="bbox 510 1591 2099 1674">
    <p class='ocr_par' dir='ltr' id='par_1_13' title="bbox 510 1591 2099 1674">
     <span class='ocr_line' id='line_1_13' title="bbox 510 1591 2099 1674; baseline -0.012 -15"><span class='ocrx_word' id='word_1_70' title='bbox 510 1621 664 1674; x_wconf 82' lang='lat' dir='ltr'><em>quam</em></span> <span class='ocrx_word' id='word_1_71' title='bbox 691 1618 889 1657; x_wconf 83' lang='lat' dir='ltr'><em>necesse</em></span> <span class='ocrx_word' id='word_1_72' title='bbox 917 1611 992 1655; x_wconf 87' lang='lat' dir='ltr'><em>est</em></span> <span class='ocrx_word' id='word_1_73' title='bbox 1015 1614 1127 1655; x_wconf 82' lang='lat' dir='ltr'><em>esse</em></span> <span class='ocrx_word' id='word_1_74' title='bbox 1145 1609 1404 1662; x_wconf 68' lang='lat' dir='ltr'><em>(sternam,</em></span> <span class='ocrx_word' id='word_1_75' title='bbox 1437 1611 1537 1649; x_wconf 89' lang='lat' dir='ltr'><em>non</em></span> <span class='ocrx_word' id='word_1_76' title='bbox 1562 1594 1726 1649; x_wconf 88' lang='lat' dir='ltr'><em>solum</em></span> <span class='ocrx_word' id='word_1_77' title='bbox 1750 1591 1885 1661; x_wconf 89' lang='lat' dir='ltr'><em>quod</em></span> <span class='ocrx_word' id='word_1_78' title='bbox 1910 1600 2099 1644; x_wconf 77' lang='lat' dir='ltr'><em>(eterna</em></span> 
     </span>
    </p>
   </div>
   <div class='ocr_carea' id='block_1_14' title="bbox 512 1683 2098 1758">
    <p class='ocr_par' dir='ltr' id='par_1_14' title="bbox 512 1683 2098 1758">
     <span class='ocr_line' id='line_1_14' title="bbox 512 1683 2098 1758; baseline -0.011 -8"><span class='ocrx_word' id='word_1_79' title='bbox 512 1697 688 1750; x_wconf 83' lang='lat' dir='ltr'><em>doceat</em></span> <span class='ocrx_word' id='word_1_80' title='bbox 716 1703 760 1749; x_wconf 89' lang='lat' dir='ltr'><em>et</em></span> <span class='ocrx_word' id='word_1_81' title='bbox 787 1695 1125 1756; x_wconf 91' lang='lat' dir='ltr'><em>demonstret,</em></span> <span class='ocrx_word' id='word_1_82' title='bbox 1158 1691 1246 1745; x_wconf 85' lang='lat' dir='ltr'><em>sed</em></span> <span class='ocrx_word' id='word_1_83' title='bbox 1276 1688 1437 1743; x_wconf 86' lang='lat' dir='ltr'><em>multo</em></span> <span class='ocrx_word' id='word_1_84' title='bbox 1463 1687 1623 1758; x_wconf 83' lang='lat' dir='ltr'><em>magis</em></span> <span class='ocrx_word' id='word_1_85' title='bbox 1646 1684 1783 1755; x_wconf 88' lang='lat' dir='ltr'><em>quod</em></span> <span class='ocrx_word' id='word_1_86' title='bbox 1806 1683 1917 1753; x_wconf 84' lang='lat' dir='ltr'><em>ipsa</em></span> <span class='ocrx_word' id='word_1_87' title='bbox 1954 1690 2098 1735; x_wconf 70' lang='lat' dir='ltr'><em>ceter-</em></span> 
     </span>
    </p>
   </div>
   <div class='ocr_carea' id='block_1_15' title="bbox 513 1774 2102 1854">
    <p class='ocr_par' dir='ltr' id='par_1_15' title="bbox 513 1774 2102 1854">
     <span class='ocr_line' id='line_1_15' title="bbox 513 1774 2102 1854; baseline -0.011 -13"><span class='ocrx_word' id='word_1_88' title='bbox 513 1787 646 1841; x_wconf 85' lang='lat' dir='ltr'><em>nitas</em></span> <span class='ocrx_word' id='word_1_89' title='bbox 684 1802 785 1839; x_wconf 86' lang='lat' dir='ltr'><em>non</em></span> <span class='ocrx_word' id='word_1_90' title='bbox 826 1794 985 1854; x_wconf 85' lang='lat' dir='ltr'><em>potest</em></span> <span class='ocrx_word' id='word_1_91' title='bbox 1018 1797 1125 1837; x_wconf 87' lang='lat' dir='ltr'><em>esse</em></span> <span class='ocrx_word' id='word_1_92' title='bbox 1154 1782 1266 1837; x_wconf 89' lang='lat' dir='ltr'><em>sine</em></span> <span class='ocrx_word' id='word_1_93' title='bbox 1299 1779 1529 1842; x_wconf 79' lang='lat' dir='ltr'><em>ratione;</em></span> <span class='ocrx_word' id='word_1_94' title='bbox 1558 1777 1706 1847; x_wconf 89' lang='lat' dir='ltr'><em>quia,</em></span> <span class='ocrx_word' id='word_1_95' title='bbox 1737 1774 1970 1836; x_wconf 73' lang='lat' dir='ltr'><em>arbitror,</em></span> <span class='ocrx_word' id='word_1_96' title='bbox 2003 1786 2102 1824; x_wconf 88' lang='lat' dir='ltr'><em>non</em></span> 
     </span>
    </p>
   </div>
   <div class='ocr_carea' id='block_1_16' title="bbox 513 1862 2103 1942">
    <p class='ocr_par' dir='ltr' id='par_1_16' title="bbox 513 1862 2103 1942">
     <span class='ocr_line' id='line_1_16' title="bbox 513 1862 2103 1942; baseline -0.009 -10"><span class='ocrx_word' id='word_1_97' title='bbox 513 1888 637 1932; x_wconf 84' lang='lat' dir='ltr'><em>esset</em></span> <span class='ocrx_word' id='word_1_98' title='bbox 660 1877 931 1933; x_wconf 74' lang='lat' dir='ltr'><em>teternitas.</em></span> <span class='ocrx_word' id='word_1_99' title='bbox 965 1876 1009 1929; x_wconf 91' lang='lat' dir='ltr'><em>si</em></span> <span class='ocrx_word' id='word_1_100' title='bbox 1036 1875 1165 1928; x_wconf 91' lang='lat' dir='ltr'><em>ratio</em></span> <span class='ocrx_word' id='word_1_101' title='bbox 1198 1873 1309 1942; x_wconf 84' lang='lat' dir='ltr'><em>ipsa</em></span> <span class='ocrx_word' id='word_1_102' title='bbox 1339 1879 1527 1924; x_wconf 63' lang='lat' dir='ltr'><em>aeterna</em></span> <span class='ocrx_word' id='word_1_103' title='bbox 1550 1885 1649 1921; x_wconf 88' lang='lat' dir='ltr'><em>non</em></span> <span class='ocrx_word' id='word_1_104' title='bbox 1682 1866 1874 1935; x_wconf 82' lang='lat' dir='ltr'><em>fuisset.</em></span> <span class='ocrx_word' id='word_1_105' title='bbox 1906 1862 2103 1917; x_wconf 87' lang='lat' dir='ltr'><em>Deinde</em></span> 
     </span>
    </p>
   </div>
   <div class='ocr_carea' id='block_1_17' title="bbox 511 1956 2102 2035">
    <p class='ocr_par' dir='ltr' id='par_1_17' title="bbox 511 1956 2102 2035">
     <span class='ocr_line' id='line_1_17' title="bbox 511 1956 2102 2035; baseline -0.01 -11"><span class='ocrx_word' id='word_1_106' title='bbox 511 1969 675 2024; x_wconf 87' lang='lat' dir='ltr'><em>Deum</em></span> <span class='ocrx_word' id='word_1_107' title='bbox 720 1985 857 2035; x_wconf 84' lang='lat' dir='ltr'><em>esse,</em></span> <span class='ocrx_word' id='word_1_108' title='bbox 904 1966 983 2021; x_wconf 91' lang='lat' dir='ltr'><em>vel</em></span> <span class='ocrx_word' id='word_1_109' title='bbox 1023 1981 1128 2021; x_wconf 88' lang='lat' dir='ltr'><em>esse</em></span> <span class='ocrx_word' id='word_1_110' title='bbox 1168 1965 1422 2029; x_wconf 83' lang='lat' dir='ltr'><em>debuisse,</em></span> <span class='ocrx_word' id='word_1_111' title='bbox 1474 1977 1564 2015; x_wconf 89' lang='lat' dir='ltr'><em>nec</em></span> <span class='ocrx_word' id='word_1_112' title='bbox 1602 1960 1749 2013; x_wconf 66' lang='lat' dir='ltr'><em>aliter</em></span> <span class='ocrx_word' id='word_1_113' title='bbox 1776 1956 1889 2026; x_wconf 75' lang='lat' dir='ltr'><em>ﬁeri</em></span> <span class='ocrx_word' id='word_1_114' title='bbox 1927 1956 2102 2009; x_wconf 79' lang='lat' dir='ltr'><em>debere</em></span> 
     </span>
    </p>
   </div>
   <div class='ocr_carea' id='block_1_18' title="bbox 510 2048 2102 2134">
    <p class='ocr_par' dir='ltr' id='par_1_18' title="bbox 510 2048 2102 2134">
     <span class='ocr_line' id='line_1_18' title="bbox 510 2048 2102 2134; baseline -0.011 -18"><span class='ocrx_word' id='word_1_115' title='bbox 510 2076 661 2134; x_wconf 80' lang='lat' dir='ltr'><em>qnam</em></span> <span class='ocrx_word' id='word_1_116' title='bbox 684 2071 741 2115; x_wconf 84' lang='lat' dir='ltr'><em>ut</em></span> <span class='ocrx_word' id='word_1_117' title='bbox 764 2059 903 2114; x_wconf 90' lang='lat' dir='ltr'><em>Deus</em></span> <span class='ocrx_word' id='word_1_118' title='bbox 928 2067 1084 2126; x_wconf 82' lang='lat' dir='ltr'><em>esset,</em></span> <span class='ocrx_word' id='word_1_119' title='bbox 1117 2058 1248 2111; x_wconf 84' lang='lat' dir='ltr'><em>ratio</em></span> <span class='ocrx_word' id='word_1_120' title='bbox 1276 2056 1601 2109; x_wconf 76' lang='lat' dir='ltr'><em>demonstrat.</em></span> <span class='ocrx_word' id='word_1_121' title='bbox 1651 2052 1777 2116; x_wconf 76' lang='lat' dir='ltr'><em>Qua!</em></span> <span class='ocrx_word' id='word_1_122' title='bbox 1803 2048 1973 2120; x_wconf 81' lang='lat' dir='ltr'><em>utique</em></span> <span class='ocrx_word' id='word_1_123' title='bbox 2000 2048 2102 2100; x_wconf 81' lang='lat' dir='ltr'><em>sive</em></span> 
     </span>
    </p>
   </div>
   <div class='ocr_carea' id='block_1_19' title="bbox 512 2152 2097 2226">
    <p class='ocr_par' dir='ltr' id='par_1_19' title="bbox 512 2152 2097 2226">
     <span class='ocr_line' id='line_1_19' title="bbox 512 2152 2097 2226; baseline -0.012 -15"><span class='ocrx_word' id='word_1_124' title='bbox 512 2166 673 2211; x_wconf 79' lang='lat' dir='ltr'><em>essent</em></span> <span class='ocrx_word' id='word_1_125' title='bbox 700 2156 787 2226; x_wconf 82' lang='lat' dir='ltr'><em>qui</em></span> <span class='ocrx_word' id='word_1_126' title='bbox 811 2156 905 2209; x_wconf 80' lang='lat' dir='ltr'><em>hoc</em></span> <span class='ocrx_word' id='word_1_127' title='bbox 930 2155 1134 2219; x_wconf 79' lang='lat' dir='ltr'><em>scirent,</em></span> <span class='ocrx_word' id='word_1_128' title='bbox 1159 2156 1261 2207; x_wconf 89' lang='lat' dir='ltr'><em>sive</em></span> <span class='ocrx_word' id='word_1_129' title='bbox 1290 2166 1389 2204; x_wconf 85' lang='lat' dir='ltr'><em>non</em></span> <span class='ocrx_word' id='word_1_130' title='bbox 1418 2158 1599 2213; x_wconf 82' lang='lat' dir='ltr'><em>essent,</em></span> <span class='ocrx_word' id='word_1_131' title='bbox 1634 2156 1799 2199; x_wconf 86' lang='lat' dir='ltr'><em>tamen</em></span> <span class='ocrx_word' id='word_1_132' title='bbox 1822 2160 1933 2196; x_wconf 86' lang='lat' dir='ltr'><em>cum</em></span> <span class='ocrx_word' id='word_1_133' title='bbox 1951 2152 2097 2197; x_wconf 56' lang='lat' dir='ltr'><em>(vter-</em></span> 
     </span>
    </p>
   </div>
   <div class='ocr_carea' id='block_1_20' title="bbox 513 2236 2101 2313">
    <p class='ocr_par' dir='ltr' id='par_1_20' title="bbox 513 2236 2101 2313">
     <span class='ocr_line' id='line_1_20' title="bbox 513 2236 2101 2313; baseline -0.009 -12"><span class='ocrx_word' id='word_1_134' title='bbox 513 2263 608 2303; x_wconf 87' lang='lat' dir='ltr'><em>nus</em></span> <span class='ocrx_word' id='word_1_135' title='bbox 633 2248 697 2302; x_wconf 87' lang='lat' dir='ltr'><em>sit</em></span> <span class='ocrx_word' id='word_1_136' title='bbox 724 2246 880 2313; x_wconf 86' lang='lat' dir='ltr'><em>Deus,</em></span> <span class='ocrx_word' id='word_1_137' title='bbox 906 2246 1237 2300; x_wconf 80' lang='lat' dir='ltr'><em>dubitandum</em></span> <span class='ocrx_word' id='word_1_138' title='bbox 1260 2260 1357 2297; x_wconf 89' lang='lat' dir='ltr'><em>non</em></span> <span class='ocrx_word' id='word_1_139' title='bbox 1380 2252 1449 2296; x_wconf 82' lang='lat' dir='ltr'><em>cst</em></span> <span class='ocrx_word' id='word_1_140' title='bbox 1467 2251 1703 2296; x_wconf 78' lang='lat' dir='ltr'><em>wternam</em></span> <span class='ocrx_word' id='word_1_141' title='bbox 1725 2254 1833 2293; x_wconf 88' lang='lat' dir='ltr'><em>esse</em></span> <span class='ocrx_word' id='word_1_142' title='bbox 1858 2236 2101 2290; x_wconf 81' lang='lat' dir='ltr'><em>rationem</em></span> 
     </span>
    </p>
   </div>
   <div class='ocr_carea' id='block_1_21' title="bbox 510 2328 2099 2411">
    <p class='ocr_par' dir='ltr' id='par_1_21' title="bbox 510 2328 2099 2411">
     <span class='ocr_line' id='line_1_21' title="bbox 510 2328 2099 2411; baseline -0.009 -16"><span class='ocrx_word' id='word_1_143' title='bbox 510 2355 623 2411; x_wconf 66' lang='lat' dir='ltr'><em>qua!</em></span> <span class='ocrx_word' id='word_1_144' title='bbox 649 2337 810 2393; x_wconf 86' lang='lat' dir='ltr'><em>Deum</em></span> <span class='ocrx_word' id='word_1_145' title='bbox 830 2356 935 2395; x_wconf 86' lang='lat' dir='ltr'><em>esse</em></span> <span class='ocrx_word' id='word_1_146' title='bbox 959 2339 1237 2409; x_wconf 79' lang='lat' dir='ltr'><em>Oportuisse</em></span> <span class='ocrx_word' id='word_1_147' title='bbox 1265 2334 1560 2399; x_wconf 77' lang='lat' dir='ltr'><em>intenderet,</em></span> <span class='ocrx_word' id='word_1_148' title='bbox 1594 2342 1640 2387; x_wconf 90' lang='lat' dir='ltr'><em>et</em></span> <span class='ocrx_word' id='word_1_149' title='bbox 1667 2333 1735 2385; x_wconf 90' lang='lat' dir='ltr'><em>ita</em></span> <span class='ocrx_word' id='word_1_150' title='bbox 1763 2339 1816 2383; x_wconf 90' lang='lat' dir='ltr'><em>ut</em></span> <span class='ocrx_word' id='word_1_151' title='bbox 1839 2329 1918 2383; x_wconf 87' lang='lat' dir='ltr'><em>illi</em></span> <span class='ocrx_word' id='word_1_152' title='bbox 1942 2345 1994 2383; x_wconf 88' lang='lat' dir='ltr'><em>sc</em></span> <span class='ocrx_word' id='word_1_153' title='bbox 2014 2328 2099 2381; x_wconf 86' lang='lat' dir='ltr'><em>dc-</em></span> 
     </span>
    </p>
   </div>
   <div class='ocr_carea' id='block_1_22' title="bbox 513 2438 1293 2485">
    <p class='ocr_par' dir='ltr' id='par_1_22' title="bbox 513 2438 1293 2485">
     <span class='ocr_line' id='line_1_22' title="bbox 513 2438 1293 2485; baseline -0.006 0"><span class='ocrx_word' id='word_1_154' title='bbox 513 2438 817 2485; x_wconf 79' lang='lat' dir='ltr'><em>monstraret</em></span> <span class='ocrx_word' id='word_1_155' title='bbox 845 2447 949 2484; x_wconf 86' lang='lat' dir='ltr'><em>esse</em></span> <span class='ocrx_word' id='word_1_156' title='bbox 972 2439 1293 2483; x_wconf 78' lang='lat' dir='ltr'><em>coazternam.</em></span> 
     </span>
    </p>
   </div>
   <div class='ocr_carea' id='block_1_23' title="bbox 530 2512 2096 2591">
    <p class='ocr_par' dir='ltr' id='par_1_23' title="bbox 530 2512 2096 2591">
     <span class='ocr_line' id='line_1_23' title="bbox 530 2512 2096 2591; baseline -0.01 -13"><span class='ocrx_word' id='word_1_157' title='bbox 530 2538 533 2541; x_wconf 87' lang='lat'>&#39;</span> <span class='ocrx_word' id='word_1_158' title='bbox 582 2520 636 2577; x_wconf 72' lang='lat'><em>2.</em></span> <span class='ocrx_word' id='word_1_159' title='bbox 680 2521 818 2577; x_wconf 86' lang='lat' dir='ltr'><em>Sunt</em></span> <span class='ocrx_word' id='word_1_160' title='bbox 843 2532 1005 2574; x_wconf 81' lang='lat' dir='ltr'><em>autem</em></span> <span class='ocrx_word' id='word_1_161' title='bbox 1033 2520 1261 2591; x_wconf 61' lang='lat' dir='ltr'><em>quaedam</em></span> <span class='ocrx_word' id='word_1_162' title='bbox 1282 2534 1393 2589; x_wconf 76' lang='lat' dir='ltr'><em>qua:</em></span> <span class='ocrx_word' id='word_1_163' title='bbox 1410 2518 1604 2571; x_wconf 82' lang='lat' dir='ltr'><em>ratione</em></span> <span class='ocrx_word' id='word_1_164' title='bbox 1629 2521 1878 2585; x_wconf 78' lang='lat' dir='ltr'><em>coguntur</em></span> <span class='ocrx_word' id='word_1_165' title='bbox 1905 2521 1957 2565; x_wconf 88' lang='lat' dir='ltr'><em>ttt</em></span> <span class='ocrx_word' id='word_1_166' title='bbox 1978 2512 2096 2578; x_wconf 88' lang='lat' dir='ltr'><em>sint,</em></span> 
     </span>
    </p>
   </div>
   <div class='ocr_carea' id='block_1_24' title="bbox 511 2607 2101 2683">
    <p class='ocr_par' dir='ltr' id='par_1_24' title="bbox 511 2607 2101 2683">
     <span class='ocr_line' id='line_1_24' title="bbox 511 2607 2101 2683; baseline -0.008 -11"><span class='ocrx_word' id='word_1_167' title='bbox 511 2628 568 2673; x_wconf 89' lang='lat' dir='ltr'><em>ut</em></span> <span class='ocrx_word' id='word_1_168' title='bbox 595 2617 814 2672; x_wconf 84' lang='lat' dir='ltr'><em>anterior</em></span> <span class='ocrx_word' id='word_1_169' title='bbox 838 2617 903 2670; x_wconf 90' lang='lat' dir='ltr'><em>sit</em></span> <span class='ocrx_word' id='word_1_170' title='bbox 931 2616 1060 2669; x_wconf 93' lang='lat' dir='ltr'><em>ratio</em></span> <span class='ocrx_word' id='word_1_171' title='bbox 1077 2658 1090 2680; x_wconf 94' lang='lat'><em>,</em></span> <span class='ocrx_word' id='word_1_172' title='bbox 1121 2623 1167 2668; x_wconf 84' lang='lat' dir='ltr'><em>et</em></span> <span class='ocrx_word' id='word_1_173' title='bbox 1194 2612 1398 2681; x_wconf 71' lang='lat' dir='ltr'><em>effectus</em></span> <span class='ocrx_word' id='word_1_174' title='bbox 1429 2612 1676 2683; x_wconf 75' lang='lat' dir='ltr'><em>posterior</em></span> <span class='ocrx_word' id='word_1_175' title='bbox 1702 2609 1812 2679; x_wconf 87' lang='lat' dir='ltr'><em>ejus</em></span> <span class='ocrx_word' id='word_1_176' title='bbox 1839 2607 1911 2661; x_wconf 91' lang='lat' dir='ltr'><em>rei</em></span> <span class='ocrx_word' id='word_1_177' title='bbox 1948 2620 2101 2677; x_wconf 88' lang='lat' dir='ltr'><em>quam</em></span> 
     </span>
    </p>
   </div>
   <div class='ocr_carea' id='block_1_25' title="bbox 513 2701 2098 2783">
    <p class='ocr_par' dir='ltr' id='par_1_25' title="bbox 513 2701 2098 2783">
     <span class='ocr_line' id='line_1_25' title="bbox 513 2701 2098 2783; baseline -0.009 -18"><span class='ocrx_word' id='word_1_178' title='bbox 513 2713 740 2783; x_wconf 82' lang='lat' dir='ltr'><em>futuram</em></span> <span class='ocrx_word' id='word_1_179' title='bbox 768 2725 873 2763; x_wconf 85' lang='lat' dir='ltr'><em>esse</em></span> <span class='ocrx_word' id='word_1_180' title='bbox 898 2707 1111 2761; x_wconf 77' lang='lat' dir='ltr'><em>ostendit</em></span> <span class='ocrx_word' id='word_1_181' title='bbox 1141 2706 1269 2759; x_wconf 80' lang='lat' dir='ltr'><em>ratio</em></span> <span class='ocrx_word' id='word_1_182' title='bbox 1293 2721 1312 2759; x_wconf 87' lang='lat'><strong><em>:</em></strong></span> <span class='ocrx_word' id='word_1_183' title='bbox 1337 2713 1391 2757; x_wconf 87' lang='lat' dir='ltr'><em>ut</em></span> <span class='ocrx_word' id='word_1_184' title='bbox 1420 2703 1553 2757; x_wconf 82' lang='lat' dir='ltr'><em>verbi</em></span> <span class='ocrx_word' id='word_1_185' title='bbox 1593 2701 1779 2774; x_wconf 88' lang='lat' dir='ltr'><em>gratia,</em></span> <span class='ocrx_word' id='word_1_186' title='bbox 1808 2716 1921 2752; x_wconf 87' lang='lat' dir='ltr'><em>cum</em></span> <span class='ocrx_word' id='word_1_187' title='bbox 1950 2715 2098 2751; x_wconf 89' lang='lat' dir='ltr'><em>mun-</em></span> 
     </span>
    </p>
   </div>
   <div class='ocr_carea' id='block_1_26' title="bbox 511 2791 2100 2876">
    <p class='ocr_par' dir='ltr' id='par_1_26' title="bbox 511 2791 2100 2876">
     <span class='ocr_line' id='line_1_26' title="bbox 511 2791 2100 2876; baseline -0.008 -19"><span class='ocrx_word' id='word_1_188' title='bbox 511 2803 607 2858; x_wconf 85' lang='lat' dir='ltr'><em>dus</em></span> <span class='ocrx_word' id='word_1_189' title='bbox 638 2804 802 2876; x_wconf 88' lang='lat' dir='ltr'><em>factus</em></span> <span class='ocrx_word' id='word_1_190' title='bbox 820 2811 912 2865; x_wconf 86' lang='lat' dir='ltr'><em>est,</em></span> <span class='ocrx_word' id='word_1_191' title='bbox 937 2802 1065 2854; x_wconf 88' lang='lat' dir='ltr'><em>ratio</em></span> <span class='ocrx_word' id='word_1_192' title='bbox 1089 2799 1259 2853; x_wconf 79' lang='lat' dir='ltr'><em>habuit</em></span> <span class='ocrx_word' id='word_1_193' title='bbox 1288 2808 1344 2851; x_wconf 87' lang='lat' dir='ltr'><em>ut</em></span> <span class='ocrx_word' id='word_1_194' title='bbox 1374 2800 1513 2866; x_wconf 82' lang='lat' dir='ltr'><em>ﬁeret</em></span> <span class='ocrx_word' id='word_1_195' title='bbox 1542 2794 1780 2848; x_wconf 79' lang='lat' dir='ltr'><em>mundus.</em></span> <span class='ocrx_word' id='word_1_196' title='bbox 1812 2791 1964 2845; x_wconf 85' lang='lat' dir='ltr'><em>Prior</em></span> <span class='ocrx_word' id='word_1_197' title='bbox 1984 2808 2100 2862; x_wconf 88' lang='lat' dir='ltr'><em>ergo</em></span> 
     </span>
    </p>
   </div>
   <div class='ocr_carea' id='block_1_27' title="bbox 512 2883 2102 2965">
    <p class='ocr_par' dir='ltr' id='par_1_27' title="bbox 512 2883 2102 2965">
     <span class='ocr_line' id='line_1_27' title="bbox 512 2883 2102 2965; baseline -0.009 -15"><span class='ocrx_word' id='word_1_198' title='bbox 512 2896 643 2950; x_wconf 84' lang='lat' dir='ltr'><em>ratio</em></span> <span class='ocrx_word' id='word_1_199' title='bbox 673 2911 827 2965; x_wconf 90' lang='lat' dir='ltr'><em>quam</em></span> <span class='ocrx_word' id='word_1_200' title='bbox 849 2892 1066 2946; x_wconf 89' lang='lat' dir='ltr'><em>mundus</em></span> <span class='ocrx_word' id='word_1_201' title='bbox 1091 2900 1181 2945; x_wconf 90' lang='lat' dir='ltr'><em>est.</em></span> <span class='ocrx_word' id='word_1_202' title='bbox 1221 2890 1295 2943; x_wconf 62' lang='lat' dir='ltr'><em>lia</em></span> <span class='ocrx_word' id='word_1_203' title='bbox 1324 2906 1440 2961; x_wconf 86' lang='lat' dir='ltr'><em>ergo</em></span> <span class='ocrx_word' id='word_1_204' title='bbox 1467 2902 1579 2960; x_wconf 80' lang='lat' dir='ltr'><em>qute</em></span> <span class='ocrx_word' id='word_1_205' title='bbox 1606 2886 1747 2940; x_wconf 86' lang='lat' dir='ltr'><em>scivit</em></span> <span class='ocrx_word' id='word_1_206' title='bbox 1773 2885 1903 2939; x_wconf 87' lang='lat' dir='ltr'><em>ratio</em></span> <span class='ocrx_word' id='word_1_207' title='bbox 1930 2883 2102 2954; x_wconf 87' lang='lat' dir='ltr'><em>futura</em></span> 
     </span>
    </p>
   </div>
   <div class='ocr_carea' id='block_1_28' title="bbox 511 2973 2103 3053">
    <p class='ocr_par' dir='ltr' id='par_1_28' title="bbox 511 2973 2103 3053">
     <span class='ocr_line' id='line_1_28' title="bbox 511 2973 2103 3053; baseline -0.009 -11"><span class='ocrx_word' id='word_1_208' title='bbox 511 3004 636 3051; x_wconf 82' lang='lat' dir='ltr'><em>esse,</em></span> <span class='ocrx_word' id='word_1_209' title='bbox 667 2986 931 3040; x_wconf 84' lang='lat' dir='ltr'><em>subsecuta</em></span> <span class='ocrx_word' id='word_1_210' title='bbox 953 2992 1094 3049; x_wconf 90' lang='lat' dir='ltr'><em>sunt,</em></span> <span class='ocrx_word' id='word_1_211' title='bbox 1120 2991 1174 3036; x_wconf 90' lang='lat' dir='ltr'><em>ut</em></span> <span class='ocrx_word' id='word_1_212' title='bbox 1199 2983 1259 3035; x_wconf 86' lang='lat' dir='ltr'><em>sit</em></span> <span class='ocrx_word' id='word_1_213' title='bbox 1286 2981 1517 3053; x_wconf 74' lang='lat' dir='ltr'><em>princeps</em></span> <span class='ocrx_word' id='word_1_214' title='bbox 1544 2979 1695 3044; x_wconf 87' lang='lat' dir='ltr'><em>ratio,</em></span> <span class='ocrx_word' id='word_1_215' title='bbox 1727 2986 1900 3049; x_wconf 87' lang='lat' dir='ltr'><em>postea</em></span> <span class='ocrx_word' id='word_1_216' title='bbox 1926 2973 2103 3028; x_wconf 88' lang='lat' dir='ltr'><em>mundi</em></span> 
     </span>
    </p>
   </div>
   <div class='ocr_carea' id='block_1_29' title="bbox 511 3069 2140 3149">
    <p class='ocr_par' dir='ltr' id='par_1_29' title="bbox 511 3069 2140 3149">
     <span class='ocr_line' id='line_1_29' title="bbox 511 3069 2140 3149; baseline -0.007 -18"><span class='ocrx_word' id='word_1_217' title='bbox 511 3078 754 3149; x_wconf 83' lang='lat' dir='ltr'><em>operatio.</em></span> <span class='ocrx_word' id='word_1_218' title='bbox 788 3075 910 3130; x_wconf 78' lang='lat' dir='ltr'><em>lam</em></span> <span class='ocrx_word' id='word_1_219' title='bbox 936 3092 1067 3130; x_wconf 84' lang='lat' dir='ltr'><em>nunc</em></span> <span class='ocrx_word' id='word_1_220' title='bbox 1096 3075 1335 3145; x_wconf 84' lang='lat' dir='ltr'><em>quoniam</em></span> <span class='ocrx_word' id='word_1_221' title='bbox 1374 3072 1502 3126; x_wconf 82' lang='lat' dir='ltr'><em>ratio</em></span> <span class='ocrx_word' id='word_1_222' title='bbox 1527 3072 1743 3125; x_wconf 79' lang='lat' dir='ltr'><em>ostendit</em></span> <span class='ocrx_word' id='word_1_223' title='bbox 1773 3069 1937 3123; x_wconf 86' lang='lat' dir='ltr'><em>Deum</em></span> <span class='ocrx_word' id='word_1_224' title='bbox 1975 3085 2098 3135; x_wconf 85' lang='lat' dir='ltr'><em>esse,</em></span> <span class='ocrx_word' id='word_1_225' title='bbox 2126 3108 2140 3115; x_wconf 75' lang='lat'><em>-</em></span> 
     </span>
    </p>
   </div>
   <div class='ocr_carea' id='block_1_30' title="bbox 510 3163 2104 3236">
    <p class='ocr_par' dir='ltr' id='par_1_30' title="bbox 510 3163 2104 3236">
     <span class='ocr_line' id='line_1_30' title="bbox 510 3163 2104 3236; baseline -0.007 -11"><span class='ocrx_word' id='word_1_226' title='bbox 510 3171 588 3225; x_wconf 84' lang='lat' dir='ltr'><em>vel</em></span> <span class='ocrx_word' id='word_1_227' title='bbox 628 3187 825 3225; x_wconf 84' lang='lat' dir='ltr'><em>necesse</em></span> <span class='ocrx_word' id='word_1_228' title='bbox 868 3186 971 3224; x_wconf 86' lang='lat' dir='ltr'><em>esse</em></span> <span class='ocrx_word' id='word_1_229' title='bbox 1007 3179 1060 3222; x_wconf 90' lang='lat' dir='ltr'><em>ut</em></span> <span class='ocrx_word' id='word_1_230' title='bbox 1101 3166 1241 3221; x_wconf 86' lang='lat' dir='ltr'><em>Deus</em></span> <span class='ocrx_word' id='word_1_231' title='bbox 1280 3175 1437 3234; x_wconf 89' lang='lat' dir='ltr'><em>esset,</em></span> <span class='ocrx_word' id='word_1_232' title='bbox 1464 3164 1585 3236; x_wconf 88' lang='lat' dir='ltr'><em>quid</em></span> <span class='ocrx_word' id='word_1_233' title='bbox 1610 3165 1692 3219; x_wconf 87' lang='lat' dir='ltr'><em>cui</em></span> <span class='ocrx_word' id='word_1_234' title='bbox 1714 3163 2104 3236; x_wconf 76' lang='lat' dir='ltr'><em>prteponemus?</em></span> 
     </span>
    </p>
   </div>
   <div class='ocr_carea' id='block_1_31' title="bbox 509 3255 2099 3328">
    <p class='ocr_par' dir='ltr' id='par_1_31' title="bbox 509 3255 2099 3328">
     <span class='ocr_line' id='line_1_31' title="bbox 509 3255 2099 3328; baseline -0.007 -11"><span class='ocrx_word' id='word_1_235' title='bbox 509 3264 753 3317; x_wconf 86' lang='lat' dir='ltr'><em>rationem</em></span> <span class='ocrx_word' id='word_1_236' title='bbox 781 3260 889 3315; x_wconf 84' lang='lat' dir='ltr'><em>Deo</em></span> <span class='ocrx_word' id='word_1_237' title='bbox 913 3302 929 3328; x_wconf 94' lang='lat'><em>,</em></span> <span class='ocrx_word' id='word_1_238' title='bbox 957 3269 1044 3313; x_wconf 88' lang='lat' dir='ltr'><em>aut</em></span> <span class='ocrx_word' id='word_1_239' title='bbox 1071 3261 1316 3315; x_wconf 89' lang='lat' dir='ltr'><em>rationem</em></span> <span class='ocrx_word' id='word_1_240' title='bbox 1344 3258 1531 3313; x_wconf 89' lang='lat' dir='ltr'><em>mundo</em></span> <span class='ocrx_word' id='word_1_241' title='bbox 1553 3299 1567 3321; x_wconf 95' lang='lat'><em>,</em></span> <span class='ocrx_word' id='word_1_242' title='bbox 1594 3275 1661 3310; x_wconf 89' lang='lat' dir='ltr'><em>an</em></span> <span class='ocrx_word' id='word_1_243' title='bbox 1691 3255 1853 3310; x_wconf 90' lang='lat' dir='ltr'><em>Deum</em></span> <span class='ocrx_word' id='word_1_244' title='bbox 1882 3255 2099 3320; x_wconf 88' lang='lat' dir='ltr'><em>rationi,</em></span> 
     </span>
    </p>
   </div>
   <div class='ocr_carea' id='block_1_32' title="bbox 511 3347 2103 3426">
    <p class='ocr_par' dir='ltr' id='par_1_32' title="bbox 511 3347 2103 3426">
     <span class='ocr_line' id='line_1_32' title="bbox 511 3347 2103 3426; baseline -0.006 -17"><span class='ocrx_word' id='word_1_245' title='bbox 511 3358 620 3413; x_wconf 84' lang='lat' dir='ltr'><em>sine</em></span> <span class='ocrx_word' id='word_1_246' title='bbox 656 3371 754 3426; x_wconf 82' lang='lat' dir='ltr'><em>qua</em></span> <span class='ocrx_word' id='word_1_247' title='bbox 792 3353 959 3408; x_wconf 88' lang='lat' dir='ltr'><em>Deum</em></span> <span class='ocrx_word' id='word_1_248' title='bbox 1004 3354 1292 3407; x_wconf 79' lang='lat' dir='ltr'><em>nullatenus</em></span> <span class='ocrx_word' id='word_1_249' title='bbox 1326 3366 1433 3405; x_wconf 89' lang='lat' dir='ltr'><em>esse</em></span> <span class='ocrx_word' id='word_1_250' title='bbox 1474 3347 1730 3419; x_wconf 84' lang='lat' dir='ltr'><em>probabile</em></span> <span class='ocrx_word' id='word_1_251' title='bbox 1766 3348 1878 3403; x_wconf 82' lang='lat' dir='ltr'><em>est?</em></span> <span class='ocrx_word' id='word_1_252' title='bbox 1906 3348 1949 3403; x_wconf 92' lang='lat' dir='ltr'><em>si</em></span> <span class='ocrx_word' id='word_1_253' title='bbox 1972 3347 2103 3401; x_wconf 89' lang='lat' dir='ltr'><em>enim</em></span> 
     </span>
    </p>
   </div>
   <div class='ocr_carea' id='block_1_33' title="bbox 517 3445 2103 3514">
    <p class='ocr_par' dir='ltr' id='par_1_33' title="bbox 517 3445 2103 3514">
     <span class='ocr_line' id='line_1_33' title="bbox 517 3445 2103 3514; baseline -0.007 -10"><span class='ocrx_word' id='word_1_254' title='bbox 517 3449 683 3504; x_wconf 83' lang='lat' dir='ltr'><em>Deum</em></span> <span class='ocrx_word' id='word_1_255' title='bbox 710 3466 811 3505; x_wconf 86' lang='lat' dir='ltr'><em>esse</em></span> <span class='ocrx_word' id='word_1_256' title='bbox 834 3458 1075 3504; x_wconf 63' lang='lat' dir='ltr'><em>aeternum</em></span> <span class='ocrx_word' id='word_1_257' title='bbox 1095 3487 1112 3514; x_wconf 88' lang='lat'><em>,</em></span> <span class='ocrx_word' id='word_1_258' title='bbox 1152 3456 1226 3501; x_wconf 84' lang='lat' dir='ltr'><em>est</em></span> <span class='ocrx_word' id='word_1_259' title='bbox 1254 3445 1450 3499; x_wconf 87' lang='lat' dir='ltr'><em>ratione</em></span> <span class='ocrx_word' id='word_1_260' title='bbox 1477 3460 1583 3497; x_wconf 88' lang='lat' dir='ltr'><em>esse</em></span> <span class='ocrx_word' id='word_1_261' title='bbox 1607 3452 1868 3509; x_wconf 77' lang='lat' dir='ltr'><em>ceternum,</em></span> <span class='ocrx_word' id='word_1_262' title='bbox 1892 3456 2005 3512; x_wconf 69' lang='lat' dir='ltr'><em>qua:</em></span> <span class='ocrx_word' id='word_1_263' title='bbox 2032 3448 2103 3495; x_wconf 89' lang='lat' dir='ltr'><em>est</em></span> 
     </span>
    </p>
   </div>
   <div class='ocr_carea' id='block_1_34' title="bbox 512 3533 2103 3614">
    <p class='ocr_par' dir='ltr' id='par_1_34' title="bbox 512 3533 2103 3614">
     <span class='ocr_line' id='line_1_34' title="bbox 512 3533 2103 3614; baseline -0.008 -17"><span class='ocrx_word' id='word_1_264' title='bbox 512 3543 684 3597; x_wconf 87' lang='lat' dir='ltr'><em>ratio?</em></span> <span class='ocrx_word' id='word_1_265' title='bbox 716 3537 850 3614; x_wconf 86' lang='lat' dir='ltr'><em>Ergo</em></span> <span class='ocrx_word' id='word_1_266' title='bbox 872 3550 960 3594; x_wconf 84' lang='lat' dir='ltr'><em>aut</em></span> <span class='ocrx_word' id='word_1_267' title='bbox 984 3540 1115 3594; x_wconf 85' lang='lat' dir='ltr'><em>Deus</em></span> <span class='ocrx_word' id='word_1_268' title='bbox 1146 3547 1243 3606; x_wconf 84' lang='lat' dir='ltr'><em>est,</em></span> <span class='ocrx_word' id='word_1_269' title='bbox 1270 3547 1358 3591; x_wconf 89' lang='lat' dir='ltr'><em>aut</em></span> <span class='ocrx_word' id='word_1_270' title='bbox 1384 3536 1478 3591; x_wconf 87' lang='lat' dir='ltr'><em>Dei</em></span> <span class='ocrx_word' id='word_1_271' title='bbox 1507 3544 1599 3600; x_wconf 89' lang='lat' dir='ltr'><em>est,</em></span> <span class='ocrx_word' id='word_1_272' title='bbox 1624 3544 1677 3589; x_wconf 90' lang='lat' dir='ltr'><em>ut</em></span> <span class='ocrx_word' id='word_1_273' title='bbox 1704 3536 1816 3606; x_wconf 88' lang='lat' dir='ltr'><em>ipsa</em></span> <span class='ocrx_word' id='word_1_274' title='bbox 1845 3533 1987 3588; x_wconf 86' lang='lat' dir='ltr'><em>docet</em></span> <span class='ocrx_word' id='word_1_275' title='bbox 2013 3550 2103 3588; x_wconf 86' lang='lat' dir='ltr'><em>ra-</em></span> 
     </span>
    </p>
   </div>
   <div class='ocr_carea' id='block_1_35' title="bbox 511 3627 2102 3707">
    <p class='ocr_par' dir='ltr' id='par_1_35' title="bbox 511 3627 2102 3707">
     <span class='ocr_line' id='line_1_35' title="bbox 511 3627 2102 3707; baseline -0.008 -15"><span class='ocrx_word' id='word_1_276' title='bbox 511 3638 580 3692; x_wconf 88' lang='lat' dir='ltr'><em>tio</em></span> <span class='ocrx_word' id='word_1_277' title='bbox 607 3653 625 3691; x_wconf 88' lang='lat'><strong><em>:</em></strong></span> <span class='ocrx_word' id='word_1_278' title='bbox 649 3652 763 3707; x_wconf 75' lang='lat' dir='ltr'><em>qua:</em></span> <span class='ocrx_word' id='word_1_279' title='bbox 790 3638 833 3691; x_wconf 89' lang='lat' dir='ltr'><em>si</em></span> <span class='ocrx_word' id='word_1_280' title='bbox 863 3638 975 3707; x_wconf 88' lang='lat' dir='ltr'><em>ipsa</em></span> <span class='ocrx_word' id='word_1_281' title='bbox 1005 3643 1077 3689; x_wconf 83' lang='lat' dir='ltr'><em>est</em></span> <span class='ocrx_word' id='word_1_282' title='bbox 1103 3633 1269 3697; x_wconf 86' lang='lat' dir='ltr'><em>Deus,</em></span> <span class='ocrx_word' id='word_1_283' title='bbox 1298 3633 1429 3686; x_wconf 85' lang='lat' dir='ltr'><em>ratio</em></span> <span class='ocrx_word' id='word_1_284' title='bbox 1456 3629 1669 3685; x_wconf 86' lang='lat' dir='ltr'><em>ostendit</em></span> <span class='ocrx_word' id='word_1_285' title='bbox 1696 3627 1859 3683; x_wconf 89' lang='lat' dir='ltr'><em>Deum</em></span> <span class='ocrx_word' id='word_1_286' title='bbox 1885 3644 1991 3682; x_wconf 88' lang='lat' dir='ltr'><em>esse</em></span> <span class='ocrx_word' id='word_1_287' title='bbox 2014 3644 2102 3681; x_wconf 90' lang='lat' dir='ltr'><em>ra-</em></span> 
     </span>
    </p>
   </div>
   <div class='ocr_carea' id='block_1_36' title="bbox 512 3719 2103 3799">
    <p class='ocr_par' dir='ltr' id='par_1_36' title="bbox 512 3719 2103 3799">
     <span class='ocr_line' id='line_1_36' title="bbox 512 3719 2103 3799; baseline -0.006 -15"><span class='ocrx_word' id='word_1_288' title='bbox 512 3730 717 3796; x_wconf 88' lang='lat' dir='ltr'><em>tionem,</em></span> <span class='ocrx_word' id='word_1_289' title='bbox 746 3737 793 3783; x_wconf 90' lang='lat' dir='ltr'><em>et</em></span> <span class='ocrx_word' id='word_1_290' title='bbox 824 3737 1031 3799; x_wconf 83' lang='lat' dir='ltr'><em>possunt</em></span> <span class='ocrx_word' id='word_1_291' title='bbox 1058 3727 1154 3782; x_wconf 87' lang='lat' dir='ltr'><em>ista</em></span> <span class='ocrx_word' id='word_1_292' title='bbox 1178 3740 1347 3779; x_wconf 78' lang='lat' dir='ltr'><em>coceva</em></span> <span class='ocrx_word' id='word_1_293' title='bbox 1371 3734 1416 3777; x_wconf 87' lang='lat' dir='ltr'><em>et</em></span> <span class='ocrx_word' id='word_1_294' title='bbox 1433 3732 1682 3777; x_wconf 73' lang='lat' dir='ltr'><em>cowterna</em></span> <span class='ocrx_word' id='word_1_295' title='bbox 1703 3736 1825 3775; x_wconf 87' lang='lat' dir='ltr'><em>esse.</em></span> <span class='ocrx_word' id='word_1_296' title='bbox 1852 3719 1911 3776; x_wconf 90' lang='lat' dir='ltr'><em>Si</em></span> <span class='ocrx_word' id='word_1_297' title='bbox 1936 3728 2103 3774; x_wconf 88' lang='lat' dir='ltr'><em>autem</em></span> 
     </span>
    </p>
   </div>
   <div class='ocr_carea' id='block_1_37' title="bbox 512 3798 2106 3881">
    <p class='ocr_par' dir='ltr' id='par_1_37' title="bbox 512 3798 2106 3881">
     <span class='ocr_line' id='line_1_37' title="bbox 512 3798 2106 3881; baseline -0.004 -7"><span class='ocrx_word' id='word_1_298' title='bbox 512 3820 609 3874; x_wconf 90' lang='lat' dir='ltr'><em>Dei</em></span> <span class='ocrx_word' id='word_1_299' title='bbox 632 3830 706 3875; x_wconf 87' lang='lat' dir='ltr'><em>est</em></span> <span class='ocrx_word' id='word_1_300' title='bbox 733 3798 1011 3874; x_wconf 81' lang='lat' dir='ltr'><em>similitudo</em></span> <span class='ocrx_word' id='word_1_301' title='bbox 1041 3819 1148 3871; x_wconf 72' lang='lat' dir='ltr'><em>lucc</em></span> <span class='ocrx_word' id='word_1_302' title='bbox 1175 3816 1326 3881; x_wconf 88' lang='lat' dir='ltr'><em>ratio,</em></span> <span class='ocrx_word' id='word_1_303' title='bbox 1358 3813 1574 3869; x_wconf 80' lang='lat' dir='ltr'><em>ostendit</em></span> <span class='ocrx_word' id='word_1_304' title='bbox 1601 3813 1848 3866; x_wconf 85' lang='lat' dir='ltr'><em>rationem</em></span> <span class='ocrx_word' id='word_1_305' title='bbox 1876 3810 1974 3865; x_wconf 87' lang='lat' dir='ltr'><em>Dei</em></span> <span class='ocrx_word' id='word_1_306' title='bbox 1999 3827 2106 3867; x_wconf 87' lang='lat' dir='ltr'><em>esse</em></span> 
     </span>
    </p>
   </div>
   <div class='ocr_carea' id='block_1_38' title="bbox 513 3902 2104 3974">
    <p class='ocr_par' dir='ltr' id='par_1_38' title="bbox 513 3902 2104 3974">
     <span class='ocr_line' id='line_1_38' title="bbox 513 3902 2104 3974; baseline -0.006 -10"><span class='ocrx_word' id='word_1_307' title='bbox 513 3911 741 3965; x_wconf 82' lang='lat' dir='ltr'><em>similiter</em></span> <span class='ocrx_word' id='word_1_308' title='bbox 764 3925 785 3974; x_wconf 57' lang='grc' dir='ltr'><em>τ,</em></span> <span class='ocrx_word' id='word_1_309' title='bbox 805 3919 849 3963; x_wconf 90' lang='lat' dir='ltr'><em>et</em></span> <span class='ocrx_word' id='word_1_310' title='bbox 872 3909 964 3963; x_wconf 84' lang='lat' dir='ltr'><em>hoc</em></span> <span class='ocrx_word' id='word_1_311' title='bbox 986 3909 1075 3963; x_wconf 87' lang='lat' dir='ltr'><em>erit</em></span> <span class='ocrx_word' id='word_1_312' title='bbox 1099 3922 1319 3962; x_wconf 79' lang='lat' dir='ltr'><em>catevum</em></span> <span class='ocrx_word' id='word_1_313' title='bbox 1340 3915 1386 3960; x_wconf 89' lang='lat' dir='ltr'><em>et</em></span> <span class='ocrx_word' id='word_1_314' title='bbox 1408 3914 1731 3960; x_wconf 74' lang='lat' dir='ltr'><em>cowternum.</em></span> <span class='ocrx_word' id='word_1_315' title='bbox 1756 3902 1919 3956; x_wconf 89' lang='lat' dir='ltr'><em>Deum</em></span> <span class='ocrx_word' id='word_1_316' title='bbox 1939 3914 2104 3957; x_wconf 87' lang='lat' dir='ltr'><em>autem</em></span> 
     </span>
    </p>
   </div>
   <div class='ocr_carea' id='block_1_39' title="bbox 427 3992 2100 4074">
    <p class='ocr_par' dir='ltr' id='par_1_39' title="bbox 427 3992 2100 4074">
     <span class='ocr_line' id='line_1_39' title="bbox 427 3992 2100 4074; baseline -0.004 -15"><span class='ocrx_word' id='word_1_317' title='bbox 427 4016 434 4022; x_wconf 88' lang='lat'>&#39;</span> <span class='ocrx_word' id='word_1_318' title='bbox 514 4016 620 4058; x_wconf 82' lang='lat' dir='ltr'><em>esse</em></span> <span class='ocrx_word' id='word_1_319' title='bbox 646 4003 878 4058; x_wconf 86' lang='lat' dir='ltr'><em>similiter</em></span> <span class='ocrx_word' id='word_1_320' title='bbox 907 4004 1019 4071; x_wconf 80' lang='lat' dir='ltr'><em>ﬁeri</em></span> <span class='ocrx_word' id='word_1_321' title='bbox 1048 4020 1147 4055; x_wconf 89' lang='lat' dir='ltr'><em>non</em></span> <span class='ocrx_word' id='word_1_322' title='bbox 1178 4017 1340 4074; x_wconf 83' lang='lat' dir='ltr'><em>posse,</em></span> <span class='ocrx_word' id='word_1_323' title='bbox 1374 4000 1472 4055; x_wconf 86' lang='lat' dir='ltr'><em>nisi</em></span> <span class='ocrx_word' id='word_1_324' title='bbox 1493 4008 1619 4054; x_wconf 85' lang='lat' dir='ltr'><em>esset</em></span> <span class='ocrx_word' id='word_1_325' title='bbox 1645 3997 1804 4066; x_wconf 88' lang='lat' dir='ltr'><em>Deus,</em></span> <span class='ocrx_word' id='word_1_326' title='bbox 1834 3992 1945 4067; x_wconf 86' lang='lat' dir='ltr'><em>ipsa</em></span> <span class='ocrx_word' id='word_1_327' title='bbox 1972 3998 2100 4052; x_wconf 88' lang='lat' dir='ltr'><em>ratio</em></span> 
     </span>
    </p>
   </div>
   <div class='ocr_carea' id='block_1_40' title="bbox 514 4090 2099 4166">
    <p class='ocr_par' dir='ltr' id='par_1_40' title="bbox 514 4090 2099 4166">
     <span class='ocr_line' id='line_1_40' title="bbox 514 4090 2099 4166; baseline -0.006 -15"><span class='ocrx_word' id='word_1_328' title='bbox 514 4096 731 4151; x_wconf 82' lang='lat' dir='ltr'><em>ostendit</em></span> <span class='ocrx_word' id='word_1_329' title='bbox 756 4112 775 4151; x_wconf 91' lang='lat'><strong><em>:</em></strong></span> <span class='ocrx_word' id='word_1_330' title='bbox 800 4111 912 4166; x_wconf 67' lang='lat' dir='ltr'><em>quae</em></span> <span class='ocrx_word' id='word_1_331' title='bbox 934 4095 1066 4149; x_wconf 89' lang='lat' dir='ltr'><em>ratio</em></span> <span class='ocrx_word' id='word_1_332' title='bbox 1101 4094 1145 4149; x_wconf 88' lang='lat' dir='ltr'><em>si</em></span> <span class='ocrx_word' id='word_1_333' title='bbox 1173 4093 1435 4163; x_wconf 79' lang='lat' dir='ltr'><em>auferatur</em></span> <span class='ocrx_word' id='word_1_334' title='bbox 1454 4132 1468 4158; x_wconf 95' lang='lat'><em>,</em></span> <span class='ocrx_word' id='word_1_335' title='bbox 1510 4090 1646 4164; x_wconf 88' lang='lat' dir='ltr'><em>quod</em></span> <span class='ocrx_word' id='word_1_336' title='bbox 1670 4091 1808 4144; x_wconf 83' lang='lat' dir='ltr'><em>dictu</em></span> <span class='ocrx_word' id='word_1_337' title='bbox 1838 4090 1980 4159; x_wconf 80' lang='lat' dir='ltr'><em>nefas</em></span> <span class='ocrx_word' id='word_1_338' title='bbox 2008 4097 2099 4157; x_wconf 86' lang='lat' dir='ltr'><em>est,</em></span> 
     </span>
    </p>
   </div>
   <div class='ocr_carea' id='block_1_41' title="bbox 513 4182 2106 4254">
    <p class='ocr_par' dir='ltr' id='par_1_41' title="bbox 513 4182 2106 4254">
     <span class='ocr_line' id='line_1_41' title="bbox 513 4182 2106 4254; baseline -0.004 -13"><span class='ocrx_word' id='word_1_339' title='bbox 513 4203 613 4241; x_wconf 77' lang='lat' dir='ltr'><em>non</em></span> <span class='ocrx_word' id='word_1_340' title='bbox 661 4187 755 4241; x_wconf 86' lang='lat' dir='ltr'><em>erit</em></span> <span class='ocrx_word' id='word_1_341' title='bbox 801 4185 940 4241; x_wconf 85' lang='lat' dir='ltr'><em>Deus</em></span> <span class='ocrx_word' id='word_1_342' title='bbox 963 4229 979 4254; x_wconf 97' lang='lat'><em>,</em></span> <span class='ocrx_word' id='word_1_343' title='bbox 1026 4186 1071 4240; x_wconf 87' lang='lat' dir='ltr'><em>si</em></span> <span class='ocrx_word' id='word_1_344' title='bbox 1119 4186 1253 4238; x_wconf 86' lang='lat' dir='ltr'><em>ratio</em></span> <span class='ocrx_word' id='word_1_345' title='bbox 1297 4200 1399 4238; x_wconf 84' lang='lat' dir='ltr'><em>non</em></span> <span class='ocrx_word' id='word_1_346' title='bbox 1451 4182 1722 4245; x_wconf 83' lang='lat' dir='ltr'><em>ostenderit</em></span> <span class='ocrx_word' id='word_1_347' title='bbox 1765 4196 1963 4237; x_wconf 83' lang='lat' dir='ltr'><em>necesse</em></span> <span class='ocrx_word' id='word_1_348' title='bbox 2000 4195 2106 4235; x_wconf 87' lang='lat' dir='ltr'><em>esse</em></span> 
     </span>
    </p>
   </div>
   <div class='ocr_carea' id='block_1_42' title="bbox 514 4263 2106 4350">
    <p class='ocr_par' dir='ltr' id='par_1_42' title="bbox 514 4263 2106 4350">
     <span class='ocr_line' id='line_1_42' title="bbox 514 4263 2106 4350; baseline -0.005 -17"><span class='ocrx_word' id='word_1_349' title='bbox 514 4278 699 4333; x_wconf 70' lang='lat' dir='ltr'><em>Deum.</em></span> <span class='ocrx_word' id='word_1_350' title='bbox 735 4276 880 4333; x_wconf 77' lang='lat' dir='ltr'><em>Tunc</em></span> <span class='ocrx_word' id='word_1_351' title='bbox 904 4294 1023 4350; x_wconf 81' lang='lat' dir='ltr'><em>ergo</em></span> <span class='ocrx_word' id='word_1_352' title='bbox 1062 4276 1199 4332; x_wconf 85' lang='lat' dir='ltr'><em>Deus</em></span> <span class='ocrx_word' id='word_1_353' title='bbox 1228 4284 1319 4344; x_wconf 87' lang='lat' dir='ltr'><em>est,</em></span> <span class='ocrx_word' id='word_1_354' title='bbox 1352 4263 1466 4330; x_wconf 80' lang='lat' dir='ltr'><em>cum</em></span> <span class='ocrx_word' id='word_1_355' title='bbox 1497 4276 1604 4346; x_wconf 84' lang='lat' dir='ltr'><em>ejus</em></span> <span class='ocrx_word' id='word_1_356' title='bbox 1637 4275 1769 4329; x_wconf 88' lang='lat' dir='ltr'><em>ratio</em></span> <span class='ocrx_word' id='word_1_357' title='bbox 1805 4272 2021 4329; x_wconf 83' lang='lat' dir='ltr'><em>ostendit</em></span> <span class='ocrx_word' id='word_1_358' title='bbox 2051 4280 2106 4325; x_wconf 90' lang='lat' dir='ltr'><em>ut</em></span> 
     </span>
    </p>
   </div>
   <div class='ocr_carea' id='block_1_43' title="bbox 514 4366 2107 4441">
    <p class='ocr_par' dir='ltr' id='par_1_43' title="bbox 514 4366 2107 4441">
     <span class='ocr_line' id='line_1_43' title="bbox 514 4366 2107 4441; baseline -0.004 -16"><span class='ocrx_word' id='word_1_359' title='bbox 514 4372 581 4424; x_wconf 80' lang='lat' dir='ltr'><em>sit</em></span> <span class='ocrx_word' id='word_1_360' title='bbox 614 4370 769 4425; x_wconf 71' lang='lat' dir='ltr'><em>Dem.</em></span> <span class='ocrx_word' id='word_1_361' title='bbox 805 4369 943 4425; x_wconf 81' lang='lat' dir='ltr'><em>Deus</em></span> <span class='ocrx_word' id='word_1_362' title='bbox 965 4386 1083 4441; x_wconf 76' lang='lat' dir='ltr'><em>ergo</em></span> <span class='ocrx_word' id='word_1_363' title='bbox 1110 4369 1233 4441; x_wconf 84' lang='lat' dir='ltr'><em>quia</em></span> <span class='ocrx_word' id='word_1_364' title='bbox 1259 4376 1332 4423; x_wconf 85' lang='lat' dir='ltr'><em>est</em></span> <span class='ocrx_word' id='word_1_365' title='bbox 1356 4383 1372 4423; x_wconf 93' lang='lat'><em>:</em></span> <span class='ocrx_word' id='word_1_366' title='bbox 1401 4371 1508 4422; x_wconf 71' lang='lat' dir='ltr'><em>sine</em></span> <span class='ocrx_word' id='word_1_367' title='bbox 1537 4366 1687 4421; x_wconf 85' lang='lat' dir='ltr'><em>dubio</em></span> <span class='ocrx_word' id='word_1_368' title='bbox 1725 4374 1801 4421; x_wconf 81' lang='lat' dir='ltr'><em>est</em></span> <span class='ocrx_word' id='word_1_369' title='bbox 1831 4366 1963 4420; x_wconf 88' lang='lat' dir='ltr'><em>ratio</em></span> <span class='ocrx_word' id='word_1_370' title='bbox 1995 4376 2107 4436; x_wconf 74' lang='lat' dir='ltr'><em>qua:</em></span> 
     </span>
    </p>
   </div>
   <div class='ocr_carea' id='block_1_44' title="bbox 518 4463 945 4535">
    <p class='ocr_par' dir='ltr' id='par_1_44' title="bbox 518 4463 945 4535">
     <span class='ocr_line' id='line_1_44' title="bbox 518 4463 945 4535; baseline 0.005 -18"><span class='ocrx_word' id='word_1_371' title='bbox 518 4465 689 4518; x_wconf 75' lang='lat' dir='ltr'><em>decuit</em></span> <span class='ocrx_word' id='word_1_372' title='bbox 709 4463 827 4535; x_wconf 87' lang='lat' dir='ltr'><em>quia</em></span> <span class='ocrx_word' id='word_1_373' title='bbox 853 4474 945 4519; x_wconf 85' lang='lat' dir='ltr'><em>est.</em></span> 
     </span>
    </p>
   </div>
   <div class='ocr_carea' id='block_1_45' title="bbox 590 4550 2103 4627">
    <p class='ocr_par' dir='ltr' id='par_1_45' title="bbox 590 4550 2103 4627">
     <span class='ocr_line' id='line_1_45' title="bbox 590 4550 2103 4627; baseline -0.005 -18"><span class='ocrx_word' id='word_1_374' title='bbox 590 4558 642 4609; x_wconf 72' lang='grc'><strong>5.</strong></span> <span class='ocrx_word' id='word_1_375' title='bbox 689 4556 825 4621; x_wconf 82' lang='lat' dir='ltr'><em>Quid</em></span> <span class='ocrx_word' id='word_1_376' title='bbox 851 4571 970 4627; x_wconf 79' lang='lat' dir='ltr'><em>ergo</em></span> <span class='ocrx_word' id='word_1_377' title='bbox 992 4564 1084 4622; x_wconf 83' lang='lat' dir='ltr'><em>est,</em></span> <span class='ocrx_word' id='word_1_378' title='bbox 1112 4556 1157 4610; x_wconf 87' lang='lat' dir='ltr'><em>si</em></span> <span class='ocrx_word' id='word_1_379' title='bbox 1181 4555 1282 4609; x_wconf 80' lang='lat' dir='ltr'><em>dici</em></span> <span class='ocrx_word' id='word_1_380' title='bbox 1306 4562 1486 4623; x_wconf 81' lang='lat' dir='ltr'><em>potest,</em></span> <span class='ocrx_word' id='word_1_381' title='bbox 1514 4553 1567 4606; x_wconf 85' lang='lat' dir='ltr'><em>in</em></span> <span class='ocrx_word' id='word_1_382' title='bbox 1598 4550 1705 4606; x_wconf 75' lang='lat' dir='ltr'><em>Deo</em></span> <span class='ocrx_word' id='word_1_383' title='bbox 1732 4551 1949 4622; x_wconf 87' lang='lat' dir='ltr'><em>primum</em></span> <span class='ocrx_word' id='word_1_384' title='bbox 1969 4592 1984 4617; x_wconf 96' lang='lat'><em>,</em></span> <span class='ocrx_word' id='word_1_385' title='bbox 2014 4564 2103 4603; x_wconf 76' lang='lat' dir='ltr'><em>rn-</em></span> 
     </span>
    </p>
   </div>
   <div class='ocr_carea' id='block_1_46' title="bbox 414 4642 2109 4729">
    <p class='ocr_par' dir='ltr' id='par_1_46' title="bbox 414 4642 2109 4729">
     <span class='ocr_line' id='line_1_46' title="bbox 414 4642 2109 4729; baseline -0.006 -26"><span class='ocrx_word' id='word_1_386' title='bbox 414 4719 435 4729; x_wconf 22' lang='grc' dir='ltr'>χ</span> <span class='ocrx_word' id='word_1_387' title='bbox 496 4647 606 4715; x_wconf 69' lang='lat' dir='ltr'><em>&#39;ﬁo,</em></span> <span class='ocrx_word' id='word_1_388' title='bbox 641 4664 705 4701; x_wconf 87' lang='lat' dir='ltr'><em>an</em></span> <span class='ocrx_word' id='word_1_389' title='bbox 732 4647 913 4702; x_wconf 80' lang='lat' dir='ltr'><em>Deus?</em></span> <span class='ocrx_word' id='word_1_390' title='bbox 941 4646 1045 4703; x_wconf 83' lang='lat' dir='ltr'><em>Sed</em></span> <span class='ocrx_word' id='word_1_391' title='bbox 1073 4646 1211 4701; x_wconf 85' lang='lat' dir='ltr'><em>Deus</em></span> <span class='ocrx_word' id='word_1_392' title='bbox 1238 4662 1339 4699; x_wconf 86' lang='lat' dir='ltr'><em>non</em></span> <span class='ocrx_word' id='word_1_393' title='bbox 1368 4645 1490 4711; x_wconf 82' lang='lat' dir='ltr'><em>erit,</em></span> <span class='ocrx_word' id='word_1_394' title='bbox 1524 4644 1625 4697; x_wconf 84' lang='lat' dir='ltr'><em>nisi</em></span> <span class='ocrx_word' id='word_1_395' title='bbox 1654 4643 1808 4714; x_wconf 79' lang='lat' dir='ltr'><em>fuerit</em></span> <span class='ocrx_word' id='word_1_396' title='bbox 1837 4642 1969 4695; x_wconf 84' lang='lat' dir='ltr'><em>ratio</em></span> <span class='ocrx_word' id='word_1_397' title='bbox 1996 4654 2109 4711; x_wconf 72' lang='lat' dir='ltr'><em>qua!</em></span> 
     </span>
    </p>
   </div>
   <div class='ocr_carea' id='block_1_47' title="bbox 517 4733 2109 4805">
    <p class='ocr_par' dir='ltr' id='par_1_47' title="bbox 517 4733 2109 4805">
     <span class='ocr_line' id='line_1_47' title="bbox 517 4733 2109 4805; baseline -0.004 -13"><span class='ocrx_word' id='word_1_398' title='bbox 517 4739 882 4794; x_wconf 74' lang='lat' dir='ltr'><em>doceatDeum</em></span> <span class='ocrx_word' id='word_1_399' title='bbox 904 4755 1017 4793; x_wconf 82' lang='lat' dir='ltr'><em>esse</em></span> <span class='ocrx_word' id='word_1_400' title='bbox 1035 4737 1229 4791; x_wconf 65' lang='lat' dir='ltr'><em>debere.</em></span> <span class='ocrx_word' id='word_1_401' title='bbox 1272 4736 1424 4791; x_wconf 77' lang='lat' dir='ltr'><em>Ratio</em></span> <span class='ocrx_word' id='word_1_402' title='bbox 1465 4750 1660 4805; x_wconf 75' lang='lat' dir='ltr'><em>quoque</em></span> <span class='ocrx_word' id='word_1_403' title='bbox 1697 4750 1795 4788; x_wconf 87' lang='lat' dir='ltr'><em>non</em></span> <span class='ocrx_word' id='word_1_404' title='bbox 1832 4735 1927 4788; x_wconf 84' lang='lat' dir='ltr'><em>erit</em></span> <span class='ocrx_word' id='word_1_405' title='bbox 1949 4776 1961 4797; x_wconf 95' lang='lat'><em>,</em></span> <span class='ocrx_word' id='word_1_406' title='bbox 2010 4733 2109 4786; x_wconf 81' lang='lat' dir='ltr'><em>nisi</em></span> 
     </span>
    </p>
   </div>
   <div class='ocr_carea' id='block_1_48' title="bbox 517 4825 2109 4900">
    <p class='ocr_par' dir='ltr' id='par_1_48' title="bbox 517 4825 2109 4900">
     <span class='ocr_line' id='line_1_48' title="bbox 517 4825 2109 4900; baseline -0.004 -16"><span class='ocrx_word' id='word_1_407' title='bbox 517 4829 658 4884; x_wconf 79' lang='lat' dir='ltr'><em>Deus</em></span> <span class='ocrx_word' id='word_1_408' title='bbox 678 4832 789 4884; x_wconf 84' lang='lat' dir='ltr'><em>erit.</em></span> <span class='ocrx_word' id='word_1_409' title='bbox 815 4829 969 4883; x_wconf 72' lang='lat' dir='ltr'><em>Nikit</em></span> <span class='ocrx_word' id='word_1_410' title='bbox 987 4844 1107 4900; x_wconf 84' lang='lat' dir='ltr'><em>ergo</em></span> <span class='ocrx_word' id='word_1_411' title='bbox 1124 4829 1192 4882; x_wconf 83' lang='lat' dir='ltr'><em>ibi</em></span> <span class='ocrx_word' id='word_1_412' title='bbox 1214 4829 1453 4899; x_wconf 60' lang='lat' dir='ltr'><em>primum,</em></span> <span class='ocrx_word' id='word_1_413' title='bbox 1478 4836 1524 4881; x_wconf 91' lang='lat' dir='ltr'><em>et</em></span> <span class='ocrx_word' id='word_1_414' title='bbox 1548 4835 1873 4898; x_wconf 86' lang='lat' dir='ltr'><em>postremum.</em></span> <span class='ocrx_word' id='word_1_415' title='bbox 1906 4825 2109 4877; x_wconf 70' lang='lat' dir='ltr'><em>Natura</em></span> 
     </span>
    </p>
   </div>
   <div class='ocr_carea' id='block_1_49' title="bbox 518 4917 2108 4995">
    <p class='ocr_par' dir='ltr' id='par_1_49' title="bbox 518 4917 2108 4995">
     <span class='ocr_line' id='line_1_49' title="bbox 518 4917 2108 4995; baseline -0.004 -19"><span class='ocrx_word' id='word_1_416' title='bbox 518 4938 636 4993; x_wconf 81' lang='lat' dir='ltr'><em>ergo</em></span> <span class='ocrx_word' id='word_1_417' title='bbox 666 4922 772 4975; x_wconf 63' lang='lat' dir='ltr'><em>hac</em></span> <span class='ocrx_word' id='word_1_418' title='bbox 797 4920 968 4975; x_wconf 81' lang='lat' dir='ltr'><em>divina</em></span> <span class='ocrx_word' id='word_1_419' title='bbox 996 4920 1149 4975; x_wconf 71' lang='lat' dir='ltr'><em>simul</em></span> <span class='ocrx_word' id='word_1_420' title='bbox 1183 4919 1557 4995; x_wconf 58' lang='lat' dir='ltr'><em>quodammodo</em></span> <span class='ocrx_word' id='word_1_421' title='bbox 1594 4917 1742 4971; x_wconf 77' lang='lat' dir='ltr'><em>habet</em></span> <span class='ocrx_word' id='word_1_422' title='bbox 1779 4926 1824 4970; x_wconf 86' lang='lat' dir='ltr'><em>et</em></span> <span class='ocrx_word' id='word_1_423' title='bbox 1863 4918 2108 4970; x_wconf 79' lang='lat' dir='ltr'><em>rationem</em></span> 
     </span>
    </p>
   </div>
   <div class='ocr_carea' id='block_1_50' title="bbox 520 5008 2104 5083">
    <p class='ocr_par' dir='ltr' id='par_1_50' title="bbox 520 5008 2104 5083">
     <span class='ocr_line' id='line_1_50' title="bbox 520 5008 2104 5083; baseline -0.004 -17"><span class='ocrx_word' id='word_1_424' title='bbox 520 5022 563 5066; x_wconf 82' lang='lat' dir='ltr'><em>et</em></span> <span class='ocrx_word' id='word_1_425' title='bbox 592 5011 777 5067; x_wconf 70' lang='lat' dir='ltr'><em>Dem.</em></span> <span class='ocrx_word' id='word_1_426' title='bbox 805 5012 975 5068; x_wconf 85' lang='lat' dir='ltr'><em>Unum</em></span> <span class='ocrx_word' id='word_1_427' title='bbox 1001 5022 1167 5067; x_wconf 78' lang='lat' dir='ltr'><em>autent</em></span> <span class='ocrx_word' id='word_1_428' title='bbox 1192 5028 1353 5066; x_wconf 71' lang='lat' dir='ltr'><em>nam</em></span> <span class='ocrx_word' id='word_1_429' title='bbox 1379 5018 1611 5083; x_wconf 81' lang='lat' dir='ltr'><em>generat,</em></span> <span class='ocrx_word' id='word_1_430' title='bbox 1640 5018 1730 5063; x_wconf 87' lang='lat' dir='ltr'><em>aut</em></span> <span class='ocrx_word' id='word_1_431' title='bbox 1756 5010 1885 5063; x_wconf 86' lang='lat' dir='ltr'><em>ratio</em></span> <span class='ocrx_word' id='word_1_432' title='bbox 1914 5008 2104 5075; x_wconf 84' lang='lat' dir='ltr'><em>Deum,</em></span> 
     </span>
    </p>
   </div>
   <div class='ocr_carea' id='block_1_51' title="bbox 519 5101 2114 5176">
    <p class='ocr_par' dir='ltr' id='par_1_51' title="bbox 519 5101 2114 5176">
     <span class='ocr_line' id='line_1_51' title="bbox 519 5101 2114 5176; baseline -0.003 -18"><span class='ocrx_word' id='word_1_433' title='bbox 519 5116 603 5159; x_wconf 83' lang='lat' dir='ltr'><em>aut</em></span> <span class='ocrx_word' id='word_1_434' title='bbox 631 5105 772 5160; x_wconf 79' lang='lat' dir='ltr'><em>Deus</em></span> <span class='ocrx_word' id='word_1_435' title='bbox 798 5106 1068 5161; x_wconf 68' lang='lat' dir='ltr'><em>rationem.</em></span> <span class='ocrx_word' id='word_1_436' title='bbox 1104 5104 1403 5176; x_wconf 79' lang='lat' dir='ltr'><em>Subjeetum</em></span> <span class='ocrx_word' id='word_1_437' title='bbox 1444 5112 1642 5167; x_wconf 76' lang='lat' dir='ltr'><em>autem,</em></span> <span class='ocrx_word' id='word_1_438' title='bbox 1676 5111 1767 5156; x_wconf 86' lang='lat' dir='ltr'><em>aut</em></span> <span class='ocrx_word' id='word_1_439' title='bbox 1804 5102 1855 5156; x_wconf 81' lang='lat' dir='ltr'><em>in</em></span> <span class='ocrx_word' id='word_1_440' title='bbox 1884 5101 2114 5171; x_wconf 84' lang='lat' dir='ltr'><em>subjecto</em></span> 
     </span>
    </p>
   </div>
   <div class='ocr_carea' id='block_1_52' title="bbox 518 5194 2105 5273">
    <p class='ocr_par' dir='ltr' id='par_1_52' title="bbox 518 5194 2105 5273">
     <span class='ocr_line' id='line_1_52' title="bbox 518 5194 2105 5273; baseline -0.003 -21"><span class='ocrx_word' id='word_1_441' title='bbox 518 5202 650 5273; x_wconf 69' lang='lat' dir='ltr'><em>forte</em></span> <span class='ocrx_word' id='word_1_442' title='bbox 678 5200 879 5254; x_wconf 76' lang='lat' dir='ltr'><em>dicatur</em></span> <span class='ocrx_word' id='word_1_443' title='bbox 898 5200 1031 5254; x_wconf 78' lang='lat' dir='ltr'><em>ratio</em></span> <span class='ocrx_word' id='word_1_444' title='bbox 1069 5208 1125 5255; x_wconf 80' lang='lat' dir='ltr'><em>et</em></span> <span class='ocrx_word' id='word_1_445' title='bbox 1147 5197 1307 5253; x_wconf 78' lang='lat' dir='ltr'><em>Deus.</em></span> <span class='ocrx_word' id='word_1_446' title='bbox 1350 5194 1489 5253; x_wconf 76' lang='lat' dir='ltr'><em>Dens</em></span> <span class='ocrx_word' id='word_1_447' title='bbox 1518 5206 1570 5252; x_wconf 83' lang='lat' dir='ltr'><em>et</em></span> <span class='ocrx_word' id='word_1_448' title='bbox 1592 5197 1727 5251; x_wconf 80' lang='lat' dir='ltr'><em>ratio</em></span> <span class='ocrx_word' id='word_1_449' title='bbox 1747 5210 1879 5249; x_wconf 82' lang='lat' dir='ltr'><em>unus</em></span> <span class='ocrx_word' id='word_1_450' title='bbox 1902 5196 1954 5249; x_wconf 85' lang='lat' dir='ltr'><em>in</em></span> <span class='ocrx_word' id='word_1_451' title='bbox 1984 5210 2105 5248; x_wconf 84' lang='lat' dir='ltr'><em>uno.</em></span> 
     </span>
    </p>
   </div>
   <div class='ocr_carea' id='block_1_53' title="bbox 517 5285 2111 5364">
    <p class='ocr_par' dir='ltr' id='par_1_53' title="bbox 517 5285 2111 5364">
     <span class='ocr_line' id='line_1_53' title="bbox 517 5285 2111 5364; baseline -0.004 -17"><span class='ocrx_word' id='word_1_452' title='bbox 517 5290 656 5347; x_wconf 75' lang='lat' dir='ltr'><em>Bene</em></span> <span class='ocrx_word' id='word_1_453' title='bbox 697 5302 865 5347; x_wconf 79' lang='lat' dir='ltr'><em>autem</em></span> <span class='ocrx_word' id='word_1_454' title='bbox 903 5292 1051 5347; x_wconf 78' lang='lat' dir='ltr'><em>Deus</em></span> <span class='ocrx_word' id='word_1_455' title='bbox 1084 5302 1297 5364; x_wconf 64' lang='lat' dir='ltr'><em>generat</em></span> <span class='ocrx_word' id='word_1_456' title='bbox 1323 5292 1569 5346; x_wconf 66' lang='lat' dir='ltr'><em>rationem</em></span> <span class='ocrx_word' id='word_1_457' title='bbox 1594 5305 1612 5345; x_wconf 81' lang='lat'><em>.&#39;</em></span> <span class='ocrx_word' id='word_1_458' title='bbox 1640 5290 1762 5361; x_wconf 81' lang='lat' dir='ltr'><em>quia</em></span> <span class='ocrx_word' id='word_1_459' title='bbox 1782 5291 1914 5343; x_wconf 85' lang='lat' dir='ltr'><em>ratio</em></span> <span class='ocrx_word' id='word_1_460' title='bbox 1944 5285 2111 5341; x_wconf 89' lang='lat' dir='ltr'><em>Deum</em></span> 
     </span>
    </p>
   </div>
   <div class='ocr_carea' id='block_1_54' title="bbox 519 5382 2116 5456">
    <p class='ocr_par' dir='ltr' id='par_1_54' title="bbox 519 5382 2116 5456">
     <span class='ocr_line' id='line_1_54' title="bbox 519 5382 2116 5456; baseline -0.003 -16"><span class='ocrx_word' id='word_1_461' title='bbox 519 5401 625 5440; x_wconf 72' lang='lat' dir='ltr'><em>esse</em></span> <span class='ocrx_word' id='word_1_462' title='bbox 652 5386 980 5439; x_wconf 73' lang='lat' dir='ltr'><em>demonstrat.</em></span> <span class='ocrx_word' id='word_1_463' title='bbox 1028 5383 1343 5456; x_wconf 70' lang='lat' dir='ltr'><em>Intetligitur</em></span> <span class='ocrx_word' id='word_1_464' title='bbox 1378 5392 1547 5438; x_wconf 81' lang='lat' dir='ltr'><em>autem</em></span> <span class='ocrx_word' id='word_1_465' title='bbox 1571 5382 1715 5436; x_wconf 83' lang='lat' dir='ltr'><em>Deus</em></span> <span class='ocrx_word' id='word_1_466' title='bbox 1750 5398 1783 5436; x_wconf 88' lang='lat' dir='ltr'><em>a</em></span> <span class='ocrx_word' id='word_1_467' title='bbox 1822 5382 2025 5436; x_wconf 82' lang='lat' dir='ltr'><em>ratione</em></span> <span class='ocrx_word' id='word_1_468' title='bbox 2055 5388 2116 5435; x_wconf 72' lang='lat' dir='ltr'><em>ut</em></span> 
     </span>
    </p>
   </div>
   <div class='ocr_carea' id='block_1_55' title="bbox 585 5492 2058 5560">
    <p class='ocr_par' dir='ltr' id='par_1_55' title="bbox 585 5492 2058 5560">
     <span class='ocr_line' id='line_1_55' title="bbox 585 5492 2058 5560; baseline 0.001 -13"><span class='ocrx_word' id='word_1_469' title='bbox 585 5499 601 5529; x_wconf 84' lang='grc'>¹</span> <span class='ocrx_word' id='word_1_470' title='bbox 636 5496 940 5560; x_wconf 73' lang='lat' dir='ltr'><em>salutationis</em></span> <span class='ocrx_word' id='word_1_471' title='bbox 975 5492 1179 5560; x_wconf 73' lang='lat' dir='ltr'><em>formula</em></span> <span class='ocrx_word' id='word_1_472' title='bbox 1201 5499 1508 5560; x_wconf 75' lang='lat' dir='ltr'><em>desideratur</em></span> <span class='ocrx_word' id='word_1_473' title='bbox 1533 5498 1583 5547; x_wconf 74' lang='lat' dir='ltr'><em>in</em></span> <span class='ocrx_word' id='word_1_474' title='bbox 1608 5505 1713 5547; x_wconf 81' lang='lat' dir='ltr'><em>MSS.</em></span> <span class='ocrx_word' id='word_1_475' title='bbox 1737 5495 1993 5560; x_wconf 79' lang='lat' dir='ltr'><em>solumque</em></span> <span class='ocrx_word' id='word_1_476' title='bbox 2028 5497 2058 5548; x_wconf 85' lang='lat' dir='ltr'><strong>h</strong></span> 
     </span>
    </p>
   </div>
   <div class='ocr_carea' id='block_1_56' title="bbox 518 5558 2113 5624">
    <p class='ocr_par' dir='ltr' id='par_1_56' title="bbox 518 5558 2113 5624">
     <span class='ocr_line' id='line_1_56' title="bbox 518 5558 2113 5624; baseline -0.001 -14"><span class='ocrx_word' id='word_1_477' title='bbox 518 5558 665 5610; x_wconf 60' lang='lat' dir='ltr'><em>bur</em></span> <span class='ocrx_word' id='word_1_478' title='bbox 684 5558 1105 5624; x_wconf 63' lang='lat' dir='ltr'><em>:ppsstolasancti</em></span> <span class='ocrx_word' id='word_1_479' title='bbox 1119 5558 1315 5623; x_wconf 64' lang='lat' dir='ltr'><em>Encrati;</em></span> <span class='ocrx_word' id='word_1_480' title='bbox 1332 5562 1457 5624; x_wconf 56' lang='lat' dir='ltr'><em>sire,</em></span> <span class='ocrx_word' id='word_1_481' title='bbox 1472 5562 1550 5611; x_wconf 75' lang='lat' dir='ltr'><em>uti</em></span> <span class='ocrx_word' id='word_1_482' title='bbox 1564 5567 1845 5610; x_wconf 73' lang='lat' dir='ltr'><em>constanter</em></span> <span class='ocrx_word' id='word_1_483' title='bbox 1868 5558 1927 5608; x_wconf 67' lang='lat' dir='ltr'><em>in</em></span> <span class='ocrx_word' id='word_1_484' title='bbox 1938 5559 2113 5622; x_wconf 74' lang='lat' dir='ltr'><em>pleris-</em></span> 
     </span>
    </p>
   </div>
   <div class='ocr_carea' id='block_1_57' title="bbox 519 5621 1397 5685">
    <p class='ocr_par' dir='ltr' id='par_1_57' title="bbox 519 5621 1397 5685">
     <span class='ocr_line' id='line_1_57' title="bbox 519 5621 1397 5685; baseline 0 -14"><span class='ocrx_word' id='word_1_485' title='bbox 519 5634 620 5685; x_wconf 89' lang='lat' dir='ltr'><em>que</em></span> <span class='ocrx_word' id='word_1_486' title='bbox 635 5621 883 5674; x_wconf 66' lang='lat' dir='ltr'><em>codic&#39;tbus</em></span> <span class='ocrx_word' id='word_1_487' title='bbox 900 5624 1147 5685; x_wconf 62' lang='lat' dir='ltr'><em>scribitur,</em></span> <span class='ocrx_word' id='word_1_488' title='bbox 1180 5621 1397 5675; x_wconf 71' lang='lat' dir='ltr'><em>Eubedii.</em></span> 
     </span>
    </p>
   </div>
   <div class='ocr_carea' id='block_1_58' title="bbox 582 5707 2108 5777">
    <p class='ocr_par' dir='ltr' id='par_1_58' title="bbox 582 5707 2108 5777">
     <span class='ocr_line' id='line_1_58' title="bbox 582 5707 2108 5777; baseline -0.005 -12"><span class='ocrx_word' id='word_1_489' title='bbox 582 5713 603 5729; x_wconf 85' lang='lat'><strong><em>‘</em></strong></span> <span class='ocrx_word' id='word_1_490' title='bbox 637 5713 911 5775; x_wconf 72' lang='lat' dir='ltr'><em>Epistt.CL€</em></span> <span class='ocrx_word' id='word_1_491' title='bbox 925 5719 978 5763; x_wconf 81' lang='lat' dir='ltr'><em>et</em></span> <span class='ocrx_word' id='word_1_492' title='bbox 993 5720 1089 5764; x_wconf 74' lang='lat' dir='ltr'><em>LXI‘</em></span> <span class='ocrx_word' id='word_1_493' title='bbox 1104 5712 1350 5777; x_wconf 58' lang='lat' dir='ltr'><em>castigata</em></span> <span class='ocrx_word' id='word_1_494' title='bbox 1371 5717 1484 5761; x_wconf 82' lang='lat' dir='ltr'><em>sunt</em></span> <span class='ocrx_word' id='word_1_495' title='bbox 1504 5722 1600 5772; x_wconf 84' lang='lat' dir='ltr'><em>ope</em></span> <span class='ocrx_word' id='word_1_496' title='bbox 1622 5707 1839 5761; x_wconf 73' lang='lat' dir='ltr'><em>codicum</em></span> <span class='ocrx_word' id='word_1_497' title='bbox 1862 5707 1940 5757; x_wconf 89' lang='lat' dir='ltr'><em>cb.</em></span> <span class='ocrx_word' id='word_1_498' title='bbox 1964 5718 2049 5771; x_wconf 74' lang='lat' dir='ltr'><em>gg.</em></span> <span class='ocrx_word' id='word_1_499' title='bbox 2066 5720 2108 5757; x_wconf 89' lang='lat' dir='ltr'><em>r.</em></span> 
     </span>
    </p>
   </div>
   <div class='ocr_carea' id='block_1_59' title="bbox 520 5774 1219 5827">
    <p class='ocr_par' dir='ltr' id='par_1_59' title="bbox 520 5774 1219 5827">
     <span class='ocr_line' id='line_1_59' title="bbox 520 5774 1219 5827; baseline 0 -2"><span class='ocrx_word' id='word_1_500' title='bbox 520 5774 596 5825; x_wconf 78' lang='lat' dir='ltr'><em>sb.</em></span> <span class='ocrx_word' id='word_1_501' title='bbox 626 5774 762 5826; x_wconf 41' lang='lat' dir='ltr'><em>t.’vc.</em></span> <span class='ocrx_word' id='word_1_502' title='bbox 790 5777 935 5825; x_wconf 78' lang='lat' dir='ltr'><em>trium</em></span> <span class='ocrx_word' id='word_1_503' title='bbox 958 5790 1006 5827; x_wconf 86' lang='lat' dir='ltr'><em>v.</em></span> <span class='ocrx_word' id='word_1_504' title='bbox 1037 5784 1091 5827; x_wconf 86' lang='lat' dir='ltr'><em>et</em></span> <span class='ocrx_word' id='word_1_505' title='bbox 1110 5783 1219 5827; x_wconf 72' lang='lat' dir='ltr'><em>Low.</em></span> 
     </span>
    </p>
   </div>
   <div class='ocr_carea' id='block_1_60' title="bbox 586 5852 2111 5930">
    <p class='ocr_par' dir='ltr' id='par_1_60' title="bbox 586 5852 2111 5930">
     <span class='ocr_line' id='line_1_60' title="bbox 586 5852 2111 5930; baseline -0.001 -25"><span class='ocrx_word' id='word_1_506' title='bbox 586 5858 668 5930; x_wconf 57' lang='grc' dir='ltr'><em>(ολ</em></span> <span class='ocrx_word' id='word_1_507' title='bbox 828 5857 958 5930; x_wconf 42' lang='lat' dir='ltr'><em>Siti:</em></span> <span class='ocrx_word' id='word_1_508' title='bbox 985 5872 1105 5925; x_wconf 59' lang='lat' dir='ltr'><em>quae</em></span> <span class='ocrx_word' id='word_1_509' title='bbox 1141 5864 1307 5911; x_wconf 80' lang='lat' dir='ltr'><em>autem</em></span> <span class='ocrx_word' id='word_1_510' title='bbox 1332 5855 1425 5910; x_wconf 69' lang='grc' dir='ltr'><em>ιω</em></span> <span class='ocrx_word' id='word_1_511' title='bbox 1444 5862 1571 5922; x_wconf 81' lang='lat' dir='ltr'><em>erat,</em></span> <span class='ocrx_word' id='word_1_512' title='bbox 1602 5866 1733 5908; x_wconf 85' lang='lat' dir='ltr'><em>nunc</em></span> <span class='ocrx_word' id='word_1_513' title='bbox 1777 5852 1885 5907; x_wconf 76' lang='grc'><strong>154.</strong></span> <span class='ocrx_word' id='word_1_514' title='bbox 1930 5854 2111 5920; x_wconf 77' lang='lat' dir='ltr'><em>Scripta</em></span> 
     </span>
    </p>
   </div>
   <div class='ocr_carea' id='block_1_61' title="bbox 522 5919 1512 5980">
    <p class='ocr_par' dir='ltr' id='par_1_61' title="bbox 522 5919 1512 5980">
     <span class='ocr_line' id='line_1_61' title="bbox 522 5919 1512 5980; baseline -0.011 0"><span class='ocrx_word' id='word_1_515' title='bbox 522 5921 822 5980; x_wconf 59' lang='lat' dir='ltr'><em>natura:</em></span> <span class='ocrx_word' id='word_1_516' title='bbox 842 5919 955 5971; x_wconf 62' lang='lat' dir='ltr'><em>tu</em></span> <span class='ocrx_word' id='word_1_517' title='bbox 1002 5919 1019 5925; x_wconf 87' lang='grc'><strong><em>“</em></strong></span> <span class='ocrx_word' id='word_1_518' title='bbox 1508 5953 1512 5957; x_wconf 88' lang='grc'><strong>-</strong></span> 
     </span>
    </p>
   </div>
   <div class='ocr_carea' id='block_1_62' title="bbox 1706 394 2621 474">
    <p class='ocr_par' dir='ltr' id='par_1_62' title="bbox 1706 394 2621 474">
     <span class='ocr_line' id='line_1_62' title="bbox 1706 394 2621 474; baseline -0.012 0"><span class='ocrx_word' id='word_1_519' title='bbox 1706 408 2185 474; x_wconf 63' lang='lat' dir='ltr'><em>sets“)me</em></span> <span class='ocrx_word' id='word_1_520' title='bbox 2220 394 2499 466; x_wconf 59' lang='lat' dir='ltr'><em>CLASSIS</em></span> <span class='ocrx_word' id='word_1_521' title='bbox 2532 407 2621 464; x_wconf 80' lang='grc' dir='ltr'><strong>ιιι.</strong></span> 
     </span>
    </p>
   </div>
   <div class='ocr_carea' id='block_1_63' title="bbox 3690 401 3798 461">
    <p class='ocr_par' dir='ltr' id='par_1_63' title="bbox 3690 401 3798 461">
     <span class='ocr_line' id='line_1_63' title="bbox 3690 401 3798 461; baseline 0 0"><span class='ocrx_word' id='word_1_522' title='bbox 3690 401 3798 461; x_wconf 78' lang='grc'><em>702</em></span> 
     </span>
    </p>
   </div>
   <div class='ocr_carea' id='block_1_64' title="bbox 2210 521 3794 593">
    <p class='ocr_par' dir='ltr' id='par_1_64' title="bbox 2210 521 3794 593">
     <span class='ocr_line' id='line_1_64' title="bbox 2210 521 3794 593; baseline -0.001 -14"><span class='ocrx_word' id='word_1_523' title='bbox 2210 525 2376 579; x_wconf 76' lang='lat' dir='ltr'><em>Filius</em></span> <span class='ocrx_word' id='word_1_524' title='bbox 2405 544 2436 578; x_wconf 90' lang='lat' dir='ltr'><em>a</em></span> <span class='ocrx_word' id='word_1_525' title='bbox 2465 523 2650 592; x_wconf 85' lang='lat' dir='ltr'><em>Patre,</em></span> <span class='ocrx_word' id='word_1_526' title='bbox 2676 532 2723 580; x_wconf 84' lang='lat' dir='ltr'><em>el</em></span> <span class='ocrx_word' id='word_1_527' title='bbox 2748 525 2879 579; x_wconf 76' lang='lat' dir='ltr'><em>ratio</em></span> <span class='ocrx_word' id='word_1_528' title='bbox 2904 541 2937 583; x_wconf 80' lang='grc' dir='ltr'><em>α</em></span> <span class='ocrx_word' id='word_1_529' title='bbox 2958 524 3067 582; x_wconf 82' lang='lat' dir='ltr'><em>Deo</em></span> <span class='ocrx_word' id='word_1_530' title='bbox 3084 565 3103 593; x_wconf 81' lang='grc'><em>,</em></span> <span class='ocrx_word' id='word_1_531' title='bbox 3132 532 3189 580; x_wconf 87' lang='lat' dir='ltr'><em>ut</em></span> <span class='ocrx_word' id='word_1_532' title='bbox 3216 524 3373 581; x_wconf 81' lang='lat' dir='ltr'><em>Pater</em></span> <span class='ocrx_word' id='word_1_533' title='bbox 3399 539 3431 577; x_wconf 83' lang='grc' dir='ltr'><em>α</em></span> <span class='ocrx_word' id='word_1_534' title='bbox 3459 521 3621 581; x_wconf 83' lang='lat' dir='ltr'><em>Filio.</em></span> <span class='ocrx_word' id='word_1_535' title='bbox 3654 521 3794 577; x_wconf 71' lang='lat' dir='ltr'><em>Nam</em></span> 
     </span>
    </p>
   </div>
   <div class='ocr_carea' id='block_1_65' title="bbox 2207 615 3792 689">
    <p class='ocr_par' dir='ltr' id='par_1_65' title="bbox 2207 615 3792 689">
     <span class='ocr_line' id='line_1_65' title="bbox 2207 615 3792 689; baseline -0.001 -15"><span class='ocrx_word' id='word_1_536' title='bbox 2207 629 2253 674; x_wconf 87' lang='lat' dir='ltr'><em>et</em></span> <span class='ocrx_word' id='word_1_537' title='bbox 2278 620 2390 687; x_wconf 76' lang='lat' dir='ltr'><em>ipsa</em></span> <span class='ocrx_word' id='word_1_538' title='bbox 2418 620 2547 673; x_wconf 88' lang='lat' dir='ltr'><em>ratio</em></span> <span class='ocrx_word' id='word_1_539' title='bbox 2570 636 2687 673; x_wconf 84' lang='lat' dir='ltr'><em>cum</em></span> <span class='ocrx_word' id='word_1_540' title='bbox 2719 616 2829 673; x_wconf 88' lang='lat' dir='ltr'><em>Deo</em></span> <span class='ocrx_word' id='word_1_541' title='bbox 2860 618 2998 673; x_wconf 87' lang='lat' dir='ltr'><em>Deus</em></span> <span class='ocrx_word' id='word_1_542' title='bbox 3029 626 3121 675; x_wconf 85' lang='lat' dir='ltr'><em>est.</em></span> <span class='ocrx_word' id='word_1_543' title='bbox 3162 617 3344 689; x_wconf 79' lang='lat' dir='ltr'><em>Neque</em></span> <span class='ocrx_word' id='word_1_544' title='bbox 3365 618 3502 674; x_wconf 83' lang='lat' dir='ltr'><em>enim</em></span> <span class='ocrx_word' id='word_1_545' title='bbox 3522 617 3668 675; x_wconf 82' lang='lat' dir='ltr'><em>Deus</em></span> <span class='ocrx_word' id='word_1_546' title='bbox 3689 615 3792 673; x_wconf 85' lang='lat' dir='ltr'><em>ali-</em></span> 
     </span>
    </p>
   </div>
   <div class='ocr_carea' id='block_1_66' title="bbox 2204 709 3791 783">
    <p class='ocr_par' dir='ltr' id='par_1_66' title="bbox 2204 709 3791 783">
     <span class='ocr_line' id='line_1_66' title="bbox 2204 709 3791 783; baseline 0.001 -21"><span class='ocrx_word' id='word_1_547' title='bbox 2204 710 2406 782; x_wconf 88' lang='lat' dir='ltr'><em>quando</em></span> <span class='ocrx_word' id='word_1_548' title='bbox 2434 712 2540 765; x_wconf 85' lang='lat' dir='ltr'><em>sine</em></span> <span class='ocrx_word' id='word_1_549' title='bbox 2559 712 2751 764; x_wconf 88' lang='lat' dir='ltr'><em>ratione</em></span> <span class='ocrx_word' id='word_1_550' title='bbox 2774 710 2891 783; x_wconf 88' lang='lat' dir='ltr'><em>fuit,</em></span> <span class='ocrx_word' id='word_1_551' title='bbox 2921 720 3007 765; x_wconf 91' lang='lat' dir='ltr'><em>aut</em></span> <span class='ocrx_word' id='word_1_552' title='bbox 3035 711 3166 765; x_wconf 82' lang='lat' dir='ltr'><em>ratio</em></span> <span class='ocrx_word' id='word_1_553' title='bbox 3187 709 3294 765; x_wconf 87' lang='lat' dir='ltr'><em>sine</em></span> <span class='ocrx_word' id='word_1_554' title='bbox 3316 709 3447 765; x_wconf 80' lang='lat' dir='ltr'><em>Deo.</em></span> <span class='ocrx_word' id='word_1_555' title='bbox 3493 709 3632 765; x_wconf 83' lang='lat' dir='ltr'><em>Tunc</em></span> <span class='ocrx_word' id='word_1_556' title='bbox 3655 709 3791 765; x_wconf 80' lang='lat' dir='ltr'><em>enim</em></span> 
     </span>
    </p>
   </div>
   <div class='ocr_carea' id='block_1_67' title="bbox 2207 800 3795 867">
    <p class='ocr_par' dir='ltr' id='par_1_67' title="bbox 2207 800 3795 867">
     <span class='ocr_line' id='line_1_67' title="bbox 2207 800 3795 867; baseline 0 -12"><span class='ocrx_word' id='word_1_557' title='bbox 2207 800 2343 857; x_wconf 87' lang='lat' dir='ltr'><em>Deus</em></span> <span class='ocrx_word' id='word_1_558' title='bbox 2372 814 2446 855; x_wconf 82' lang='lat' dir='ltr'><em>est</em></span> <span class='ocrx_word' id='word_1_559' title='bbox 2473 803 2515 856; x_wconf 89' lang='lat' dir='ltr'><em>si</em></span> <span class='ocrx_word' id='word_1_560' title='bbox 2541 811 2611 857; x_wconf 87' lang='lat' dir='ltr'><em>est</em></span> <span class='ocrx_word' id='word_1_561' title='bbox 2636 804 2765 857; x_wconf 88' lang='lat' dir='ltr'><em>ratio</em></span> <span class='ocrx_word' id='word_1_562' title='bbox 2786 843 2803 867; x_wconf 91' lang='lat'><em>,</em></span> <span class='ocrx_word' id='word_1_563' title='bbox 2833 812 2879 856; x_wconf 86' lang='lat' dir='ltr'><em>et</em></span> <span class='ocrx_word' id='word_1_564' title='bbox 2903 811 3018 856; x_wconf 86' lang='lat' dir='ltr'><em>tunc</em></span> <span class='ocrx_word' id='word_1_565' title='bbox 3048 800 3215 857; x_wconf 83' lang='lat' dir='ltr'><em>Filius</em></span> <span class='ocrx_word' id='word_1_566' title='bbox 3245 811 3317 857; x_wconf 86' lang='lat' dir='ltr'><em>est</em></span> <span class='ocrx_word' id='word_1_567' title='bbox 3344 802 3390 858; x_wconf 88' lang='lat' dir='ltr'><em>si</em></span> <span class='ocrx_word' id='word_1_568' title='bbox 3418 810 3490 857; x_wconf 86' lang='lat' dir='ltr'><em>est</em></span> <span class='ocrx_word' id='word_1_569' title='bbox 3519 801 3709 867; x_wconf 75' lang='lat' dir='ltr'><em>Pater;</em></span> <span class='ocrx_word' id='word_1_570' title='bbox 3736 809 3795 856; x_wconf 90' lang='lat' dir='ltr'><em>ut</em></span> 
     </span>
    </p>
   </div>
   <div class='ocr_carea' id='block_1_68' title="bbox 2206 894 3788 967">
    <p class='ocr_par' dir='ltr' id='par_1_68' title="bbox 2206 894 3788 967">
     <span class='ocr_line' id='line_1_68' title="bbox 2206 894 3788 967; baseline 0 -17"><span class='ocrx_word' id='word_1_571' title='bbox 2206 894 2251 950; x_wconf 84' lang='lat' dir='ltr'><em>si</em></span> <span class='ocrx_word' id='word_1_572' title='bbox 2273 896 2398 949; x_wconf 90' lang='lat' dir='ltr'><em>ratio</em></span> <span class='ocrx_word' id='word_1_573' title='bbox 2425 895 2707 963; x_wconf 78' lang='lat' dir='ltr'><em>auferatur,</em></span> <span class='ocrx_word' id='word_1_574' title='bbox 2730 896 2857 951; x_wconf 85' lang='lat' dir='ltr'><em>sicut</em></span> <span class='ocrx_word' id='word_1_575' title='bbox 2879 896 3065 949; x_wconf 84' lang='lat' dir='ltr'><em>dictum</em></span> <span class='ocrx_word' id='word_1_576' title='bbox 3084 906 3178 960; x_wconf 89' lang='lat' dir='ltr'><em>est,</em></span> <span class='ocrx_word' id='word_1_577' title='bbox 3202 894 3337 967; x_wconf 80' lang='lat' dir='ltr'><em>quod</em></span> <span class='ocrx_word' id='word_1_578' title='bbox 3358 895 3456 949; x_wconf 75' lang='lat' dir='ltr'><em>dici</em></span> <span class='ocrx_word' id='word_1_579' title='bbox 3479 897 3558 965; x_wconf 85' lang='lat' dir='ltr'><em>fas</em></span> <span class='ocrx_word' id='word_1_580' title='bbox 3581 912 3683 950; x_wconf 88' lang='lat' dir='ltr'><em>non</em></span> <span class='ocrx_word' id='word_1_581' title='bbox 3700 903 3788 961; x_wconf 84' lang='lat' dir='ltr'><em>est,</em></span> 
     </span>
    </p>
   </div>
   <div class='ocr_carea' id='block_1_69' title="bbox 2206 988 3792 1060">
    <p class='ocr_par' dir='ltr' id='par_1_69' title="bbox 2206 988 3792 1060">
     <span class='ocr_line' id='line_1_69' title="bbox 2206 988 3792 1060; baseline 0.002 -19"><span class='ocrx_word' id='word_1_582' title='bbox 2206 1004 2268 1051; x_wconf 85' lang='lat' dir='ltr'><em>ne</em></span> <span class='ocrx_word' id='word_1_583' title='bbox 2311 989 2417 1059; x_wconf 84' lang='lat' dir='ltr'><em>ipse</em></span> <span class='ocrx_word' id='word_1_584' title='bbox 2452 988 2653 1058; x_wconf 81' lang='lat' dir='ltr'><em>quidem</em></span> <span class='ocrx_word' id='word_1_585' title='bbox 2684 988 2818 1043; x_wconf 86' lang='lat' dir='ltr'><em>Deus</em></span> <span class='ocrx_word' id='word_1_586' title='bbox 2857 997 2928 1045; x_wconf 88' lang='lat' dir='ltr'><em>est</em></span> <span class='ocrx_word' id='word_1_587' title='bbox 2961 1006 2979 1043; x_wconf 91' lang='lat'><strong><em>:</em></strong></span> <span class='ocrx_word' id='word_1_588' title='bbox 3014 1006 3103 1060; x_wconf 83' lang='lat' dir='ltr'><em>per</em></span> <span class='ocrx_word' id='word_1_589' title='bbox 3129 989 3239 1059; x_wconf 82' lang='lat' dir='ltr'><em>ejus</em></span> <span class='ocrx_word' id='word_1_590' title='bbox 3277 989 3408 1044; x_wconf 81' lang='lat' dir='ltr'><em>enim</em></span> <span class='ocrx_word' id='word_1_591' title='bbox 3445 989 3691 1044; x_wconf 82' lang='lat' dir='ltr'><em>rationem</em></span> <span class='ocrx_word' id='word_1_592' title='bbox 3718 999 3792 1044; x_wconf 80' lang='lat' dir='ltr'><em>est</em></span> 
     </span>
    </p>
   </div>
   <div class='ocr_carea' id='block_1_70' title="bbox 2206 1080 3792 1151">
    <p class='ocr_par' dir='ltr' id='par_1_70' title="bbox 2206 1080 3792 1151">
     <span class='ocr_line' id='line_1_70' title="bbox 2206 1080 3792 1151; baseline 0.001 -18"><span class='ocrx_word' id='word_1_593' title='bbox 2206 1089 2345 1134; x_wconf 87' lang='lat' dir='ltr'><em>actus</em></span> <span class='ocrx_word' id='word_1_594' title='bbox 2376 1090 2418 1136; x_wconf 88' lang='lat' dir='ltr'><em>et</em></span> <span class='ocrx_word' id='word_1_595' title='bbox 2446 1083 2669 1151; x_wconf 82' lang='lat' dir='ltr'><em>operatio</em></span> <span class='ocrx_word' id='word_1_596' title='bbox 2691 1090 2741 1134; x_wconf 89' lang='lat' dir='ltr'><em>ut</em></span> <span class='ocrx_word' id='word_1_597' title='bbox 2767 1083 2829 1136; x_wconf 84' lang='lat' dir='ltr'><em>sit</em></span> <span class='ocrx_word' id='word_1_598' title='bbox 2856 1080 3016 1136; x_wconf 87' lang='lat' dir='ltr'><em>Deus.</em></span> <span class='ocrx_word' id='word_1_599' title='bbox 3047 1081 3246 1137; x_wconf 81' lang='lat' dir='ltr'><em>Rursus</em></span> <span class='ocrx_word' id='word_1_600' title='bbox 3271 1081 3446 1137; x_wconf 82' lang='lat' dir='ltr'><em>eadem</em></span> <span class='ocrx_word' id='word_1_601' title='bbox 3461 1082 3710 1138; x_wconf 82' lang='lat' dir='ltr'><em>dicamus.</em></span> <span class='ocrx_word' id='word_1_602' title='bbox 3729 1080 3792 1138; x_wconf 86' lang='lat' dir='ltr'><em>Si</em></span> 
     </span>
    </p>
   </div>
   <div class='ocr_carea' id='block_1_71' title="bbox 2204 1163 3792 1245">
    <p class='ocr_par' dir='ltr' id='par_1_71' title="bbox 2204 1163 3792 1245">
     <span class='ocr_line' id='line_1_71' title="bbox 2204 1163 3792 1245; baseline 0.001 -19"><span class='ocrx_word' id='word_1_603' title='bbox 2204 1174 2334 1227; x_wconf 85' lang='lat' dir='ltr'><em>ratio</em></span> <span class='ocrx_word' id='word_1_604' title='bbox 2360 1189 2459 1226; x_wconf 89' lang='lat' dir='ltr'><em>non</em></span> <span class='ocrx_word' id='word_1_605' title='bbox 2480 1174 2577 1244; x_wconf 84' lang='lat' dir='ltr'><em>fuit</em></span> <span class='ocrx_word' id='word_1_606' title='bbox 2596 1215 2612 1239; x_wconf 91' lang='lat'><em>,</em></span> <span class='ocrx_word' id='word_1_607' title='bbox 2650 1173 2785 1227; x_wconf 87' lang='lat' dir='ltr'><em>Deus</em></span> <span class='ocrx_word' id='word_1_608' title='bbox 2812 1191 2913 1227; x_wconf 89' lang='lat' dir='ltr'><em>non</em></span> <span class='ocrx_word' id='word_1_609' title='bbox 2943 1172 3070 1245; x_wconf 61' lang='lat' dir='ltr'><em>fuit;</em></span> <span class='ocrx_word' id='word_1_610' title='bbox 3098 1183 3144 1229; x_wconf 90' lang='lat' dir='ltr'><em>et</em></span> <span class='ocrx_word' id='word_1_611' title='bbox 3170 1174 3211 1227; x_wconf 89' lang='lat' dir='ltr'><em>si</em></span> <span class='ocrx_word' id='word_1_612' title='bbox 3236 1172 3373 1228; x_wconf 79' lang='lat' dir='ltr'><em>Deus</em></span> <span class='ocrx_word' id='word_1_613' title='bbox 3400 1190 3503 1229; x_wconf 84' lang='lat' dir='ltr'><em>non</em></span> <span class='ocrx_word' id='word_1_614' title='bbox 3528 1163 3632 1238; x_wconf 54' lang='lat' dir='ltr'><em>e&#39;st,</em></span> <span class='ocrx_word' id='word_1_615' title='bbox 3662 1175 3792 1228; x_wconf 85' lang='lat' dir='ltr'><em>ratio</em></span> 
     </span>
    </p>
   </div>
   <div class='ocr_carea' id='block_1_72' title="bbox 2204 1266 3793 1340">
    <p class='ocr_par' dir='ltr' id='par_1_72' title="bbox 2204 1266 3793 1340">
     <span class='ocr_line' id='line_1_72' title="bbox 2204 1266 3793 1340; baseline -0.001 -19"><span class='ocrx_word' id='word_1_616' title='bbox 2204 1286 2307 1321; x_wconf 87' lang='lat' dir='ltr'><em>non</em></span> <span class='ocrx_word' id='word_1_617' title='bbox 2329 1270 2445 1340; x_wconf 86' lang='lat' dir='ltr'><em>fuit.</em></span> <span class='ocrx_word' id='word_1_618' title='bbox 2469 1268 2620 1321; x_wconf 81' lang='lat' dir='ltr'><em>Ratio</em></span> <span class='ocrx_word' id='word_1_619' title='bbox 2641 1285 2758 1339; x_wconf 85' lang='lat' dir='ltr'><em>ergo</em></span> <span class='ocrx_word' id='word_1_620' title='bbox 2789 1278 2837 1321; x_wconf 91' lang='lat' dir='ltr'><em>et</em></span> <span class='ocrx_word' id='word_1_621' title='bbox 2866 1268 3003 1322; x_wconf 84' lang='lat' dir='ltr'><em>Deus</em></span> <span class='ocrx_word' id='word_1_622' title='bbox 3031 1269 3336 1338; x_wconf 86' lang='lat' dir='ltr'><em>sempiterna</em></span> <span class='ocrx_word' id='word_1_623' title='bbox 3364 1285 3443 1323; x_wconf 79' lang='lat' dir='ltr'><em>res</em></span> <span class='ocrx_word' id='word_1_624' title='bbox 3467 1284 3486 1323; x_wconf 91' lang='lat'><strong><em>:</em></strong></span> <span class='ocrx_word' id='word_1_625' title='bbox 3513 1276 3559 1323; x_wconf 84' lang='lat' dir='ltr'><em>et</em></span> <span class='ocrx_word' id='word_1_626' title='bbox 3584 1266 3723 1323; x_wconf 79' lang='lat' dir='ltr'><em>Deus</em></span> <span class='ocrx_word' id='word_1_627' title='bbox 3748 1276 3793 1321; x_wconf 87' lang='lat' dir='ltr'><em>et</em></span> 
     </span>
    </p>
   </div>
   <div class='ocr_carea' id='block_1_73' title="bbox 2205 1359 3794 1431">
    <p class='ocr_par' dir='ltr' id='par_1_73' title="bbox 2205 1359 3794 1431">
     <span class='ocr_line' id='line_1_73' title="bbox 2205 1359 3794 1431; baseline -0.001 -16"><span class='ocrx_word' id='word_1_628' title='bbox 2205 1361 2335 1415; x_wconf 83' lang='lat' dir='ltr'><em>ratio</em></span> <span class='ocrx_word' id='word_1_629' title='bbox 2370 1360 2523 1413; x_wconf 83' lang='lat' dir='ltr'><em>simili</em></span> <span class='ocrx_word' id='word_1_630' title='bbox 2554 1361 2702 1414; x_wconf 88' lang='lat' dir='ltr'><em>modo</em></span> <span class='ocrx_word' id='word_1_631' title='bbox 2729 1377 2806 1413; x_wconf 85' lang='lat' dir='ltr'><em>res</em></span> <span class='ocrx_word' id='word_1_632' title='bbox 2830 1361 3149 1431; x_wconf 85' lang='lat' dir='ltr'><em>sempiterna.</em></span> <span class='ocrx_word' id='word_1_633' title='bbox 3175 1359 3430 1415; x_wconf 75' lang='lat' dir='ltr'><em>Connexio</em></span> <span class='ocrx_word' id='word_1_634' title='bbox 3455 1368 3623 1414; x_wconf 86' lang='lat' dir='ltr'><em>autem</em></span> <span class='ocrx_word' id='word_1_635' title='bbox 3646 1369 3794 1431; x_wconf 82' lang='lat' dir='ltr'><em>atque</em></span> 
     </span>
    </p>
   </div>
   <div class='ocr_carea' id='block_1_74' title="bbox 2204 1455 3795 1524">
    <p class='ocr_par' dir='ltr' id='par_1_74' title="bbox 2204 1455 3795 1524">
     <span class='ocr_line' id='line_1_74' title="bbox 2204 1455 3795 1524; baseline -0.002 -13"><span class='ocrx_word' id='word_1_636' title='bbox 2204 1459 2362 1511; x_wconf 83' lang='lat' dir='ltr'><em>unitia</em></span> <span class='ocrx_word' id='word_1_637' title='bbox 2389 1458 2602 1511; x_wconf 82' lang='lat' dir='ltr'><em>rationis</em></span> <span class='ocrx_word' id='word_1_638' title='bbox 2630 1458 2697 1511; x_wconf 91' lang='lat' dir='ltr'><em>ad</em></span> <span class='ocrx_word' id='word_1_639' title='bbox 2728 1456 2890 1511; x_wconf 85' lang='lat' dir='ltr'><em>Deum</em></span> <span class='ocrx_word' id='word_1_640' title='bbox 2907 1498 2923 1524; x_wconf 94' lang='lat'><em>,</em></span> <span class='ocrx_word' id='word_1_641' title='bbox 2955 1467 3000 1511; x_wconf 91' lang='lat' dir='ltr'><em>et</em></span> <span class='ocrx_word' id='word_1_642' title='bbox 3030 1457 3127 1510; x_wconf 85' lang='lat' dir='ltr'><em>Dei</em></span> <span class='ocrx_word' id='word_1_643' title='bbox 3150 1457 3219 1509; x_wconf 92' lang='lat' dir='ltr'><em>ad</em></span> <span class='ocrx_word' id='word_1_644' title='bbox 3245 1456 3511 1520; x_wconf 83' lang='lat' dir='ltr'><em>rationem,</em></span> <span class='ocrx_word' id='word_1_645' title='bbox 3534 1455 3711 1509; x_wconf 82' lang='lat' dir='ltr'><em>Patris</em></span> <span class='ocrx_word' id='word_1_646' title='bbox 3727 1456 3795 1509; x_wconf 89' lang='lat' dir='ltr'><em>ad</em></span> 
     </span>
    </p>
   </div>
   <div class='ocr_carea' id='block_1_75' title="bbox 2206 1546 3796 1617">
    <p class='ocr_par' dir='ltr' id='par_1_75' title="bbox 2206 1546 3796 1617">
     <span class='ocr_line' id='line_1_75' title="bbox 2206 1546 3796 1617; baseline -0.003 -14"><span class='ocrx_word' id='word_1_647' title='bbox 2206 1549 2425 1615; x_wconf 79' lang='lat' dir='ltr'><em>Filium,</em></span> <span class='ocrx_word' id='word_1_648' title='bbox 2462 1549 2583 1602; x_wconf 76' lang='lat' dir='ltr'><em>Filii</em></span> <span class='ocrx_word' id='word_1_649' title='bbox 2608 1549 2675 1602; x_wconf 88' lang='lat' dir='ltr'><em>ad</em></span> <span class='ocrx_word' id='word_1_650' title='bbox 2703 1548 2935 1614; x_wconf 85' lang='lat' dir='ltr'><em>Patrem,</em></span> <span class='ocrx_word' id='word_1_651' title='bbox 2964 1548 3214 1617; x_wconf 88' lang='lat' dir='ltr'><em>principia</em></span> <span class='ocrx_word' id='word_1_652' title='bbox 3236 1547 3331 1602; x_wconf 83' lang='lat' dir='ltr'><em>sibi</em></span> <span class='ocrx_word' id='word_1_653' title='bbox 3355 1546 3725 1617; x_wconf 80' lang='lat' dir='ltr'><em>quodammodo</em></span> <span class='ocrx_word' id='word_1_654' title='bbox 3746 1555 3796 1600; x_wconf 88' lang='lat' dir='ltr'><em>et</em></span> 
     </span>
    </p>
   </div>
   <div class='ocr_carea' id='block_1_76' title="bbox 2205 1638 3796 1717">
    <p class='ocr_par' dir='ltr' id='par_1_76' title="bbox 2205 1638 3796 1717">
     <span class='ocr_line' id='line_1_76' title="bbox 2205 1638 3796 1717; baseline -0.003 -21"><span class='ocrx_word' id='word_1_655' title='bbox 2205 1660 2383 1697; x_wconf 82' lang='lat' dir='ltr'><em>causas</em></span> <span class='ocrx_word' id='word_1_656' title='bbox 2406 1643 2650 1717; x_wconf 72' lang='lat' dir='ltr'><em>existendt&#39;</em></span> <span class='ocrx_word' id='word_1_657' title='bbox 2679 1650 2921 1711; x_wconf 67' lang='lat' dir='ltr'><em>praestant</em></span> <span class='ocrx_word' id='word_1_658' title='bbox 2943 1655 2963 1707; x_wconf 88' lang='lat'><em>;</em></span> <span class='ocrx_word' id='word_1_659' title='bbox 2987 1641 3106 1713; x_wconf 86' lang='lat' dir='ltr'><em>quia</em></span> <span class='ocrx_word' id='word_1_660' title='bbox 3129 1638 3347 1694; x_wconf 80' lang='lat' dir='ltr'><em>alterum</em></span> <span class='ocrx_word' id='word_1_661' title='bbox 3371 1639 3481 1695; x_wconf 83' lang='lat' dir='ltr'><em>sine</em></span> <span class='ocrx_word' id='word_1_662' title='bbox 3508 1641 3666 1693; x_wconf 84' lang='lat' dir='ltr'><em>altera</em></span> <span class='ocrx_word' id='word_1_663' title='bbox 3690 1655 3796 1692; x_wconf 82' lang='lat' dir='ltr'><em>esse</em></span> 
     </span>
    </p>
   </div>
   <div class='ocr_carea' id='block_1_77' title="bbox 2206 1734 3792 1808">
    <p class='ocr_par' dir='ltr' id='par_1_77' title="bbox 2206 1734 3792 1808">
     <span class='ocr_line' id='line_1_77' title="bbox 2206 1734 3792 1808; baseline -0.004 -16"><span class='ocrx_word' id='word_1_664' title='bbox 2206 1756 2305 1792; x_wconf 73' lang='lat' dir='ltr'><em>twn</em></span> <span class='ocrx_word' id='word_1_665' title='bbox 2338 1748 2518 1808; x_wconf 84' lang='lat' dir='ltr'><em>potest.</em></span> <span class='ocrx_word' id='word_1_666' title='bbox 2551 1737 2797 1806; x_wconf 79' lang='lat' dir='ltr'><em>Deﬁcitur</em></span> <span class='ocrx_word' id='word_1_667' title='bbox 2819 1738 2874 1791; x_wconf 88' lang='lat' dir='ltr'><em>in</em></span> <span class='ocrx_word' id='word_1_668' title='bbox 2900 1736 3058 1791; x_wconf 82' lang='lat' dir='ltr'><em>verbis</em></span> <span class='ocrx_word' id='word_1_669' title='bbox 3082 1778 3097 1803; x_wconf 93' lang='lat'><em>,</em></span> <span class='ocrx_word' id='word_1_670' title='bbox 3125 1749 3172 1791; x_wconf 77' lang='lat' dir='ltr'><em>et</em></span> <span class='ocrx_word' id='word_1_671' title='bbox 3200 1734 3546 1806; x_wconf 82' lang='lat' dir='ltr'><em>quodcumque</em></span> <span class='ocrx_word' id='word_1_672' title='bbox 3571 1735 3759 1789; x_wconf 84' lang='lat' dir='ltr'><em>dicitur</em></span> <span class='ocrx_word' id='word_1_673' title='bbox 3777 1774 3792 1799; x_wconf 94' lang='lat'><em>,</em></span> 
     </span>
    </p>
   </div>
   <div class='ocr_carea' id='block_1_78' title="bbox 2204 1824 3797 1898">
    <p class='ocr_par' dir='ltr' id='par_1_78' title="bbox 2204 1824 3797 1898">
     <span class='ocr_line' id='line_1_78' title="bbox 2204 1824 3797 1898; baseline -0.004 -14"><span class='ocrx_word' id='word_1_674' title='bbox 2204 1833 2270 1884; x_wconf 85' lang='lat' dir='ltr'><em>ad</em></span> <span class='ocrx_word' id='word_1_675' title='bbox 2293 1832 2384 1884; x_wconf 80' lang='lat' dir='ltr'><em>Itoc</em></span> <span class='ocrx_word' id='word_1_676' title='bbox 2410 1831 2615 1895; x_wconf 81' lang='lat' dir='ltr'><em>dicitur,</em></span> <span class='ocrx_word' id='word_1_677' title='bbox 2638 1846 2700 1884; x_wconf 86' lang='lat' dir='ltr'><em>ne</em></span> <span class='ocrx_word' id='word_1_678' title='bbox 2712 1829 2940 1884; x_wconf 82' lang='lat' dir='ltr'><em>sileatur.</em></span> <span class='ocrx_word' id='word_1_679' title='bbox 2969 1826 3154 1884; x_wconf 82' lang='lat' dir='ltr'><em>Utrum</em></span> <span class='ocrx_word' id='word_1_680' title='bbox 3174 1836 3348 1894; x_wconf 77' lang='lat' dir='ltr'><em>autem</em></span> <span class='ocrx_word' id='word_1_681' title='bbox 3368 1842 3570 1898; x_wconf 79' lang='lat' dir='ltr'><em>germen</em></span> <span class='ocrx_word' id='word_1_682' title='bbox 3587 1824 3797 1878; x_wconf 76' lang='lat' dir='ltr'><em>rationis</em></span> 
     </span>
    </p>
   </div>
   <div class='ocr_carea' id='block_1_79' title="bbox 2203 1918 3795 1993">
    <p class='ocr_par' dir='ltr' id='par_1_79' title="bbox 2203 1918 3795 1993">
     <span class='ocr_line' id='line_1_79' title="bbox 2203 1918 3795 1993; baseline -0.004 -16"><span class='ocrx_word' id='word_1_683' title='bbox 2203 1923 2372 1977; x_wconf 78' lang='lat' dir='ltr'><em>Deum</em></span> <span class='ocrx_word' id='word_1_684' title='bbox 2400 1924 2646 1988; x_wconf 78' lang='lat' dir='ltr'><em>dicamus,</em></span> <span class='ocrx_word' id='word_1_685' title='bbox 2679 1940 2745 1977; x_wconf 86' lang='lat' dir='ltr'><em>an</em></span> <span class='ocrx_word' id='word_1_686' title='bbox 2776 1922 2869 1976; x_wconf 86' lang='lat' dir='ltr'><em>Dei</em></span> <span class='ocrx_word' id='word_1_687' title='bbox 2896 1938 3100 1993; x_wconf 78' lang='lat' dir='ltr'><em>germen</em></span> <span class='ocrx_word' id='word_1_688' title='bbox 3123 1922 3396 1984; x_wconf 78' lang='lat' dir='ltr'><em>rationem,</em></span> <span class='ocrx_word' id='word_1_689' title='bbox 3423 1918 3543 1990; x_wconf 82' lang='lat' dir='ltr'><em>quia</em></span> <span class='ocrx_word' id='word_1_690' title='bbox 3568 1933 3660 1971; x_wconf 77' lang='lat' dir='ltr'><em>nec</em></span> <span class='ocrx_word' id='word_1_691' title='bbox 3683 1922 3795 1988; x_wconf 84' lang='lat' dir='ltr'><em>fru-</em></span> 
     </span>
    </p>
   </div>
   <div class='ocr_carea' id='block_1_80' title="bbox 2204 2010 3797 2086">
    <p class='ocr_par' dir='ltr' id='par_1_80' title="bbox 2204 2010 3797 2086">
     <span class='ocr_line' id='line_1_80' title="bbox 2204 2010 3797 2086; baseline -0.004 -15"><span class='ocrx_word' id='word_1_692' title='bbox 2204 2026 2313 2071; x_wconf 83' lang='lat' dir='ltr'><em>ctus</em></span> <span class='ocrx_word' id='word_1_693' title='bbox 2341 2017 2447 2069; x_wconf 83' lang='lat' dir='ltr'><em>sine</em></span> <span class='ocrx_word' id='word_1_694' title='bbox 2470 2017 2641 2070; x_wconf 80' lang='lat' dir='ltr'><em>radice</em></span> <span class='ocrx_word' id='word_1_695' title='bbox 2669 2033 2775 2072; x_wconf 87' lang='lat' dir='ltr'><em>esse</em></span> <span class='ocrx_word' id='word_1_696' title='bbox 2797 2025 2977 2086; x_wconf 84' lang='lat' dir='ltr'><em>potest,</em></span> <span class='ocrx_word' id='word_1_697' title='bbox 3005 2032 3093 2070; x_wconf 86' lang='lat' dir='ltr'><em>nec</em></span> <span class='ocrx_word' id='word_1_698' title='bbox 3112 2016 3219 2069; x_wconf 81' lang='lat' dir='ltr'><em>sine</em></span> <span class='ocrx_word' id='word_1_699' title='bbox 3242 2015 3412 2083; x_wconf 85' lang='lat' dir='ltr'><em>fructu</em></span> <span class='ocrx_word' id='word_1_700' title='bbox 3434 2012 3589 2067; x_wconf 68' lang='lat' dir='ltr'><em>radix</em></span> <span class='ocrx_word' id='word_1_701' title='bbox 3604 2010 3797 2075; x_wconf 80' lang='lat' dir='ltr'><em>aliquid</em></span> 
     </span>
    </p>
   </div>
   <div class='ocr_carea' id='block_1_81' title="bbox 2204 2105 3798 2182">
    <p class='ocr_par' dir='ltr' id='par_1_81' title="bbox 2204 2105 3798 2182">
     <span class='ocr_line' id='line_1_81' title="bbox 2204 2105 3798 2182; baseline -0.004 -17"><span class='ocrx_word' id='word_1_702' title='bbox 2204 2113 2317 2165; x_wconf 87' lang='lat' dir='ltr'><em>est?</em></span> <span class='ocrx_word' id='word_1_703' title='bbox 2345 2111 2667 2182; x_wconf 69' lang='lat' dir='ltr'><em>(Similitudo</em></span> <span class='ocrx_word' id='word_1_704' title='bbox 2693 2111 2754 2164; x_wconf 91' lang='lat' dir='ltr'><em>sit</em></span> <span class='ocrx_word' id='word_1_705' title='bbox 2785 2111 2937 2164; x_wconf 83' lang='lat' dir='ltr'><em>ducta</em></span> <span class='ocrx_word' id='word_1_706' title='bbox 2959 2151 2975 2175; x_wconf 97' lang='lat'><em>,</em></span> <span class='ocrx_word' id='word_1_707' title='bbox 3006 2120 3065 2163; x_wconf 86' lang='lat' dir='ltr'><em>ut-</em></span> <span class='ocrx_word' id='word_1_708' title='bbox 3088 2109 3330 2179; x_wconf 77' lang='lat' dir='ltr'><em>quiddam</em></span> <span class='ocrx_word' id='word_1_709' title='bbox 3355 2105 3701 2178; x_wconf 70' lang='lat' dir='ltr'><em>intelligentia:</em></span> <span class='ocrx_word' id='word_1_710' title='bbox 3735 2106 3798 2158; x_wconf 89' lang='lat' dir='ltr'><em>de</em></span> 
     </span>
    </p>
   </div>
   <div class='ocr_carea' id='block_1_82' title="bbox 2202 2198 3797 2275">
    <p class='ocr_par' dir='ltr' id='par_1_82' title="bbox 2202 2198 3797 2275">
     <span class='ocr_line' id='line_1_82' title="bbox 2202 2198 3797 2275; baseline -0.006 -16"><span class='ocrx_word' id='word_1_711' title='bbox 2202 2204 2319 2259; x_wconf 81' lang='lat' dir='ltr'><em>Deo</em></span> <span class='ocrx_word' id='word_1_712' title='bbox 2343 2206 2603 2275; x_wconf 75' lang='lat' dir='ltr'><em>signetur;</em></span> <span class='ocrx_word' id='word_1_713' title='bbox 2629 2205 2744 2257; x_wconf 82' lang='lat' dir='ltr'><em>vivit</em></span> <span class='ocrx_word' id='word_1_714' title='bbox 2771 2205 2903 2259; x_wconf 75' lang='lat' dir='ltr'><em>enim</em></span> <span class='ocrx_word' id='word_1_715' title='bbox 2929 2213 2976 2257; x_wconf 82' lang='lat' dir='ltr'><em>et</em></span> <span class='ocrx_word' id='word_1_716' title='bbox 3010 2204 3063 2255; x_wconf 84' lang='lat' dir='ltr'><em>in</em></span> <span class='ocrx_word' id='word_1_717' title='bbox 3090 2218 3251 2272; x_wconf 76' lang='lat' dir='ltr'><em>grano</em></span> <span class='ocrx_word' id='word_1_718' title='bbox 3280 2201 3431 2254; x_wconf 66' lang='lat' dir='ltr'><em>tritici</em></span> <span class='ocrx_word' id='word_1_719' title='bbox 3452 2200 3587 2253; x_wconf 82' lang='lat' dir='ltr'><em>ratio</em></span> <span class='ocrx_word' id='word_1_720' title='bbox 3622 2198 3797 2268; x_wconf 76' lang='lat' dir='ltr'><em>fecun-</em></span> 
     </span>
    </p>
   </div>
   <div class='ocr_carea' id='block_1_83' title="bbox 2205 2293 3797 2368">
    <p class='ocr_par' dir='ltr' id='par_1_83' title="bbox 2205 2293 3797 2368">
     <span class='ocr_line' id='line_1_83' title="bbox 2205 2293 3797 2368; baseline -0.005 -16"><span class='ocrx_word' id='word_1_721' title='bbox 2205 2299 2350 2361; x_wconf 86' lang='lat' dir='ltr'><em>dans,</em></span> <span class='ocrx_word' id='word_1_722' title='bbox 2384 2316 2483 2368; x_wconf 84' lang='lat' dir='ltr'><em>qua</em></span> <span class='ocrx_word' id='word_1_723' title='bbox 2507 2297 2677 2351; x_wconf 79' lang='lat' dir='ltr'><em>sterile</em></span> <span class='ocrx_word' id='word_1_724' title='bbox 2701 2314 2802 2352; x_wconf 79' lang='lat' dir='ltr'><em>non</em></span> <span class='ocrx_word' id='word_1_725' title='bbox 2824 2298 3007 2352; x_wconf 81' lang='lat' dir='ltr'><em>sinitur</em></span> <span class='ocrx_word' id='word_1_726' title='bbox 3033 2311 3139 2349; x_wconf 80' lang='lat' dir='ltr'><em>esse</em></span> <span class='ocrx_word' id='word_1_727' title='bbox 3158 2310 3177 2349; x_wconf 91' lang='lat'><strong><em>:</em></strong></span> <span class='ocrx_word' id='word_1_728' title='bbox 3199 2295 3289 2349; x_wconf 80' lang='lat' dir='ltr'><em>sed</em></span> <span class='ocrx_word' id='word_1_729' title='bbox 3317 2295 3499 2347; x_wconf 77' lang='lat' dir='ltr'><em>iterum</em></span> <span class='ocrx_word' id='word_1_730' title='bbox 3517 2293 3565 2347; x_wconf 83' lang='lat' dir='ltr'><em>si</em></span> <span class='ocrx_word' id='word_1_731' title='bbox 3581 2307 3797 2363; x_wconf 70' lang='lat' dir='ltr'><em>granum</em></span> 
     </span>
    </p>
   </div>
   <div class='ocr_carea' id='block_1_84' title="bbox 2204 2384 3799 2460">
    <p class='ocr_par' dir='ltr' id='par_1_84' title="bbox 2204 2384 3799 2460">
     <span class='ocr_line' id='line_1_84' title="bbox 2204 2384 3799 2460; baseline -0.004 -17"><span class='ocrx_word' id='word_1_732' title='bbox 2204 2390 2356 2443; x_wconf 87' lang='lat' dir='ltr'><em>tritici</em></span> <span class='ocrx_word' id='word_1_733' title='bbox 2386 2406 2487 2443; x_wconf 85' lang='lat' dir='ltr'><em>non</em></span> <span class='ocrx_word' id='word_1_734' title='bbox 2513 2400 2668 2456; x_wconf 81' lang='lat' dir='ltr'><em>esset,</em></span> <span class='ocrx_word' id='word_1_735' title='bbox 2712 2405 2897 2460; x_wconf 61' lang='lat' dir='ltr'><em>aqua</em></span> <span class='ocrx_word' id='word_1_736' title='bbox 2931 2404 2990 2441; x_wconf 79' lang='lat' dir='ltr'><em>re</em></span> <span class='ocrx_word' id='word_1_737' title='bbox 3023 2387 3122 2443; x_wconf 81' lang='lat' dir='ltr'><em>ista</em></span> <span class='ocrx_word' id='word_1_738' title='bbox 3151 2385 3479 2457; x_wconf 77' lang='lat' dir='ltr'><em>produceret,</em></span> <span class='ocrx_word' id='word_1_739' title='bbox 3516 2384 3651 2438; x_wconf 82' lang='lat' dir='ltr'><em>ratio</em></span> <span class='ocrx_word' id='word_1_740' title='bbox 3696 2400 3799 2438; x_wconf 84' lang='lat' dir='ltr'><em>non</em></span> 
     </span>
    </p>
   </div>
   <div class='ocr_carea' id='block_1_85' title="bbox 2205 2472 3257 2553">
    <p class='ocr_par' dir='ltr' id='par_1_85' title="bbox 2205 2472 3257 2553">
     <span class='ocr_line' id='line_1_85' title="bbox 2205 2472 3257 2553; baseline -0.006 -16"><span class='ocrx_word' id='word_1_741' title='bbox 2205 2483 2456 2553; x_wconf 74' lang='lat' dir='ltr'><em>haberet.)</em></span> <span class='ocrx_word' id='word_1_742' title='bbox 3254 2472 3257 2473; x_wconf 15' lang='grc' dir='ltr'><em>ν</em></span> 
     </span>
    </p>
   </div>
   <div class='ocr_carea' id='block_1_86' title="bbox 2275 2571 3796 2648">
    <p class='ocr_par' dir='ltr' id='par_1_86' title="bbox 2275 2571 3796 2648">
     <span class='ocr_line' id='line_1_86' title="bbox 2275 2571 3796 2648; baseline -0.004 -17"><span class='ocrx_word' id='word_1_743' title='bbox 2275 2578 2330 2632; x_wconf 76' lang='grc'><em>4.</em></span> <span class='ocrx_word' id='word_1_744' title='bbox 2372 2577 2499 2631; x_wconf 85' lang='lat' dir='ltr'><em>Cum</em></span> <span class='ocrx_word' id='word_1_745' title='bbox 2521 2576 2681 2648; x_wconf 73' lang='lat' dir='ltr'><em>igitur</em></span> <span class='ocrx_word' id='word_1_746' title='bbox 2705 2574 2837 2629; x_wconf 87' lang='lat' dir='ltr'><em>ratio</em></span> <span class='ocrx_word' id='word_1_747' title='bbox 2866 2590 2979 2646; x_wconf 67' lang='lat' dir='ltr'><em>quia</em></span> <span class='ocrx_word' id='word_1_748' title='bbox 2996 2573 3137 2628; x_wconf 83' lang='lat' dir='ltr'><em>Deus</em></span> <span class='ocrx_word' id='word_1_749' title='bbox 3158 2582 3254 2639; x_wconf 83' lang='lat' dir='ltr'><em>est,</em></span> <span class='ocrx_word' id='word_1_750' title='bbox 3279 2581 3370 2627; x_wconf 75' lang='lat' dir='ltr'><em>aut</em></span> <span class='ocrx_word' id='word_1_751' title='bbox 3387 2572 3617 2628; x_wconf 77' lang='lat' dir='ltr'><em>ostendat</em></span> <span class='ocrx_word' id='word_1_752' title='bbox 3634 2571 3796 2625; x_wconf 78' lang='lat' dir='ltr'><em>Deam</em></span> 
     </span>
    </p>
   </div>
   <div class='ocr_carea' id='block_1_87' title="bbox 2202 2664 3797 2737">
    <p class='ocr_par' dir='ltr' id='par_1_87' title="bbox 2202 2664 3797 2737">
     <span class='ocr_line' id='line_1_87' title="bbox 2202 2664 3797 2737; baseline -0.003 -12"><span class='ocrx_word' id='word_1_753' title='bbox 2202 2672 2471 2737; x_wconf 79' lang='lat' dir='ltr'><em>rationem,</em></span> <span class='ocrx_word' id='word_1_754' title='bbox 2499 2680 2588 2723; x_wconf 86' lang='lat' dir='ltr'><em>aut</em></span> <span class='ocrx_word' id='word_1_755' title='bbox 2608 2670 2857 2724; x_wconf 82' lang='lat' dir='ltr'><em>rationem</em></span> <span class='ocrx_word' id='word_1_756' title='bbox 2880 2685 2989 2723; x_wconf 81' lang='lat' dir='ltr'><em>esse</em></span> <span class='ocrx_word' id='word_1_757' title='bbox 3005 2667 3190 2731; x_wconf 73' lang='lat' dir='ltr'><em>Deum,</em></span> <span class='ocrx_word' id='word_1_758' title='bbox 3224 2683 3384 2721; x_wconf 78' lang='lat' dir='ltr'><em>unum</em></span> <span class='ocrx_word' id='word_1_759' title='bbox 3405 2667 3625 2737; x_wconf 75' lang='lat' dir='ltr'><em>quodam</em></span> <span class='ocrx_word' id='word_1_760' title='bbox 3644 2664 3797 2720; x_wconf 79' lang='lat' dir='ltr'><em>modo</em></span> 
     </span>
    </p>
   </div>
   <div class='ocr_carea' id='block_1_88' title="bbox 2204 2754 3794 2828">
    <p class='ocr_par' dir='ltr' id='par_1_88' title="bbox 2204 2754 3794 2828">
     <span class='ocr_line' id='line_1_88' title="bbox 2204 2754 3794 2828; baseline -0.004 -12"><span class='ocrx_word' id='word_1_761' title='bbox 2204 2764 2421 2816; x_wconf 85' lang='lat' dir='ltr'><em>alterum</em></span> <span class='ocrx_word' id='word_1_762' title='bbox 2436 2761 2735 2826; x_wconf 74' lang='lat' dir='ltr'><em>ostendens;</em></span> <span class='ocrx_word' id='word_1_763' title='bbox 2754 2777 2857 2815; x_wconf 85' lang='lat' dir='ltr'><em>non</em></span> <span class='ocrx_word' id='word_1_764' title='bbox 2873 2760 3152 2813; x_wconf 82' lang='lat' dir='ltr'><em>ostenditur</em></span> <span class='ocrx_word' id='word_1_765' title='bbox 3174 2757 3330 2812; x_wconf 86' lang='lat' dir='ltr'><em>Pater</em></span> <span class='ocrx_word' id='word_1_766' title='bbox 3348 2758 3446 2811; x_wconf 82' lang='lat' dir='ltr'><em>nisi</em></span> <span class='ocrx_word' id='word_1_767' title='bbox 3466 2773 3555 2828; x_wconf 87' lang='lat' dir='ltr'><em>per</em></span> <span class='ocrx_word' id='word_1_768' title='bbox 3579 2754 3794 2823; x_wconf 75' lang='lat' dir='ltr'><em>Filium,</em></span> 
     </span>
    </p>
   </div>
   <div class='ocr_carea' id='block_1_89' title="bbox 2205 2849 3798 2923">
    <p class='ocr_par' dir='ltr' id='par_1_89' title="bbox 2205 2849 3798 2923">
     <span class='ocr_line' id='line_1_89' title="bbox 2205 2849 3798 2923; baseline -0.005 -14"><span class='ocrx_word' id='word_1_769' title='bbox 2205 2872 2296 2909; x_wconf 83' lang='lat' dir='ltr'><em>nec</em></span> <span class='ocrx_word' id='word_1_770' title='bbox 2324 2853 2492 2908; x_wconf 79' lang='lat' dir='ltr'><em>Filius</em></span> <span class='ocrx_word' id='word_1_771' title='bbox 2518 2854 2794 2907; x_wconf 85' lang='lat' dir='ltr'><em>ostenditur</em></span> <span class='ocrx_word' id='word_1_772' title='bbox 2817 2852 2917 2907; x_wconf 83' lang='lat' dir='ltr'><em>nisi</em></span> <span class='ocrx_word' id='word_1_773' title='bbox 2940 2868 3030 2923; x_wconf 82' lang='lat' dir='ltr'><em>per</em></span> <span class='ocrx_word' id='word_1_774' title='bbox 3060 2851 3301 2916; x_wconf 77' lang='lat' dir='ltr'><em>Patrem;</em></span> <span class='ocrx_word' id='word_1_775' title='bbox 3338 2860 3385 2904; x_wconf 83' lang='lat' dir='ltr'><em>et</em></span> <span class='ocrx_word' id='word_1_776' title='bbox 3421 2858 3538 2903; x_wconf 77' lang='lat' dir='ltr'><em>tunc</em></span> <span class='ocrx_word' id='word_1_777' title='bbox 3574 2849 3724 2919; x_wconf 75' lang='lat' dir='ltr'><em>quasi</em></span> <span class='ocrx_word' id='word_1_778' title='bbox 3744 2849 3798 2902; x_wconf 87' lang='lat' dir='ltr'><em>in</em></span> 
     </span>
    </p>
   </div>
   <div class='ocr_carea' id='block_1_90' title="bbox 2206 2940 3794 3016">
    <p class='ocr_par' dir='ltr' id='par_1_90' title="bbox 2206 2940 3794 3016">
     <span class='ocr_line' id='line_1_90' title="bbox 2206 2940 3794 3016; baseline -0.004 -16"><span class='ocrx_word' id='word_1_779' title='bbox 2206 2947 2402 3001; x_wconf 85' lang='lat' dir='ltr'><em>silentio</em></span> <span class='ocrx_word' id='word_1_780' title='bbox 2420 2947 2482 3000; x_wconf 90' lang='lat' dir='ltr'><em>sit</em></span> <span class='ocrx_word' id='word_1_781' title='bbox 2506 2944 2695 3013; x_wconf 83' lang='lat' dir='ltr'><em>Filius,</em></span> <span class='ocrx_word' id='word_1_782' title='bbox 2719 2944 2920 3016; x_wconf 88' lang='lat' dir='ltr'><em>quando</em></span> <span class='ocrx_word' id='word_1_783' title='bbox 2941 2961 3029 3014; x_wconf 83' lang='lat' dir='ltr'><em>per</em></span> <span class='ocrx_word' id='word_1_784' title='bbox 3048 2942 3257 2997; x_wconf 88' lang='lat' dir='ltr'><em>Patrem</em></span> <span class='ocrx_word' id='word_1_785' title='bbox 3278 2942 3472 2997; x_wconf 88' lang='lat' dir='ltr'><em>venitur</em></span> <span class='ocrx_word' id='word_1_786' title='bbox 3493 2942 3559 2994; x_wconf 90' lang='lat' dir='ltr'><em>ad</em></span> <span class='ocrx_word' id='word_1_787' title='bbox 3581 2940 3794 3007; x_wconf 78' lang='lat' dir='ltr'><em>Filium,</em></span> 
     </span>
    </p>
   </div>
   <div class='ocr_carea' id='block_1_91' title="bbox 2205 3036 3797 3110">
    <p class='ocr_par' dir='ltr' id='par_1_91' title="bbox 2205 3036 3797 3110">
     <span class='ocr_line' id='line_1_91' title="bbox 2205 3036 3797 3110; baseline -0.003 -19"><span class='ocrx_word' id='word_1_788' title='bbox 2205 3048 2260 3091; x_wconf 90' lang='lat' dir='ltr'><em>ut</em></span> <span class='ocrx_word' id='word_1_789' title='bbox 2286 3054 2441 3091; x_wconf 82' lang='lat' dir='ltr'><em>unum</em></span> <span class='ocrx_word' id='word_1_790' title='bbox 2458 3037 2678 3110; x_wconf 75' lang='lat' dir='ltr'><em>quodam</em></span> <span class='ocrx_word' id='word_1_791' title='bbox 2698 3037 2847 3091; x_wconf 86' lang='lat' dir='ltr'><em>modo</em></span> <span class='ocrx_word' id='word_1_792' title='bbox 2866 3036 3223 3103; x_wconf 62' lang='lat' dir='ltr'><em>absconditur,</em></span> <span class='ocrx_word' id='word_1_793' title='bbox 3248 3036 3461 3089; x_wconf 79' lang='lat' dir='ltr'><em>alterum</em></span> <span class='ocrx_word' id='word_1_794' title='bbox 3484 3037 3797 3088; x_wconf 85' lang='lat' dir='ltr'><em>demonstre-</em></span> 
     </span>
    </p>
   </div>
   <div class='ocr_carea' id='block_1_92' title="bbox 2209 3128 3795 3198">
    <p class='ocr_par' dir='ltr' id='par_1_92' title="bbox 2209 3128 3795 3198">
     <span class='ocr_line' id='line_1_92' title="bbox 2209 3128 3795 3198; baseline -0.004 -11"><span class='ocrx_word' id='word_1_795' title='bbox 2209 3144 2323 3187; x_wconf 85' lang='lat' dir='ltr'><em>tur:</em></span> <span class='ocrx_word' id='word_1_796' title='bbox 2350 3143 2405 3186; x_wconf 77' lang='lat' dir='ltr'><em>nt</em></span> <span class='ocrx_word' id='word_1_797' title='bbox 2435 3134 2785 3187; x_wconf 70' lang='lat' dir='ltr'><em>demonstrans</em></span> <span class='ocrx_word' id='word_1_798' title='bbox 2822 3148 2875 3186; x_wconf 83' lang='lat' dir='ltr'><em>se</em></span> <span class='ocrx_word' id='word_1_799' title='bbox 2910 3147 3078 3198; x_wconf 77' lang='lat' dir='ltr'><em>unus,</em></span> <span class='ocrx_word' id='word_1_800' title='bbox 3119 3130 3425 3184; x_wconf 80' lang='lat' dir='ltr'><em>demonstret</em></span> <span class='ocrx_word' id='word_1_801' title='bbox 3472 3137 3518 3182; x_wconf 85' lang='lat' dir='ltr'><em>et</em></span> <span class='ocrx_word' id='word_1_802' title='bbox 3557 3128 3795 3197; x_wconf 77' lang='lat' dir='ltr'><em>alterum,</em></span> 
     </span>
    </p>
   </div>
   <div class='ocr_carea' id='block_1_93' title="bbox 2206 3220 3791 3297">
    <p class='ocr_par' dir='ltr' id='par_1_93' title="bbox 2206 3220 3791 3297">
     <span class='ocr_line' id='line_1_93' title="bbox 2206 3220 3791 3297; baseline -0.005 -16"><span class='ocrx_word' id='word_1_803' title='bbox 2206 3243 2298 3281; x_wconf 87' lang='lat' dir='ltr'><em>nec</em></span> <span class='ocrx_word' id='word_1_804' title='bbox 2324 3227 2479 3297; x_wconf 84' lang='lat' dir='ltr'><em>possit</em></span> <span class='ocrx_word' id='word_1_805' title='bbox 2502 3243 2630 3280; x_wconf 81' lang='lat' dir='ltr'><em>unus</em></span> <span class='ocrx_word' id='word_1_806' title='bbox 2800 3268 2813 3290; x_wconf 94' lang='lat'><em>,</em></span> <span class='ocrx_word' id='word_1_807' title='bbox 2846 3235 2902 3278; x_wconf 89' lang='lat' dir='ltr'><em>ut</em></span> <span class='ocrx_word' id='word_1_808' title='bbox 2925 3225 3079 3279; x_wconf 83' lang='lat' dir='ltr'><em>lateat</em></span> <span class='ocrx_word' id='word_1_809' title='bbox 3109 3222 3271 3287; x_wconf 86' lang='lat' dir='ltr'><em>alter;</em></span> <span class='ocrx_word' id='word_1_810' title='bbox 3293 3223 3415 3293; x_wconf 70' lang='lat' dir='ltr'><em>quia</em></span> <span class='ocrx_word' id='word_1_811' title='bbox 3443 3239 3463 3272; x_wconf 85' lang='grc'><em>‹</em></span> <span class='ocrx_word' id='word_1_812' title='bbox 3491 3220 3590 3286; x_wconf 81' lang='lat' dir='ltr'><em>Qui</em></span> <span class='ocrx_word' id='word_1_813' title='bbox 3616 3236 3695 3274; x_wconf 87' lang='lat' dir='ltr'><em>me</em></span> <span class='ocrx_word' id='word_1_814' title='bbox 3712 3221 3791 3273; x_wconf 73' lang='lat' dir='ltr'><em>vi-</em></span> 
     </span>
    </p>
   </div>
   <div class='ocr_carea' id='block_1_94' title="bbox 2208 3313 3799 3391">
    <p class='ocr_par' dir='ltr' id='par_1_94' title="bbox 2208 3313 3799 3391">
     <span class='ocr_line' id='line_1_94' title="bbox 2208 3313 3799 3391; baseline -0.004 -17"><span class='ocrx_word' id='word_1_815' title='bbox 2208 3321 2299 3387; x_wconf 87' lang='lat' dir='ltr'><em>dit,</em></span> <span class='ocrx_word' id='word_1_816' title='bbox 2321 3337 2345 3375; x_wconf 76' lang='lat' dir='ltr'><em>s</em></span> <span class='ocrx_word' id='word_1_817' title='bbox 2364 3321 2540 3391; x_wconf 80' lang='lat' dir='ltr'><em>inquit,</em></span> <span class='ocrx_word' id='word_1_818' title='bbox 2565 3338 2583 3369; x_wconf 75' lang='grc' dir='ltr'>ι</span> <span class='ocrx_word' id='word_1_819' title='bbox 2609 3318 3034 3382; x_wconf 81' lang='lat' dir='ltr'><em>viditetPatrem;</em></span> <span class='ocrx_word' id='word_1_820' title='bbox 3055 3336 3073 3369; x_wconf 76' lang='grc' dir='ltr'><strong><em>ι</em></strong></span> <span class='ocrx_word' id='word_1_821' title='bbox 3095 3327 3161 3382; x_wconf 90' lang='lat' dir='ltr'><em>et,</em></span> <span class='ocrx_word' id='word_1_822' title='bbox 3192 3336 3211 3370; x_wconf 72' lang='grc' dir='ltr'>ι</span> <span class='ocrx_word' id='word_1_823' title='bbox 3243 3315 3410 3370; x_wconf 84' lang='lat' dir='ltr'><em>Nemo</em></span> <span class='ocrx_word' id='word_1_824' title='bbox 3437 3316 3568 3370; x_wconf 81' lang='lat' dir='ltr'><em>venit</em></span> <span class='ocrx_word' id='word_1_825' title='bbox 3592 3314 3662 3368; x_wconf 81' lang='lat' dir='ltr'><em>ad</em></span> <span class='ocrx_word' id='word_1_826' title='bbox 3688 3313 3799 3367; x_wconf 85' lang='lat' dir='ltr'><em>Pa-</em></span> 
     </span>
    </p>
   </div>
   <div class='ocr_carea' id='block_1_95' title="bbox 2208 3406 3797 3483">
    <p class='ocr_par' dir='ltr' id='par_1_95' title="bbox 2208 3406 3797 3483">
     <span class='ocr_line' id='line_1_95' title="bbox 2208 3406 3797 3483; baseline -0.004 -16"><span class='ocrx_word' id='word_1_827' title='bbox 2208 3421 2353 3478; x_wconf 86' lang='lat' dir='ltr'><em>trem,</em></span> <span class='ocrx_word' id='word_1_828' title='bbox 2384 3414 2482 3465; x_wconf 85' lang='lat' dir='ltr'><em>nisi</em></span> <span class='ocrx_word' id='word_1_829' title='bbox 2510 3429 2597 3482; x_wconf 82' lang='lat' dir='ltr'><em>per</em></span> <span class='ocrx_word' id='word_1_830' title='bbox 2620 3428 2701 3465; x_wconf 86' lang='lat' dir='ltr'><em>me</em></span> <span class='ocrx_word' id='word_1_831' title='bbox 2729 3430 2747 3462; x_wconf 77' lang='grc' dir='ltr'><strong><em>ι</em></strong></span> <span class='ocrx_word' id='word_1_832' title='bbox 2783 3410 2959 3483; x_wconf 86' lang='lat' dir='ltr'><em>(Joan.</em></span> <span class='ocrx_word' id='word_1_833' title='bbox 2985 3424 3095 3476; x_wconf 66' lang='grc' dir='ltr'><em>χεν,</em></span> <span class='ocrx_word' id='word_1_834' title='bbox 3118 3410 3172 3474; x_wconf 82' lang='lat'><em>9,</em></span> <span class='ocrx_word' id='word_1_835' title='bbox 3203 3409 3290 3481; x_wconf 70' lang='lat'><em>6);</em></span> <span class='ocrx_word' id='word_1_836' title='bbox 3320 3417 3387 3477; x_wconf 86' lang='lat' dir='ltr'><em>et,</em></span> <span class='ocrx_word' id='word_1_837' title='bbox 3426 3426 3445 3459; x_wconf 71' lang='grc' dir='ltr'>ι</span> <span class='ocrx_word' id='word_1_838' title='bbox 3480 3407 3644 3462; x_wconf 83' lang='lat' dir='ltr'><em>Nemo</em></span> <span class='ocrx_word' id='word_1_839' title='bbox 3663 3406 3797 3462; x_wconf 77' lang='lat' dir='ltr'><em>venit</em></span> 
     </span>
    </p>
   </div>
   <div class='ocr_carea' id='block_1_96' title="bbox 2207 3498 3801 3577">
    <p class='ocr_par' dir='ltr' id='par_1_96' title="bbox 2207 3498 3801 3577">
     <span class='ocr_line' id='line_1_96' title="bbox 2207 3498 3801 3577; baseline -0.004 -18"><span class='ocrx_word' id='word_1_840' title='bbox 2207 3507 2276 3559; x_wconf 84' lang='lat' dir='ltr'><em>ad</em></span> <span class='ocrx_word' id='word_1_841' title='bbox 2318 3521 2430 3571; x_wconf 80' lang='lat' dir='ltr'><em>me,</em></span> <span class='ocrx_word' id='word_1_842' title='bbox 2474 3505 2572 3559; x_wconf 85' lang='lat' dir='ltr'><em>nisi</em></span> <span class='ocrx_word' id='word_1_843' title='bbox 2612 3521 2759 3577; x_wconf 82' lang='lat' dir='ltr'><em>quem</em></span> <span class='ocrx_word' id='word_1_844' title='bbox 2792 3503 2949 3558; x_wconf 83' lang='lat' dir='ltr'><em>Pater</em></span> <span class='ocrx_word' id='word_1_845' title='bbox 2973 3502 3237 3556; x_wconf 79' lang='lat' dir='ltr'><em>attraxerit</em></span> <span class='ocrx_word' id='word_1_846' title='bbox 3264 3519 3283 3554; x_wconf 75' lang='grc' dir='ltr'><strong><em>ι</em></strong></span> <span class='ocrx_word' id='word_1_847' title='bbox 3320 3499 3430 3570; x_wconf 84' lang='lat' dir='ltr'><em>(Id.</em></span> <span class='ocrx_word' id='word_1_848' title='bbox 3456 3512 3531 3565; x_wconf 69' lang='grc' dir='ltr'><em>π,</em></span> <span class='ocrx_word' id='word_1_849' title='bbox 3562 3498 3675 3572; x_wconf 56' lang='grc' dir='ltr'><em>ὢ).</em></span> <span class='ocrx_word' id='word_1_850' title='bbox 3704 3498 3801 3552; x_wconf 74' lang='grc' dir='ltr'><em>Αγ-</em></span> 
     </span>
    </p>
   </div>
   <div class='ocr_carea' id='block_1_97' title="bbox 2209 3589 3803 3667">
    <p class='ocr_par' dir='ltr' id='par_1_97' title="bbox 2209 3589 3803 3667">
     <span class='ocr_line' id='line_1_97' title="bbox 2209 3589 3803 3667; baseline -0.004 -16"><span class='ocrx_word' id='word_1_851' title='bbox 2209 3598 2368 3651; x_wconf 78' lang='lat' dir='ltr'><em>duum</em></span> <span class='ocrx_word' id='word_1_852' title='bbox 2391 3598 2796 3666; x_wconf 79' lang='lat' dir='ltr'><em>vehementerque</em></span> <span class='ocrx_word' id='word_1_853' title='bbox 2820 3595 3020 3667; x_wconf 71' lang='lat' dir='ltr'><em>diﬁicils</em></span> <span class='ocrx_word' id='word_1_854' title='bbox 3052 3595 3307 3666; x_wconf 77' lang='lat' dir='ltr'><em>negotium</em></span> <span class='ocrx_word' id='word_1_855' title='bbox 3330 3592 3585 3657; x_wconf 70' lang='lat' dir='ltr'><em>inibimus,</em></span> <span class='ocrx_word' id='word_1_856' title='bbox 3617 3598 3679 3645; x_wconf 66' lang='lat' dir='ltr'><em>ut</em></span> <span class='ocrx_word' id='word_1_857' title='bbox 3703 3589 3803 3644; x_wconf 62' lang='lat' dir='ltr'><em>ali-</em></span> 
     </span>
    </p>
   </div>
   <div class='ocr_carea' id='block_1_98' title="bbox 2208 3682 3801 3763">
    <p class='ocr_par' dir='ltr' id='par_1_98' title="bbox 2208 3682 3801 3763">
     <span class='ocr_line' id='line_1_98' title="bbox 2208 3682 3801 3763; baseline -0.004 -20"><span class='ocrx_word' id='word_1_858' title='bbox 2208 3690 2333 3763; x_wconf 74' lang='lat' dir='ltr'><em>quid</em></span> <span class='ocrx_word' id='word_1_859' title='bbox 2372 3690 2433 3743; x_wconf 90' lang='lat' dir='ltr'><em>de</em></span> <span class='ocrx_word' id='word_1_860' title='bbox 2480 3688 2587 3743; x_wconf 91' lang='lat' dir='ltr'><em>Deo</em></span> <span class='ocrx_word' id='word_1_861' title='bbox 2629 3706 2731 3743; x_wconf 87' lang='lat' dir='ltr'><em>non</em></span> <span class='ocrx_word' id='word_1_862' title='bbox 2776 3688 3109 3758; x_wconf 53' lang='lat' dir='ltr'><em>intelligent”</em></span> <span class='ocrx_word' id='word_1_863' title='bbox 3153 3686 3562 3756; x_wconf 66' lang='lat' dir='ltr'><em>intetligeremus.</em></span> <span class='ocrx_word' id='word_1_864' title='bbox 3607 3682 3801 3737; x_wconf 78' lang='lat' dir='ltr'><em>Tamen</em></span> 
     </span>
    </p>
   </div>
   <div class='ocr_carea' id='block_1_99' title="bbox 2207 3764 3802 3857">
    <p class='ocr_par' dir='ltr' id='par_1_99' title="bbox 2207 3764 3802 3857">
     <span class='ocr_line' id='line_1_99' title="bbox 2207 3764 3802 3857; baseline -0.004 -19"><span class='ocrx_word' id='word_1_865' title='bbox 2207 3785 2630 3857; x_wconf 81' lang='lat' dir='ltr'><em>quemadmodum</em></span> <span class='ocrx_word' id='word_1_866' title='bbox 2656 3764 2826 3837; x_wconf 81' lang='lat' dir='ltr'><em>onmia</em></span> <span class='ocrx_word' id='word_1_867' title='bbox 2847 3798 2965 3853; x_wconf 69' lang='lat' dir='ltr'><em>ante</em></span> <span class='ocrx_word' id='word_1_868' title='bbox 2984 3792 3118 3849; x_wconf 86' lang='lat' dir='ltr'><em>sunt,</em></span> <span class='ocrx_word' id='word_1_869' title='bbox 3148 3783 3257 3837; x_wconf 80' lang='lat' dir='ltr'><em>sine</em></span> <span class='ocrx_word' id='word_1_870' title='bbox 3277 3779 3496 3852; x_wconf 83' lang='lat' dir='ltr'><em>quadarn</em></span> <span class='ocrx_word' id='word_1_871' title='bbox 3514 3778 3678 3849; x_wconf 80' lang='lat' dir='ltr'><em>specie</em></span> <span class='ocrx_word' id='word_1_872' title='bbox 3700 3788 3802 3832; x_wconf 85' lang='lat' dir='ltr'><em>non</em></span> 
     </span>
    </p>
   </div>
   <div class='ocr_carea' id='block_1_100' title="bbox 2208 3872 3802 3952">
    <p class='ocr_par' dir='ltr' id='par_1_100' title="bbox 2208 3872 3802 3952">
     <span class='ocr_line' id='line_1_100' title="bbox 2208 3872 3802 3952; baseline -0.006 -17"><span class='ocrx_word' id='word_1_873' title='bbox 2208 3880 2558 3952; x_wconf 83' lang='lat' dir='ltr'><em>intelliguntur</em></span> <span class='ocrx_word' id='word_1_874' title='bbox 2578 3920 2594 3946; x_wconf 96' lang='lat'><em>,</em></span> <span class='ocrx_word' id='word_1_875' title='bbox 2644 3889 2690 3933; x_wconf 91' lang='lat' dir='ltr'><em>et</em></span> <span class='ocrx_word' id='word_1_876' title='bbox 2738 3878 3159 3951; x_wconf 84' lang='lat' dir='ltr'><em>incognoscibitia</em></span> <span class='ocrx_word' id='word_1_877' title='bbox 3178 3885 3333 3938; x_wconf 86' lang='lat' dir='ltr'><em>sunt;</em></span> <span class='ocrx_word' id='word_1_878' title='bbox 3359 3874 3430 3929; x_wconf 84' lang='lat' dir='ltr'><em>sic</em></span> <span class='ocrx_word' id='word_1_879' title='bbox 3457 3873 3615 3927; x_wconf 81' lang='lat' dir='ltr'><em>multo</em></span> <span class='ocrx_word' id='word_1_880' title='bbox 3640 3872 3802 3943; x_wconf 51' lang='lat' dir='ltr'><em>muttis</em></span> 
     </span>
    </p>
   </div>
   <div class='ocr_carea' id='block_1_101' title="bbox 2208 3964 3798 4039">
    <p class='ocr_par' dir='ltr' id='par_1_101' title="bbox 2208 3964 3798 4039">
     <span class='ocr_line' id='line_1_101' title="bbox 2208 3964 3798 4039; baseline -0.006 -12"><span class='ocrx_word' id='word_1_881' title='bbox 2208 3972 2323 4026; x_wconf 78' lang='lat' dir='ltr'><em>sine</em></span> <span class='ocrx_word' id='word_1_882' title='bbox 2357 3970 2495 4024; x_wconf 83' lang='lat' dir='ltr'><em>Filio</em></span> <span class='ocrx_word' id='word_1_883' title='bbox 2516 4013 2529 4036; x_wconf 95' lang='lat'><em>,</em></span> <span class='ocrx_word' id='word_1_884' title='bbox 2577 3972 2671 4025; x_wconf 87' lang='lat' dir='ltr'><em>hoc</em></span> <span class='ocrx_word' id='word_1_885' title='bbox 2712 3979 2784 4025; x_wconf 88' lang='lat' dir='ltr'><em>est</em></span> <span class='ocrx_word' id='word_1_886' title='bbox 2804 4014 2819 4039; x_wconf 93' lang='lat'><em>,</em></span> <span class='ocrx_word' id='word_1_887' title='bbox 2850 3971 2963 4025; x_wconf 87' lang='lat' dir='ltr'><em>sine</em></span> <span class='ocrx_word' id='word_1_888' title='bbox 2997 3972 3197 4024; x_wconf 72' lang='lat' dir='ltr'><em>ratione</em></span> <span class='ocrx_word' id='word_1_889' title='bbox 3228 3968 3519 4039; x_wconf 84' lang='lat' dir='ltr'><em>incognitus</em></span> <span class='ocrx_word' id='word_1_890' title='bbox 3541 3973 3615 4020; x_wconf 89' lang='lat' dir='ltr'><em>est</em></span> <span class='ocrx_word' id='word_1_891' title='bbox 3644 3964 3798 4018; x_wconf 79' lang='lat' dir='ltr'><em>Deus.</em></span> 
     </span>
    </p>
   </div>
   <div class='ocr_carea' id='block_1_102' title="bbox 2212 4054 3804 4135">
    <p class='ocr_par' dir='ltr' id='par_1_102' title="bbox 2212 4054 3804 4135">
     <span class='ocr_line' id='line_1_102' title="bbox 2212 4054 3804 4135; baseline -0.005 -19"><span class='ocrx_word' id='word_1_892' title='bbox 2212 4062 2353 4129; x_wconf 76' lang='lat' dir='ltr'><em>Quid</em></span> <span class='ocrx_word' id='word_1_893' title='bbox 2377 4062 2548 4116; x_wconf 84' lang='lat' dir='ltr'><em>enim?</em></span> <span class='ocrx_word' id='word_1_894' title='bbox 2571 4078 2638 4116; x_wconf 90' lang='lat' dir='ltr'><em>an</em></span> <span class='ocrx_word' id='word_1_895' title='bbox 2664 4060 2949 4135; x_wconf 83' lang='lat' dir='ltr'><em>aliquando</em></span> <span class='ocrx_word' id='word_1_896' title='bbox 2962 4061 3071 4113; x_wconf 89' lang='lat' dir='ltr'><em>sine</em></span> <span class='ocrx_word' id='word_1_897' title='bbox 3088 4061 3283 4114; x_wconf 70' lang='lat' dir='ltr'><em>ratione</em></span> <span class='ocrx_word' id='word_1_898' title='bbox 3305 4055 3465 4110; x_wconf 83' lang='lat' dir='ltr'><em>Pater</em></span> <span class='ocrx_word' id='word_1_899' title='bbox 3480 4056 3658 4126; x_wconf 75' lang='lat' dir='ltr'><em>aiogns</em></span> <span class='ocrx_word' id='word_1_900' title='bbox 3679 4054 3804 4125; x_wconf 65' lang='lat' dir='ltr'><em>fuit?</em></span> 
     </span>
    </p>
   </div>
   <div class='ocr_carea' id='block_1_103' title="bbox 2213 4146 3803 4222">
    <p class='ocr_par' dir='ltr' id='par_1_103' title="bbox 2213 4146 3803 4222">
     <span class='ocr_line' id='line_1_103' title="bbox 2213 4146 3803 4222; baseline -0.006 -15"><span class='ocrx_word' id='word_1_901' title='bbox 2213 4152 2340 4219; x_wconf 80' lang='lat' dir='ltr'><em>Quis</em></span> <span class='ocrx_word' id='word_1_902' title='bbox 2368 4154 2467 4207; x_wconf 75' lang='lat' dir='ltr'><em>hoc</em></span> <span class='ocrx_word' id='word_1_903' title='bbox 2489 4153 2673 4208; x_wconf 89' lang='lat' dir='ltr'><em>audeat</em></span> <span class='ocrx_word' id='word_1_904' title='bbox 2711 4152 2914 4207; x_wconf 87' lang='lat' dir='ltr'><em>dicere?</em></span> <span class='ocrx_word' id='word_1_905' title='bbox 2954 4149 3365 4222; x_wconf 79' lang='lat' dir='ltr'><em>Cognoscendam</em></span> <span class='ocrx_word' id='word_1_906' title='bbox 3400 4148 3573 4217; x_wconf 81' lang='lat' dir='ltr'><em>itaque</em></span> <span class='ocrx_word' id='word_1_907' title='bbox 3606 4146 3803 4200; x_wconf 79' lang='lat' dir='ltr'><em>rativne</em></span> 
     </span>
    </p>
   </div>
   <div class='ocr_carea' id='block_1_104' title="bbox 2210 4232 3803 4302">
    <p class='ocr_par' dir='ltr' id='par_1_104' title="bbox 2210 4232 3803 4302">
     <span class='ocr_line' id='line_1_104' title="bbox 2210 4232 3803 4302; baseline -0.005 -9"><span class='ocrx_word' id='word_1_908' title='bbox 2210 4238 2381 4293; x_wconf 81' lang='lat' dir='ltr'><em>Deum</em></span> <span class='ocrx_word' id='word_1_909' title='bbox 2406 4256 2565 4293; x_wconf 85' lang='lat' dir='ltr'><em>unum</em></span> <span class='ocrx_word' id='word_1_910' title='bbox 2587 4254 2649 4292; x_wconf 77' lang='lat' dir='ltr'><em>ea:</em></span> <span class='ocrx_word' id='word_1_911' title='bbox 2668 4255 2786 4302; x_wconf 92' lang='lat' dir='ltr'><em>uno,</em></span> <span class='ocrx_word' id='word_1_912' title='bbox 2814 4236 2893 4291; x_wconf 75' lang='lat' dir='ltr'><em>vel</em></span> <span class='ocrx_word' id='word_1_913' title='bbox 2913 4252 3068 4289; x_wconf 82' lang='lat' dir='ltr'><em>unum</em></span> <span class='ocrx_word' id='word_1_914' title='bbox 3097 4237 3149 4288; x_wconf 87' lang='lat' dir='ltr'><em>in</em></span> <span class='ocrx_word' id='word_1_915' title='bbox 3173 4248 3273 4288; x_wconf 86' lang='lat' dir='ltr'><em>uno</em></span> <span class='ocrx_word' id='word_1_916' title='bbox 3300 4232 3453 4287; x_wconf 80' lang='lat' dir='ltr'><em>simul</em></span> <span class='ocrx_word' id='word_1_917' title='bbox 3474 4246 3631 4285; x_wconf 79' lang='lat' dir='ltr'><em>unum</em></span> <span class='ocrx_word' id='word_1_918' title='bbox 3655 4245 3803 4285; x_wconf 77' lang='lat' dir='ltr'><em>esse:</em></span> 
     </span>
    </p>
   </div>
   <div class='ocr_carea' id='block_1_105' title="bbox 2210 4322 3801 4399">
    <p class='ocr_par' dir='ltr' id='par_1_105' title="bbox 2210 4322 3801 4399">
     <span class='ocr_line' id='line_1_105' title="bbox 2210 4322 3801 4399; baseline -0.005 -15"><span class='ocrx_word' id='word_1_919' title='bbox 2210 4332 2327 4399; x_wconf 88' lang='lat' dir='ltr'><em>quia</em></span> <span class='ocrx_word' id='word_1_920' title='bbox 2348 4342 2483 4384; x_wconf 80' lang='lat' dir='ltr'><em>unus</em></span> <span class='ocrx_word' id='word_1_921' title='bbox 2505 4338 2579 4385; x_wconf 83' lang='lat' dir='ltr'><em>est</em></span> <span class='ocrx_word' id='word_1_922' title='bbox 2600 4329 2754 4394; x_wconf 88' lang='lat' dir='ltr'><em>Deus,</em></span> <span class='ocrx_word' id='word_1_923' title='bbox 2778 4330 2861 4383; x_wconf 88' lang='lat' dir='ltr'><em>cui</em></span> <span class='ocrx_word' id='word_1_924' title='bbox 2884 4342 3083 4382; x_wconf 75' lang='lat' dir='ltr'><em>necesse</em></span> <span class='ocrx_word' id='word_1_925' title='bbox 3114 4334 3189 4380; x_wconf 82' lang='lat' dir='ltr'><em>est</em></span> <span class='ocrx_word' id='word_1_926' title='bbox 3210 4326 3355 4380; x_wconf 81' lang='lat' dir='ltr'><em>illam</em></span> <span class='ocrx_word' id='word_1_927' title='bbox 3376 4325 3540 4378; x_wconf 80' lang='lat' dir='ltr'><em>inesse</em></span> <span class='ocrx_word' id='word_1_928' title='bbox 3571 4322 3801 4377; x_wconf 74' lang='lat' dir='ltr'><em>dilectio-</em></span> 
     </span>
    </p>
   </div>
   <div class='ocr_carea' id='block_1_106' title="bbox 2210 4414 3802 4493">
    <p class='ocr_par' dir='ltr' id='par_1_106' title="bbox 2210 4414 3802 4493">
     <span class='ocr_line' id='line_1_106' title="bbox 2210 4414 3802 4493; baseline -0.005 -16"><span class='ocrx_word' id='word_1_929' title='bbox 2210 4438 2323 4477; x_wconf 85' lang='lat' dir='ltr'><em>nem</em></span> <span class='ocrx_word' id='word_1_930' title='bbox 2350 4439 2503 4493; x_wconf 80' lang='lat' dir='ltr'><em>quam</em></span> <span class='ocrx_word' id='word_1_931' title='bbox 2524 4438 2719 4492; x_wconf 83' lang='lat' dir='ltr'><em>semper</em></span> <span class='ocrx_word' id='word_1_932' title='bbox 2738 4420 3017 4475; x_wconf 84' lang='lat' dir='ltr'><em>habendam</em></span> <span class='ocrx_word' id='word_1_933' title='bbox 3056 4419 3166 4489; x_wconf 80' lang='lat' dir='ltr'><em>ipsa</em></span> <span class='ocrx_word' id='word_1_934' title='bbox 3203 4419 3331 4472; x_wconf 80' lang='lat' dir='ltr'><em>ratio</em></span> <span class='ocrx_word' id='word_1_935' title='bbox 3363 4417 3532 4486; x_wconf 85' lang='lat' dir='ltr'><em>docet,</em></span> <span class='ocrx_word' id='word_1_936' title='bbox 3561 4414 3643 4471; x_wconf 74' lang='lat' dir='ltr'><em>vel</em></span> <span class='ocrx_word' id='word_1_937' title='bbox 3663 4414 3802 4470; x_wconf 85' lang='lat' dir='ltr'><em>Deus</em></span> 
     </span>
    </p>
   </div>
   <div class='ocr_carea' id='block_1_107' title="bbox 2212 4513 3287 4587">
    <p class='ocr_par' dir='ltr' id='par_1_107' title="bbox 2212 4513 3287 4587">
     <span class='ocr_line' id='line_1_107' title="bbox 2212 4513 3287 4587; baseline -0.006 -16"><span class='ocrx_word' id='word_1_938' title='bbox 2212 4516 2441 4587; x_wconf 73' lang='lat' dir='ltr'><em>prwcipit</em></span> <span class='ocrx_word' id='word_1_939' title='bbox 2467 4514 2782 4571; x_wconf 72' lang='lat' dir='ltr'><em>ditcctionem</em></span> <span class='ocrx_word' id='word_1_940' title='bbox 2810 4513 3143 4568; x_wconf 79' lang='lat' dir='ltr'><em>exhibendam</em></span> <span class='ocrx_word' id='word_1_941' title='bbox 3164 4526 3287 4565; x_wconf 88' lang='lat' dir='ltr'><em>esse.</em></span> 
     </span>
    </p>
   </div>
   <div class='ocr_carea' id='block_1_108' title="bbox 2680 4600 3341 4678">
    <p class='ocr_par' dir='ltr' id='par_1_108' title="bbox 2680 4600 3341 4678">
     <span class='ocr_line' id='line_1_108' title="bbox 2680 4600 3341 4678; baseline -0.003 -17"><span class='ocrx_word' id='word_1_942' title='bbox 2680 4600 3011 4661; x_wconf 72' lang='lat' dir='ltr'><em>EPISTOLA</em></span> <span class='ocrx_word' id='word_1_943' title='bbox 3048 4602 3213 4660; x_wconf 84' lang='lat' dir='ltr'><em>CLXI</em></span> <span class='ocrx_word' id='word_1_944' title='bbox 3241 4602 3341 4678; x_wconf 77' lang='grc' dir='ltr'><em>(α).</em></span> 
     </span>
    </p>
   </div>
   <div class='ocr_carea' id='block_1_109' title="bbox 2212 4694 3801 4771">
    <p class='ocr_par' dir='ltr' id='par_1_109' title="bbox 2212 4694 3801 4771">
     <span class='ocr_line' id='line_1_109' title="bbox 2212 4694 3801 4771; baseline -0.004 -16"><span class='ocrx_word' id='word_1_945' title='bbox 2212 4699 2437 4755; x_wconf 78' lang='lat' dir='ltr'><em>Evodins</em></span> <span class='ocrx_word' id='word_1_946' title='bbox 2480 4698 2795 4771; x_wconf 79' lang='lat' dir='ltr'><em>Augustino,</em></span> <span class='ocrx_word' id='word_1_947' title='bbox 2842 4698 2905 4752; x_wconf 84' lang='lat' dir='ltr'><em>de</em></span> <span class='ocrx_word' id='word_1_948' title='bbox 2942 4712 3002 4752; x_wconf 81' lang='lat' dir='ltr'><em>eo</em></span> <span class='ocrx_word' id='word_1_949' title='bbox 3042 4696 3181 4768; x_wconf 80' lang='lat' dir='ltr'><em>quod</em></span> <span class='ocrx_word' id='word_1_950' title='bbox 3212 4695 3459 4765; x_wconf 79' lang='lat' dir='ltr'><em>scriptum</em></span> <span class='ocrx_word' id='word_1_951' title='bbox 3489 4702 3569 4749; x_wconf 80' lang='lat' dir='ltr'><em>est</em></span> <span class='ocrx_word' id='word_1_952' title='bbox 3594 4695 3647 4748; x_wconf 86' lang='lat' dir='ltr'><em>in</em></span> <span class='ocrx_word' id='word_1_953' title='bbox 3691 4694 3801 4764; x_wconf 51' lang='lat' dir='ltr'><em>epit-</em></span> 
     </span>
    </p>
   </div>
   <div class='ocr_carea' id='block_1_110' title="bbox 2283 4788 3803 4858">
    <p class='ocr_par' dir='ltr' id='par_1_110' title="bbox 2283 4788 3803 4858">
     <span class='ocr_line' id='line_1_110' title="bbox 2283 4788 3803 4858; baseline -0.004 -11"><span class='ocrx_word' id='word_1_954' title='bbox 2283 4794 2413 4848; x_wconf 88' lang='lat' dir='ltr'><em>stola</em></span> <span class='ocrx_word' id='word_1_955' title='bbox 2443 4793 2543 4846; x_wconf 67' lang='lat'><em>{‘57</em></span> <span class='ocrx_word' id='word_1_956' title='bbox 2564 4834 2577 4857; x_wconf 90' lang='lat'><em>,</em></span> <span class='ocrx_word' id='word_1_957' title='bbox 2608 4792 2683 4844; x_wconf 74' lang='lat' dir='ltr'><em>ad</em></span> <span class='ocrx_word' id='word_1_958' title='bbox 2710 4789 3073 4858; x_wconf 83' lang='lat' dir='ltr'><em>Volusiannm,</em></span> <span class='ocrx_word' id='word_1_959' title='bbox 3113 4806 3133 4841; x_wconf 89' lang='grc'><strong><em>‹</em></strong></span> <span class='ocrx_word' id='word_1_960' title='bbox 3161 4788 3221 4844; x_wconf 83' lang='lat' dir='ltr'><em>Si</em></span> <span class='ocrx_word' id='word_1_961' title='bbox 3247 4789 3375 4842; x_wconf 87' lang='lat' dir='ltr'><em>ratio</em></span> <span class='ocrx_word' id='word_1_962' title='bbox 3399 4789 3669 4857; x_wconf 63' lang='lat' dir='ltr'><em>quaeritur,</em></span> <span class='ocrx_word' id='word_1_963' title='bbox 3701 4804 3803 4841; x_wconf 82' lang='lat' dir='ltr'><em>non</em></span> 
     </span>
    </p>
   </div>
   <div class='ocr_carea' id='block_1_111' title="bbox 2291 4880 3805 4953">
    <p class='ocr_par' dir='ltr' id='par_1_111' title="bbox 2291 4880 3805 4953">
     <span class='ocr_line' id='line_1_111' title="bbox 2291 4880 3805 4953; baseline -0.003 -17"><span class='ocrx_word' id='word_1_964' title='bbox 2291 4900 2317 4936; x_wconf 64' lang='grc' dir='ltr'><em>ε</em></span> <span class='ocrx_word' id='word_1_965' title='bbox 2343 4885 2433 4937; x_wconf 84' lang='lat' dir='ltr'><em>erit</em></span> <span class='ocrx_word' id='word_1_966' title='bbox 2459 4883 2707 4949; x_wconf 84' lang='lat' dir='ltr'><em>mirabile,</em></span> <span class='ocrx_word' id='word_1_967' title='bbox 2732 4902 2749 4933; x_wconf 73' lang='grc' dir='ltr'><strong><em>ι</em></strong></span> <span class='ocrx_word' id='word_1_968' title='bbox 2777 4891 2904 4950; x_wconf 89' lang='lat' dir='ltr'><em>etc.,</em></span> <span class='ocrx_word' id='word_1_969' title='bbox 2937 4899 3034 4953; x_wconf 78' lang='lat' dir='ltr'><em>quo</em></span> <span class='ocrx_word' id='word_1_970' title='bbox 3059 4883 3192 4936; x_wconf 88' lang='lat' dir='ltr'><em>dicto</em></span> <span class='ocrx_word' id='word_1_971' title='bbox 3217 4880 3355 4935; x_wconf 84' lang='lat' dir='ltr'><em>abuti</em></span> <span class='ocrx_word' id='word_1_972' title='bbox 3370 4895 3451 4935; x_wconf 85' lang='lat' dir='ltr'><em>eos</em></span> <span class='ocrx_word' id='word_1_973' title='bbox 3473 4895 3617 4951; x_wconf 87' lang='lat' dir='ltr'><em>posse</em></span> <span class='ocrx_word' id='word_1_974' title='bbox 3637 4889 3805 4933; x_wconf 87' lang='lat' dir='ltr'><em>osten-</em></span> 
     </span>
    </p>
   </div>
   <div class='ocr_carea' id='block_1_112' title="bbox 2284 4969 3804 5047">
    <p class='ocr_par' dir='ltr' id='par_1_112' title="bbox 2284 4969 3804 5047">
     <span class='ocr_line' id='line_1_112' title="bbox 2284 4969 3804 5047; baseline -0.005 -16"><span class='ocrx_word' id='word_1_975' title='bbox 2284 4978 2388 5044; x_wconf 83' lang='lat' dir='ltr'><em>dit,</em></span> <span class='ocrx_word' id='word_1_976' title='bbox 2417 4977 2503 5047; x_wconf 89' lang='lat' dir='ltr'><em>qui</em></span> <span class='ocrx_word' id='word_1_977' title='bbox 2527 4975 2714 5029; x_wconf 83' lang='lat' dir='ltr'><em>vellent</em></span> <span class='ocrx_word' id='word_1_978' title='bbox 2737 4976 2992 5045; x_wconf 84' lang='lat' dir='ltr'><em>corporeis</em></span> <span class='ocrx_word' id='word_1_979' title='bbox 3022 4975 3182 5029; x_wconf 89' lang='lat' dir='ltr'><em>oculis</em></span> <span class='ocrx_word' id='word_1_980' title='bbox 3226 4991 3275 5043; x_wconf 4' lang='lat' dir='ltr'><em>af</em></span> <span class='ocrx_word' id='word_1_981' title='bbox 3300 4971 3497 5027; x_wconf 76' lang='lat' dir='ltr'><em>Christo</em></span> <span class='ocrx_word' id='word_1_982' title='bbox 3540 4969 3709 5025; x_wconf 77' lang='lat' dir='ltr'><em>Deum</em></span> <span class='ocrx_word' id='word_1_983' title='bbox 3730 4972 3804 5024; x_wconf 89' lang='lat' dir='ltr'><em>vi-</em></span> 
     </span>
    </p>
   </div>
   <div class='ocr_carea' id='block_1_113' title="bbox 2286 5062 3800 5140">
    <p class='ocr_par' dir='ltr' id='par_1_113' title="bbox 2286 5062 3800 5140">
     <span class='ocr_line' id='line_1_113' title="bbox 2286 5062 3800 5140; baseline -0.005 -14"><span class='ocrx_word' id='word_1_984' title='bbox 2286 5072 2412 5138; x_wconf 88' lang='lat' dir='ltr'><em>deri,</em></span> <span class='ocrx_word' id='word_1_985' title='bbox 2441 5078 2617 5124; x_wconf 90' lang='lat' dir='ltr'><em>contra</em></span> <span class='ocrx_word' id='word_1_986' title='bbox 2649 5086 2803 5140; x_wconf 90' lang='lat' dir='ltr'><em>quam</em></span> <span class='ocrx_word' id='word_1_987' title='bbox 2828 5070 2998 5123; x_wconf 87' lang='lat' dir='ltr'><em>docuit</em></span> <span class='ocrx_word' id='word_1_988' title='bbox 3021 5068 3332 5138; x_wconf 76' lang='lat' dir='ltr'><em>Augustinus</em></span> <span class='ocrx_word' id='word_1_989' title='bbox 3359 5066 3414 5120; x_wconf 88' lang='lat' dir='ltr'><em>in</em></span> <span class='ocrx_word' id='word_1_990' title='bbox 3468 5064 3680 5137; x_wconf 82' lang='lat' dir='ltr'><em>epistola</em></span> <span class='ocrx_word' id='word_1_991' title='bbox 3709 5062 3800 5133; x_wconf 69' lang='lat'><em>92,</em></span> 
     </span>
    </p>
   </div>
   <div class='ocr_carea' id='block_1_114' title="bbox 2285 5162 2635 5216">
    <p class='ocr_par' dir='ltr' id='par_1_114' title="bbox 2285 5162 2635 5216">
     <span class='ocr_line' id='line_1_114' title="bbox 2285 5162 2635 5216; baseline -0.006 0"><span class='ocrx_word' id='word_1_992' title='bbox 2285 5164 2353 5216; x_wconf 90' lang='lat' dir='ltr'><em>ad</em></span> <span class='ocrx_word' id='word_1_993' title='bbox 2378 5162 2635 5216; x_wconf 81' lang='lat' dir='ltr'><em>Italicam.</em></span> 
     </span>
    </p>
   </div>
   <div class='ocr_carea' id='block_1_115' title="bbox 2216 5251 3805 5321">
    <p class='ocr_par' dir='ltr' id='par_1_115' title="bbox 2216 5251 3805 5321">
     <span class='ocr_line' id='line_1_115' title="bbox 2216 5251 3805 5321; baseline -0.004 -9"><span class='ocrx_word' id='word_1_994' title='bbox 2216 5256 2440 5312; x_wconf 86' lang='lat' dir='ltr'><em>Domino</em></span> <span class='ocrx_word' id='word_1_995' title='bbox 2483 5264 2697 5321; x_wconf 78' lang='lat' dir='ltr'><em>sancto,</em></span> <span class='ocrx_word' id='word_1_996' title='bbox 2740 5254 3119 5311; x_wconf 84' lang='lat' dir='ltr'><em>venerabiliter</em></span> <span class='ocrx_word' id='word_1_997' title='bbox 3174 5252 3520 5309; x_wconf 81' lang='lat' dir='ltr'><em>dilectissimo</em></span> <span class='ocrx_word' id='word_1_998' title='bbox 3574 5251 3722 5306; x_wconf 74' lang='lat' dir='ltr'><em>fratri</em></span> <span class='ocrx_word' id='word_1_999' title='bbox 3751 5258 3805 5306; x_wconf 87' lang='lat' dir='ltr'><em>et</em></span> 
     </span>
    </p>
   </div>
   <div class='ocr_carea' id='block_1_116' title="bbox 2287 5344 3803 5417">
    <p class='ocr_par' dir='ltr' id='par_1_116' title="bbox 2287 5344 3803 5417">
     <span class='ocr_line' id='line_1_116' title="bbox 2287 5344 3803 5417; baseline -0.004 -14"><span class='ocrx_word' id='word_1_1000' title='bbox 2287 5348 2653 5403; x_wconf 80' lang='lat' dir='ltr'><em>consacerdoti</em></span> <span class='ocrx_word' id='word_1_1001' title='bbox 2708 5348 3042 5414; x_wconf 77' lang='lat' dir='ltr'><em>Ancns&#39;rmo,</em></span> <span class='ocrx_word' id='word_1_1002' title='bbox 3100 5356 3154 5401; x_wconf 87' lang='lat' dir='ltr'><em>et</em></span> <span class='ocrx_word' id='word_1_1003' title='bbox 3196 5344 3445 5401; x_wconf 81' lang='lat' dir='ltr'><em>fratribus</em></span> <span class='ocrx_word' id='word_1_1004' title='bbox 3489 5344 3579 5417; x_wconf 87' lang='lat' dir='ltr'><em>qui</em></span> <span class='ocrx_word' id='word_1_1005' title='bbox 3630 5354 3803 5400; x_wconf 84' lang='lat' dir='ltr'><em>tecum</em></span> 
     </span>
    </p>
   </div>
   <div class='ocr_carea' id='block_1_117' title="bbox 2287 5438 3801 5512">
    <p class='ocr_par' dir='ltr' id='par_1_117' title="bbox 2287 5438 3801 5512">
     <span class='ocr_line' id='line_1_117' title="bbox 2287 5438 3801 5512; baseline -0.003 -15"><span class='ocrx_word' id='word_1_1006' title='bbox 2287 5453 2425 5509; x_wconf 84' lang='lat' dir='ltr'><em>sunt,</em></span> <span class='ocrx_word' id='word_1_1007' title='bbox 2461 5443 2712 5510; x_wconf 81' lang='lat' dir='ltr'><em>Evomns,</em></span> <span class='ocrx_word' id='word_1_1008' title='bbox 2738 5448 2793 5497; x_wconf 87' lang='lat' dir='ltr'><em>et</em></span> <span class='ocrx_word' id='word_1_1009' title='bbox 2818 5438 3014 5497; x_wconf 74' lang='lat' dir='ltr'><em>fratres</em></span> <span class='ocrx_word' id='word_1_1010' title='bbox 3042 5440 3131 5512; x_wconf 88' lang='lat' dir='ltr'><em>qui</em></span> <span class='ocrx_word' id='word_1_1011' title='bbox 3158 5450 3367 5495; x_wconf 80' lang='lat' dir='ltr'><em>mecum</em></span> <span class='ocrx_word' id='word_1_1012' title='bbox 3398 5447 3541 5507; x_wconf 87' lang='lat' dir='ltr'><em>sunt,</em></span> <span class='ocrx_word' id='word_1_1013' title='bbox 3572 5438 3801 5493; x_wconf 80' lang='lat' dir='ltr'><em>salutem</em></span> 
     </span>
    </p>
   </div>
   <div class='ocr_carea' id='block_1_118' title="bbox 2290 5537 3379 5591">
    <p class='ocr_par' dir='ltr' id='par_1_118' title="bbox 2290 5537 3379 5591">
     <span class='ocr_line' id='line_1_118' title="bbox 2290 5537 3379 5591; baseline -0.01 0"><span class='ocrx_word' id='word_1_1014' title='bbox 2290 5554 2343 5591; x_wconf 80' lang='lat' dir='ltr'><em>In</em></span> <span class='ocrx_word' id='word_1_1015' title='bbox 2374 5537 2617 5590; x_wconf 78' lang='lat' dir='ltr'><em>Domino.</em></span> <span class='ocrx_word' id='word_1_1016' title='bbox 3374 5542 3379 5547; x_wconf 73' lang='lat'><strong>‘</strong></span> 
     </span>
    </p>
   </div>
   <div class='ocr_carea' id='block_1_119' title="bbox 2289 5623 3803 5698">
    <p class='ocr_par' dir='ltr' id='par_1_119' title="bbox 2289 5623 3803 5698">
     <span class='ocr_line' id='line_1_119' title="bbox 2289 5623 3803 5698; baseline -0.004 -13"><span class='ocrx_word' id='word_1_1017' title='bbox 2289 5631 2340 5685; x_wconf 69' lang='grc' dir='ltr'><strong>ί.</strong></span> <span class='ocrx_word' id='word_1_1018' title='bbox 2384 5626 2489 5683; x_wconf 85' lang='lat' dir='ltr'><em>Per</em></span> <span class='ocrx_word' id='word_1_1019' title='bbox 2511 5628 2752 5683; x_wconf 84' lang='lat' dir='ltr'><em>Jobinum</em></span> <span class='ocrx_word' id='word_1_1020' title='bbox 2781 5628 2798 5661; x_wconf 80' lang='grc'>¹</span> <span class='ocrx_word' id='word_1_1021' title='bbox 2822 5626 2909 5698; x_wconf 75' lang='lat' dir='ltr'><em>qui</em></span> <span class='ocrx_word' id='word_1_1022' title='bbox 2927 5626 2996 5681; x_wconf 89' lang='lat' dir='ltr'><em>ad</em></span> <span class='ocrx_word' id='word_1_1023' title='bbox 3016 5626 3373 5697; x_wconf 82' lang='lat' dir='ltr'><em>possessionem</em></span> <span class='ocrx_word' id='word_1_1024' title='bbox 3396 5623 3803 5680; x_wconf 74' lang='lat' dir='ltr'><em>Marcianensem</em></span> 
     </span>
    </p>
   </div>
   <div class='ocr_carea' id='block_1_120' title="bbox 2282 5759 3261 5835">
    <p class='ocr_par' dir='ltr' id='par_1_120' title="bbox 2282 5759 3261 5835">
     <span class='ocr_line' id='line_1_120' title="bbox 2282 5759 3261 5835; baseline -0.002 -20"><span class='ocrx_word' id='word_1_1025' title='bbox 2282 5766 2299 5797; x_wconf 75' lang='grc' dir='ltr'><strong><em>ι</em></strong></span> <span class='ocrx_word' id='word_1_1026' title='bbox 2334 5772 2384 5815; x_wconf 86' lang='lat' dir='ltr'><em>tn</em></span> <span class='ocrx_word' id='word_1_1027' title='bbox 2405 5766 2614 5835; x_wconf 61' lang='lat' dir='ltr'><em>vetustis</em></span> <span class='ocrx_word' id='word_1_1028' title='bbox 2634 5762 2896 5825; x_wconf 75' lang='lat' dir='ltr'><em>codicibus,</em></span> <span class='ocrx_word' id='word_1_1029' title='bbox 2913 5775 3002 5827; x_wconf 81' lang='lat' dir='ltr'><em>per</em></span> <span class='ocrx_word' id='word_1_1030' title='bbox 3020 5759 3261 5814; x_wconf 76' lang='lat' dir='ltr'><em>Jovituau.</em></span> 
     </span>
    </p>
   </div>
   <div class='ocr_carea' id='block_1_121' title="bbox 2217 5845 3809 5971">
    <p class='ocr_par' dir='ltr' id='par_1_121' title="bbox 2217 5845 3809 5971">
     <span class='ocr_line' id='line_1_121' title="bbox 2217 5845 3809 5971; baseline -0.009 -65"><span class='ocrx_word' id='word_1_1031' title='bbox 2217 5851 2364 5971; x_wconf 45' lang='lat' dir='ltr'><em>deﬁt;</em></span> <span class='ocrx_word' id='word_1_1032' title='bbox 2385 5849 2620 5967; x_wconf 45' lang='lat'><em>$321357</em></span> <span class='ocrx_word' id='word_1_1033' title='bbox 2646 5864 2660 5902; x_wconf 90' lang='lat'><strong>:</strong></span> <span class='ocrx_word' id='word_1_1034' title='bbox 2686 5862 2799 5916; x_wconf 60' lang='lat' dir='ltr'><em>qua:</em></span> <span class='ocrx_word' id='word_1_1035' title='bbox 2820 5856 2989 5903; x_wconf 80' lang='lat' dir='ltr'><em>autem</em></span> <span class='ocrx_word' id='word_1_1036' title='bbox 3008 5848 3095 5901; x_wconf 75' lang='grc'><strong>161</strong></span> <span class='ocrx_word' id='word_1_1037' title='bbox 3123 5854 3249 5912; x_wconf 70' lang='lat' dir='ltr'><em>emt,</em></span> <span class='ocrx_word' id='word_1_1038' title='bbox 3270 5859 3399 5899; x_wconf 88' lang='lat' dir='ltr'><em>nunc</em></span> <span class='ocrx_word' id='word_1_1039' title='bbox 3418 5845 3499 5899; x_wconf 76' lang='grc'><strong>49.</strong></span> <span class='ocrx_word' id='word_1_1040' title='bbox 3523 5846 3711 5912; x_wconf 70' lang='lat' dir='ltr'><em>scriptu</em></span> <span class='ocrx_word' id='word_1_1041' title='bbox 3732 5846 3809 5898; x_wconf 74' lang='lat' dir='ltr'><em>vt.</em></span> 
     </span>
    </p>
   </div>
  </div>
