4154 6354
464 427 572 490 705

467 545 644 618 potius
672 542 1056 616 respondeatur
1072 556 1191 614 quae
1215 540 1640 613 supervenientia
1666 540 2047 611 requiruntur;

467 637 594 710 quid
609 636 715 693 â€œflet
742 637 786 691 si
815 636 975 691 etiam
1005 636 1134 706 ipsis
1159 634 1286 690 dum
1330 633 1702 701 respondetur,
1732 634 1835 687 alia
1862 647 2053 703 super-

467 730 748 787 venerint?
778 729 911 784 Num
938 728 1114 800 placet
1141 737 1198 783 ut
1226 728 1386 783 etiam
1416 726 1501 782 his
1525 727 1739 782 omissis
1762 727 1849 781 illa
1876 727 2052 783 susci-

468 824 700 895 piantur,
745 830 801 876 et
826 836 1040 891 semper
1072 821 1250 892 priora
1280 820 1410 875 fiant
1444 835 1563 889 qua:
1596 819 1889 889 posteriora
1920 818 2051 873 obo-

470 914 699 979 riuntttr,
733 927 904 983 eaque
932 912 1044 966 sola
1075 911 1361 967 terminare
1389 912 1675 981 contingat,
1708 910 1899 980 quibus
1927 924 2049 965 cum

468 1007 778 1063 scribuntur
805 1020 912 1059 non
950 1004 1319 1074 supervenerit
1344 1003 1541 1075 aliquid
1571 1003 1712 1074 quod
1741 1002 2050 1073 quzeralur?

468 1099 624 1169 Quod
651 1108 708 1154 ut
742 1098 875 1154 mihi
900 1098 1103 1153 accidat
1131 1097 1497 1153 difficillimum
1523 1106 1633 1161 est;
1666 1096 1760 1151 sed
1797 1112 1903 1150 non
1933 1096 2051 1166 opi-

470 1208 571 1248 nor
598 1192 692 1247 tibi
739 1192 840 1247 lioc
865 1191 1094 1261 placere.
1123 1189 1238 1245 Non
1269 1205 1397 1261 ergo
1443 1189 1599 1244 debui
1640 1189 1741 1242 alia
1769 1189 2051 1243 interrum-

468 1300 598 1356 pere
638 1299 757 1339 cum
786 1292 871 1337 tua
902 1282 1363 1351 supervenissent,
1396 1282 1534 1337 sicut
1577 1297 1674 1337 nec
1716 1290 1833 1346 tua,
1874 1281 1920 1335 si
1950 1281 2053 1335 alia

470 1390 659 1432 rursus
682 1374 967 1440 irruerint;
999 1383 1055 1429 et
1080 1382 1254 1429 tamen
1279 1389 1491 1429 scrvare
1519 1373 1653 1428 hanc
1670 1373 1923 1443 justitiam
1947 1390 2052 1429 non

472 1468 641 1523 sinor.
672 1465 803 1521 Nam
835 1481 959 1521 ecce
989 1476 1047 1520 ut
1076 1466 1167 1520 tibi
1193 1465 1307 1521 haec
1327 1467 1438 1537 ipsa
1464 1466 1835 1533 rescriberem,
1864 1468 2054 1537 quibus

472 1560 525 1616 id
564 1560 942 1625 admonerem,
991 1560 1249 1615 intermisi
1295 1576 1412 1630 qua:
1438 1560 1655 1630 agebam
1678 1601 1691 1626 ,
1723 1570 1775 1617 et
1819 1562 2052 1614 animum

472 1667 650 1705 meum
678 1650 746 1706 ad
785 1651 921 1706 hanc
957 1651 1238 1722 epistolam
1279 1650 1349 1706 ab
1375 1652 1476 1706 alia
1523 1666 1715 1721 magna
1759 1650 2054 1707 intentione

471 1742 689 1798 detorsi.

544 1832 599 1887 2.
628 1832 806 1888 Facile
848 1841 1024 1887 autem
1056 1832 1153 1887 fuit
1183 1832 1319 1888 hanc
1351 1833 1789 1900 excusationem,
1830 1839 1891 1887 ut
1914 1832 2055 1887 arbi-

473 1935 605 1990 tror,
636 1942 741 1980 non
762 1925 1018 1996 iniquam,
1051 1926 1240 1981 litteris
1273 1925 1494 1980 inditam
1522 1926 1612 1980 tibi
1633 1928 1934 1990 remittere;
1964 1942 2053 1981 re-

471 2016 736 2086 spondere
762 2025 937 2070 autem
961 2016 1389 2086 inquisitionibus
1410 2016 1511 2070 tuis
1534 2033 1637 2071 non
1666 2017 1737 2070 ita
1760 2017 1910 2071 facile
1930 2024 2049 2070 est:

469 2117 527 2161 et
558 2114 682 2175 puto
701 2106 753 2160 in
774 2106 903 2175 ipsis
922 2107 1194 2175 opusculis
1211 2123 1329 2177 qua:
1357 2123 1443 2163 me
1469 2124 1609 2163 nunc
1634 2107 2052 2162 intentissimum

469 2194 728 2261 detinent,
758 2211 862 2251 non
890 2195 1135 2251 defutura
1158 2196 1397 2266 quaedam
1416 2198 1548 2263 loca,
1578 2197 1667 2251 ubi
1693 2196 1807 2253 luce
1832 2198 1945 2267 ipsa
1969 2214 2056 2254 ex-

472 2288 683 2358 pediam
726 2305 843 2359 qute
869 2290 1118 2359 requiris,
1160 2291 1205 2345 si
1232 2290 1488 2344 Dominus
1517 2290 1721 2345 faverit.
1750 2290 1866 2346 Jum
1894 2292 2053 2347 etiam

471 2394 539 2436 ex
567 2380 630 2434 iis
656 2380 1040 2449 quaestionibus
1064 2396 1197 2451 quas
1237 2381 1394 2436 modo
1433 2381 1658 2446 misisti,
1690 2382 1855 2436 multa
1882 2384 2053 2437 soluta

469 2480 595 2525 sunt
616 2471 665 2525 in
688 2470 767 2526 eis
788 2471 937 2526 libris
958 2486 1091 2541 quos
1112 2470 1346 2525 nondum
1369 2472 1531 2538 edidi,
1555 2473 1666 2526 sive
1686 2471 1753 2527 de
1770 2472 2049 2537 Trinitate,

470 2564 583 2618 sive
604 2562 673 2619 de
694 2563 907 2619 Genesi.
940 2563 1248 2634 Quanquam
1292 2572 1345 2617 et
1366 2563 1456 2618 illa
1484 2564 1527 2617 si
1571 2564 1777 2633 relegas
1813 2580 1929 2634 quae
1959 2565 2052 2621 tibi

465 2652 670 2722 jamdiu
696 2662 819 2707 nota
862 2661 1019 2721 sunt,
1052 2654 1170 2719 vel,
1218 2654 1317 2707 nisi
1345 2652 1518 2719 fallor,
1550 2653 1796 2719 fuerunt,
1836 2658 1960 2726 quia
1989 2671 2051 2712 ea

470 2745 697 2802 fortasse
724 2746 918 2801 oblitus
953 2762 1013 2802 es
1041 2762 1159 2817 qua:
1188 2755 1240 2801 te
1274 2746 1583 2803 conferente
1612 2763 1818 2803 mecum
1844 2764 1907 2805 ac
1934 2766 2051 2805 ser-

471 2838 774 2893 mocinante
803 2838 1118 2908 conscripsi,
1142 2838 1253 2893 sive
1271 2838 1339 2894 de
1364 2839 1570 2895 Anima:
1591 2840 1916 2907 Quantitale,
1941 2843 2051 2897 sive

468 2930 539 2986 de
580 2930 774 2986 Libero
805 2931 1069 2996 Arbitrio;
1115 2930 1355 2986 invenies
1382 2931 1522 2986 unde
1548 2932 1840 2998 dissolvas,
1888 2933 2048 2988 etiam

468 3022 587 3079 sine
613 3039 731 3079 mea
763 3039 925 3093 Opera
945 3065 961 3091 ,
992 3024 1348 3079 dubitationes
1378 3032 1495 3079 tuas
1515 3065 1529 3089 ,
1571 3026 1808 3079 adhibito
1848 3027 2051 3081 scilicet

469 3116 727 3171 nonnullo
756 3116 938 3172 labore
981 3116 1344 3187 cogitationis,
1373 3124 1431 3171 ut
1460 3116 1524 3171 iis
1560 3133 1676 3186 quae
1706 3117 1778 3171 ibi
1802 3117 1867 3170 ad
1900 3117 2053 3172 intel-

469 3207 667 3263 lectum
714 3208 969 3277 liquidum
1009 3216 1319 3277 certumque
1358 3207 1609 3278 perducta
1650 3217 1812 3273 sunt,
1856 3224 2050 3263 conse-

468 3301 683 3371 quentia
708 3308 1006 3355 nectuntur.
1041 3301 1215 3356 Habes
1243 3300 1401 3356 etiam
1450 3300 1641 3355 librum
1681 3300 1747 3355 de
1775 3300 1911 3355 Vera
1942 3302 2048 3356 Re-

468 3391 682 3461 ligione,
702 3408 859 3461 quem
878 3392 922 3446 si
941 3392 1207 3447 recoleres
1227 3402 1385 3463 atque
1408 3392 1752 3461 perSpiceres,
1782 3409 2049 3463 nunquam

471 3483 567 3537 tibi
615 3483 898 3549 videretur,
930 3484 1135 3537 ratione
1162 3483 1280 3553 cogi
1329 3484 1492 3536 Deum
1536 3498 1689 3549 esse,
1719 3483 1801 3537 vel
1832 3482 2048 3537 ratioci-

468 3577 645 3632 nando
668 3578 804 3632 effici
833 3578 999 3633 Deum
1029 3592 1147 3632 esse
1172 3577 1388 3631 debere.
1421 3576 1861 3647 Quandoquidem
1890 3577 1941 3630 in
1964 3592 2050 3630 ra-

467 3668 612 3721 tione
640 3682 1002 3733 numerorum,
1047 3684 1204 3738 quam
1234 3674 1382 3722 certe
1407 3668 1458 3721 in
1488 3683 1585 3722 usu
1619 3667 1926 3737 quotidiano
1950 3667 2046 3722 lia-

467 3755 677 3823 bemus,
704 3756 747 3811 si
776 3757 1019 3823 dicimus,
1047 3757 1261 3826 Septem
1282 3766 1337 3811 et
1358 3757 1455 3811 tria
1481 3756 1666 3811 decem
1687 3771 1809 3812 esse
1828 3757 2043 3823 debent,

468 3849 643 3903 minus
670 3849 1005 3904 considerate
1052 3850 1345 3920 loquimur;
1391 3864 1498 3903 non
1542 3851 1684 3903 enim
1713 3848 1898 3903 decem
1927 3864 2047 3905 esse

460 3938 667 3994 debent
684 3979 699 4005 ,
728 3938 822 3994 sed
841 3938 1029 3994 decem
1049 3947 1190 3993 sunt.
1216 3939 1292 3993 De
1315 3938 1505 4009 quibus
1530 3940 1707 4007 itaque
1726 3938 1884 3993 rebus
1904 3948 2047 3996 recte

467 4027 676 4084 dicatur
702 4029 841 4099 quod
871 4044 991 4085 esse
1019 4029 1268 4095 debeant,
1296 4028 1532 4098 sivejam
1555 4029 1679 4095 sint,
1705 4030 1816 4084 sive
1836 4038 1896 4084 ut
1916 4030 2043 4097 sint,

469 4122 597 4176 satis
622 4131 877 4192 quantum
903 4122 1131 4176 arbitror
1158 4122 1544 4191 disputavimus
1566 4121 1616 4174 in
1650 4122 1725 4175 eis
1745 4120 1896 4176 libris
1915 4136 2047 4191 quos

467 4215 899 4269 commemoravi.
928 4214 1097 4268 Homo
1121 4213 1263 4268 enim
1290 4214 1501 4282 sapiens
1526 4227 1644 4267 esse
1670 4212 1847 4278 debet,
1872 4212 1915 4265 si
1942 4222 2039 4277 est,

471 4316 528 4360 ut
554 4316 801 4371 maneat;
835 4306 881 4360 si
908 4305 1141 4360 nondum
1172 4313 1253 4359 est
1275 4346 1290 4370 ,
1324 4312 1383 4358 ut
1422 4306 1547 4357 fiat:
1582 4304 1723 4359 Deus
1748 4310 1925 4358 autem
1955 4320 2043 4358 sa-

470 4398 620 4466 piens
649 4412 754 4451 non
776 4411 894 4452 esse
922 4395 1097 4462 debet,
1126 4396 1219 4452 sed
1244 4405 1345 4450 est.

467 4544 473 4551 ,
540 4489 593 4543 â€˜5.
622 4486 715 4542 Illa
744 4503 955 4558 quoque
976 4488 1043 4542 de
1072 4488 1220 4554 visis,
1248 4504 1363 4556 qua:
1392 4486 1487 4540 tibi
1511 4486 1813 4556 nuperrime
1834 4486 2038 4555 scripsi,

470 4588 525 4635 et
548 4594 610 4633 ea
637 4594 1024 4634 commemoras
1049 4580 1315 4634 subtiliter
1338 4579 1477 4633 dicta
1497 4618 1512 4645 ,
1554 4577 1646 4632 sed
1677 4577 1966 4648 majoribus
1994 4586 2045 4633 te

470 4670 849 4741 qumstionibus
876 4670 1195 4739 implicasse,
1223 4685 1441 4725 recense
1468 4669 1630 4723 etiam
1652 4677 1811 4738 atque
1852 4669 2009 4723 etiam
2026 4710 2043 4735 ,

469 4770 526 4817 et
550 4764 722 4832 cogita
744 4762 1072 4832 diligentius,
1103 4777 1201 4817 nec
1230 4770 1596 4832 pertranseat,
1630 4761 1722 4816 sed
1762 4761 1963 4817 habitet
1991 4761 2047 4818 in

469 4856 548 4910 eis
577 4855 934 4911 consideratio
964 4865 1083 4921 tua;
1114 4867 1167 4909 et
1204 4856 1326 4912 inde
1354 4857 1575 4911 fortasse
1606 4865 1890 4926 utcumque
1915 4872 2045 4912 con-

466 4947 622 5017 jicies
642 4947 908 5017 quomodo
936 4948 1006 5001 sit
1037 4948 1211 5001 anima
1240 4963 1475 5017 praesens
1513 4949 1599 5003 vel
1638 4948 1849 5004 absens.
1884 4947 1939 5003 In
1966 4948 2046 5004 eis

475 5039 671 5108 quippe
697 5040 823 5093 visis
845 5038 1156 5093 demoratur
1178 5039 1231 5093 in
1262 5040 1481 5105 somnis,
1512 5055 1633 5095 cum
1664 5040 1813 5095 abest
1832 5054 1860 5093 a
1888 5056 2045 5095 sensu

472 5132 857 5203 praasentiaque
876 5132 1125 5187 cernendi
1155 5147 1311 5201 quam
1342 5132 1540 5202 praebet
1567 5132 1755 5198 oculis,
1788 5132 2045 5203 vigilans:

472 5224 609 5280 hanc
636 5233 812 5279 autem
838 5224 904 5279 ab
924 5224 1111 5289 oculis,
1148 5224 1247 5278 hoc
1271 5231 1355 5278 est
1380 5232 1628 5293 tanquam
1649 5240 1679 5278 a
1701 5224 2047 5281 Iuminaribus

472 5318 714 5387 corporis
736 5318 928 5372 anima:
946 5316 1261 5381 absentiam,
1289 5331 1405 5385 qua:
1431 5314 1488 5369 fit
1513 5330 1632 5369 cum
1657 5315 1970 5381 dormimus,
1999 5315 2046 5373 si

470 5408 552 5463 vis
568 5408 736 5478 major
760 5414 969 5478 augeat,
984 5416 1042 5461 ut
1068 5414 1235 5461 totum
1263 5405 1403 5476 quod
1430 5414 1512 5460 est
1535 5406 1656 5460 inde
1679 5407 2042 5476 subtrahatur,

470 5512 615 5553 mors
642 5506 743 5554 est.
770 5496 920 5554 Sicut
948 5512 1075 5569 ergo
1112 5512 1142 5550 a
1187 5495 1441 5551 cernendi
1465 5510 1623 5550 sensu
1666 5496 1734 5551 ad
1760 5496 1870 5551 visa
1899 5514 2045 5554 som-

470 5589 701 5656 niorum,
736 5605 840 5644 non
865 5604 985 5645 cum
1016 5589 1193 5659 aliquo
1219 5602 1444 5658 corpore
1481 5588 1747 5657 abscedit,
1784 5588 1885 5645 nisi
1910 5588 2047 5647 forte

470 5679 560 5734 illa
588 5696 708 5749 quae
734 5680 979 5736 videntur
1008 5680 1060 5734 in
1100 5679 1303 5735 somnis
1338 5695 1592 5750 corporea
1612 5721 1627 5745 ,
1676 5696 1879 5750 nosque
1904 5682 2047 5752 ipsos

470 5772 610 5826 inter
635 5772 743 5837 illa,
776 5771 877 5829 hac
902 5779 1060 5841 atque
1098 5772 1219 5827 illac
1258 5770 1381 5826 ferri
1411 5786 1473 5826 ac
1495 5771 1683 5826 referri
1725 5786 1846 5826 cum
1870 5772 2047 5843 aliquo

466 5877 695 5934 corpore
731 5864 1185 5931 existimabimus;
1224 5864 1365 5936 quod
1386 5866 1495 5935 jam
1536 5865 1629 5924 tibi
1672 5865 1901 5922 arbitror
1936 5881 2046 5925 nou

1622 422 2097 483 EPISTOLARUM
2131 421 2404 481 CLASSIS
2442 421 2527 484 Ill.

3632 440 3738 501 700

2156 535 2325 593 videri
2358 554 2374 591 :
2410 537 2480 592 ita
2506 536 2552 592 si
2593 545 2703 593 tota
2732 538 2943 609 penitus
2987 540 3328 601 abstrahatur
3353 553 3513 618 atque
3553 551 3694 609 absit
3716 595 3734 623 ,

2156 628 2298 699 quod
2341 628 2399 683 fit
2439 629 2494 684 in
2535 639 2735 697 morte,
2767 647 2873 687 non
2903 647 3082 690 secum
3128 637 3357 705 putanda
3392 650 3475 695 est
3516 641 3731 701 auferre

2156 719 2367 790 aliquod
2396 735 2588 790 corpus
2614 738 2681 777 ex
2705 738 2949 793 corpore.
2976 725 3107 781 Nam
3126 729 3169 782 si
3195 728 3444 799 auferret,
3486 732 3726 803 profecto

2155 811 2313 869 etiam
2329 827 2449 868 cum
2465 812 2760 869 dormimus
2788 824 2845 870 et
2861 816 3098 872 abscedit
3110 820 3177 875 ab
3196 820 3455 889 oculis,'in
3471 834 3729 894 quantum

2156 922 2250 962 eos
2275 907 2543 978 relinquit,
2563 908 2615 963 in
2638 917 2839 963 tantum
2865 912 3047 967 oculos
3075 928 3256 968 secum
3282 916 3531 984 auferret,
3550 934 3736 988 quam-

2157 998 2285 1053 libet
2320 998 2648 1067 subtiliores,
2689 1016 2977 1072 corporeos
3010 1014 3218 1071 tamen;
3251 1008 3391 1077 quod
3435 1025 3542 1064 non
3587 1012 3735 1069 facit.

2160 1088 2534 1145 Verumtamen
2565 1091 2738 1146 aufert
2762 1109 2945 1148 secum
2985 1098 3239 1162 quosdam
3270 1100 3567 1157 simillimos
3588 1144 3603 1169 ,
3636 1104 3733 1160 sed

2157 1194 2261 1233 non
2284 1194 2589 1249 corporeos,
2612 1182 2802 1251 quibus
2822 1185 2935 1239 visa
2954 1184 3217 1241 simillima
3242 1190 3413 1244 cernit
3434 1191 3483 1244 in
3506 1192 3730 1263 somnis,

2156 1270 2251 1325 sed
2280 1286 2379 1325 nec
2405 1271 2514 1342 ipsa
2540 1286 2818 1341 corporea.

2227 1362 2279 1415 4.
2307 1361 2473 1415 Porro
2502 1362 2747 1433 sialiquis
2772 1365 3057 1420 contendat
3077 1369 3232 1423 etiam
3263 1371 3373 1425 visa
3399 1375 3730 1432 somniorum

2156 1466 2274 1520 qum
2296 1451 2485 1504 similia
2509 1453 2819 1521 corporibus
2846 1467 3121 1523 apparent,
3142 1474 3246 1513 non
3266 1475 3384 1516 esse
3410 1463 3511 1517 nisi
3540 1480 3733 1536 corpo-

2157 1559 2269 1609 rea,
2300 1543 2509 1598 videtur
2528 1544 2627 1598 sibi
2655 1546 2853 1615 aliquid
2883 1548 3082 1614 dicere,
3114 1566 3210 1605 nec
3234 1552 3332 1606 ista
3354 1554 3547 1624 ingenii
3570 1558 3733 1612 tardi-

2157 1635 2237 1682 tas
2262 1626 2415 1683 facile
2441 1629 2801 1695 convincitur;
2830 1631 3115 1687 multorum
3134 1636 3327 1705 quippe
3346 1647 3426 1692 est
3441 1640 3597 1694 etiam
3626 1656 3733 1695 non

2157 1718 2497 1774 mediocriter
2547 1732 2823 1776 acutorum
2863 1725 3157 1793 :quoniam
3210 1742 3394 1796 parum
3457 1732 3737 1788 attendunt

2156 1819 2409 1882 quantum
2432 1812 2640 1867 valeant
2661 1814 2915 1886 imagines
2935 1831 3238 1885 corporum,
3262 1836 3378 1889 qua:
3405 1821 3535 1877 fiunt
3560 1824 3612 1877 in
3628 1825 3736 1894 spi-

2156 1904 2279 1970 ritn,
2312 1920 2411 1960 nec
2434 1906 2651 1961 omnino
2678 1916 2801 1961 sunt
2828 1923 3070 1978 corpora.
3098 1908 3233 1965 Cum
3258 1928 3383 1967 vero
3409 1930 3500 1969 eas
3526 1931 3727 1986 cogun-

2155 2004 2241 2051 tur
2258 1996 2469 2063 intueri,
2494 1999 2539 2053 si
2559 2008 2700 2054 recte
2717 1999 3060 2068 adverterint,
3079 2012 3235 2073 atque
3253 2010 3723 2076 compererintnon

2157 2102 2246 2141 eas
2267 2103 2386 2143 esse
2432 2104 2737 2158 corporeas,
2786 2092 2877 2145 sed
2916 2108 3198 2164 corporum
3227 2097 3539 2165 simillimas,
3572 2102 3733 2156 ratio-

2157 2196 2279 2235 nem
2309 2190 2483 2235 tamen
2514 2182 2581 2237 de
2609 2184 2689 2238 his
2716 2200 2819 2237 non
2855 2188 3110 2241 Continuo
3138 2191 3315 2245 valent
3341 2193 3585 2259 reddere,
3608 2198 3731 2265 qui-

2156 2271 2256 2327 bus
2294 2273 2470 2327 causis
2497 2282 2553 2329 et
2586 2275 3031 2344 quemadmodum
3062 2278 3208 2343 fiant,
3238 2297 3338 2349 qua
3376 2282 3608 2354 denique
3640 2303 3734 2340 na-

2157 2372 2272 2418 tura
2301 2380 2394 2419 sua
2425 2365 2738 2432 subsistant,
2771 2368 2857 2422 vel
2896 2366 2950 2421 in
2976 2384 3081 2437 quo
3108 2370 3345 2441 subjecto
3372 2373 3477 2427 sint
3511 2392 3523 2425 z
3558 2388 3733 2431 utrum

2156 2457 2227 2511 ita
2256 2458 2308 2515 in
2334 2459 2511 2513 animo
2542 2462 2667 2514 fiant
2691 2468 2747 2514 ut
2775 2461 2827 2515 in
2855 2462 3160 2517 membrana
3185 2480 3250 2519 ex
3270 2476 3566 2523 atramento
3588 2470 3732 2526 litte-

2155 2564 2250 2614 rae,
2279 2549 2366 2603 ubi
2403 2559 2623 2619 utraque
2648 2551 2941 2606 substantia
2964 2561 3068 2619 est,
3101 2556 3409 2610 membrana
3441 2559 3647 2614 scilicet
3676 2570 3729 2616 et

2154 2648 2543 2705 atramentum;
2571 2656 2638 2695 an
2656 2641 2793 2696 sicut
2810 2643 3038 2713 sigillum
3064 2644 3112 2697 in
3135 2660 3276 2708 cera,
3298 2646 3376 2699 vel
3402 2647 3564 2717 ï¬gura
3588 2666 3733 2718 qua:â€”

2154 2730 2284 2785 libet
2308 2732 2390 2785 cui
2413 2747 2533 2785 cera
2555 2732 2849 2802 subjectum
2880 2743 2981 2801 est,
3006 2734 3091 2787 illa
3122 2735 3173 2788 in
3194 2734 3464 2804 subjecto;
3492 2754 3560 2791 an
3592 2750 3733 2795 utro-

2153 2836 2254 2891 que
2297 2821 2454 2875 modo
2481 2821 2611 2875 fiant
2637 2822 2734 2876 ista
2766 2823 2817 2876 in
2848 2824 3033 2893 spiritu
3070 2833 3273 2893 nostro,
3310 2825 3596 2897 aliquando
3625 2830 3721 2897 sic,

2151 2913 2434 2982 aliquando
2458 2922 2632 2967 autem
2661 2914 2758 2967 sic.

2224 3005 2276 3058 5.
2304 3004 2513 3059 Movent
2534 3006 2676 3061 enim
2707 3022 2811 3060 non
2834 3007 3004 3060 solum
3045 3023 3105 3062 ea
3143 3024 3261 3078 qua:
3289 3010 3482 3066 absunt
3507 3027 3536 3065 a
3561 3016 3731 3068 sensi-

2152 3094 2252 3149 bus
2273 3096 2532 3164 corporis,
2564 3106 2618 3150 et
2656 3097 2708 3149 in
2739 3106 2919 3150 nostra
2968 3098 3303 3168 reperiuntur
3330 3102 3608 3169 memoria,
3647 3105 3733 3161 vel

2152 3201 2271 3256 qua:
2291 3201 2389 3241 nos
2412 3187 2507 3256 ipsi
2533 3196 2587 3240 ut
2617 3188 2821 3241 libitum
2839 3197 2922 3241 est
2942 3230 2955 3255 ,
2988 3187 3227 3255 facimus,
3259 3189 3609 3260 disponimus,
3632 3209 3729 3249 au-

2151 3293 2359 3349 gemus,
2385 3280 2675 3333 minuimus
2698 3281 2736 3347 á½·,
2784 3280 2909 3344 situ,
2940 3280 3140 3345 habitu,
3173 3291 3340 3345 motu,
3372 3284 3731 3341 innumerabi-

2152 3370 2287 3425 libus
2303 3371 2639 3440 qualitatibus
2661 3371 2947 3441 formisquc
2976 3373 3258 3427 variamus.
3290 3374 3436 3428 Talia
3457 3388 3580 3432 sunt
3609 3377 3720 3432 for-

2153 3465 2307 3518 tassis
2332 3465 2491 3518 etiam
2520 3465 2604 3517 illa
2633 3465 2822 3533 quibus
2866 3464 3166 3520 deludimur
3189 3466 3533 3535 dormientes,
3561 3486 3728 3540 quan-

2151 3556 2220 3609 do
2242 3571 2346 3609 non
2372 3555 2624 3609 divinitus
2649 3556 3030 3622 admonemur;
3060 3558 3158 3611 nisi
3184 3540 3321 3628 quod
3356 3562 3469 3616 bare
3488 3562 3727 3619 volentes

2149 3649 2373 3718 agimus,
2423 3648 2507 3701 illa
2540 3658 2732 3717 praeter
2761 3647 3036 3705 arbitrium
3087 3652 3333 3719 patimur.
3384 3653 3500 3708 Non
3546 3644 3726 3710 solum

2151 3740 2268 3795 hazc
2296 3750 2513 3794 movent
2551 3756 2667 3808 qua:
2712 3740 2763 3794 in
2792 3740 2970 3794 animo
3013 3741 3081 3797 de
3111 3741 3226 3811 ipso
3271 3743 3449 3798 animo
3477 3746 3589 3800 fieri
3622 3762 3727 3802 non

2150 3832 2377 3887 absurde
2403 3833 2521 3903 quis
2550 3841 2696 3901 putat
2716 3832 2991 3903 (quamvis
3016 3840 3070 3889 et
3096 3834 3195 3887 hoc
3224 3836 3399 3889 causis
3426 3838 3729 3893 occultiori-

2150 3922 2269 3990 bus,
2300 3924 2490 3993 quibus
2519 3924 2691 3993 agitur
2718 3933 2775 3977 ut
2801 3923 2938 3977 istud
2961 3924 3133 3993 potius
3158 3941 3314 3994 quam
3348 3926 3476 3980 illud
3508 3928 3560 3981 in
3589 3943 3722 3983 con-

2150 4024 2387 4083 spectum
2406 4014 2566 4067 animi
2596 4012 2799 4085 veniat)
2826 4031 2840 4079 ;
2874 4014 2965 4068 sed
2988 4015 3145 4069 etiam
3182 4015 3321 4084 quod
3349 4018 3421 4069 ait
3447 4019 3721 4087 propheta,

2150 4104 2217 4157 Et
2248 4106 2375 4159 dixit
2418 4105 2539 4157 mihi
2570 4105 2790 4175 Angelus
2814 4106 2899 4175 qui
2942 4105 3232 4177 loquebatur
3272 4107 3322 4159 in
3350 4125 3428 4161 me
3450 4110 3467 4177 (
3489 4108 3648 4162 Zucli.
3682 4128 3721 4177 Î¹,

2149 4197 2245 4269 9).
2280 4197 2461 4266 Neque
2481 4197 2620 4251 enim
2650 4196 2951 4251 forinsecus
2979 4212 3135 4250 voces
3161 4197 3226 4250 ad
3255 4212 3409 4253 aures
3436 4216 3723 4269 corporeas

2150 4289 2427 4358 Propheta:
2450 4288 2657 4342 venisse
2677 4287 2999 4342 credendum
3024 4295 3124 4353 cst,
3147 4304 3265 4343 cum
3287 4290 3432 4357 dicit,
3452 4293 3535 4361 qui
3556 4293 3724 4362 loque-

2152 4381 2297 4433 batur
2324 4379 2377 4432 iu
2403 4396 2499 4441 me,
2532 4395 2658 4444 non,
2686 4378 2763 4432 Ad
2803 4394 2907 4432 me.
2942 4377 3131 4434 Utrum
3152 4396 3308 4436 voces
3335 4392 3489 4437 erant
3512 4384 3578 4437 de
3609 4387 3722 4454 spi-

2150 4473 2254 4526 ritn
2292 4472 2462 4539 facta},
2486 4471 2852 4540 corporalibus
2877 4471 3104 4540 similes,
3139 4475 3324 4545 quales
3361 4477 3566 4547 agimus
3602 4494 3722 4533 cum

2149 4563 2289 4633 apud
2324 4578 2421 4617 nos
2473 4563 2615 4619 taciti
2659 4562 2825 4617 multa
2854 4562 3181 4631 memoriter,
3222 4566 3529 4638 plerumque
3565 4570 3723 4623 etiam

2150 4654 2415 4709 cantando
2442 4654 2868 4719 transcurrimus,
2899 4652 2994 4708 sed
3040 4662 3218 4711 tamen
3257 4656 3410 4711 edita:
3432 4660 3499 4713 ab
3520 4660 3721 4729 Angelo

2150 4747 2252 4801 sibi
2278 4747 2629 4817 suggerente?
2666 4746 2731 4800 Et
2754 4745 2895 4815 quod
2920 4744 2972 4799 in
2999 4745 3289 4818 Evangelio
3327 4750 3581 4820 scriptum
3615 4762 3717 4819 est,

2150 4838 2283 4893 Ecce
2305 4839 2524 4910 Angelus
2547 4836 2644 4889 Dei
2672 4838 2909 4907 apparuit
2932 4838 3008 4892 illi
3027 4838 3079 4892 in
3099 4841 3288 4894 somnis
3307 4842 3509 4915 dicens(
3532 4843 3716 4898 Matth.

2153 4948 2190 4993 Î¹,
2222 4932 2291 4985 20
2318 4931 2336 4999 )
2362 4948 2373 4983 :
2405 4928 2680 4997 Quomodo
2706 4930 2845 4984 enim
2867 4931 3189 4999 apparuerit,
3222 4932 3301 4987 vel
3331 4948 3523 5003 corpus
3549 4952 3713 5007 ange-

2151 5021 2313 5075 licum
2374 5020 2542 5074 oculis
2584 5019 2778 5073 clausis
2824 5019 3096 5090 (Abrahai
3142 5021 3336 5091 quippe
3381 5025 3614 5093 vigilanti
3645 5028 3722 5084 sic

2152 5117 2528 5181 apparuerunt,
2554 5117 2609 5162 ut
2633 5123 2727 5164 eos
2760 5109 2940 5174 etiam,
2968 5124 3091 5164 cum
3117 5112 3278 5179 pedes
3302 5111 3427 5166 lavit
3454 5113 3566 5187 eis[
3590 5114 3715 5169 Cen.

2154 5218 2307 5268 xvnt,
2338 5200 2392 5272 6]
2418 5242 2432 5265 ,
2461 5200 2839 5255 contrectando
2868 5198 3126 5273 sentiret)
3156 5202 3179 5254 ?
3210 5202 3292 5257 vel
3321 5205 3539 5273 Spiritus
3561 5208 3720 5276 spiri-

2155 5294 2227 5348 tui
2256 5291 2568 5347 dormientis
2607 5292 2657 5344 in
2690 5291 2868 5360 specie
2905 5291 3079 5361 aliqua
3128 5292 3287 5345 simili
3333 5296 3565 5365 corpori,
3593 5298 3728 5355 sicut

2155 5400 2253 5440 nos
2286 5384 2383 5455 ipsi
2406 5382 2560 5437 nobis
2591 5382 2832 5435 videmur
2855 5381 2945 5436 tali
2977 5382 3141 5451 ï¬gura
3162 5383 3321 5438 etiam
3350 5400 3445 5454 per
3471 5387 3585 5443 loca
3612 5406 3727 5445 moâ€”

2154 5478 2268 5533 veri
2297 5476 2642 5540 somniantes,
2677 5474 2832 5543 louge
2865 5472 3019 5526 aliter
3042 5487 3198 5543 quam
3241 5476 3478 5532 membra
3501 5478 3555 5534 in
3582 5488 3720 5535 stra-

2156 5572 2224 5627 tis
2247 5569 2475 5642 jacentia
2503 5575 2803 5621 moventur.

2219 5751 2236 5782 Î¹
2262 5756 2393 5813 Ï‰á¿–Î·
2419 5745 2751 5813 nonng
2774 5744 3105 5813 cogitemusâ€œ
3126 5759 3236 5813 qua:
3261 5747 3448 5813 absunt,
3476 5758 3574 5802 etc.
3600 5786 3616 5813 ,
3643 5755 3734 5805 sed

2152 5811 2297 5877 etim
2317 5806 2428 5877 situ,
2452 5808 2641 5877 habitu,
2661 5816 2757 5858 etc.
2784 5806 2846 5855 Î‘á¼±
2861 5806 2969 5877 Bad.
2991 5814 3065 5877 Er.
3084 5806 3148 5877 et
3167 5808 3390 5874 plerique
3564 5806 3734 5877 circa

2153 5873 2231 5925 his
2252 5868 2433 5937 verbis,
2457 5876 2511 5923 ut
2535 5869 2813 5935 cogitemus,
2848 5875 2918 5929 et,
2942 5868 3027 5919 sed
3307 5868 3324 5874 '
3594 5878 3601 5884 â€˜
