4112 6346
470 491 524 546 6.
557 491 686 546 Hae
701 489 828 546 ideo
845 489 983 546 mira
999 497 1125 545 sunt
1140 531 1152 550 ,
1176 489 1299 560 quia
1325 486 1671 543 omaltlorem
1690 484 1885 540 habent
1896 498 1984 539 ην

399 585 620 652 tionem,
649 597 809 655 quam
841 592 898 638 ut
923 583 1090 638 videri
1135 583 1222 638 vel
1266 581 1417 636 reddi
1443 581 1512 636 ab
1541 579 1754 635 homine
1783 577 1984 640 homini

397 677 585 749 possit.
614 676 746 732 Nam
771 678 890 732 ista:
929 689 1110 731 causa:
1149 683 1276 730 sunt
1323 673 1716 740 admirationis,
1745 683 1867 726 cum
1896 670 1985 725 vel

395 776 532 832 ratio
558 775 815 846 cujusque
833 774 907 828 rei
935 774 1082 836 latet,
1102 773 1183 827 vel
1205 771 1389 826 eadem
1410 785 1503 825 res
1522 771 1718 825 usitata
1745 781 1851 822 non
1877 775 1977 832 est,

395 867 537 938 quod
583 875 672 921 aut
700 864 980 938 singularis
1010 873 1098 919 aut
1143 878 1263 918 rara
1289 864 1510 940 est._.lt3x
1539 862 1630 916 illa
1657 873 1785 931 ergo
1820 871 1981 914 causa

394 959 607 1014 latentis
644 960 882 1023 rationis,
915 973 1014 1028 ego
1042 957 1151 1012 dixi
1179 959 1228 1010 in
1258 940 1479 1028 epistola
1523 969 1682 1026 quam
1713 963 1764 1010 te
1787 952 1981 1024 legisse

392 1065 781 1107 commemoras
815 1049 1015 1125 (Epist.
1041 1051 1165 1117 157,
1210 1049 1277 1103 ad
1330 1047 1662 1104 Volusianum
1686 1047 1726 1118 ),
1756 1059 1877 1102 cum
1901 1045 1980 1101 eis

396 1145 778 1215 responderem
811 1144 899 1214 qui
922 1151 1120 1213 negant
1145 1156 1266 1198 esse
1291 1138 1799 1209 credendum,'qnod
1824 1136 1978 1192 Chri-

390 1246 529 1292 stum
551 1237 698 1308 virgo
729 1236 1013 1307 pepererit,
1039 1237 1190 1308 virgo
1213 1233 1581 1306 permanserit,
1601 1231 1661 1286 Si
1686 1231 1816 1286 ratio
1834 1243 1977 1302 quat-

387 1329 535 1398 ritur,
563 1346 664 1385 non
681 1331 772 1384 erit
789 1329 1014 1384 mirabile
1037 1343 1054 1384 :
1076 1329 1178 1384 hoc
1198 1329 1338 1383 enim
1365 1328 1562 1382 dictum
1585 1334 1686 1389 est,
1712 1340 1817 1379 non
1835 1323 1976 1394 quod

386 1423 591 1478 ratione
609 1408 695 1478 res
715 1430 914 1485 careat,
932 1421 1025 1476 sed
1052 1419 1191 1490 quod
1211 1434 1304 1474 cos
1319 1420 1480 1472 lateat
1502 1417 1692 1487 quibus
1713 1415 1814 1469 hoc
1835 1415 1975 1470 Deus

387 1515 549 1570 voluit
571 1527 691 1570 esse
720 1513 981 1569 mirabile.
1002 1512 1087 1568 Ex
1115 1513 1215 1569 alia
1246 1526 1374 1566 vero
1397 1509 1762 1564 admirationis
1790 1522 1969 1573 causa,

383 1618 503 1676 qua:
546 1603 666 1659 ideo
693 1613 796 1672 est,
841 1605 966 1675 quia
993 1602 1263 1658 insolitum
1295 1599 1494 1670 aliquid
1521 1598 1770 1662 occurrit,
1799 1597 1970 1667 scrip-

381 1704 493 1750 tum
513 1707 593 1750 eet
613 1695 678 1750 de
697 1696 919 1750 Domino
939 1693 1076 1765 quod
1095 1693 1314 1748 miratus
1335 1693 1402 1747 sit
1423 1689 1760 1746 Centurionis
1781 1689 1968 1753 iidem;

383 1801 553 1858 neque
579 1787 722 1858 enim
749 1803 870 1843 cum
900 1787 979 1841 rei
1000 1785 1159 1842 ullius
1183 1785 1320 1840 ratio
1345 1785 1513 1855 potuit
1542 1783 1729 1849 latere,
1760 1780 1855 1837 sed
1875 1781 1970 1835 ad-

381 1879 590 1934 miratio
621 1895 716 1949 pro
745 1877 901 1934 laude
930 1879 1098 1949 posita
1126 1885 1209 1933 est
1247 1875 1364 1946 ejus
1389 1876 1541 1946 cujus
1570 1889 1664 1945 par
1689 1875 1742 1929 in
1773 1873 1970 1944 populo

383 1969 607 2026 Hebrzeo
643 1986 748 2026 non
787 1977 1107 2042 apparuerat
1137 1988 1150 2025 :
1182 1969 1321 2024 unde
1374 1970 1487 2039 ipsa
1530 1967 1809 2023 admiratio
1839 1966 1970 2022 satis

376 2065 615 2131 exposita
646 2070 758 2129 est,
788 2076 908 2117 cum
937 2062 1192 2118 Dominus
1221 2062 1316 2127 ait,
1345 2061 1507 2115 Amen
1537 2060 1650 2114 dico
1689 2059 1845 2128 vobis,
1869 2075 1970 2114 non

376 2153 538 2208 inveni
565 2162 756 2207 tantam
777 2154 933 2224 [idem
960 2153 1014 2207 in
1038 2149 1205 2207 Israel
1230 2151 1394 2225 (Luc.
1421 2166 1516 2217 vn,
1549 2149 1644 2224 9).

449 2247 503 2300 7.
534 2245 685 2315 Quod
727 2257 903 2300 autem
948 2243 1119 2316 adjeci
1146 2243 1198 2300 in
1228 2243 1415 2300 eadem
1442 2241 1686 2313 epistola,
1717 2241 1778 2297 Si
1802 2255 1970 2295 exem-

374 2341 514 2411 plum
541 2340 782 2411 poscitur,
839 2357 939 2395 non
967 2340 1063 2394 erit
1089 2341 1386 2412 singulare;
1435 2337 1630 2393 frustra
1680 2337 1773 2392 tibi
1819 2337 1966 2393 visus

374 2448 432 2489 es
461 2434 602 2487 velut
621 2431 862 2502 ex'empla
889 2431 1158 2487 invenisse
1188 2431 1254 2487 de
1286 2431 1580 2485 vermiculo
1609 2427 1699 2500 qui
1729 2430 1782 2484 in
1807 2443 1964 2499 pomo

376 2526 629 2590 nascitur,
660 2533 715 2580 et
756 2539 953 2579 aranea
984 2537 1102 2594 qua:
1133 2523 1279 2578 tilum
1312 2522 1556 2577 textrina:
1599 2535 1710 2576 suae
1739 2535 1966 2591 corpore

371 2617 516 2672 velut
540 2618 747 2688 integro
791 2617 947 2688 parit.
984 2617 1245 2672 Dicuntur
1292 2615 1434 2670 enim
1464 2615 1635 2685 aliqua
1663 2622 1848 2685 argute
1873 2629 1967 2668 cu-

367 2707 582 2779 jusdam
633 2707 995 2763 similitudinis
1042 2709 1231 2780 gratia,
1259 2709 1359 2764 alia
1388 2709 1664 2774 remotius,
1695 2708 1800 2762 alia
1829 2720 1962 2762 con-

370 2799 644 2870 gruentius
673 2815 688 2865 ;
722 2797 815 2853 sed
863 2801 1008 2854 solus
1057 2799 1302 2856 Christus
1329 2808 1484 2856 natus
1513 2808 1596 2856 est
1633 2817 1699 2856 ex
1720 2799 1958 2871 virgine:

369 2890 512 2946 unde
535 2890 643 2960 jam
686 2890 959 2962 intelligis,
990 2900 1244 2962 quantum
1288 2891 1557 2960 existimo,
1590 2907 1690 2947 cur
1717 2890 1819 2946 hoc
1842 2907 1962 2947 esse

369 2980 596 3038 dixerim
620 2982 734 3037 sine
760 2983 1026 3054 exemplo.
1080 2983 1287 3038 Habent
1343 2983 1524 3054 itaque
1561 2984 1738 3038 omnia
1769 2999 1960 3040 causas

368 3089 491 3128 suas
522 3083 681 3146 atque
708 3074 943 3130 rationes
984 3083 1157 3131 rectas
1177 3084 1232 3131 et
1261 3074 1629 3147 inculpabiles,
1662 3091 1778 3146 quae
1817 3073 1958 3130 Deus

367 3166 450 3222 vel
480 3168 666 3221 usitata
695 3167 782 3223 vel
810 3167 1056 3222 inusitata
1078 3177 1348 3238 Operatur.
1365 3168 1469 3224 Sed
1501 3169 1583 3223 lue
1603 3184 1777 3224 causa:
1801 3180 1961 3244 atque

365 3258 601 3314 rationes
627 3275 746 3316 cum
786 3259 972 3327 latent,
1004 3262 1260 3315 miramur
1289 3275 1406 3332 quae
1434 3261 1603 3328 liunt;
1630 3277 1750 3317 cum
1781 3273 1959 3322 autem

365 3361 570 3423 patent,
601 3361 992 3424 consequenter
1041 3367 1105 3408 ea
1144 3352 1229 3408 vel
1271 3352 1651 3408 convenienter
1678 3351 1794 3408 ﬁeri
1823 3353 1959 3410 dici-

366 3461 516 3511 mus;
544 3461 645 3502 nec
669 3446 967 3502 mirandum
1009 3461 1150 3514 esse,
1199 3446 1322 3520 quia
1352 3443 1485 3500 facta
1513 3455 1656 3513 sunt,
1680 3462 1800 3518 qua:
1823 3448 1960 3504 ratio

365 3538 611 3610 exigebat
652 3547 714 3593 ut
759 3539 968 3593 fierent.
1000 3539 1125 3604 Aut,
1162 3538 1206 3593 si
1237 3539 1513 3604 miramur,
1553 3553 1656 3593 non
1688 3539 1958 3608 inopinata

365 3630 647 3700 stupende,
705 3628 799 3684 sed
843 3629 1155 3684 excellentia
1206 3627 1467 3683 laudando
1518 3630 1774 3684 miramur
1807 3648 1821 3685 :
1851 3647 1958 3702 quo

365 3735 564 3790 genere
606 3719 971 3776 admirationis
1015 3720 1269 3774 Centurio
1317 3719 1407 3774 ille
1449 3719 1693 3776 laudatus
1720 3730 1820 3778 est.
1848 3721 1957 3778 Nec

365 3811 489 3868 ideo
517 3813 960 3886 reprehendenda
990 3822 1072 3868 est
1117 3813 1378 3867 sententia
1406 3830 1507 3886 qua
1537 3813 1736 3870 dictum
1767 3825 1870 3884 est,
1894 3816 1958 3880 Si

363 3907 494 3960 ratio
541 3906 800 3979 quwritur,
846 3924 947 3961 non
990 3903 1083 3960 erit
1111 3905 1377 3969 mirabile;
1409 3906 1660 3977 quoniam
1706 3907 1955 3964 estaliud

362 4013 534 4069 genus
557 3997 944 4066 admirationis,
966 3998 1126 4054 etiam
1159 4013 1278 4052 cum
1301 3996 1436 4051 ratio
1461 3996 1742 4053 manifesta
1758 4007 1840 4056 est
1862 4000 1958 4055 ad-

363 4089 577 4144 miranti
602 4107 615 4143 :
649 4107 818 4160 neque
843 4089 984 4145 enim
1007 4099 1288 4162 propterea
1309 4091 1551 4160 culpatur
1567 4091 1828 4148 sententia
1850 4109 1954 4164 qua

362 4180 560 4236 dictum
587 4189 688 4248 est,
712 4179 854 4237 Deus
879 4183 1125 4247 neminem
1150 4190 1305 4236 tentat
1345 4179 1557 4255 (Jacobi
1583 4198 1620 4248 t,
1647 4181 1750 4258 15)
1776 4225 1790 4249 ,
1822 4201 1955 4258 quo—

363 4277 503 4331 niam
533 4284 617 4332 est
650 4276 790 4330 aliud
831 4291 999 4352 genus
1023 4275 1352 4340 tentationis,
1385 4287 1602 4348 pr0pter
1626 4277 1768 4348 quod
1807 4287 1953 4337 recte

362 4367 545 4424 itidem
593 4368 791 4423 dictum
841 4376 946 4436 est,
992 4365 1169 4422 Tentat
1215 4384 1302 4422 vos
1345 4365 1596 4422 Dominus
1630 4367 1768 4424 Deus
1796 4379 1954 4425 vester

363 4458 550 4531 (Deut.
572 4475 692 4530 xm,
722 4460 813 4531 5).

431 4551 487 4608 8.
517 4550 628 4607 Nec
655 4552 932 4624 quisquam
963 4550 1232 4608 existimet
1270 4550 1390 4607 ideo
1429 4551 1619 4608 merito
1645 4570 1803 4628 posse
1845 4555 1950 4612 dici

361 4642 636 4717 corporeis
665 4642 834 4697 oculis
863 4657 894 4700 a
922 4642 1057 4706 Filio
1079 4642 1300 4702 Patrem
1331 4645 1517 4714 videri,
1550 4661 1610 4704 ac
1632 4663 1738 4702 non
1767 4648 1944 4721 potius

359 4727 499 4790 sicut
519 4748 553 4796 a
580 4733 739 4789 Patre
765 4731 984 4802 Filium,
1031 4735 1154 4806 quia
1180 4735 1254 4790 illi
1280 4737 1369 4808 qui
1397 4735 1498 4792 hoc
1515 4748 1720 4810 putant,
1744 4756 1866 4796 cum
1891 4740 1943 4798 iu

359 4825 627 4882 reddenda
669 4825 876 4884 ratione
902 4824 1212 4894 defecerint,
1241 4811 1465 4898 possunt
1510 4839 1564 4885 et
1607 4827 1708 4902 ipsi
1748 4833 1944 4904 dicere,

361 4918 424 4980 Si
441 4918 572 4975 ratio
596 4921 860 4991 queritur,
886 4936 987 4978 non
1015 4923 1106 4980 erit
1137 4921 1363 4978 mirabile
1392 4939 1410 4979 :
1436 4923 1538 4980 hoc
1574 4927 1716 4982 enim
1745 4927 1944 4990 dictum

357 5024 460 5080 est,
479 5028 586 5070 non
611 5013 732 5090 quia
759 5029 864 5070 non
880 5022 964 5074 est
985 5015 1140 5081 ratio,
1169 5015 1263 5072 sed
1285 5016 1403 5087 quia
1423 5019 1568 5074 latet.
1591 5021 1737 5077 illius
1762 5032 1941 5080 autem

358 5119 464 5160 non
492 5105 754 5174 miraculi,
781 5106 876 5163 sed
903 5106 1125 5171 erroris,
1150 5105 1518 5168 demonstrare
1545 5111 1704 5168 debet
1733 5116 1945 5172 nullam

357 5211 478 5256 esse
505 5197 789 5267 rationem,
816 5199 1056 5270 quisquis
1095 5199 1147 5256 id
1174 5200 1451 5269 Opinantes
1476 5202 1722 5260 refellere
1755 5222 1944 5280 aggre-

357 5283 517 5344 ditur.
551 5287 700 5352 Sicut
731 5289 876 5346 enim
897 5289 1036 5350 nulla
1068 5289 1204 5344 ratio
1229 5299 1311 5346 est
1339 5308 1443 5361 qua
1477 5292 1570 5350 Dei
1599 5304 1788 5353 natura
1825 5316 1942 5354 mo-

355 5381 542 5448 riatur,
591 5389 687 5439 aut
729 5393 1122 5462 corrumpatur,
1183 5393 1278 5443 aut
1321 5395 1542 5458 peccet;
1575 5398 1630 5444 et
1680 5405 1798 5448 cum
1844 5392 1946 5454 hoc

356 5473 523 5529 Deum
569 5490 676 5529 non
707 5489 861 5546 posse
890 5474 1139 5544 dicimus,
1193 5494 1298 5532 non
1337 5479 1656 5550 derogamus
1692 5487 1944 5554 potestati

355 5566 492 5635 ejus,
541 5567 635 5621 sed
687 5569 1040 5624 atternitatcm
1090 5572 1472 5643 veritatemque
1517 5575 1837 5634 laudamus:
1872 5581 1942 5636 ita

355 5673 477 5718 cum
506 5659 731 5718 dicimus
759 5679 866 5716 non
895 5679 1051 5732 posse
1091 5664 1258 5722 videri
1288 5667 1457 5722 oculis
1503 5672 1797 5740 corporeis,
1835 5690 1942 5731 non

354 5749 503 5813 lutet,
531 5752 622 5807 sed
655 5763 796 5822 patet
816 5756 951 5808 ratio
973 5756 1110 5813 bene
1139 5757 1574 5829 intelligentibus,
1605 5779 1706 5836 qua
1729 5768 1940 5838 perspi-

355 5853 514 5901 cuum
543 5851 626 5899 est
665 5844 832 5899 Deum
856 5860 1048 5918 corpus
1074 5863 1179 5904 non
1204 5863 1344 5918 esse,
1377 5867 1475 5914 nec
1518 5854 1716 5925 aliquid
1745 5873 1939 5931 corpo-

1615 369 1674 427 S.
1715 365 2082 427 AUGUSTINI
2117 364 2422 427 EPISC‘DH

2093 485 2201 544 rcis
2223 485 2391 542 oculis
2431 485 2577 542 cerni
2624 499 2802 557 posse,
2828 476 3104 560 aliquod
3137 477 3370 563 aliatjus
3411 492 3674 556 intervalli

2089 575 2495 648 interpositione
2507 588 2763 636 cernatur
2781 598 2796 636 :
2819 581 2873 638 id
2890 591 3066 639 autem
3087 598 3192 640 non
3199 584 3300 642 nisi
3313 600 3512 656 corpus
3528 601 3670 656 esse,

2088 684 2314 742 eamque
2339 671 2688 728 substantiam
2722 688 2843 744 quae
2865 673 3042 733 minor
3066 676 3137 732 sit
3160 675 3213 734 in
3242 685 3391 746 parte
3433 693 3595 748 quam
3621 680 3676 738 in

2089 771 2237 832 toto;
2265 763 2408 835 quod
2439 765 2506 820 de
2530 765 2640 822 Deo
2667 767 2892 822 credere
2919 766 3066 827 aetas
3092 783 3212 826 esse
3235 769 3398 828 debet
3419 770 3585 828 etiam
3607 771 3676 832 iis

2087 858 2178 928 qui
2205 857 2308 914 hoc
2336 858 2630 930 intelligere
2651 860 2887 916 nondum
2919 861 3120 916 valent.

2159 950 2212 1006 9.
2238 950 2392 1006 Latet
2414 951 2550 1006 ratio
2577 951 2908 1008 diversarum
2933 953 3407 1012 commutationum
3433 971 3448 1020 ;
3477 962 3532 1013 et
3550 955 3676 1016 hinc

2086 1049 2170 1098 est
2196 1041 2434 1097 omnium
2463 1043 2746 1100 visibilium
2791 1043 2928 1100 silva
2972 1045 3349 1102 miraculorum
3377 1063 3394 1104 ς
3422 1045 3675 1119 numqui-1

2087 1141 2262 1208 tamen
2292 1135 2410 1190 ideo
2463 1136 2608 1190 latet-
2625 1149 2746 1192 esse
2787 1148 3034 1207 corpora,
3083 1136 3284 1196 habere
3325 1152 3423 1193 nos
3450 1151 3669 1210 corpus,

2084 1226 2287 1280 nullum
2335 1241 2458 1282 esse
2501 1227 3045 1298 quantulumcumque
3088 1229 3490 1298 corpusculum,
3531 1228 3671 1301 quod

2083 1331 2189 1371 non
2221 1334 2316 1387 pro
2364 1333 2464 1373 suo
2512 1318 2674 1376 modo
2702 1319 2805 1374 loci
2846 1329 3072 1389 occupet
3101 1321 3330 1389 spatium
3359 1337 3373 1386 ;
3407 1335 3506 1376 nec
3527 1322 3584 1376 in
3605 1337 3674 1380 eo

2080 1409 2225 1479 quod
2258 1419 2483 1480 occupat
2524 1412 2720 1482 ubique
2747 1411 2817 1466 sit
2840 1420 3030 1477 totum,
3059 1410 3153 1468 sed
3177 1412 3354 1469 minus
3377 1411 3448 1468 sit
3472 1413 3522 1468 in
3548 1427 3672 1482 par-

2082 1509 2135 1556 te
2155 1516 2312 1571 quam
2336 1503 2386 1556 in
2415 1502 2563 1558 toto?
2593 1499 2717 1559 Haec
2747 1503 2996 1573 quoniam
3025 1517 3130 1557 non
3166 1503 3350 1569 latent,
3379 1503 3462 1558 his
3489 1512 3672 1561 conte-

2080 1595 2252 1650 xeuda
2271 1604 2390 1651 sunt
2417 1597 2816 1667 consequentia,
2836 1595 2978 1668 quod
3007 1612 3149 1652 nunc
3163 1596 3339 1654 facere
3361 1597 3522 1654 nimis
3546 1599 3668 1654 lon-

2082 1702 2206 1756 gum
2234 1699 2335 1755 est,
2364 1688 2556 1759 quibus
2584 1689 2898 1745 ostendatur
2941 1707 3044 1744 non
3074 1691 3330 1745 rationem
3363 1692 3550 1759 latere,
3573 1691 3665 1748 sed

2077 1779 2587 1835 rationemomuino
2632 1781 2833 1837 nullam
2873 1797 2992 1837 esse
3024 1797 3130 1852 qua
3165 1783 3312 1839 credi
3342 1783 3551 1849 debeat,
3582 1785 3668 1840 vel

2077 1870 2246 1938 possit
2295 1871 2544 1942 intelligi,
2574 1872 2742 1928 Deum
2789 1873 2879 1944 qui
2925 1873 3121 1944 ubique
3145 1882 3286 1930 totus
3311 1884 3415 1943 est,
3447 1891 3548 1932 nec
3571 1891 3669 1948 per

2075 1965 2245 2034 spatia
2269 1965 2505 2021 locorum
2531 1981 2788 2037 corporea
2814 1969 2955 2024 mole
2981 1967 3314 2034 dili’unditur,
3337 1972 3391 2025 in
3417 1987 3520 2042 qua
3559 1989 3659 2030 ne-

2073 2068 2227 2110 cesse
2274 2055 2467 2112 habeat
2513 2059 2750 2128 partibus
2789 2059 3080 2130 majoribus
3107 2060 3509 2134 minoribusque
3536 2079 3665 2120 con-

2070 2157 2236 2216 stare,
2259 2151 2407 2206 cerni
2434 2152 2711 2221 corporeis
2737 2153 2908 2208 oculis
2954 2167 3133 2223 posse.
3165 2153 3322 2210 Unde
3343 2156 3492 2225 plura
3514 2156 3665 2213 dice-

2077 2257 2195 2298 rem
2235 2244 2281 2297 si
2314 2243 2485 2299 hocin
2513 2245 2742 2314 epistola
2769 2245 2866 2300 ista
2893 2247 3271 2316 suscepissem,
3300 2248 3351 2301 in
3372 2248 3526 2318 cujus
3547 2249 3664 2304 Ion.-

2071 2334 2361 2405 gltndinem
2390 2350 2496 2390 non
2522 2337 2758 2392 sentiens
2804 2352 3118 2407 progressus
3139 2354 3278 2403 smn,
3311 2354 3448 2410 pene
3468 2341 3663 2397 oblitus

2071 2426 2476 2495 occupationum
2499 2442 2759 2494 mearum,
2793 2429 2860 2482 ita
2892 2439 2950 2483 ut
2988 2429 3231 2497 nutasse,
3256 2431 3398 2501 quod
3437 2447 3544 2487 non
3571 2449 3658 2487 ar-

2071 2513 2326 2581 bitrabar,
2360 2517 2638 2573 intentioni
2667 2529 2771 2574 tum
2800 2522 2930 2574 satis
2956 2519 3200 2588 fecerim,
3228 2524 3320 2592 qui
3348 2533 3504 2594 potes
3529 2541 3663 2594 pou-

2069 2608 2146 2662 cis
2165 2610 2471 2664 admonitus
2500 2611 2645 2680 plura
2666 2612 2901 2682 cogitare
2925 2628 3044 2682 quin
3070 2624 3412 2683 competunt;
3442 2617 3535 2670 sed
3555 2631 3663 2674 non

2073 2703 2237 2756 etiam
2267 2718 2453 2758 eorum
2503 2705 2556 2758 in
2600 2719 2830 2775 quorum
2866 2721 3054 2761 manus
3093 2722 3197 2761 non
3225 2707 3455 2764 inaniter
3478 2711 3663 2766 venire

2070 2795 2169 2850 ista
2207 2805 2451 2866 possunt,
2500 2798 2545 2851 si
2597 2797 2903 2868 diligentius
2929 2807 2984 2854 et
3009 2799 3280 2870 copiosius
3305 2800 3658 2857 disserantur.

2068 2887 2335 2943 Laborant
2380 2900 2556 2944 autem
2582 2890 2829 2946 homines
2859 2893 2910 2946 in
2933 2893 3209 2956 discendo,
3247 2902 3302 2948 et
3339 2895 3518 2950 brevia
3552 2911 3656 2950 non

2069 2982 2246 3035 valent
2275 2982 2585 3053 intelligere,
2610 2985 2812 3054 prolixa
2835 2999 2942 3038 non
2967 2993 3148 3038 amant
3167 2985 3365 3057 legere.
3388 2987 3659 3042 Laborant

2067 3074 2252 3129 itidem
2281 3076 2331 3129 in
2347 3076 2610 3143 docendo,
2635 3078 2724 3146 qui
2753 3087 2806 3132 et
2832 3093 2998 3148 pauca
3025 3079 3207 3145 tardis,
3225 3088 3278 3134 et
3305 3081 3469 3135 multa
3498 3083 3659 3152 pigris

2066 3164 2260 3221 frustra
2295 3167 2559 3237 ingerunt.
2590 3169 2736 3223 Mitte
2763 3178 2818 3224 et
2868 3171 3009 3224 illius
3057 3171 3295 3240 epistolae
3320 3172 3646 3243 exemplum,

2065 3274 2184 3329 quae
2213 3259 2352 3330 apud
2384 3275 2481 3316 nos
2514 3261 2770 3316 aberrans
2798 3275 2904 3316 non
2932 3263 3103 3332 potuit
3129 3263 3374 3318 inveniri.

2489 3375 2816 3433 EPISTOLA
2858 3378 3064 3434 CLXIII
3084 3382 3103 3403 ⁶
3131 3377 3228 3454 (a).

2171 3483 2394 3542 Evodius
2425 3488 2705 3562 Augustino
2732 3493 2967 3564 proponit
2997 3493 3193 3566 aliquot
3220 3496 3544 3568 quwstiones.

2275 3598 2506 3658 Evomus
2532 3601 2832 3673 episcopus,
2864 3605 3171 3662 Ancusrmo
3200 3607 3468 3678 episcopo.

2137 3713 2342 3769 Pridem
2367 3717 2663 3785 question“
2691 3718 2804 3772 misi
2831 3719 2898 3772 ad
2919 3719 3249 3774 Sanctitatem
3275 3731 3411 3774 tuam
3438 3738 3456 3777 :
3487 3738 3646 3778 unum

2061 3807 2124 3862 de
2146 3810 2340 3863 ratione
2365 3820 2411 3863 et
2440 3809 2571 3877 Deo,
2601 3820 2721 3881 puto
2751 3825 2841 3881 per
2863 3811 3105 3866 Jobinum
3132 3814 3219 3883 qui
3258 3814 3409 3868 seruit
3435 3816 3641 3869 ancillis

2058 3897 2158 3955 Dei
2175 3901 2193 3932 ³
2216 3917 2237 3966 ;
2259 3901 2472 3955 alteram
2496 3901 2559 3955 de
2579 3916 2791 3974 corpore
2827 3902 3132 3970 Saluatoris,
3166 3904 3228 3957 de
3249 3921 3346 3974 quo
3375 3906 3655 3960 restituatur

2057 3993 2194 4064 quod
2214 3994 2545 4049 substantiam
2567 3994 2663 4048 Dei
2684 3995 2866 4049 videat.
2899 3993 3120 4049 Tertiam
3140 3995 3253 4048 dico
3278 4012 3410 4050 nunc
3433 4013 3454 4051 :
3481 3999 3652 4052 enim

2056 4086 2321 4142 rationalis
2348 4104 2501 4159 quam
2523 4087 2764 4142 Salvator
2792 4103 2905 4142 cum
2927 4103 3138 4158 corpore
3162 4091 3458 4160 assumpsit,
3479 4099 3650 4144 utrum

2057 4181 2110 4234 in
2143 4198 2244 4235 una
2264 4181 2327 4235 de
2355 4182 2671 4252 opinionibus
2701 4189 2773 4236 est
2810 4181 2914 4236 illis
2941 4198 3056 4252 qua:
3084 4193 3434 4253 proponuntur
3455 4199 3570 4238 cum
3589 4185 3653 4239 de

2055 4273 2242 4327 animae
2271 4273 2478 4344 origine
2491 4274 2752 4344 quan-itur,
2774 4274 2932 4344 siqua
2955 4274 3024 4328 ibi
3045 4281 3202 4346 potest
3221 4276 3424 4330 veritate
3441 4276 3651 4346 fulciri;

2055 4380 2121 4417 an
2140 4381 2429 4436 quanquam
2475 4363 2739 4418 rationalis
2765 4367 2849 4430 sit,
2889 4381 2990 4418 non
3019 4373 3186 4419 tamen
3215 4381 3279 4420 ea:
3301 4367 3364 4422 iis
3391 4367 3651 4438 speciebus

2054 4473 2166 4527 quae
2191 4457 2253 4511 de
2276 4455 2575 4511 animalium
2603 4457 2774 4510 anima
2803 4457 3060 4524 dicuntur,
3104 4458 3193 4511 sed
3219 4459 3273 4512 in
3291 4457 3396 4512 alia
3415 4458 3646 4514 habetur.

2058 4549 2308 4614 Quartam
2354 4549 2608 4619 interrogo
2635 4564 2653 4603 :
2676 4549 2761 4619 qui
2790 4556 2907 4602 sunt
2934 4549 3009 4602 illi
3035 4549 3264 4619 spiritus,
3296 4549 3359 4603 de
3383 4549 3564 4620 quibus
3586 4549 3645 4604 in

2056 4639 2286 4713 Epistula
2323 4655 2416 4695 sua
2444 4641 2585 4712 ponit
2621 4639 2804 4694 Petrus
2831 4641 3171 4695 testimonium
3199 4641 3262 4696 de
3285 4640 3526 4709 Domino,
3565 4642 3649 4696 di-

2053 4743 2188 4796 cens,
2218 4745 2236 4782 t
2272 4729 2612 4800 Mortiﬁcatus
2638 4746 2807 4798 carne,
2840 4732 3117 4801 uiviﬁeatus
3135 4732 3316 4802 spiritu
3345 4747 3363 4787 :
3390 4733 3445 4787 in
3473 4749 3572 4804 quo
3594 4743 3644 4787 et

2052 4825 2123 4878 eis
2143 4824 2226 4895 qui
2246 4823 2298 4878 in
2322 4837 2518 4878 carcere
2538 4831 2682 4878 erant
2695 4825 2952 4896 spiritibus
2975 4825 3176 4880 veniens
3202 4825 3492 4897 pradicavit
3520 4846 3541 4880 ι
3582 4828 3604 4899 (
3623 4829 3646 4885 l

2054 4913 2194 4971 Petr.
2230 4933 2306 4985 Ill,
2341 4917 2429 4984 i8,
2461 4917 2599 4991 i9),
2628 4927 2673 4973 et
2697 4927 2911 4985 caetera,-
2935 4919 3029 4974 hoc
3057 4920 3281 4975 inserens
3318 4921 3454 4992 quod
3474 4923 3526 4976 in
3553 4923 3644 4976 in-

2053 5010 2196 5082 ferno
2217 5009 2440 5081 fuerunt,
2471 5019 2518 5065 et
2541 5010 2844 5067 descendens
2871 5011 3101 5068 Christus
3132 5015 3366 5069 omnibus
3384 5016 3642 5086 evangeli-

2050 5101 2200 5169 zavit,
2233 5115 2500 5172 omnesque
2539 5118 2570 5155 a
2597 5102 2812 5158 tenebris
2838 5109 2883 5156 et
2913 5103 3075 5174 poenis
3098 5119 3186 5173 per
3209 5106 3427 5176 gratiam
3449 5106 3639 5160 libera-
3672 5098 3674 5105 ’

2051 5193 2138 5260 vit,
2165 5203 2217 5247 ut
2246 5209 2277 5247 a
2321 5203 2544 5264 tempore
2586 5196 2964 5252 resurrectionis
3008 5195 3239 5263 Domini,
3262 5199 3520 5270 judicium
3553 5215 3645 5255 ea:-

2050 5293 2301 5357 spectetur
2326 5286 2592 5342 exinanitis
2618 5289 2814 5359 inferis.
2842 5287 2980 5355 Quid
3002 5303 3120 5361 ergo
3158 5291 3210 5344 in
3233 5290 3328 5345 hac
3351 5307 3408 5346 re
3429 5291 3642 5348 Sancti-

2052 5378 2143 5434 tatl
2163 5387 2264 5433 tua:
2291 5379 2538 5447 videatur,
2569 5381 2717 5453 cupio
2744 5393 2915 5439 nosse.

2114 5556 2133 5592 ⁸
2167 5559 2315 5609 vatic.
2338 5565 2446 5608 Mss.
2470 5565 2638 5609 carent
2655 5559 2734 5610 bis
2753 5560 2939 5623 verbis,
2961 5568 3047 5626 qut
3069 5559 3418 5614 serviunt-illis
3439 5561 3546 5614 Dei.

2047 5643 2135 5764 Br‘
2150 5646 2429 5758 IJrl’qrcognita
2450 5645 2510 5695 ad
2532 5659 2617 5710 gg.
2641 5658 2686 5696 r.
2709 5647 2786 5696 sb.
2805 5646 2933 5699 duos
2952 5652 2990 5698 ι.
3022 5647 3147 5698 duos
3167 5659 3217 5700 ν.
3251 5654 3306 5699 et
3326 5648 3387 5698 ad
3409 5654 3510 5700 Am.
3529 5647 3642 5699 and.

2109 5813 2183 5885 (ᾳ)
2218 5811 2343 5884 Alias
2361 5812 2424 5862 98
2440 5827 2452 5862 :
2467 5826 2578 5878 qua:
2600 5821 2767 5879 autem
2789 5815 3016 5877 ίϐδθηι,
3035 5827 3166 5870 ω
3185 5814 3266 5870 ιι.
3289 5817 3472 5882 ﬁeri!“
3496 5815 3646 5885 W90

2051 5882 2161 5940 post
2182 5882 2504 5954 superiorem.
