4154 6354
355 471 464 534 ’109

785 577 1118 639 EPISTOLA
1151 573 1388 632 CLXIV‘
1417 570 1516 650 (α).

353 701 676 778 Augustinus
719 698 936 764 Evodio,
987 692 1294 768 respondeas
1331 690 1404 746 ad
1447 687 1575 748 duas
1625 687 1942 760 qmstiona,

431 777 649 870 quorum
673 792 834 852 altera
861 798 932 854 est
959 789 1023 846 de
1043 787 1155 846 loco
1173 786 1386 848 obscuro
1405 782 1587 856 prima
1609 778 1772 852 Petri,
1803 777 1948 836 tertio

429 891 618 962 .cqpitc,
645 886 806 944 altera
826 884 889 940 de
913 883 1084 938 anima
1103 878 1308 936 Christi.

433 1001 662 1060 Belidae
687 995 1016 1058 beatissimo,
1047 991 1194 1050 fratri
1217 997 1274 1044 et
1299 985 1616 1056 coepiscopo
1637 983 1872 1050 Eventu,

669 1093 1027 1154 Auwsrtnus,
1063 1084 1120 1140 in
1149 1081 1378 1138 Domino
1397 1078 1646 1134 salutem.

436 1207 590 1266 CAP.
609 1200 1021 1261 PRIMUM.—i.
1041 1196 1273 1266 Quarstio
1289 1207 1449 1266 quam
1463 1189 1594 1246 mihi
1627 1185 1948 1260 proposuisti

366 1319 432 1359 ex
450 1300 683 1372 Epistola
703 1296 925 1370 apostoli
947 1293 1109 1360 Petri,
1129 1291 1264 1346 solet
1283 1304 1400 1354 nos,
1419 1295 1478 1342 ut
1491 1293 1544 1342 te
1564 1285 1729 1340 latere
1747 1297 1849 1336 non
1867 1295 1955 1335 ar-

367 1395 556 1460 bitror,
603 1388 1071 1447 vehementissime
1109 1396 1468 1446 commovere,
1517 1393 1622 1449 quo
1667 1374 1826 1430 modo
1863 1373 1954 1428 illa

369 1489 530 1544 verba
561 1481 866 1555 accipienda
908 1481 1014 1533 sint
1051 1487 1306 1550 tanquam
1343 1473 1410 1528 de
1437 1469 1620 1526 inferis
1645 1467 1804 1522 dicta.
1853 1465 1957 1519 lle—

371 1579 508 1652 plico
538 1591 665 1648 ergo
705 1574 794 1629 tibi
823 1571 1063 1627 eamdam
1094 1567 1462 1639 qumstioucm,
1493 1570 1552 1616 ut
1584 1559 1696 1614 sive
1721 1559 1834 1626 ipse
1861 1569 1957 1625 po—

371 1671 557 1744 tueris,
601 1651 710 1722 Sive
745 1667 973 1736 aliquem
1009 1662 1100 1732 qui
1133 1661 1297 1731 possit
1335 1655 1620 1720 inveneris,
1655 1651 1864 1706 auferas
1891 1648 1958 1702 de

371 1763 460 1818 illa
501 1740 656 1830 atque
697 1757 848 1811 finias
878 1752 1261 1810 dubitationem
1305 1763 1498 1802 meam.
1539 1744 1694 1811 Quod
1731 1743 1774 1796 si
1817 1740 1961 1810 prior

371 1862 619 1926 potuero,
648 1865 768 1904 cum
797 1847 846 1902 id
874 1845 1151 1901 donaverit
1181 1841 1455 1904 Dominus,
1481 1839 1680 1906 tibique
1701 1831 1960 1902 impertiri

373 1947 612 2009 valuero,
635 1957 739 1996 non
765 1939 1016 1994 fraudabo
1043 1937 1384 1990 Dilectionem
1407 1940 1550 1984 tuam
1581 1946 1592 1981 :
1623 1942 1764 1982 nunc
1784 1935 1960 1980 autem

374 2055 494 2112 quae
525 2053 611 2091 me
636 2035 706 2090 ibi
753 2043 998 2088 moveant
1031 2029 1308 2094 intimabo,
1349 2035 1404 2081 ut
1429 2023 1720 2080 secundum
1752 2022 1867 2076 haec
1895 2019 1962 2076 de

375 2129 480 2185 illis
507 2127 683 2182 verbis
713 2123 1035 2194 apostolicis,
1055 2119 1140 2176 vel
1163 2120 1278 2190 ipse
1301 2117 1522 2190 cogites,
1549 2117 1633 2172 vel
1661 2130 1815 2186 quem
1845 2113 1964 2168 ido-

375 2237 536 2279 neum
565 2219 827 2288 repereris
846 2217 1112 2271 consulas.

448 2315 504 2370 2.
545 2315 676 2369 Cum
731 2311 954 2366 dixisset
1014 2307 1283 2363 Christum
1333 2303 1706 2361 mortificatum
1762 2317 1962 2368 carne,

378 2406 698 2470 viviﬁcatum
744 2403 961 2472 spiritu;
1001 2401 1254 2455 continuo
1293 2397 1538 2468 subjecit,
1573 2395 1638 2449 In
1683 2411 1779 2464 quo
1815 2405 1860 2448 ct
1903 2396 1966 2448 iis

378 2501 466 2584 qui
487 2500 539 2554 in
568 2514 764 2553 carcere
791 2506 930 2550 erant
954 2493 1199 2558 conclusi,
1224 2491 1480 2563 spiritibus
1499 2491 1696 2543 veniens
1721 2488 1967 2559 praedica-

379 2577 466 2660 bit,
495 2591 580 2662 qui
607 2589 852 2644 increduli
877 2593 1080 2662 {uerunt
1106 2584 1399 2655 aliquando,
1428 2579 1630 2654 quando
1652 2577 1967 2651 exspectabat

381 2685 480 2739 Dei
508 2683 748 2756 patientia
785 2681 838 2735 in
867 2679 1038 2734 diebus
1071 2677 1203 2745 Noe,
1241 2695 1355 2731 cum
1384 2675 1714 2748 fabricarctur
1742 2690 1881 2738 arca,
1915 2673 1969 2726 in

381 2796 480 2852 qua
501 2778 670 2852 pauci,
691 2776 744 2830 id
760 2785 830 2831 est
846 2783 953 2828 octo
974 2775 1157 2828 animo:
1175 2773 1326 2826 salva:
1344 2772 1492 2840 facta:
1511 2780 1624 2824 sunt
1642 2785 1730 2840 per
1746 2783 1928 2837 aquam
1953 2783 1969 2820 :

381 2881 573 2944 deinde
598 2877 868 2949 subjunxit
898 2883 952 2930 et
982 2875 1073 2940 ait,
1107 2872 1253 2937 Quod
1281 2881 1328 2925 et
1352 2887 1436 2924 vos
1466 2886 1598 2922 nunc
1623 2868 1774 2921 simili
1804 2867 1970 2936 forma

385 2974 646 3046 Baptisnta
671 2971 835 3026 salvos
853 2969 972 3042 fecit
997 2967 1038 3040 (Ι
1059 2963 1202 3020 Petr.
1227 2981 1305 3032 ut,
1337 2961 1545 3034 18-21).
1573 2959 1744 3014 Movet
1769 2959 1966 3028 itaque,

385 3067 431 3122 si
456 3063 591 3136 apud
622 3061 819 3118 inferos
847 3060 1120 3126 Dominus,
1146 3055 1355 3136 quando
1377 3061 1616 3108 mortuus
1640 3057 1740 3114 est,
1775 3049 1828 3102 in
1853 3063 1970 3102 car-

386 3175 508 3213 cere
548 3153 815 3211 conclusis
856 3150 1126 3224 spiritibus
1169 3145 1492 3222 praedicavit,
1534 3141 1658 3213 quid
1707 3140 1831 3194 boui
1873 3139 1970 3193 soli

387 3249 700 3316 meruerint,
731 3253 788 3300 ιιι
816 3245 1067 3300 Dominus
1095 3239 1162 3294 ad
1203 3240 1407 3294 inl'crna
1437 3234 1784 3292 descenderet
1805 3233 1843 3299 ί,
1881 3230 1972 3302 (ιιιί

386 3348 514 3404 tunc
549 3337 787 3392 inﬁdeles
817 3333 1029 3390 fuerunt
1057 3347 1176 3390 cum
1214 3331 1561 3394 fabricaretur
1587 3343 1730 3380 arca.
1763 3325 1971 3379 Etenim

387 3440 512 3506 post
542 3441 775 3504 tempora
799 3427 930 3494 Noe,
959 3425 1122 3482 multa
1153 3423 1314 3478 millia
1343 3429 1420 3477 tot
1447 3421 1682 3492 gentium
1715 3433 1879 3488 usque
1905 3416 1972 3471 ad

389 3525 689 3596 passionem
716 3519 912 3586 Christi
935 3531 1142 3576 mortua
1171 3528 1313 3582 sunt,
1336 3531 1453 3588 qua:
1477 3513 1643 3584 potuit
1676 3514 1815 3584 apud
1843 3513 1974 3567 infe-

391 3634 483 3684 ros
505 3618 739 3672 invenire
766 3633 780 3670 :
809 3630 914 3670 non
931 3614 1113 3686 utique
1137 3626 1321 3666 eorum
1343 3609 1432 3682 qui
1461 3609 1511 3664 in
1543 3609 1705 3662 Deum
1734 3595 1975 3660 credide-

389 3720 529 3778 rant,
551 3712 688 3768 sicut
715 3709 992 3778 PrOphetae
1016 3715 1070 3762 et
1096 3703 1416 3760 Patriarchm
1437 3701 1502 3756 de
1532 3699 1694 3770 stirpe
1723 3695 1972 3762 Abraluc,

391 3803 528 3858 sicut
553 3802 665 3872 ipse
687 3810 830 3856 retro
855 3798 968 3854 Noe
992 3809 1046 3852 ct
1078 3806 1182 3852 tota
1203 3796 1395 3850 domus
1419 3793 1553 3866 ejus,
1578 3809 1694 3866 quae
1720 3792 1864 3846 salva
1895 3789 1976 3844 fa-

391 3899 478 3950 cta
504 3902 585 3947 est
609 3907 702 3962 per
731 3906 940 3960 aquam,
966 3897 1187 3958 excepto
1211 3887 1449 3942 fortassis
1477 3903 1580 3941 uno
1607 3885 1732 3950 lilio,
1768 3883 1855 3956 qui
1885 3899 1976 3952 po-

389 3996 506 4050 stea
551 3985 862 4056 reprobatus
903 3990 1016 4046 est;
1057 3981 1194 4034 sicut
1242 3980 1400 4032 etiam
1439 3987 1635 4048 praeter
1671 3975 1974 4046 pregeniem

393 4078 579 4144 Iacob,
620 4077 708 4132 alii
755 4077 967 4128 l'uerunt
1010 4072 1292 4134 credentes
1336 4069 1388 4121 in
1433 4069 1622 4134 Deum,
1675 4067 1810 4120 sicut
1855 4063 1975 4130 Job,

393 4172 534 4227 sicut
567 4169 754 4224 civitas
780 4165 986 4232 Ninive,
1018 4173 1072 4220 et
1097 4163 1140 4226 si
1167 4162 1256 4232 qui
1291 4159 1379 4214 alii
1420 4167 1564 4224 sunt,
1592 4158 1681 4228 qui
1707 4158 1788 4210 vel
1819 4172 1981 4226 appa-

393 4273 518 4320 rent
545 4262 600 4316 in
629 4258 940 4330 Scripturis,
969 4255 1056 4310 vel
1082 4255 1132 4308 in
1159 4266 1358 4324 genere
1385 4247 1618 4303 humano
1644 4249 1810 4304 latent
1839 4266 1850 4301 :
1886 4246 1981 4300 sed

394 4367 586 4408 eorum
623 4351 744 4408 dico
771 4347 934 4412 multa
973 4346 1136 4400 millia
1168 4343 1464 4408 hominum,
1508 4339 1594 4410 qui
1637 4339 1798 4392 Deum
1831 4339 1984 4408 igno-

397 4453 602 4514 rantes,
639 4452 693 4498 et
724 4441 1026 4500 dattnouum
1050 4437 1133 4516 vel
1169 4433 1576 4490 simulacrorum
1605 4427 1770 4486 cultui
1797 4427 1982 4496 dediti,

399 4554 434 4602 β
459 4535 785 4608 temporibus
809 4533 921 4600 Noe
940 4545 1107 4610 usque
1133 4529 1200 4592 ad
1225 4527 1526 4600 passionem
1547 4524 1762 4590 Christi,
1794 4539 1859 4579 ex
1889 4523 1988 4576 hac

400 4631 510 4688 vita
529 4627 874 4698 emigrarunt,
897 4639 1029 4696 quos
1047 4622 1188 4693 apud
1207 4620 1404 4677 inferos
1425 4617 1667 4676 Christus
1689 4615 1985 4684 inveniens,

403 4721 670 4794 quomodo
699 4719 802 4778 illis
831 4732 936 4772 non
958 4713 1284 4790 praedicavit,
1311 4712 1406 4768 sed
1434 4711 1537 4766 illis
1561 4719 1784 4777 tantum,
1817 4709 1907 4779 qui
1935 4709 1989 4764 in

403 4815 592 4880 diebus
619 4813 730 4876 Noe
759 4810 1015 4868 increduli
1042 4807 1280 4872 fuerunt,
1306 4821 1426 4861 cum
1454 4805 1804 4860 fabricaretur
1827 4803 1988 4860 arca?

406 4909 514 4966 Aut
539 4908 586 4964 si
605 4907 852 4968 omnibus
877 4903 1206 4976 praedicavit,
1225 4917 1319 4956 cur
1341 4900 1460 4954 illos
1487 4899 1631 4955 solos
1651 4897 1838 4952 Petrus
1855 4911 1994 4968 com,

410 4999 742 5066 memoravit,
777 4995 1134 5070 praetermissa
1165 4992 1504 5050 multitudine
1543 4999 1649 5046 tam
1689 4989 1995 5046 innumera-

411 5093 504 5150 bili
531 5090 880 5148 caeterorum?

484 5185 706 5244 CAPUT
731 5183 795 5238 ll.
817 5184 945 5240 -5.
985 5182 1052 5238 Et
1080 5180 1361 5244 Dominum
1386 5177 1600 5249 quidem
1630 5192 1788 5234 carne
1813 5175 1996 5230 morti-

480 5339 498 5371 ι
521 5343 729 5388 veteres
749 5335 860 5387 edd.
877 5335 956 5386 hic
975 5335 1200 5386 intexunt
1221 5333 1379 5381 locum
1393 5343 1541 5395 quem
1561 5331 1685 5395 infra
1709 5347 1757 5382 n.
1775 5333 1806 5382 '1
1823 5331 1999 5395 legere

419 5407 514 5462 est,
547 5406 602 5451 Et
635 5400 696 5450 de
731 5397 833 5450 istis
867 5403 1050 5448 tantum
1083 5397 1320 5462 duobus...
1353 5393 1670 5462 teétimonimn
1705 5393 1998 5462 perhibetur.

415 5456 714 5516 Benedictiui
735 5467 920 5520 Patres,
937 5458 1297 5520 Lovauiensium
1329 5456 1617 5520 exemplum
1639 5456 1826 5520 secuti,
1849 5465 2002 5520 totum

417 5523 562 5637 glutja
579 5517 925 5634 expllqserunt,
969 5521 1106 5585 quasi
1145 5517 1501 5582 repetitionem
1538 5518 1803 5581 neglectim
1853 5517 2004 5568 intro-

453 5601 514 5636 uc
564 5599 628 5634 tn.
736 5622 748 5634 .

453 5595 628 5636 actam.
691 5593 748 5634 Μ.

483 5673 502 5692 ’
539 5669 796 5720 Emendata
825 5666 1040 5717 subsidio
1061 5666 1280 5716 codicum
1323 5677 1372 5726 ιι.
1403 5663 1488 5726 bg.
1527 5662 1594 5716 l-l.
1621 5663 1673 5714 ll".
1707 5677 1757 5726 g.
1783 5677 1866 5724 gv.
1885 5663 1924 5726 j.
1951 5678 1998 5712 n.

419 5746 464 5840 ξ.
493 5746 569 5790 vc.
612 5731 692 5788 vd.
716 5732 922 5780 duorum
954 5744 998 5780 a.
1023 5729 1056 5778 2
1075 5735 1158 5778 nn.
1185 5727 1214 5784 2
1235 5731 1309 5778 sb.
1333 5725 1380 5784 2.
1409 5725 1501 5776 lii
1525 5740 1570 5776 v.
1598 5735 1650 5776 et
1673 5725 1772 5774 Ain.
1799 5725 1906 5774 Bait.
1929 5735 1999 5774 ut.

442 5809 530 5844 .ov.

485 5874 560 5938 (α)
594 5873 976 5938 Alias99:qua
1017 5871 2006 5936 ωωιωωωιιωυωεηρωθο-

424 5950 540 5994 nem
561 5945 803 6002 tempore.

1561 449 2043 514 EPISTOLARUM
2079 447 2353 510 CLASSIS
2389 449 2478 506 ill.

3523 443 3638 507 ’1Ιῦ

2051 565 2264 620 ﬂcatum
2311 563 2523 620 venisse
2565 561 2623 620 in
2667 561 2954 634 infirmum,
3007 562 3138 620 satis
3175 567 3402 619 constat.
3445 561 3632 636 Neque

2051 658 2192 713 enim
2227 655 2519 711 contradici
2553 663 2727 727 potest
2753 656 2833 712 vel
2855 653 3148 727 prophetiae
3162 669 3280 726 quae
3309 653 3458 720 dixit,
3491 653 3634 720 Quo-

2053 752 2190 804 niam
2220 767 2320 804 non
2345 749 2652 820 derelinques
2693 750 2916 803 animam
2951 763 3111 802 meum
3137 748 3192 801 in
3223 747 3455 819 inferno;
3491 747 3636 818 quod

2055 858 2125 900 ne
2151 844 2306 898 aliter
2330 843 2608 913 quisquam
2645 855 2832 911 sapere
2871 839 3112 905 auderet,
3153 839 3208 894 in
3237 837 3458 894 Actibus
3486 839 3635 908 Apo-

2055 938 2332 1000 stolorum,
2366 935 2506 990 idem
2537 935 2722 989 Petrus
2743 933 2961 1005 exponit
2989 950 3004 987 :
3031 931 3118 988 vel
3141 931 3378 1004 ejusdem
3409 932 3554 988 Petri
3583 931 3640 988 il-

2057 1025 2124 1083 lis
2145 1027 2342 1095 verbis,
2373 1027 2692 1096 quibuscum
2714 1025 2905 1081 asserit
2922 1023 3126 1079 solvisse
3140 1024 3328 1092 inferni
3347 1023 3563 1090 dolores,
3584 1026 3640 1079 in

2057 1120 2236 1190 quibus
2251 1120 2556 1189 impossibile
2572 1127 2676 1172 erat
2691 1135 2802 1172 eum
2817 1117 2972 1172 teneri
2988 1115 3155 1189 (Psal.
3171 1131 3263 1182 xv,
3289 1115 3375 1183 10,
3390 1126 3437 1170 et
3449 1117 3560 1171 Act.
3575 1131 3636 1185 tt,

2061 1211 2124 1268 25
2138 1255 2151 1280 ,
2165 1211 2280 1284 27).
2300 1211 2426 1279 Quis
2439 1227 2564 1280 ergo
2583 1211 2678 1264 nisi
2697 1209 2925 1264 inﬁdelis
2941 1209 3214 1280 negaverit
3229 1207 3391 1264 fuisse
3405 1208 3544 1278 apud
3562 1209 3644 1264 in-

2061 1307 2202 1362 feros
2213 1305 2479 1360 Christum
2493 1305 2516 1357 ?
2528 1303 2678 1372 Quod
2691 1303 2922 1358 sitnovet
2933 1301 3378 1372 quemadmodum
3389 1302 3646 1374 accipien-

2061 1399 2186 1454 dum
2223 1397 2291 1452 sit
2321 1396 2510 1452 inferni
2550 1395 2617 1450 ab
2647 1395 2737 1450 illo
2775 1394 2978 1450 solutos
3011 1395 3221 1449 doleres
3261 1393 3456 1466 (neque
3488 1395 3632 1450 enim

2061 1499 2295 1560 cmperat
2315 1489 2366 1542 in
2395 1489 2473 1543 eis
2499 1503 2618 1542 esse
2645 1497 2891 1558 tanquam
2912 1487 2965 1540 in
2985 1485 3226 1552 vinculis,
3257 1493 3308 1540 et
3327 1487 3406 1541 sic
3425 1499 3520 1541 eos
3545 1485 3646 1541 sol-

2062 1583 2137 1636 vit
2166 1591 2414 1652 tanquam
2445 1579 2490 1632 si
2523 1589 2738 1634 catenas
2766 1577 3011 1633 solvisset
3035 1578 3224 1648 quibus
3257 1579 3428 1633 fuerat
3457 1577 3645 1649 alliga-

2066 1673 2203 1744 tus);
2244 1671 2396 1726 facile
2432 1681 2514 1726 est
2539 1669 2834 1739 intelligere
2857 1669 2936 1724 sic
2961 1683 3055 1724 eos
3081 1667 3285 1723 solutos
3313 1683 3434 1724 esse
3456 1685 3646 1740 quem-

2064 1766 2349 1822 admodum
2375 1765 2506 1819 solvi
2525 1772 2744 1835 possunt
2764 1762 2938 1833 laquei
2961 1761 3286 1828 venantium,
3311 1775 3380 1816 ne
3401 1769 3643 1828 teneant;

2067 1875 2170 1913 non
2201 1859 2319 1928 quia
2351 1863 2653 1911 tenuerunt.
2679 1855 2861 1910 Potest
2885 1861 2939 1909 et
2959 1854 3056 1919 sic,
3087 1861 3145 1908 ut
3169 1867 3261 1908 eos
3287 1852 3496 1908 dolores
3521 1865 3652 1908 eum

2067 1953 2288 2007 solvisse
2325 1949 2621 2014 credamus,
2661 1945 2854 2017 quibus
2898 1945 3066 2001 teneri
3105 1944 3222 2014 ipse
3269 1959 3374 1999 non
3419 1949 3644 2014 poterat,

2068 2043 2162 2098 sed
2200 2043 2388 2113 quibus
2421 2041 2510 2096 alii
2553 2039 2887 2104 tenebantur,
2933 2051 3067 2110 quos
3121 2037 3210 2094 ille
3247 2045 3466 2093 noverat
3515 2037 3654 2093 libo-

2069 2135 2282 2190 randos.
2579 2151 2582 2154 ’

2139 2231 2192 2282 Δ.
2237 2227 2433 2280 Verum
2464 2224 2675 2295 quinam
2717 2221 2806 2278 isti
2846 2221 2970 2287 sint,
3013 2221 3352 2278 temerarium
3393 2227 3476 2276 est
3509 2221 3648 2277 deﬁ-

2071 2321 2204 2374 nire.
2238 2319 2295 2374 Si
2322 2319 2464 2373 enim
2502 2329 2688 2370 omnes
2717 2313 2935 2369 omnino
2963 2313 3253 2368 dixerimus
3277 2321 3402 2368 tunc
3429 2327 3551 2368 esse
3579 2311 3649 2367 ll-

2069 2411 2303 2476 beratos,
2329 2410 2415 2479 qui
2447 2409 2553 2462 illic
2579 2407 2778 2461 inventi
2805 2415 2947 2471 sunt,
2983 2405 3101 2475 quis
3129 2421 3233 2459 non
3261 2405 3572 2476 gratuletur,
3605 2405 3653 2460 si

2071 2501 2174 2556 hoc
2205 2502 2465 2572 possimus
2490 2497 2807 2555 ostendere?
2839 2498 3128 2568 prresertim
3159 2505 3371 2567 propter
3397 2496 3658 2567 quosdam

2071 2595 2162 2666 qui
2201 2595 2355 2649 nobis
2395 2593 2651 2648 litterario
2683 2592 2863 2646 labore
2912 2607 3008 2646 suo
3045 2589 3375 2644 familiariter
3413 2590 3661 2644 innotue-

2072 2697 2214 2753 runt,
2248 2701 2474 2758 quorum
2513 2683 2784 2754 eloquium
2822 2682 3194 2752 ingeniumque
3234 2681 3516 2747 miramur;
3549 2695 3658 2736 non

2073 2779 2243 2832 solum
2287 2785 2471 2846 poetas
2517 2785 2570 2829 et
2609 2784 2869 2841 oratores,
2925 2763 3010 2844 qui
3053 2772 3268 2828 eosdem
3315 2774 3458 2842 ipsos
3497 2771 3660 2830 falsos

2073 2869 2201 2924 deos
2238 2868 2478 2938 gentium"
2503 2867 2683 2921 multis
2723 2865 3098 2935 Opusculorum
3125 2879 3339 2918 suorum
3371 2863 3499 2919 locis
3527 2878 3660 2920 con-

2076 2961 2388 3016 temnendos
2427 2959 2783 3028 ridendosque
2830 2966 3224 3022 monstrarunt,
3276 2965 3328 3012 et
3377 2957 3662 3028 aliquando

2075 3055 2234 3110 etiam
2265 3067 2424 3106 unum
2457 3039 2624 3105 Deum
2654 3064 2946 3119 verumque
2981 3049 3208 3104 confessi
3251 3057 3395 3112 sunt,
3423 3049 3664 3118 quamvis

2077 3147 2165 3200 illa
2201 3143 2564 3214 superstitiosa
2592 3157 2710 3195 cum
2753 3141 2960 3194 cmteris
2981 3141 3250 3206 colerent;
3281 3155 3466 3195 verum
3501 3140 3664 3195 etiam

2075 3239 2196 3294 illos
2221 3238 2310 3314 qui
2349 3239 2462 3291 lure
2489 3251 2595 3290 non
2623 3233 2884 3289 cantando
2912 3234 2994 3289 vel
3021 3232 3385 3298 declamando,
3419 3231 3512 3287 sed
3546 3230 3665 3302 plli-

2077 3329 2408 3400 losophando
2443 3327 2728 3382 dixerunt:
2761 3325 2956 3380 multos
2996 3325 3156 3380 etiam
3196 3339 3419 3395 quorum
3461 3324 3662 3379 litteras

2077 3439 2183 3476 non
2203 3421 2485 3486 habemus,
2519 3419 2611 3474 sed
2639 3419 2689 3472 in
2717 3419 2930 3472 illorum
2953 3415 3146 3471 litteris
3164 3415 3444 3471 didicimus
3469 3431 3663 3472 secun-

2077 3516 2202 3570 dum
2242 3513 2521 3584 quemdam
2567 3511 2782 3565 modum
2825 3508 3116 3564 laudabiles
3155 3509 3308 3572 vitas,
3343 3516 3403 3563 ut
3443 3515 3666 3578 excepto

2079 3605 2173 3660 Dei
2202 3606 2365 3668 cultu,
2407 3601 2460 3657 in
2488 3617 2592 3672 quo
2627 3609 2942 3656 erraverunt
2968 3599 3205 3655 colentes
3235 3615 3367 3652 vana
3413 3615 3532 3669 qtae
3563 3613 3664 3668 pu-

2079 3695 2218 3751 blice
2267 3693 2487 3748 colenda
2539 3693 2744 3746 l'ncrant
2785 3690 3046 3756 instituta,
3096 3698 3150 3745 et
3195 3698 3450 3743 creaturae
3491 3689 3664 3758 potius

2080 3803 2238 3858 quam
2268 3785 2501 3840 Creatori
2533 3783 2845 3847 servientes,
2887 3781 2943 3834 in
2981 3781 3190 3834 cmteris
3237 3781 3472 3834 moribus
3497 3779 3669 3848 parci-

2082 3881 2296 3946 monite,
2320 3876 2681 3943 contiucutim,
2713 3875 2988 3940 castitatis,
3015 3871 3338 3938 sobrietatis,
3365 3874 3548 3927 mortis
3567 3888 3668 3944 pro

2082 3975 2265 4044 patriae
2292 3973 2459 4026 salute
2480 3973 2830 4037 c'ontemptus,
2855 3975 3184 4036 servamque
3212 3965 3332 4022 fidei
3360 3980 3465 4019 non
3491 3966 3666 4020 solum

2084 4066 2307 4130 civibus,
2346 4077 2528 4117 verum
2570 4069 2623 4114 et
2652 4059 2916 4124 hostibus,
2967 4055 3206 4111 imitandi
3247 4055 3436 4110 merito
3475 4070 3671 4124 propo-

2085 4165 2295 4210 nantur.
2326 4153 2454 4220 Quae
2479 4151 2690 4221 quidem
2719 4149 2896 4202 omnia
2916 4145 3128 4216 quando
3153 4161 3258 4200 non
3277 4147 3578 4202 referuntur
3599 4145 3667 4200 ad

2088 4247 2244 4302 linem
2297 4253 2462 4300 rectae
2499 4257 2742 4312 veraeque
2786 4239 3016 4309 pietatis,
3063 4237 3156 4293 sed
3195 4239 3260 4292 ad
3307 4239 3498 4293 fastum
3547 4239 3665 4294 ina-

2088 4354 2209 4394 nem
2233 4337 2482 4390 humana:
2509 4333 2678 4387 laudis
2705 4339 2757 4387 et
2785 4331 2987 4402 gloriae,
3027 4331 3188 4386 etiam
3215 4331 3326 4402 ipsa
3363 4331 3675 4388 inanescunt

2090 4425 2478 4501 quodannnodo
2501 4466 2515 4492 ,
2564 4423 2868 4493 steriliaque
2921 4421 3214 4477 redduntur
3251 4439 3268 4476 :
3305 4429 3674 4478 verumtamen

2092 4521 2316 4591 quadam
2347 4517 2524 4574 indole
2554 4515 2712 4570 animi
2752 4514 2822 4569 ita
2860 4513 3146 4579 delectant,
3177 4523 3234 4567 ut
3263 4527 3354 4568 eos
3395 4513 3445 4566 in
3481 4513 3672 4584 quibus

2095 4613 2208 4668 lucc
2238 4613 2468 4678 inerunt,
2489 4607 2746 4664 vellemus
2777 4605 2861 4662 vel
2895 4607 3176 4677 praecipue,
3201 4605 3286 4661 vel
3313 4620 3434 4662 cum
3467 4607 3678 4664 caeteris

2093 4709 2160 4764 ab
2197 4705 2388 4761 inferni
2422 4701 2742 4759 cruciatibus
2769 4701 3001 4765 liberari,
3043 4699 3142 4754 nisi
3185 4700 3342 4755 aliter
3367 4715 3426 4756 se
3456 4699 3678 4757 haberet

2096 4813 2283 4856 sensus
2304 4798 2585 4862 humanus,
2617 4794 2769 4848 aliter
2788 4791 2989 4862 justitia
3011 4792 3300 4847 Creatoris.

2169 4915 2222 4970 5.
2264 4913 2392 4979 Quae
2417 4925 2536 4964 cum
2562 4907 2633 4962 ita
2656 4907 2780 4970 sint,
2810 4905 2854 4958 si
2883 4919 3068 4958 omnes
3091 4901 3211 4958 inde
3237 4901 3392 4958 solvit
3417 4901 3678 4970 Salvator,

2100 5013 2172 5072 et,
2198 5003 2334 5057 sicut
2361 4999 2637 5070 requirens
2649 4993 3204 5068 scripsisti,exinanivit
3227 4993 3443 5062 inferna,
3461 5001 3516 5046 ut
3535 4993 3681 5048 dein-

2101 5113 2217 5166 ceps
2237 5093 2492 5167 judicium
2513 5091 2628 5158 jam
2661 5091 3033 5158 exspectaretur
3059 5093 3333 5139 extremum
3361 5099 3381 5138 :
3410 5083 3524 5140 hinc
3558 5093 3684 5140 sunt

2103 5202 2220 5256 qum
2249 5185 2302 5240 in
2339 5183 2438 5237 hac
2465 5196 2525 5236 re
2567 5195 2674 5234 non
2700 5177 2966 5232 immerito
3006 5182 3239 5241 movent,
3270 5187 3388 5244 quae
3429 5175 3560 5228 mihi
3599 5175 3684 5228 ln-

2105 5279 2256 5336 terim
2283 5273 2534 5346 cogitanti
2563 5271 2733 5328 solent
2753 5283 3052 5324 occurrere.
3081 5265 3335 5328 Primum,
3367 5281 3466 5336 qua
3497 5273 3685 5322 aucto-

2105 5370 2260 5424 ritate
2289 5367 2528 5422 ﬁrmetur
2555 5366 2651 5418 ista
2679 5359 2958 5416 sententia.
2988 5356 3137 5426 Quod
3165 5358 3304 5412 enim
3332 5359 3585 5429 scriptum
3607 5364 3690 5413 est

2109 5461 2162 5516 in
2203 5469 2374 5514 morte
2401 5455 2594 5512 Christi
2634 5453 2823 5508 factum
2864 5449 3042 5506 solutis
3068 5447 3324 5502 doloribus
3352 5449 3538 5520 inferni
3563 5463 3582 5501 :
3607 5449 3690 5504 vel

2110 5553 2176 5608 ad
2201 5554 2370 5622 ipsum
2394 5558 2570 5622 potest
2597 5545 2816 5616 intelligi
2843 5542 3128 5614 pertinere,
3155 5539 3294 5610 quod
3323 5553 3416 5594 eos
3435 5537 3692 5596 hactenus

2114 5645 2347 5708 solverit,
2381 5645 2478 5696 hoc
2509 5650 2588 5695 est
2614 5641 2788 5694 irritos
2819 5637 3023 5700 fecerit,
3054 5649 3121 5689 ne
3147 5634 3213 5686 ab
3243 5633 3320 5688 eis
3355 5635 3464 5704 ipse
3494 5643 3694 5690 tenere-

2114 5751 2214 5802 tur,
2239 5737 2533 5808 praesertim
2559 5733 2680 5804 quia
2703 5729 2959 5799 sequitur,
2989 5728 3041 5780 in
3061 5725 3238 5795 quibus
3262 5725 3566 5796 impossibile
3584 5733 3693 5780 erat

2113 5834 2266 5891 teneri
2285 5847 2415 5885 eum.
2447 5825 2540 5882 \‘cl
2563 5825 2604 5880 si
2627 5838 2783 5878 causa
2799 5819 3056 5891 quaeritur
3076 5834 3170 5872 cur
3189 5817 3414 5872 voluerit
3433 5817 3616 5873 venire
3637 5819 3692 5874 in

2112 5927 2396 5990 infernum,
2428 5919 2516 5976 ubi
2549 5916 2761 5973 dolores
2790 5913 2866 5969 illi
2903 5922 3102 5977 essent,
3138 5909 3330 5982 quibus
3367 5909 3539 5966 teneri
3569 5923 3693 5970 om.
