4154 6354
548 519 678 575 nino
697 531 802 572 non
825 522 1052 587 poterat,
1073 515 1194 588 quia
1215 521 1348 583 erat,
1373 522 1430 569 nt
1445 512 1701 583 scriptum
1724 518 1825 576 est,
1848 510 1901 564 in
1923 507 2131 564 mortuis

549 606 671 660 liber
698 605 867 680 (Psai.
899 623 1134 670 Lxxxvn,
1173 607 1252 675 6),
1292 607 1344 659 iu
1371 621 1474 674 quo
1499 605 1746 675 princeps
1788 611 1841 658 et
1869 617 2129 673 praepost-

551 706 634 751 tus
656 699 844 753 mortis
865 714 970 753 non
997 698 1198 752 invenit
1221 696 1439 766 aliquid,
1468 694 1607 765 quod
1637 694 1893 764 supplicio
1912 692 2129 748 debere-

547 797 633 844 tur
661 807 674 843 :
709 789 810 844 hoc
837 789 1039 844 scilicet
1076 787 1216 858 quod
1245 787 1500 856 scriptum
1538 794 1639 852 est,
1670 785 1848 839 solutis
1873 784 2129 838 doloribus

545 878 754 951 inferni,
783 893 888 934 non
914 879 969 932 in
998 879 1266 942 omnibus,
1297 878 1391 933 sed
1420 879 1472 930 in
1497 876 1809 947 quibusdam
1836 873 2002 944 accipi
2033 889 2126 943 po-

545 979 667 1036 test,
691 986 822 1042 quos
847 971 938 1027 ille
957 970 1145 1041 dignos
1167 971 1264 1025 ista
1293 971 1602 1026 liberatione
1623 968 1922 1039 judicabat;
1958 975 2015 1020 ιιι
2036 981 2128 1045 ne-

533 1079 647 1136 que
665 1062 860 1118 frustra
887 1063 1016 1118 illuc
1047 1063 1387 1118 descendisse
1409 1063 1758 1128 existimetur,
1783 1060 1911 1114 nulli
1940 1073 2125 1113 eorum

540 1155 845 1224 profuturus
878 1155 965 1225 qui
995 1153 1068 1210 ibi
1107 1155 1419 1210 tenebantur
1460 1153 1668 1218 inclusi,
1710 1167 1809 1207 nec
1840 1160 2015 1206 tamen
2057 1150 2126 1204 sit

539 1265 871 1320 consequens
919 1258 976 1304 ut
1008 1248 1150 1321 quod
1193 1249 1370 1304 divina
1407 1247 1717 1318 quibusdam
1762 1244 2124 1301 misericordia

533 1341 843 1414 justitiaque
863 1342 1148 1409 concessit,
1177 1342 1422 1398 omnibus
1451 1355 1764 1396 concessum
1795 1354 1914 1394 esse
1937 1346 2125 1409 putan-

537 1434 662 1490 dum
693 1437 781 1491 sit.

608 1525 834 1582 CAPUT
864 1525 951 1580 ΙΙΙ.
979 1524 1120 1580 -6.
1162 1525 1228 1580 Ει
1253 1525 1320 1580 de
1355 1525 1444 1579 illo
1473 1523 1684 1593 quidem
1717 1523 1886 1593 primo
1909 1521 2122 1576 homine

535 1626 686 1689 patre
709 1618 918 1688 generis
946 1617 1185 1683 humani,
1212 1617 1352 1688 quod
1378 1633 1505 1672 eum
1532 1617 1653 1671 inde
1673 1617 1909 1680 solverit,
1941 1615 2122 1670 Eccle-

532 1710 609 1764 sia
638 1709 749 1764 fere
779 1718 884 1764 tota
910 1709 1208 1776 consentit;
1236 1709 1377 1780 quod
1407 1725 1523 1764 eam
1555 1724 1658 1764 non
1689 1710 1913 1763 inaniter
1943 1709 2119 1764 credi-

532 1803 675 1861 disse
711 1807 1034 1863 credendum
1072 1815 1172 1873 est,
1206 1807 1573 1876 undecumque
1601 1804 1701 1860 hoc
1741 1805 1990 1859 traditum
2026 1804 2114 1869 sit,

532 1896 738 1952 etiamsi
767 1899 1138 1952 cauonicarum
1169 1897 1561 1966 Scripturarum
1586 1895 1708 1950 hinc
1731 1909 1983 1965 expressa
2010 1909 2114 1948 non

533 1988 835 2059 proferatur
876 1989 1166 2044 auctoritas
1192 2007 1205 2044 :
1235 2004 1534 2059 quanquam
1562 1986 1692 2041 illud
1725 1986 1866 2056 quod
1899 1986 1950 2040 in
1979 1985 2116 2038 libro

533 2079 820 2151 Sapientia:
849 2082 1102 2150 scriptum
1132 2093 1232 2148 est,
1271 2080 1393 2135 Han:
1417 2079 1583 2145 illum,
1617 2080 1702 2150 qui
1730 2081 1920 2150 primus
1952 2083 2115 2150 [actus

530 2182 623 2237 est,
652 2183 842 2244 patrem
870 2173 1001 2228 orbis
1027 2184 1293 2238 terrarum,
1327 2191 1442 2226 cum
1463 2174 1600 2228 solus
1623 2183 1745 2226 esset
1772 2182 1990 2236 creatas,
2020 2189 2113 2224 cu-

529 2263 745 2331 stodiuit,
778 2273 823 2317 et
847 2265 1019 2318 eduxit
1049 2266 1194 2318 illum
1220 2282 1252 2318 a
1277 2265 1458 2320 delicto
1487 2281 1598 2331 suo,
1632 2274 1675 2318 et
1702 2264 1837 2318 dedit
1872 2264 1917 2318 ei
1949 2265 2112 2316 rirtu-

531 2363 629 2408 tem
666 2356 952 2410 continendi
991 2357 1161 2411 omnia
1191 2355 1343 2427 (Sap.
1387 2372 1441 2420 χ,
1490 2357 1539 2421 1,
1570 2355 1650 2425 2),
1694 2356 1859 2425 magis
1889 2371 1986 2426 pro
2016 2355 2114 2408 hac

532 2448 796 2502 sententia
835 2465 992 2519 quam
1021 2465 1119 2519 pro
1150 2451 1258 2503 ullo
1287 2450 1392 2502 alio
1430 2448 1698 2503 intellectu
1730 2449 1901 2503 facere
1936 2448 2116 2501 videa-

530 2547 637 2595 tur.
681 2540 897 2595 Addunt
934 2541 1149 2610 quidam
1193 2540 1293 2594 hoc
1323 2541 1642 2595 beneficium
1682 2540 1910 2608 antiquis
1954 2540 2112 2593 etiam

529 2633 728 2686 sanctis
765 2633 922 2686 luisse
950 2646 1285 2691 concessum,
1319 2632 1474 2697 Abel,
1507 2630 1654 2696 Seth,
1698 2630 1828 2694 Noe,
1860 2640 1910 2684 et
1932 2630 2111 2683 domui

528 2722 663 2793 ejus,
695 2723 983 2788 Abraham,
1013 2721 1178 2788 Isaac,
1218 2731 1272 2777 et
1305 2722 1488 2786 Jacob,
1533 2723 1758 2788 aliisque
1793 2720 2113 2776 Patriarchis

529 2821 584 2868 et
614 2813 910 2883 Prophetis,
941 2823 996 2867 ut
1033 2828 1155 2868 cum
1187 2813 1441 2867 Dominus
1472 2813 1524 2866 in
1557 2813 1820 2867 infernum
1855 2813 2110 2880 venisset,

528 2905 632 2960 illis
653 2906 926 2961 doloribus
946 2906 1301 2961 solverentur.

599 2997 649 3051 ’1.
692 2997 796 3052 Sed
823 3012 1054 3068 quonam
1083 2997 1241 3052 modo
1270 2997 1592 3067 intelligatur
1621 2996 1912 3063 Abraham,
1943 2996 1996 3050 in
2021 3011 2116 3051 cn-

521 3089 611 3161 jus
636 3090 810 3144 sinum
838 3090 955 3160 pius
975 3091 1134 3145 etiam
1160 3105 1358 3160 pauper
1384 3090 1472 3144 ille
1497 3097 1777 3158 susceptus
1801 3097 1902 3154 est,
1928 3089 1980 3142 in
2010 3088 2114 3143 illis

526 3181 692 3238 fuisse
738 3183 1028 3249 doloribus,
1063 3199 1162 3254 ego
1204 3183 1416 3254 quidem
1462 3197 1567 3236 non
1619 3181 1774 3236 video
1807 3199 1818 3234 :
1847 3181 2114 3250 explicant

527 3274 753 3332 fortasse
776 3277 865 3346 qui
900 3284 1142 3346 possunt.
1173 3277 1326 3332 Solos
1362 3283 1538 3331 autem
1567 3275 1720 3341 duos,
1755 3273 1806 3329 id
1835 3284 1916 3329 est
1945 3275 2116 3329 Abra-

526 3365 651 3422 ham
694 3376 748 3422 et
793 3366 1071 3434 Lazarum,
1116 3360 1177 3421 in
1222 3368 1312 3421 illo
1357 3366 1713 3420 memorabilis
1757 3367 1950 3436 quietis
1993 3367 2111 3420 sinu

527 3456 692 3512 fuisse
723 3467 1005 3528 antequam
1047 3457 1298 3512 Dominus
1332 3459 1385 3510 in
1424 3457 1628 3511 inferna
1663 3457 2028 3521 descenderet,
2060 3465 2114 3511 et

527 3549 596 3605 de
626 3550 740 3604 istis
768 3558 968 3604 tantum
1007 3549 1211 3603 duobus
1235 3548 1435 3603 dictum
1476 3550 1636 3604 fuisse
1663 3549 1737 3602 illi
1766 3550 1932 3614 diviti,
1967 3547 2113 3602 Inter

527 3656 615 3694 vos
640 3648 686 3693 et
711 3655 803 3693 nos
840 3639 990 3693 chaos
1015 3656 1252 3711 magnum
1273 3642 1530 3708 [innatant
1553 3649 1646 3703 est,
1679 3649 1733 3692 ut
1763 3640 1799 3692 ii
1827 3641 1913 3709 qui
1941 3639 2112 3693 volunt

527 3731 645 3785 hinc
675 3731 886 3784 transire
918 3731 983 3783 ad
1011 3745 1096 3784 vos
1125 3747 1222 3784 non
1252 3730 1463 3802 possint,
1489 3747 1643 3799 neque
1668 3729 1784 3783 inde
1814 3731 1909 3782 huc
1945 3739 2110 3785 trans—

526 3839 693 3876 meare
719 3820 871 3892 (Luc.
909 3837 1020 3885 xvi,
1053 3820 1170 3894 26),
1199 3823 1380 3877 nescio
1415 3832 1590 3876 utrum
1627 3823 1902 3892 quisquam
1931 3824 1998 3877 sit
2023 3823 2108 3878 cui

527 3930 633 3970 non
672 3912 912 3968 videatur
945 3914 1252 3968 absurdum.
1285 3914 1454 3968 Porro
1496 3915 1539 3968 si
1587 3914 1765 3983 plures
1802 3930 1958 3984 quam
2003 3915 2108 3968 duo

527 4006 601 4063 ibi
635 4015 810 4074 erant,
856 4006 976 4076 quis
1002 4006 1194 4060 audeat
1219 4005 1399 4060 dicere
1441 4021 1547 4059 non
1579 4005 1648 4059 ibi
1680 4003 1840 4059 fuisse
1880 4005 2109 4058 Patriar—

525 4098 654 4155 chas
693 4107 746 4154 et
783 4097 1095 4167 Prophetas,
1131 4096 1321 4166 quibus
1365 4096 1417 4150 in
1462 4097 1733 4165 Scriptura
1780 4095 1868 4148 Dei
1890 4095 2108 4164 justitize

525 4191 841 4263 pietatisque
863 4201 966 4244 tam
991 4189 1194 4259 insigne
1219 4188 1576 4243 testimonium
1603 4185 1945 4256 perhibetur?
1971 4186 2107 4252 Quid

525 4282 610 4337 his
635 4297 763 4352 ergo
788 4280 1094 4350 praestiterit
1119 4279 1208 4350 qui
1235 4279 1448 4334 dolores
1473 4278 1630 4332 solvit
1667 4277 1876 4341 inferni,
1906 4279 1956 4331 in
1988 4279 2104 4348 qui-

525 4374 627 4429 bus
669 4373 742 4428 illi
791 4387 898 4426 non
942 4371 1170 4436 fuerunt,
1221 4371 1460 4426 nondum
1502 4371 1766 4441 intelligo;
1813 4370 2104 4440 praesertim

524 4465 648 4535 quia
675 4478 742 4517 ne
766 4463 910 4532 ipsos
935 4463 1148 4533 quidem
1179 4462 1375 4517 inferos
1397 4460 1602 4532 uspiam
1631 4461 2020 4530 Scripturarnm
2052 4468 2104 4518 in

523 4557 666 4612 bono
707 4558 998 4627 appellatos
1030 4558 1174 4627 potui
1206 4559 1463 4627 reperire.
1499 4559 1651 4626 Quod
1682 4561 1725 4614 si
1766 4575 2022 4630 nusquam
2051 4561 2103 4614 in

523 4649 716 4706 divinis
760 4649 1166 4704 auctoritatibus
1195 4649 1404 4721 legitur,
1448 4667 1553 4705 non
1603 4651 1783 4722 utique
1825 4653 1972 4706 sinus
2015 4653 2102 4707 ille

521 4740 771 4806 Abrahze,
811 4740 862 4794 id
905 4751 986 4795 est
1027 4751 1246 4797 secreta:
1287 4742 1560 4811 cujusdam
1603 4744 1795 4814 quietis
1825 4743 2099 4812 habitatio,

520 4837 695 4906 aliqua
733 4850 856 4904 pars
885 4834 1170 4890 inferorum
1207 4849 1326 4891 esse
1355 4836 1618 4891 credenda
1648 4845 1750 4891 est.
1789 4837 2098 4908 Quanquam

521 4931 577 4986 in
601 4929 680 4985 his
708 4929 833 5000 ipsis
854 4928 983 4984 tanti
1015 4927 1249 4998 magistri
1281 4927 1478 4993 verbis,
1507 4929 1593 4984 ubi
1615 4929 1687 4983 ait
1715 4929 1913 4984 dixisse
1933 4930 2103 4983 Abra-

521 5025 670 5090 ham,
700 5022 840 5079 Inter
864 5039 949 5078 vos
974 5031 1020 5077 et
1046 5038 1136 5076 nos
1163 5022 1580 5094 chaosmagnum
1611 5023 1866 5091 ﬁrmatum
1895 5032 1984 5088 est,
2014 5037 2102 5076 sa-

521 5115 612 5184 tis,
646 5124 703 5170 ut
738 5116 945 5184 opinor,
985 5123 1239 5184 appareat
1267 5129 1372 5168 non
1403 5129 1521 5168 esse
1561 5113 1842 5182 quamdam
1871 5123 2096 5183 partem,

519 5215 576 5263 et
603 5208 751 5278 quasi
780 5207 1076 5262 membrum
1107 5206 1420 5274 inferorum,
1446 5214 1620 5277 tanta:
1659 5207 1798 5260 illius
1832 5205 2098 5261 felicitatis

519 5288 716 5356 sinum.
758 5299 935 5354 Chaos
976 5299 1116 5353 enim
1160 5313 1411 5368 magnum
1442 5297 1567 5368 quid
1608 5307 1710 5364 est,
1747 5298 1846 5352 nisi
1883 5297 2098 5367 quidant

521 5389 721 5457 hiatus,
749 5390 971 5444 multum
993 5403 1056 5444 ea
1079 5404 1334 5458 separatis
1360 5389 1497 5442 inter
1520 5405 1634 5458 qua:
1664 5404 1766 5441 non
1798 5388 1967 5441 solum
1991 5396 2094 5453 est,

518 5496 703 5536 verum
746 5480 907 5535 etiam
957 5477 1195 5534 ﬁrmatus
1235 5480 1349 5534 est?
1387 5479 1719 5548 QuaprOpter
1764 5477 1806 5532 si
1856 5478 1907 5532 in
1948 5479 2097 5532 illum

523 5573 752 5628 Abrahae
802 5573 978 5626 sinum
1020 5571 1289 5627 Christum
1341 5579 1606 5625 mortuum
1654 5571 1862 5626 venisse
1915 5582 2096 5626 sancta

521 5663 792 5729 Scriptura
818 5663 1060 5727 dixisset,
1086 5679 1191 5718 non
1228 5662 1498 5717 nominato
1525 5662 1729 5717 inferno
1754 5662 1972 5734 ejusque
2000 5664 2096 5720 do-

517 5757 740 5824 loribus,
780 5757 944 5811 miror
985 5756 1031 5810 si
1060 5757 1337 5828 quisquam
1370 5755 1436 5812 ad
1480 5755 1677 5814 inferos
1713 5772 1832 5812 eum
1869 5757 2094 5813 descen-

519 5849 664 5916 disse
691 5863 929 5906 asserere
953 5848 1191 5910 auderet.

1819 394 1875 450 S.
1917 386 2281 448 AUGUSTINI
2318 391 2622 452 EPISCOPI

3718 409 3826 472 712

2308 506 2361 562 8.
2401 509 2506 565 Sed
2531 512 2652 582 quia
2679 513 2940 571 evidentia
2967 518 3266 576 testimonia
3289 529 3344 578 et
3370 522 3638 582 infernum
3662 503 3808 586 com-

2237 613 2534 658 memorant
2575 613 2629 660 et
2667 605 2900 674 dolores,
2947 611 3093 665 nulla
3135 627 3291 668 causa
3332 617 3564 672 occurrit
3601 634 3700 675 cur
3727 621 3819 679 illo

2235 693 2481 751 credatur
2506 697 2716 754 venisse
2755 700 3011 768 Salvator,
3061 703 3162 758 nisi
3203 715 3258 760 ut
3300 707 3369 762 ab
3403 709 3520 778 ejus
3546 709 3819 773 doloribus

2235 785 2410 842 salvos
2435 787 2668 856 faceret;
2695 791 2792 847 sed
2821 802 2996 848 utrum
3022 809 3210 850 omnes
3234 813 3371 867 quos
3402 799 3454 854 in
3490 801 3570 855 eis
3594 801 3838 872 invenit,‘

2233 892 2298 932 an
2320 880 2576 950 quosdam
2596 898 2728 952 quos
2749 884 2838 939 illo
2864 886 3118 942 benelicio
3137 888 3324 959 dignos
3343 889 3610 959 iudicavit,
3638 896 3814 953 adhuc

2233 969 2446 1038 requiro
2474 988 2486 1024 :
2517 970 2678 1028 fuisse
2707 965 2882 1030 tamen
2903 991 3028 1030 eum
3051 978 3190 1047 apud
3218 978 3440 1044 inferos,
3473 991 3527 1035 et
3553 983 3605 1036 in
3628 999 3835 1044 eorum

2195 1129 2199 1132 ν
2231 1058 2504 1115 doloribus
2541 1064 2840 1119 constitutis
2879 1065 2982 1120 hoc
3010 1067 3326 1123 beneficium
3354 1073 3666 1142 praestitisse
3709 1091 3814 1132 non

2231 1151 2434 1207 dubito.
2479 1153 2630 1210 Unde
2674 1156 2774 1212 illis
2800 1157 2955 1226 justis
2995 1160 3084 1229 qui
3133 1160 3182 1214 in
3218 1161 3336 1214 sinu
3375 1162 3605 1220 Abrahae
3637 1175 3813 1235 erant,

2229 1257 2349 1298 cum
2376 1244 2464 1298 ille
2487 1246 2542 1299 in
2567 1245 2766 1301 inferna
2786 1247 3150 1317 descenderet,
3172 1251 3402 1305 nondum
3417 1254 3541 1323 quid
3557 1257 3817 1313 contulis-

2229 1342 2311 1389 set
2351 1335 2548 1401 inveni,
2577 1353 2607 1391 a
2642 1338 2832 1407 quibus
2857 1355 2976 1394 eum
3016 1341 3307 1396 secundum
3337 1343 3634 1402 beatiﬁcam
3677 1365 3815 1418 pra:-

2227 1427 2452 1481 sentiam
2490 1443 2600 1482 sua:
2642 1429 2931 1486 divinitatis
2975 1448 3242 1503 nunquam
3288 1435 3443 1490 video
3484 1439 3812 1498 recessisse:

2226 1519 2362 1574 sicut
2395 1521 2553 1575 etiam
2596 1522 2782 1577 eodem
2811 1525 2926 1594 ipso
2951 1525 3037 1581 die
3065 1542 3170 1598 quo
3199 1537 3439 1586 mortuus
3479 1541 3578 1597 est,
3609 1535 3812 1603 promi-

2225 1613 2294 1667 sit
2328 1614 2518 1668 latroni
2551 1616 2690 1686 quod
2728 1631 2849 1672 cum
2882 1619 2969 1672 illo
3011 1620 3067 1675 in
3106 1621 3352 1690 paradiso
3375 1623 3562 1680 fuisset
3599 1625 3810 1684 futurus

2225 1703 2376 1775 (Luc.
2409 1722 2559 1772 χχιιι,
2588 1707 2700 1782 45),
2739 1709 2950 1778 quando
2975 1710 3041 1766 ad
3065 1712 3350 1768 solvendos
3368 1715 3558 1770 inferni
3589 1716 3805 1775 dolores

2224 1796 2396 1853 fuerat
2423 1799 2792 1856 descensurus.
2826 1802 3072 1858 Profecto
3101 1805 3259 1875 igitur
3287 1806 3339 1861 in
3374 1809 3620 1878 paradiso
3647 1820 3810 1882 atque

2221 1890 2338 1945 sinu
2368 1890 2616 1959 Abralnc,
2639 1893 2796 1948 etiam
2823 1904 2946 1950 ante
2970 1895 3081 1965 jam
3103 1907 3217 1952 erat
3236 1899 3568 1956 beatificante
3596 1904 3810 1973 sapien-

2221 1984 2310 2049 tia,
2341 1995 2396 2039 et
2423 1984 2563 2054 apud
2593 1985 2790 2040 inferos
2808 1987 3079 2055 judicante
3108 1991 3343 2058 potentia
3372 2010 3383 2045 :
3413 1993 3500 2048 ubi
3526 1995 3667 2048 enim
3699 2012 3808 2051 non

2219 2083 2303 2129 est
2331 2075 2475 2128 nullo
2505 2076 2621 2130 loco
2649 2077 2866 2133 obsessa
2893 2079 3178 2135 divinitas?
3207 2081 3586 2140 Verumtamen
3615 2101 3810 2142 secun-

2219 2164 2345 2220 dum
2390 2175 2710 2234 creaturam,
2753 2184 2910 2238 quam
2952 2185 3017 2225 ex
3071 2172 3302 2241 quodam
3342 2183 3578 2244 tempore
3630 2179 3805 2232 susci-

2219 2251 2677 2327 piendo,'manens
2717 2260 2856 2315 Deus
2895 2261 3054 2317 homo
3101 2263 3268 2318 lactus
3302 2275 3400 2328 est,
3456 2266 3557 2322 hoc
3597 2277 3679 2322 est
3719 2285 3805 2325 se-

2217 2348 2448 2403 cundum
2495 2351 2724 2404 animam
2782 2368 2905 2406 eum
2950 2352 3114 2409 fuisse
3170 2356 3308 2425 apud
3362 2356 3562 2412 inferos
3620 2369 3804 2430 aperte

2217 2437 2486 2509 Scriptura
2539 2441 2805 2510 declarat,
2857 2453 2912 2499 et
2959 2461 3054 2515 per
3107 2448 3436 2517 prophetiam
3489 2453 3801 2520 praemissa,

2218 2540 2272 2585 ct
2311 2547 2407 2600 per
2449 2534 2796 2602 apostolicum
2849 2535 3172 2592 intellectum
3217 2540 3347 2595 satis
3389 2544 3658 2612 exposita,
3698 2561 3800 2615 qua

2217 2620 2415 2676 dictum
2452 2633 2532 2678 est
2559 2643 2573 2680 :
2600 2623 2722 2679 Non
2749 2625 3060 2698 derelinquas
3085 2631 3306 2684 animam
3334 2649 3496 2687 meam
3522 2635 3575 2690 in
3599 2637 3801 2707 inferno

2219 2711 2387 2780 (Psal.
2417 2730 2506 2781 xv,
2537 2716 2647 2786 ιο).

2289 2805 2342 2862 9.
2381 2807 2504 2862 Seio
2531 2808 2843 2878 quibusdam
2874 2810 3071 2878 videri,
3119 2822 3291 2870 morte
3340 2815 3551 2872 Domini
3596 2820 3802 2876 Christi

2213 2897 2323 2966 jam
2370 2898 2526 2953 talem
2565 2901 3011 2956 resurrectionem
3057 2905 3347 2972 praestitam
3389 2907 3581 2977 justis,
3629 2912 3800 2980 qualis

2218 2991 2370 3045 nobis
2409 2991 2462 3045 in
2491 2991 2595 3047 line
2626 2993 2976 3061 promittitur;
3005 2997 3255 3065 quoniam
3283 3001 3540 3070 scriptum
3563 3012 3677 3072 est,
3711 3005 3800 3060 illo

2219 3091 2375 3137 terrae
2401 3095 2546 3138 motu
2573 3101 2676 3155 quo
2705 3085 2756 3140 in
2785 3086 2898 3156 ejus
2924 3089 3170 3157 passione
3209 3103 3372 3161 petra:
3397 3095 3578 3150 scissa:
3609 3105 3662 3151 et
3687 3113 3801 3152 ino-

2218 3184 2470 3230 numcnta
2514 3187 2694 3246 aperta
2749 3189 2904 3246 sunt,
2953 3183 3117 3236 multa
3171 3198 3393 3254 corpora
3441 3189 3800 3244 resurrexisse

2211 3265 2472 3336 justorum
2493 3310 2508 3336 ,
2540 3279 2593 3324 et
2615 3271 2722 3325 visa
2745 3286 2867 3326 cum
2886 3273 2973 3328 illo
2994 3275 3206 3345 quando
3226 3277 3514 3334 resurrexit
3541 3279 3592 3333 in
3616 3293 3800 3336 sancta

2217 3361 2431 3417 civitate
2458 3362 2669 3433 (Matth.
2701 3381 2878 3428 xxvu,
2909 3368 3119 3439 51-55).
3173 3368 3272 3437 Qui
3292 3370 3472 3440 utique
3492 3372 3535 3426 si
3565 3387 3669 3426 non
3698 3373 3800 3429 ite-

2216 3470 2334 3508 rum
2365 3457 2613 3526 repositis
2643 3459 2957 3528 corporibus
2997 3459 3364 3527 dormierunt,
3398 3462 3680 3517 videndum
3716 3472 3801 3519 est

2215 3547 2660 3616 quemadmodum
2707 3549 3030 3619 intelligatur
3073 3549 3315 3620 Christus
3365 3552 3724 3622 primogenitae
3767 3571 3800 3608 α

2215 3639 2426 3692 mortuis
2463 3639 2644 3712 (Apoc.
2673 3639 2726 3706 Ι,
2761 3640 2840 3712 5),
2871 3641 2917 3695 si
2943 3657 3062 3696 eum
3104 3642 3155 3695 in
3183 3642 3270 3696 illa
3299 3644 3688 3699 resurrectione
3722 3654 3800 3700 tot

2216 3741 2624 3798 praecesserunt.
2657 3731 2806 3799 Quod
2855 3732 2901 3786 si
2940 3733 3292 3802 respondetur
3321 3734 3421 3788 hoc
3451 3734 3647 3788 dictum
3677 3750 3798 3791 esse

2214 3833 2310 3888 per
2336 3820 2764 3888 anticipationem
2791 3861 2806 3886 ,
2837 3831 2893 3874 ut
2921 3830 3264 3876 monumenta
3291 3822 3501 3891 quidem
3524 3823 3614 3876 illo
3643 3831 3798 3878 terra:

2215 3923 2361 3966 motu
2392 3921 2574 3981 aperta
2628 3913 3026 3983 intelligantur,
3074 3928 3194 3967 cum
3245 3911 3485 3968 Christus
3534 3914 3588 3968 in
3637 3929 3796 3971 cruce

2212 4005 2498 4074 penderet,
2537 4000 2891 4060 resurrexisse
2931 4015 3108 4060 autem
3136 4006 3397 4074 justorum
3427 4021 3651 4075 corpora
3687 4022 3794 4062 non

2213 4107 2357 4163 tunc,
2389 4096 2479 4150 sed
2509 4112 2630 4151 cum
2664 4097 2749 4151 ille
2774 4097 2919 4164 prior
2939 4097 3351 4152 resurrexisset:
3380 4097 3619 4167 quamvis
3648 4107 3770 4152 tunc

2210 4198 2268 4242 ut
2295 4187 2430 4252 dixi,
2462 4187 2798 4256 auticipando
2821 4186 3004 4242 fuisset
3028 4187 3358 4257 adjunctum,
3389 4197 3442 4242 ut
3471 4198 3525 4242 et
3549 4188 3796 4246 Christus

2212 4282 2596 4352 primogenitus
2620 4296 2648 4334 a
2677 4281 2898 4335 mortuis
2925 4281 3041 4336 sine
3069 4281 3411 4352 ambiguitate
3431 4281 3708 4346 credatur,
3739 4289 3794 4336 et

2210 4375 2314 4428 illis
2336 4375 2498 4444 justis
2542 4374 2794 4428 continuo
2829 4386 3142 4427 concessum
3172 4381 3228 4427 ut
3258 4373 3372 4441 ipso
3419 4381 3690 4442 prmeunte
3737 4373 3790 4426 in

2188 4480 2464 4525 mtcrnam
2489 4469 2937 4538 incorruptionem
2963 4476 3120 4539 atque
3137 4466 3586 4521 immortalitatem
3612 4481 3794 4521 resur-

2205 4569 2422 4629 gerent;
2457 4559 2584 4613 illud
2610 4559 2784 4614 adhuc
2812 4567 2979 4615 restat
3003 4558 3144 4628 quod
3181 4566 3424 4624 moveat,
3466 4557 3734 4628 quomodo
3758 4572 3789 4611 a

2207 4652 2366 4706 Petro
2413 4651 2516 4705 diei
2561 4652 2821 4721 potuerit,
2874 4651 3014 4721 quod
3057 4651 3236 4721 utique
3265 4651 3542 4706 verissime
3588 4651 3786 4704 dictum

2205 4753 2315 4809 est,
2341 4744 2552 4813 quando
2583 4758 2676 4811 per
2706 4743 2850 4796 illam
2882 4741 3210 4812 prophetiam
3239 4758 3344 4796 non
3371 4741 3439 4796 de
3466 4741 3659 4806 David,
3692 4739 3787 4795 sed

2204 4833 2271 4887 de
2310 4833 2522 4887 Christo
2564 4833 2790 4886 asseruit
2829 4832 2991 4886 fuisse
3031 4832 3338 4901 praedictum
3361 4875 3375 4898 ,
3413 4847 3628 4886 carnem
3669 4831 3786 4899 ejus

2204 4942 2310 4980 non
2336 4925 2532 4979 vidisse
2559 4925 2952 4994 corruptionem
2974 4942 2988 4990 ;
3009 4934 3063 4980 et
3081 4923 3222 4995 quod
3243 4924 3483 4993 adjunxit
3509 4923 3575 4977 de
3597 4922 3784 4991 David,

2203 5015 2341 5085 apud
2368 5031 2460 5070 eos
2490 5030 2608 5069 esse
2649 5026 3050 5070 monumentum
3079 5015 3196 5084 ejus
3231 5015 3381 5087 (Aet.
3412 5031 3447 5069 ιι
3468 5057 3481 5079 ,
3534 5013 3624 5079 27,
3653 5014 3782 5083 29):

2203 5107 2344 5161 unde
2361 5106 2478 5159 illos
2496 5106 2671 5174 utique
2688 5120 2790 5160 non
2810 5106 3178 5170 convincebat,
3197 5107 3239 5161 si
3253 5120 3445 5176 corpus
3457 5106 3570 5175 ejus
3593 5105 3660 5158 ibi
3673 5106 3781 5174 jam

2203 5211 2307 5250 non
2337 5209 2484 5261 erat;
2516 5197 2636 5265 quia
2658 5195 2703 5250 si
2733 5205 2786 5250 et
2810 5207 2931 5250 ante
2960 5197 3012 5250 in
3040 5196 3243 5250 recenti
3272 5211 3365 5250 sua
3395 5205 3566 5250 morte
3596 5211 3780 5250 resur-

2203 5287 2446 5349 rexisset.
2479 5301 2578 5342 nec
2603 5301 2727 5341 caro
2751 5286 2869 5356 ejus
2896 5287 3119 5342 vidisset
3144 5289 3540 5357 corruptionem
3560 5330 3574 5353 ,
3605 5295 3781 5356 posset

2201 5379 2549 5433 nihilominus
2579 5379 2704 5434 illud
2735 5390 3133 5434 monumentum
3178 5396 3413 5435 manere.
3451 5382 3650 5435 Durum
3682 5396 3777 5433 au-

2203 5479 2308 5524 tem
2337 5470 2545 5524 videtur
2573 5479 2631 5524 ut
2652 5469 2819 5524 David
2853 5485 2957 5524 non
2989 5469 3144 5524 fuerit
3171 5471 3222 5523 in
3258 5470 3349 5524 illa
3389 5471 3781 5524 resurrectione

2195 5562 2478 5632 justorum,
2511 5562 2554 5616 si
2583 5562 2662 5616 eis
2686 5561 2793 5630 jam
2815 5573 3013 5617 aeterna
3043 5563 3060 5594 ί
3089 5562 3283 5616 donata
3305 5572 3419 5629 est,
3447 5563 3598 5632 cujus
3627 5561 3781 5618 Chri-

2201 5663 2315 5708 stus
2337 5668 2402 5708 ex
2432 5653 2638 5707 semine
2665 5661 2769 5706 tam
2797 5653 3006 5718 crebro,
3037 5663 3092 5708 et
3119 5662 3260 5708 tanta
3281 5653 3565 5717 evidentia,
3601 5663 3775 5709 tanta-

2199 5760 2303 5816 que
2324 5743 2720 5798 honorificentia
2749 5745 3170 5799 commendatur.
3199 5745 3592 5802 Periclitabitur
3613 5745 3776 5802 etiam

2263 5859 2280 5892 ι
2315 5864 2419 5907 Mss.
2438 5864 2672 5918 quatuor:
2697 5862 2890 5908 Merita
2910 5856 3006 5910 vita
3026 5856 3204 5909 donata
3224 5863 3312 5910 est.
