4154 6354
382 326 480 385 713

380 445 507 502 illud
531 445 672 516 quod
701 444 767 500 ad
796 444 1043 498 llebrteos
1060 441 1126 496 de
1147 441 1300 512 jttstis
1321 433 1552 510 antiquis
1578 441 1798 506 dicitur,
1825 442 1957 506 Quia

379 554 471 608 pro
495 536 636 590 nobis
674 535 880 589 meliora
908 531 1266 604 providerunt,
1317 548 1378 585 ne
1421 532 1529 585 sine
1568 531 1709 583 nobis
1754 530 1960 602 perfecti

378 629 738 699 perﬁcerentur
765 620 1002 698 (Heb.xr,
1032 623 1145 692 £0);
1177 624 1218 676 si
1239 623 1348 692 jam
1371 622 1422 675 in
1446 621 1534 674 illa
1557 621 1959 674 resurrectionis

378 720 782 788 incorruptione
807 717 1075 772 constituti
1104 725 1258 779 sunt,
1289 730 1406 786 quae
1433 714 1586 768 nobis
1619 710 1954 783 perficiendis

376 812 432 866 in
460 811 564 864 line
591 810 932 879 promittitur.

447 899 672 955 CAPUT
695 898 839 953 lV.-—-
861 895 946 953 10.
969 891 1075 952 Cur
1101 910 1229 968 ergo
1254 890 1442 951 Petrus
1467 911 1560 950 eos
1589 902 1788 950 tantum
1811 909 1958 949 coma-

375 974 675 1047 memorare
705 990 961 1056 voluerit,
991 984 1183 1058 quibus
1209 989 1261 1042 in
1291 1002 1506 1042 carcere
1534 976 1753 1040 inclusis
1781 985 1958 1039 Evan-

375 1084 571 1153 gelium
600 1081 941 1151 prmdicatum
969 1088 1070 1143 est,
1096 1079 1186 1148 qui
1221 1079 1274 1133 in
1301 1077 1488 1132 diebus
1516 1071 1628 1132 Noe
1656 1093 1774 1131 cum
1798 1073 1956 1130 labri-

375 1186 588 1229 caretur
611 1187 733 1226 arca
761 1170 1017 1226 increduli
1041 1172 1266 1235 fuerunt,
1289 1169 1436 1224 vides
1458 1185 1613 1240 quam
1633 1167 1952 1223 latebrosum

375 1263 476 1325 sit,
525 1271 578 1315 ct
607 1277 724 1331 qum
763 1277 850 1314 me
889 1269 1141 1314 moveant
1188 1276 1252 1313 ne
1295 1259 1563 1313 afﬁrmare
1606 1259 1730 1312 hinc
1756 1251 1953 1327 aliquid

375 1353 617 1407 audeam.
653 1352 764 1406 Huc
792 1351 1023 1415 accedit,
1065 1351 1188 1420 quia
1233 1365 1352 1403 cum
1383 1349 1603 1403 dixisset
1645 1348 1950 1418 apostolus,

326 1488 330 1490 .
375 1443 525 1508 Quod
555 1455 597 1496 et
621 1459 703 1496 vos
731 1457 863 1495 nunc
911 1441 1067 1495 simili
1098 1445 1262 1512 forma
1300 1439 1566 1511 Baptisma
1608 1434 1771 1494 salvos
1800 1440 1949 1509 facit;

373 1550 473 1586 non
500 1534 667 1586 carnis
693 1531 935 1600 depositio
965 1531 1189 1584 sordium
1210 1569 1226 1593 ,
1257 1529 1343 1582 sed
1359 1529 1674 1582 canscientiaz
1705 1529 1845 1581 bona:
1869 1529 1952 1582 in-

373 1624 637 1694 terrogatio
662 1624 715 1676 in
739 1621 897 1676 Deum
923 1639 1011 1692 per
1039 1621 1445 1674 resurrectione»:
1471 1619 1597 1672 Jesu
1615 1618 1800 1671 Christi
1819 1658 1834 1683 ,
1866 1618 1953 1688 qui

373 1727 442 1772 est
470 1718 522 1771 in
550 1716 757 1770 dextera
786 1714 880 1768 Dei
902 1755 915 1777 ,
941 1714 1220 1786 deglutiens
1267 1721 1503 1779 mortem,
1534 1698 1585 1764 ut
1615 1713 1726 1764 vitae
1754 1720 1953 1764 wterme

374 1808 592 1863 heredes
635 1807 958 1876 elficercmnr,
993 1809 1247 1875 profectus
1285 1805 1334 1856 in
1383 1805 1560 1867 oculos,
1590 1793 1821 1874 subjectis
1858 1803 1952 1856 sibi

374 1897 572 1968 Angelis
597 1907 643 1950 et
671 1895 1010 1950 Potestatibus
1027 1904 1072 1948 et
1105 1879 1405 1958 Virtutibus;
1433 1895 1682 1949 continuo
1703 1893 1946 1962 subjecit,

374 1986 569 2042 Christo
591 1987 745 2056 igitur
781 1985 834 2038 in
857 2001 1009 2038 carne
1039 2001 1218 2056 passo,
1249 1994 1296 2038 et
1323 1999 1407 2038 vos
1432 1985 1605 2038 eadem
1635 1985 1841 2039 scientia
1866 2001 1949 2038 ar-

373 2072 608 2140 mamini;
632 2077 750 2147 quia
783 2076 868 2147 qui
896 2092 1074 2147 passus
1097 2083 1169 2129 est
1193 2076 1244 2129 in
1266 2091 1415 2128 carne
1432 2116 1446 2140 ,
1469 2075 1614 2128 desiit
1643 2092 1673 2128 a
1699 2077 1909 2145 peccatis
1926 2117 1942 2142 ,

372 2185 421 2220 in
455 2169 547 2221 hoc
590 2177 645 2220 ut
673 2169 789 2238 jam
829 2184 928 2220 non
965 2166 1223 2220 hominum
1253 2167 1538 2230 desideriis,
1580 2167 1668 2220 sed
1695 2171 1948 2222 voluntate

373 2257 466 2311 Dci
493 2259 625 2323 quod
650 2257 896 2328 reliquum
928 2266 998 2312 est
1025 2260 1077 2311 in
1120 2273 1272 2311 carne
1315 2259 1442 2311 vivat
1486 2267 1681 2328 tempus
1711 2273 1729 2312 :
1755 2259 1948 2314 deinde

373 2349 469 2415 sit,
521 2348 714 2418 Sufﬁcit
755 2349 888 2403 enim
929 2349 1237 2417 praeteritum
1287 2361 1482 2416 tempus
1524 2349 1591 2401 ad
1639 2348 1947 2403 uoluntatem

370 2438 627 2491 hominum
649 2449 1047 2492 consummatum
1069 2439 1441 2492 ambulantibus
1466 2438 1517 2491 in
1544 2439 1836 2493 libidinibus
1855 2483 1868 2503 ,
1899 2451 1946 2494 et

371 2530 805 2598 concupiscentiis,
857 2538 904 2582 et
946 2529 1220 2596 ebrietate,
1264 2530 1739 2598 comessationibus,
1793 2541 1941 2601 potas

370 2619 610 2685 tionibus,
641 2629 686 2673 et
713 2620 901 2673 illicitis
930 2620 1182 2673 idolorum
1208 2621 1551 2686 servitutibus,
1601 2621 1654 2674 in
1699 2638 1796 2691 quo
1839 2632 1946 2675 stu-

371 2720 574 2779 pescunt
611 2727 711 2764 non
741 2727 1032 2765 concurrere
1058 2728 1143 2766 vos
1183 2713 1236 2765 in
1270 2712 1493 2765 eamdem
1529 2713 1746 2767 luxuria:
1771 2715 1946 2783 confu-

371 2802 553 2854 sionem
598 2801 1013 2870 blnsphemantes.
1077 2801 1175 2866 Qui
1221 2799 1428 2855 reddent
1473 2804 1713 2856 rationem
1767 2805 1812 2856 ei
1860 2805 1947 2874 qui

370 2901 572 2959 paratus
599 2902 669 2945 est
704 2893 939 2962 judicare
966 2893 1101 2946 uiuos
1129 2901 1174 2946 et
1200 2901 1422 2946 mortuos
1457 2909 1474 2948 :
1513 2893 1594 2947 his
1623 2895 1779 2950 dictis
1816 2897 1944 2950 sub-

370 2982 571 3044 nectit,
600 2981 818 3052 Pmpter
845 2983 940 3036 hoc
964 2983 1096 3036 enim
1120 2991 1164 3035 et
1193 2984 1401 3036 mortuis
1429 2985 1817 3054 euangelizatum
1844 2994 1943 3051 est,

371 3081 420 3124 ιιι
437 3072 734 3143 judicentur
751 3073 950 3141 quidem
972 3073 1242 3125 secundum
1262 3073 1484 3128 homines
1510 3074 1561 3128 in
1588 3091 1756 3141 carne,
1783 3076 1947 3129 vivant

370 3173 532 3216 autem
556 3163 828 3218 secundum
851 3162 1016 3216 Deum
1039 3164 1239 3234 spiritu.

439 3256 526 3309 11.
564 3255 732 3322 Quem
771 3269 876 3308 non
917 3265 1128 3308 moveat
1173 3255 1270 3308 ista
1314 3255 1676 3325 profunditas?
1726 3257 1946 3312 Mortuis

368 3343 496 3400 dicit
516 3345 928 3415 evangelizatum
961 3362 974 3399 :
1005 3359 1138 3415 quos
1160 3345 1395 3414 profecto
1419 3347 1464 3400 si
1493 3347 1908 3402 intellexerimus
1926 3391 1942 3414 ,

368 3438 459 3506 qui
484 3437 550 3491 de
576 3452 800 3507 corpore
841 3438 1119 3503 exierunt,
1169 3437 1244 3491 illi
1271 3439 1461 3506 opinor
1481 3448 1637 3492 erunt
1663 3439 1729 3493 de
1757 3441 1944 3509 quibus

368 3543 526 3597 supra
557 3526 720 3591 dixit,
758 3526 856 3593 Qui
885 3527 1129 3581 increduli
1158 3528 1358 3598 {uerunt
1385 3529 1436 3580 in
1477 3529 1648 3582 diebus
1678 3529 1828 3596 Noe;
1854 3538 1945 3584 aut

367 3628 510 3674 certe
558 3635 774 3685 onmcs,
820 3634 954 3690 quos
995 3619 1136 3690 apud
1183 3618 1381 3674 inferos
1424 3619 1666 3675 Christus
1718 3622 1939 3677 invenit.

367 3711 500 3779 Quid
544 3711 640 3766 sibi
681 3726 808 3781 ergo
843 3711 986 3775 vult,
1017 3719 1071 3764 ut
1107 3711 1400 3781 judicentur
1442 3711 1642 3781 quidem
1669 3711 1945 3766 secundant

367 3803 590 3870 homines
606 3803 659 3855 in
685 3819 855 3868 carne,
888 3802 1052 3856 vivant
1072 3812 1238 3854 autem
1253 3803 1523 3856 secundum
1544 3801 1703 3854 Deum
1727 3803 1946 3871 spiritu?

366 3892 628 3968 quomodo
650 3891 954 3962 jndicantur
977 3893 1029 3946 in
1059 3907 1218 3946 carne
1238 3932 1253 3960 ,
1295 3908 1452 3962 quam
1495 3909 1597 3946 non
1627 3893 1860 3960 habent,
1897 3895 1943 3949 si

365 3982 505 4050 apud
528 3983 726 4037 iuleros
759 3990 913 4048 sunt;
954 3983 1038 4036 vel
1063 3999 1219 4052 quam
1252 3983 1485 4037 nondum
1523 3995 1865 4054 receperunt,
1897 3985 1943 4040 si

364 4072 522 4126 etiam
546 4087 577 4126 a
603 4072 876 4126 doloribus
909 4072 1098 4126 inferni
1127 4071 1288 4126 soluti
1311 4073 1472 4126 sunt?
1498 4073 1676 4142 Neque
1702 4076 1844 4129 enim
1873 4077 1939 4142 si,

364 4169 420 4216 ut
445 4161 733 4232 qnznrendo
759 4161 893 4214 dicis
911 4201 926 4224 ,
953 4161 1195 4214 exinaniti
1221 4171 1337 4229 sunt
1363 4161 1540 4230 inferi,
1568 4178 1753 4216 omnes
1782 4166 1941 4219 etiam

361 4252 453 4321 qui
485 4260 608 4304 tunc
634 4250 706 4303 ibi
735 4249 947 4304 luerunt
967 4289 983 4316 ,
1016 4251 1067 4303 in
1097 4265 1260 4304 carne
1289 4253 1646 4305 resurrexisse
1693 4253 1942 4309 credendi

359 4349 520 4406 sunt;
550 4349 640 4394 aut
662 4339 751 4410 qui
781 4348 1502 4410 resurgentesapparuerunt
1532 4356 1650 4395 cum
1683 4343 1938 4410 Domino,

279 4435 336 4478 ο
360 4431 430 4485 ad
459 4429 563 4485 hoc
585 4445 800 4486 carnem
829 4437 1178 4500 receperunt,
1210 4432 1340 4485 utin
1373 4446 1432 4485 ea
1464 4431 1827 4501 judicarentur
1851 4450 1936 4490 se-

360 4520 592 4576 cundum
615 4520 883 4576 hominem
908 4539 923 4576 :
951 4520 1093 4591 quod
1124 4537 1225 4576 nec
1248 4521 1315 4576 de
1340 4521 1444 4576 illis
1464 4523 1619 4578 video
1647 4539 1752 4594 quo
1781 4525 1940 4580 modo

361 4615 528 4683 accipi
561 4614 760 4684 possit,
783 4614 892 4683 qui
936 4613 1196 4668 increduli
1235 4615 1447 4669 luerunt
1484 4615 1538 4669 in
1572 4615 1761 4671 diebus
1786 4617 1936 4685 Noe;

336 4695 466 4760 ‘non
497 4706 637 4759 enim
667 4720 760 4760 eos
785 4706 840 4760 in
869 4721 1028 4762 carne
1053 4707 1247 4762 vixisse
1269 4707 1520 4776 scriptum
1542 4715 1651 4774 est,
1683 4711 1939 4766 autcredi

360 4803 535 4866 potest
559 4795 676 4851 ideo
705 4797 906 4851 solutos
935 4797 1146 4851 dolores
1175 4796 1400 4863 inferni,
1433 4806 1491 4852 ut
1523 4799 1614 4868 qui
1652 4799 1775 4854 inde
1807 4800 1939 4856 libe-

360 4896 635 4954 rateutur,
679 4903 897 4942 carnem
941 4887 1007 4941 ad
1052 4888 1298 4943 luendum
1347 4904 1558 4958 pinnam
1612 4891 1931 4959 reciperent.

359 4977 496 5046 Quid
543 4987 626 5034 est
665 4993 822 5049 ergo,
866 4986 922 5030 ut
957 4977 1250 5048 judicentur
1295 4980 1568 5032 secundum
1613 4980 1837 5035 homines
1881 4983 1936 5037 in

357 5085 509 5123 came
527 5111 542 5136 ,
582 5070 747 5123 vivant
786 5077 952 5122 autem
975 5069 1247 5122 secundum
1276 5067 1439 5136 Deum
1459 5071 1638 5140 spiritu
1659 5072 1685 5124 ?
1711 5087 1776 5126 an
1802 5073 1934 5127 forte

358 5159 460 5212 hoc
491 5161 783 5229 praestitum
812 5167 894 5214 est
920 5159 997 5212 eis
1022 5173 1153 5228 quos
1176 5157 1315 5227 apud
1340 5158 1538 5214 inferos
1578 5161 1819 5216 Christus
1847 5163 1931 5216 in-

358 5251 522 5318 venit,
551 5260 608 5306 ut
630 5269 723 5321 per
743 5250 1083 5321 Evangelium
1107 5250 1496 5305 viviﬁcarentur
1513 5252 1720 5322 spiritu,
1747 5271 1936 5324 quam-

359 5341 437 5395 vis
467 5342 517 5396 in
559 5341 731 5396 futura
758 5342 1147 5397 resurrectione
1191 5342 1244 5395 in
1273 5357 1431 5396 carne
1471 5343 1741 5411 judicandi
1787 5348 1929 5417 sint,

355 5440 415 5484 ut
463 5447 557 5500 per
598 5433 826 5502 aliquam
863 5432 1037 5486 carnis
1062 5446 1271 5500 prunam
1301 5440 1572 5487 transeant
1615 5435 1667 5488 in
1707 5451 1928 5506 regnum

355 5521 485 5576 Dei?
519 5521 671 5590 Quod
706 5522 753 5577 si
803 5525 873 5577 ita
918 5531 1026 5588 est,
1067 5539 1162 5577 cur
1203 5523 1307 5578 hoc
1354 5532 1555 5578 tantum
1594 5525 1660 5580 de
1703 5527 1806 5582 illis
1841 5529 1928 5598 qui

351 5612 620 5682 quondam
674 5629 778 5668 non
821 5614 1160 5669 crediderunt
1206 5615 1259 5668 in
1297 5613 1485 5668 diebus
1527 5614 1670 5682 Noe,
1713 5631 1776 5670 ac
1823 5633 1927 5672 non

348 5705 511 5759 etiam
543 5705 608 5760 de
633 5705 841 5760 caeteris
869 5721 1001 5775 quos
1028 5705 1132 5759 illic
1153 5703 1350 5762 Christi
1375 5706 1604 5763 visitatio
1632 5711 1923 5780 comperit,

590 5799 816 5860 Sauc'r.
864 5801 1135 5861 Aususr.
1185 5799 1262 5860 ll.
1501 5785 1513 5795 ’

1552 328 2025 384 EPISTOLARUM
2064 328 2335 386 CLASSIS
2375 330 2455 386 ill.

3540 343 3640 398 714

2067 455 2160 509 per
2185 441 2454 512 Evangelii
2501 443 2929 512 pra'dieationcm
2957 446 3144 522 spiritu
3178 449 3510 518 revixerunt,
3541 469 3639 524 po-

2061 539 2171 584 stea
2205 533 2504 587 transitoria
2535 549 2690 602 paena
2721 535 2775 588 in
2799 551 2959 591 carne
2983 536 3296 606 judicandi?
3325 539 3475 605 Quod
3499 543 3542 595 si
3567 543 3638 598 de

2061 617 2304 676 Omnibus
2331 625 2696 692 acceperimus
2714 667 2728 691 ,
2756 635 2934 680 manet
2961 629 3184 697 quaestio
3207 670 3221 694 ,
3253 642 3417 699 quare
3444 632 3636 690 Petrus

2059 725 2152 764 eos
2178 720 2378 766 tantum
2406 716 2868 782 commemoravit,
2919 717 3008 787 qui
3050 728 3177 774 tunc
3219 719 3473 776 increduli
3521 722 3640 778 fue-

2059 811 2180 857 runt
2207 819 2326 858 cum
2355 805 2698 861 fabricaretur
2725 822 2871 862 arca.

2131 894 2215 948 12.
2254 891 2427 948 Movet
2454 895 2612 949 etiam
2640 897 2798 962 illud,
2826 897 2968 968 quod
3013 898 3049 952 ii
3092 899 3181 969 qui
3218 898 3286 955 de
3314 900 3411 957 hac
3448 918 3508 958 re
3547 919 3638 959 co-

2059 991 2250 1037 nantur
2285 983 2508 1038 reddere
2547 986 2801 1040 rationem
2824 1023 2840 1053 ,
2871 987 2989 1042 ideo
3013 988 3197 1044 dicunt
3226 985 3438 1046 Christo
3466 992 3529 1046 ad
3557 994 3641 1048 in-

2056 1073 2198 1129 feros
2221 1072 2610 1139 descendente,
2642 1076 2707 1130 iis
2737 1077 2825 1146 qui
2858 1079 2932 1132 ibi
2977 1079 3176 1132 inventi
3223 1091 3373 1145 sunt,
3405 1081 3492 1135 illa
3519 1084 3637 1138 loca

2056 1164 2283 1232 poenalia
2328 1173 2574 1234 tanquam
2619 1178 2861 1222 carceres
2911 1170 3236 1234 exinanitos,
3286 1173 3375 1240 qui
3405 1183 3508 1226 non
3536 1188 3636 1226 au-

2055 1253 2261 1310 dierant
2292 1256 2672 1324 Evangelinm,
2717 1258 2859 1327 quod
2910 1257 3016 1312 illis
3061 1261 3356 1316 viventibus
3399 1261 3632 1319 nondum

2057 1355 2165 1401 toto
2190 1347 2318 1402 orbe
2337 1347 2736 1416 praedicabatur,
2768 1359 2822 1403 et
2838 1353 3007 1418 justas
3031 1347 3299 1406 habebant
3326 1365 3514 1408 causas
3539 1368 3636 1409 cur

2055 1453 2158 1490 non
2190 1436 2580 1502 credidissent,
2623 1437 2764 1506 quod
2791 1439 2870 1494 eis
2893 1456 2996 1493 non
3026 1439 3198 1495 fuerat
3226 1445 3586 1499 annuntiatum
3618 1464 3632 1498 ε

2053 1528 2307 1598 deinceps
2355 1538 2531 1583 autem
2584 1545 2688 1584 non
2736 1531 3013 1587 habituros
3061 1535 3489 1602 excusationem,
3545 1535 3635 1606 qui

2054 1620 2482 1690 prtedicationem
2531 1615 2801 1691 Evangelii
2851 1637 2946 1691 per
2971 1638 3156 1676 omnes
3183 1635 3367 1693 gentes
3401 1627 3635 1680 celebra-

2054 1720 2157 1766 tam
2189 1706 2537 1782 ditiusamque
2561 1723 2943 1781 contemnunt;
2997 1720 3052 1770 et
3076 1708 3196 1770 ideo
3226 1715 3329 1770 illis
3358 1725 3482 1772 tunc
3506 1734 3633 1773 eva-

2051 1804 2220 1857 cuatis
2257 1804 2561 1859 carceribus
2603 1804 2708 1874 jam
2751 1804 2954 1874 justum
2981 1814 3184 1861 restare
3205 1805 3462 1876 judicium
3482 1849 3496 1875 ,
3527 1823 3633 1877 quo

2050 1903 2390 1957 contumaces
2413 1903 2467 1950 et
2487 1895 2725 1950 inlideles
2755 1897 2914 1950 etiam
2945 1905 3146 1951 aeterno
3173 1896 3293 1966 igne
3323 1897 3630 1967 puniantur.

2048 1983 2157 2039 Nec
2183 1986 2460 2040 attendunt
2495 1987 2583 2055 qui
2629 1986 2730 2041 hoc
2755 1988 2990 2042 sentiunt
3013 2027 3028 2054 ,
3067 1986 3204 2042 hanc
3232 1989 3630 2044 excusationem

2050 2073 2248 2129 habere
2292 2090 2448 2144 posse
2491 2091 2678 2130 omnes
2707 2077 2795 2146 qui
2833 2077 2990 2130 etiam
3039 2085 3159 2145 post
3186 2078 3630 2132 resurrectionem

2049 2165 2244 2221 Christi
2285 2177 2564 2234 antequam
2589 2168 2655 2221 ad
2682 2183 2776 2222 eos
2823 2167 3164 2238 Evangelium
3199 2170 3531 2237 perveniret,
3564 2186 3630 2224 ex

2049 2257 2150 2311 hac
2175 2258 2279 2311 vita
2327 2257 2674 2326 emigrarunt.
2729 2257 2909 2326 Neque
2939 2257 3080 2312 enim
3131 2267 3471 2328 posteaquam
3521 2256 3628 2312 Do-

2047 2347 2223 2401 minus
2261 2348 2514 2401 rcmeavit
2551 2347 2620 2400 ab
2647 2347 2854 2413 inferis,
2885 2361 3041 2400 nemo
3083 2348 3380 2418 permissus
3410 2356 3491 2400 est
3528 2348 3628 2401 ite-

2049 2452 2164 2490 rum
2196 2440 2272 2492 ire
2299 2437 2364 2492 ad
2392 2437 2623 2504 inferos,
2656 2438 2755 2491 nisi
2792 2438 2973 2492 audito
3017 2437 3338 2508 Evangelio,
3371 2452 3492 2493 eum
3523 2447 3630 2492 tam

2048 2528 2196 2581 multi
2225 2537 2558 2583 morerentur
2589 2537 2697 2582 toto
2727 2527 2856 2582 orbe
2906 2539 3195 2593 terrarum,
3239 2536 3520 2598 antequam
3561 2529 3630 2582 ad

2047 2633 2140 2671 eos
2171 2617 2282 2672 haec
2312 2618 2644 2672 annuntiatio
2677 2618 3007 2688 perveniret;
3037 2618 3125 2687 qui
3153 2633 3339 2673 omnes
3361 2619 3628 2672 habebunt

2048 2708 2461 2774 excusationem,
2495 2724 2612 2778 qua:
2638 2709 2810 2762 ablata
2840 2707 3033 2760 dicitur
3062 2707 3140 2761 eis
3161 2707 3348 2777 quibus
3377 2708 3628 2763 Dominus

2048 2811 2170 2851 cum
2198 2798 2460 2861 venisset,
2500 2799 2622 2868 quia
2664 2808 2789 2852 ante
2831 2812 2934 2851 non
2979 2797 3292 2870 audierant,
3339 2798 3389 2852 in
3422 2796 3628 2855 infesno

2049 2889 2239 2944 dicitur
2268 2889 2602 2958 praedicasse.

2121 2981 2206 3034 15.
2236 2980 2343 3034 Nisi
2372 2979 2508 3034 forte
2536 2980 2742 3034 dicatur
2777 2979 2938 3035 etiam
2963 2979 3094 3034 istos
3123 2980 3212 3050 qui
3257 2990 3373 3049 post
3420 2981 3629 3034 Domini

2047 3073 2487 3128 resurrectionem
2513 3113 2527 3138 ,
2579 3074 2812 3126 nondum
2857 3073 2957 3128 sibi
2987 3074 3300 3127 annuutiato
3345 3074 3629 3143 Evangelia

2048 3164 2240 3218 mortui
2269 3171 2424 3227 sunt,
2453 3163 2565 3217 sive
2608 3163 2940 3228 moriuntur,
2971 3162 3079 3217 illic
3105 3163 3242 3232 apud
3285 3161 3482 3217 inferos
3528 3180 3629 3218 auo

2047 3253 2162 3308 dire
2190 3253 2426 3322 potuisse
2455 3253 2535 3308 vel
2554 3268 2730 3322 posse,
2760 3262 2818 3307 ut
2848 3253 2956 3308 illic
2976 3253 3195 3308 credant
3214 3254 3351 3323 quod
3380 3253 3444 3309 de
3476 3254 3631 3309 Chri-

2046 3345 2114 3398 sti
2136 3344 2352 3399 veritute
2388 3343 2710 3398 credendum
2737 3354 2852 3412 est,
2885 3355 2939 3399 et
2969 3345 3201 3399 habeant
3225 3345 3384 3398 etiam
3421 3345 3516 3414 ipsi
3545 3362 3630 3400 rc-

2048 3436 2354 3490 missionem
2383 3450 2445 3488 ac
2470 3435 2695 3490 salutem
2719 3476 2734 3499 ,
2767 3450 2924 3504 quam
2971 3435 3045 3487 illi
3090 3443 3400 3489 meruerunt
3439 3436 3630 3504 quibus

2048 3525 2118 3580 ibi
2169 3526 2406 3581 Christus
2463 3527 2813 3580 annuntiavit.
2863 3525 3051 3596 Neque
3095 3527 3238 3581 enim
3283 3529 3401 3596 quia
3447 3544 3628 3584 rursus

2047 3617 2285 3670 ascendit
2320 3617 2561 3670 Christus
2596 3618 2663 3671 ab
2694 3616 2906 3680 inferis,
2940 3617 3060 3671 ideo
3095 3618 3163 3671 ibi
3200 3617 3340 3671 fama
3368 3619 3484 3687 ejus
3509 3634 3630 3672 exs-

2049 3706 2206 3759 tincta
2241 3715 2353 3771 est;
2383 3721 2502 3759 nam
2533 3715 2584 3761 et
2611 3706 2733 3760 hinc
2761 3707 3000 3761 ascendit
3029 3708 3079 3762 in
3119 3708 3309 3762 caelum
3330 3747 3344 3773 ,
3372 3719 3425 3763 et
3451 3717 3628 3764 tamen

2047 3796 2160 3864 ejus
2199 3797 2634 3862 ant'iuntiatione,
2675 3797 2764 3866 qui
2810 3797 2862 3850 in
2915 3812 3034 3851 eum
3083 3798 3444 3868 crediderint,
3495 3801 3628 3856 salvi

2047 3896 2220 3940 erunt.
2268 3886 2392 3940 ldeo
2436 3888 2630 3956 quippe
2669 3888 2930 3940 exaltatus
2954 3895 3068 3952 est,
3114 3897 3166 3941 et
3193 3887 3443 3942 donatum
3471 3900 3553 3944 est
3577 3892 3628 3946 ei

2047 3993 2238 4032 nomen
2275 3978 2415 4048 quod
2447 3987 2527 4032 est
2567 3993 2728 4046 super
2752 3993 2909 4032 omne
2957 3993 3187 4044 nomen,
3237 3989 3291 4034 ut
3331 3981 3384 4033 in
3414 3982 3628 4037 nomine

2047 4069 2160 4138 ejus
2187 4085 2346 4124 onme
2386 4085 2524 4140 genu
2565 4069 2839 4135 ﬂectatur,
2892 4086 2996 4124 non
3048 4071 3220 4124 solum
3248 4073 3542 4128 caelestium
3573 4085 3628 4128 et

2047 4162 2376 4214 terrestrium
2398 4203 2412 4225 ,
2443 4177 2626 4216 verum
2655 4162 2813 4215 etiam
2845 4163 3166 4216 inferuerunt
3198 4163 3451 4235 (Philipp.
3478 4182 3536 4231 ιι,
3569 4168 3622 4232 9,

2050 4251 2156 4320 10).
2189 4249 2293 4305 Sed
2339 4251 2475 4304 hanc
2505 4252 2806 4320 Opinionem
2836 4252 2879 4304 si
2924 4250 3249 4307 admittimus
3273 4293 3287 4319 ,
3321 4269 3421 4323 qua
3451 4257 3625 4323 putari

2046 4351 2256 4410 potest,
2301 4342 2577 4410 homines,
2619 4343 2708 4412 qui
2738 4358 2856 4396 cum
2891 4343 3159 4410 viverent,
3201 4346 3418 4400 minime
3451 4348 3626 4401 credi-

2044 4432 2262 4496 derunt,
2293 4447 2448 4501 posse
2473 4435 2523 4486 in
2556 4433 2824 4488 Christum
2846 4434 2982 4502 apud
3014 4432 3208 4488 inferos
3235 4435 3475 4504 credere,
3503 4439 3622 4506 quis

2044 4524 2176 4578 ierat
2198 4539 2317 4594 qua:
2339 4535 2738 4594 consequuntur
2765 4525 2992 4579 absurda
3012 4562 3027 4591 ,
3058 4525 3282 4596 ﬁdeique
3310 4532 3574 4582 contraria
3598 4531 3622 4582 ?

2043 4617 2296 4680 Primum,
2329 4633 2396 4671 ne
2422 4618 2611 4671 frustra
2641 4617 2820 4672 dolere
2849 4619 3122 4673 videamur
3151 4635 3245 4674 eos
3264 4621 3350 4690 qui
3377 4621 3491 4676 sine
3518 4622 3621 4678 ista

2039 4710 2206 4779 gratia
2230 4709 2297 4763 de
2322 4723 2544 4778 corpore
2573 4709 2846 4776 exierunt,
2879 4709 3175 4781 frustraque
3203 4729 3383 4767 curam
3405 4730 3617 4782 gerere,

2041 4809 2197 4870 atque
2226 4800 2484 4853 instanter
2528 4798 2727 4852 hortari
2767 4809 2825 4852 ut
2867 4815 2982 4854 eam
3030 4801 3272 4856 homines
3311 4803 3618 4873 priusquam

2040 4893 2334 4947 moriantur
2365 4890 2682 4960 percipiant,
2727 4907 2793 4945 ne
2823 4893 3144 4960 sempiterna
3188 4904 3359 4948 morte
3396 4897 3621 4964 punian-

2042 4993 2146 5038 tur.
2191 4983 2296 5037 Ant
2323 4983 2366 5036 si
2406 4982 2481 5036 illi
2509 4990 2710 5035 tantum
2753 4983 2893 5052 apud
2939 4985 3133 5040 inferos
3161 4987 3416 5040 inutiliter
3460 4997 3619 5056 atque

2039 5074 2362 5130 infructuose
2401 5073 2644 5136 credunt,
2693 5075 2781 5142 qui
2829 5075 3116 5146 Evangelio
3158 5077 3258 5132 sibi
3306 5078 3618 5133 atntuntiato

2037 5166 2125 5222 hic
2152 5166 2371 5221 credere
2400 5165 2718 5231 noluerunt;
2762 5166 2865 5220 illis
2897 5177 3073 5222 autem
3103 5169 3334 5238 proderit
3362 5171 3614 5239 credere,

2036 5261 2125 5331 qui
2156 5275 2259 5313 non
2298 5258 2386 5313 hic
2411 5267 2845 5327 contempserunt
2882 5261 3020 5329 quod
3047 5261 3230 5315 audire
3272 5262 3490 5317 minime
3518 5278 3615 5332 po-

2037 5361 2276 5416 tuerunt;
2305 5350 2460 5405 'aliud
2509 5352 2748 5420 sequitur
2775 5353 3100 5421 absurdius,
3160 5364 3215 5408 ut
3261 5354 3346 5407 hic
3389 5371 3492 5408 non
3545 5356 3620 5411 sit

2035 5443 2381 5512 Evangelium
2432 5442 2859 5512 pra-:dieandum,
2909 5446 3154 5513 quoniam
3199 5459 3386 5498 omnes
3432 5447 3615 5516 utique

2035 5533 2276 5587 morituri
2317 5542 2473 5598 sunt,
2507 5541 2560 5586 et
2598 5534 2713 5588 sine
2761 5535 2871 5587 ullo
2910 5543 3056 5588 reatu
3104 5537 3388 5605 contempti
3438 5537 3614 5591 Evans

2033 5624 2154 5693 gelii
2180 5623 2361 5678 venire
2387 5623 2452 5676 ad
2482 5623 2676 5679 inferos
2697 5624 2922 5690 debent,
2952 5636 3009 5679 ut
3041 5627 3117 5680 eis
3139 5626 3391 5695 prodesse
3422 5629 3606 5697 possit,

2034 5730 2154 5770 cum
2181 5714 2250 5770 ibi
2265 5712 2585 5769 crediderint
2605 5731 2618 5769 :
2642 5715 2781 5784 quod
2803 5716 3019 5780 sentire,
3045 5715 3218 5784 impia:
3240 5717 3482 5772 vanitatis
3503 5728 3605 5772 est.

2835 5805 3340 5885 (Vingt—trois.)
