4154 6354
505 379 610 434 ’115

577 487 804 546 CAPUT
828 488 888 544 γ.
907 518 976 530 --
992 487 1074 541 11.
1093 485 1442 552 Quamobrem
1466 493 1734 537 teneanms
1753 480 2070 548 ﬁrmissime,

509 582 648 652 quod
695 581 829 636 ﬁdes
864 580 1023 635 habet
1068 576 1432 633 fundatissima
1476 573 1789 628 auctoritate
1837 573 2071 640 ﬁrmata,

511 670 641 736 Quia
657 667 885 726 Christus
907 677 1130 722 mortuus
1156 675 1229 720 est
1247 662 1520 719 secundum
1549 662 1863 733 Scripturas,
1891 673 1936 716 et
1957 662 2074 732 quia

507 763 730 832 sepultus
757 772 848 828 est,
876 771 922 814 et
944 760 1062 830 quia
1078 759 1344 814 resurrexit
1372 758 1516 812 tertia
1539 757 1620 811 die
1636 755 1910 810 secundum
1934 755 2078 810 Scri-

511 861 688 922 pturae
714 849 762 920 (l
793 847 908 904 Cor.
940 861 1035 914 xv,
1063 848 1117 908 ὅ,
1145 845 1200 917 4)
1221 886 1234 910 ,
1267 854 1320 900 et
1343 855 1532 900 cratera
1557 860 1674 914 quas
1699 844 1764 898 de
1792 844 1883 898 illo
1913 852 2076 898 testa-

507 933 712 996 tissima
735 939 954 994 veritate
983 937 1276 1007 conscripta
1304 938 1462 990 sunt:
1495 936 1546 989 in
1576 935 1764 1005 quibus
1786 935 1943 989 etiam
1976 933 2077 988 huc

511 1041 588 1086 est
615 1072 631 1098 ,
669 1027 807 1099 quod
837 1026 976 1097 apud
1006 1026 1202 1081 inferos
1228 1024 1352 1089 fuit,
1387 1024 1675 1094 solutisque
1710 1039 1891 1078 eorum
1919 1023 2074 1077 dolo-

508 1121 654 1176 ribus
682 1119 872 1189 quibus
917 1134 1036 1172 eum
1065 1126 1178 1172 erat
1220 1115 1541 1185 impossibile
1583 1115 1782 1181 teucri,
1828 1129 1855 1166 a
1887 1114 2076 1183 quibus

508 1208 669 1262 etiam
698 1215 843 1261 recte
884 1207 1192 1277 intelligitur
1230 1204 1450 1259 solvisse
1469 1213 1522 1258 et
1549 1204 1801 1258 liberasse
1831 1217 1963 1273 quos
1986 1219 2079 1256 vo—

508 1297 640 1364 luit,
689 1311 880 1366 corpus
908 1295 1049 1366 quod
1095 1295 1147 1350 in
1184 1309 1345 1350 cruce
1386 1293 1674 1363 reliquerat
1718 1294 1770 1347 in
1829 1295 2071 1364 sepulcro

507 1390 735 1454 positum
780 1387 1065 1456 recepisse.
1111 1386 1166 1439 ln
1197 1385 1292 1438 illa
1321 1400 1445 1438 vero
1482 1400 1636 1454 quam
1667 1386 1984 1454 proposuisti
2011 1385 2078 1440 de

506 1478 682 1532 verbis
723 1476 864 1531 Petri
906 1476 1125 1546 apostoli
1174 1476 1493 1545 qumstione,
1541 1475 1789 1544 quoniam
1833 1487 1950 1545 qua:
1993 1488 2078 1529 me

507 1573 755 1624 moveant
783 1567 1064 1637 perspicis,
1094 1573 1147 1620 et
1175 1566 1274 1619 alia
1306 1563 1560 1629 fortasse,
1592 1566 1638 1619 si
1670 1565 1967 1636 diligentius
1996 1565 2078 1619 di-

507 1659 832 1722 sentiantur,
882 1665 1104 1728 possunt
1146 1663 1390 1719 movere;
1436 1657 1517 1711 vel
1542 1656 1678 1738 apud
1707 1671 1802 1710 nos
1843 1671 1905 1711 ea
1935 1655 2078 1725 cogi.

509 1750 696 1814 tando,
728 1750 806 1802 vel
838 1761 970 1818 quos
993 1747 1206 1818 dignum
1232 1753 1313 1801 est
1335 1755 1389 1802 et
1415 1759 1694 1816 possumus
1717 1743 2039 1800 consulendo
2059 1782 2073 1810 ,

507 1853 827 1910 quteramus.

580 1928 668 1982 15.
699 1927 987 1982 Considera
1016 1937 1193 1982 tamen
1226 1941 1292 1981 ne
1321 1925 1454 1980 forte
1484 1932 1648 1978 totum
1680 1923 1806 1979 illud
1845 1922 1984 1992 qttnd
2011 1920 2080 1978 de

509 2019 773 2076 conclusis
803 2020 854 2072 in
885 2034 1099 2073 carcere
1127 2018 1417 2089 Spiritihus,
1441 2017 1603 2086 quiin
1628 2016 1812 2070 diebus
1839 2015 1949 2069 Noe
1971 2018 2078 2069 non

511 2109 874 2176 crediderant,
902 2109 1090 2164 Petrus
1113 2107 1381 2180 apostolus
1419 2107 1576 2171 dicit,
1605 2105 1820 2159 omnino
1848 2105 1912 2158 ad
1944 2102 2082 2158 infe-

509 2207 599 2256 ros
624 2215 726 2252 non
751 2199 1043 2269 pertineat;
1066 2198 1159 2253 sed
1184 2197 1248 2252 ad
1280 2197 1366 2251 illa
1401 2195 1574 2264 potius
1598 2205 1828 2262 tempora
1856 2207 2078 2262 quorum

509 2289 733 2344 formam
766 2287 832 2342 ad
873 2287 984 2342 [nec
1028 2297 1267 2355 tempora
1307 2285 1590 2339 transtulit.
1634 2283 1726 2337 illa
1756 2284 1950 2352 quippe
1995 2295 2082 2335 res

510 2387 659 2449 gesta
690 2376 857 2432 forma
899 2377 1069 2431 fuerat
1105 2374 1436 2438 futurorum,
1486 2384 1544 2427 ut
1574 2374 1606 2426 ii
1655 2373 1743 2443 qui
1787 2373 1944 2426 modo
1976 2386 2081 2424 non

511 2469 737 2524 credunt
779 2467 1064 2537 Evangelia
1083 2507 1098 2531 ,
1140 2465 1264 2520 dum
1291 2465 1343 2518 in
1370 2464 1614 2518 omnibus
1641 2463 1885 2533 gentibus
1917 2461 2082 2516 aediﬁ-

512 2569 664 2616 catur
691 2560 967 2624 Ecclesia,
1002 2559 1102 2611 illis
1151 2556 1506 2624 intelligantur
1553 2569 1672 2609 esse
1713 2555 1946 2620 similes,
1990 2553 2084 2623 qui

515 2659 641 2705 tunc
665 2665 770 2704 non
800 2647 1137 2704 crediderunt
1161 2661 1280 2700 cum
1312 2646 1654 2699 fabricaretur
1691 2657 1810 2698 arca
1835 2661 1850 2696 :
1878 2643 1951 2697 illi
1987 2649 2082 2696 au-

522 2747 628 2793 tem
655 2740 742 2810 qui
769 2737 1103 2793 crediderunt
1122 2775 1135 2796 ,
1185 2745 1238 2788 et
1273 2749 1371 2805 per
1399 2733 1722 2801 Baptismum
1760 2732 1892 2786 salvi
1920 2733 2080 2799 ﬁunt,

515 2829 620 2882 illis
645 2837 1045 2896 comparentur,
1073 2823 1161 2894 qui
1198 2831 1322 2877 tunc
1351 2823 1406 2876 in
1430 2821 1614 2876 eadem
1653 2838 1773 2876 arca
1800 2823 1929 2876 salvi
1961 2821 2084 2875 facti

515 2927 640 2971 sunt
679 2931 774 2984 per
809 2930 1031 2984 aquam;
1082 2913 1221 2968 unde
1259 2913 1365 2978 ait,
1414 2913 1503 2967 Sic
1531 2921 1576 2966 et
1610 2927 1694 2966 vos
1731 2911 1882 2965 simili
1921 2916 2085 2982 [arma

519 3005 778 3076 Baptisma
802 3005 964 3058 salvos
988 3003 1129 3073 facit.
1170 3001 1250 3058 Ad
1289 3001 1424 3057 hanc
1449 3003 1606 3072 igitur
1634 3001 1817 3056 formte
1837 3002 2083 3055 similitu-

517 3096 730 3162 dinem,
777 3104 967 3149 ctetera
1007 3094 1164 3149 etiam
1205 3094 1272 3148 de
1315 3093 1600 3148 incredulis
1639 3102 1980 3161 coaptemus,
2032 3099 2087 3147 et

519 3201 622 3239 non
661 3183 997 3254 suspicemur
1028 3182 1167 3254 quod
1209 3183 1346 3252 apud
1391 3181 1590 3238 inferos
1617 3182 1683 3236 ad
1730 3181 1997 3236 faciendos
2027 3181 2087 3235 ﬁ-

517 3277 662 3331 deles
689 3285 848 3345 atque
887 3273 1186 3338 liberandos
1213 3270 1555 3343 Evangelium
1600 3272 1938 3342 praedicatum
1977 3273 2082 3338 sit,

514 3367 596 3420 vel
622 3365 792 3419 adhuc
822 3364 979 3418 etiam
1007 3362 1356 3435 praedicetur,
1385 3362 1533 3433 quasi
1564 3371 1618 3417 et
1652 3361 1725 3416 ibi
1752 3363 1820 3418 sit
1848 3362 2085 3417 Ecclesia

513 3456 819 3510 constituta.

587 3547 670 3602 16.
703 3547 782 3601 Ad
827 3546 972 3600 illum
999 3559 1125 3614 ergo
1149 3558 1360 3599 sensum
1399 3544 1485 3613 qui
1527 3552 1577 3598 te
1616 3551 1828 3610 movet,
1860 3542 1979 3597 ideo
2010 3542 2086 3596 vi-

519 3636 712 3691 dentur
739 3636 945 3690 attracti
974 3637 1061 3705 qui
1088 3635 1188 3690 hoc
1213 3637 1426 3690 Petrum
1455 3634 1687 3690 sensisse
1711 3634 2080 3700 crediderunt,

516 3727 639 3797 quia
662 3726 809 3790 dixit,
838 3725 1098 3780 conclusis
1124 3725 1178 3780 in
1199 3740 1411 3780 carcere
1429 3725 1699 3794 spiritibus
1725 3725 2084 3794 prmdicatum,

517 3816 665 3884 imasi
691 3817 879 3869 animm.
916 3830 1020 3869 non
1063 3815 1263 3884 possint
1292 3814 1510 3883 intelligi
1537 3815 1783 3884 spiritus,
1815 3829 1932 3883 qua:
1965 3823 2088 3868 tunc

516 3914 668 3960 erant
693 3906 743 3959 iu
766 3920 956 3972 carne,
1002 3913 1159 3973 atque
1187 3904 1494 3972 ignorantia;
1533 3903 1766 3958 tenebris
1793 3903 1932 3956 velut
1969 3917 2088 3955 car-

515 4011 636 4052 cere
672 3996 1075 4060 claudebantur;
1106 3995 1173 4050 de
1210 3994 1352 4064 quali
1379 4009 1594 4048 carcere
1637 4010 1693 4048 se
1720 3993 1987 4048 desiderat
2022 3995 2087 4048 li»

517 4086 690 4142 bcrari
721 4087 810 4141 ille
839 4087 925 4156 qui
953 4085 1112 4151 dicit,
1143 4083 1292 4139 Educ
1330 4084 1393 4138 de
1419 4100 1616 4138 carcere
1646 4085 1863 4138 animam
1889 4101 2048 4139 meam
2066 4121 2082 4152 ,

516 4186 570 4231 at
611 4177 909 4245 conﬁteatur
946 4175 1136 4229 nomini
1161 4183 1247 4228 tuo
1276 4173 1444 4248 (Psat.
1473 4190 1632 4238 cxu,
1681 4175 1771 4246 8);
1803 4190 1921 4244 quze
1960 4175 2085 4230 alibi

516 4269 701 4323 unibra
753 4267 938 4322 mortis
979 4267 1313 4336 appellatur:
1347 4266 1414 4320 de
1456 4281 1559 4335 qua
1590 4281 1692 4320 non
1736 4267 1914 4336 utique
1944 4265 2083 4336 apud

517 4358 748 4420 infe-ros,
795 4357 887 4410 sed
932 4356 1018 4410 hic
1059 4357 1262 4411 liberati
1310 4364 1463 4422 sunt,
1502 4356 1568 4410 de
1609 4355 1800 4424 quibus
1830 4356 2084 4425 scriptum

515 4456 595 4501 est
611 4487 624 4507 ,
655 4447 752 4512 Qui
771 4445 1003 4500 sedebant
1027 4447 1078 4499 in
1101 4445 1276 4498 umbra
1299 4444 1503 4509 mortis,
1536 4444 1702 4497 lumen
1723 4453 1890 4496 ortum
1919 4453 1990 4498 est
2016 4444 2086 4498 eis

517 4537 666 4612 (Isai.
697 4537 868 4608 11,9).
895 4538 999 4593 Illis
1017 4547 1191 4590 autem
1233 4536 1285 4588 in
1320 4535 1504 4590 diebus
1526 4536 1637 4591 Noe
1662 4536 1853 4592 frustm
1892 4537 2083 4606 prtedi-

514 4637 690 4682 catum
720 4636 798 4680 est
823 4667 838 4689 ,
881 4627 1000 4695 quia
1043 4640 1147 4679 non
1175 4624 1540 4691 crediderunt,
1584 4641 1704 4680 cum
1751 4635 2084 4696 exspectaret

515 4731 612 4772 eos
651 4718 739 4771 Dei
788 4716 1039 4786 patientia
1077 4729 1170 4784 per
1215 4723 1422 4784 tempus
1451 4723 1526 4769 tot
1553 4717 1570 4746 ί
1600 4731 1856 4770 annorum
1893 4717 2085 4785 quibus

515 4822 638 4864 area
666 4807 850 4862 eadem
891 4805 1136 4860 fabricata
1163 4814 1242 4860 est
1272 4810 1415 4874 (nam
1458 4805 1573 4877 ejus
1609 4808 1766 4861 etiam
1815 4806 2082 4863 fabricatio

517 4897 907 4969 quodammodo
935 4897 1238 4966 praedicatio
1269 4898 1403 4968 fuit);
1431 4899 1565 4952 sicut
1585 4899 1741 4953 modo
1769 4899 1968 4955 similes
1991 4914 2086 4956 eo-

512 5004 630 5056 rum
657 5004 760 5042 non
786 4988 1043 5055 credunt,
1073 4988 1161 5056 qui
1203 4987 1304 5043 sub
1322 4988 1507 5043 eadem
1537 4986 1735 5054 forma,
1777 4990 2087 5058 ignorantia?

517 5077 747 5132 tenebris
774 5076 919 5130 velut
941 5092 1154 5131 carcere
1179 5077 1573 5142 concluduntur,
1606 5078 1793 5132 frustra
1819 5079 2082 5136 intuentes

517 5169 806 5223 Ecclesium
849 5176 960 5222 toto
986 5167 1181 5221 mundo
1209 5168 1441 5221 cousuui
1465 5203 1482 5232 ,-
1512 5167 1822 5223 imminente
1841 5169 2040 5239 judicio
2063 5201 2088 5238 ,ι

517 5265 761 5327 tanquam
788 5257 988 5312 diluvio
1013 5272 1120 5326 quo
1139 5267 1263 5312 tunc
1287 5265 1473 5312 Omnes
1493 5258 1747 5314 increduli
1770 5261 2076 5329 perierunt:

512 5348 586 5400 ait
615 5348 808 5417 quippe
844 5348 1128 5413 Dominus,
1161 5347 1306 5401 Sicut
1341 5347 1394 5399 in
1421 5347 1594 5401 diebus
1625 5346 1766 5413 Noe,
1809 5349 1880 5403 ita
1917 5352 2009 5404 erit
2037 5360 2083 5406 et

512 5455 565 5491 tn
591 5439 762 5492 diebus
789 5437 913 5491 Filii
939 5439 1170 5491 hominis.
1195 5435 1570 5489 Manducabant
1591 5479 1604 5498 ,
1643 5436 1900 5504 bibebant,
1927 5441 2081 5494 nube-

515 5527 633 5579 bant
654 5569 669 5589 ,
697 5543 877 5581 uxores
915 5525 1190 5589 ducebant,
1219 5525 1377 5578 donec
1413 5526 1615 5578 intravit
1639 5525 1751 5579 Noe
1787 5527 1838 5580 in
1871 5545 2079 5595 arcam;

514 5618 642 5669 venit
665 5617 938 5679 diluvium,
982 5623 1030 5670 et
1065 5616 1280 5684 perdidit
1305 5632 1474 5670 omnes
1497 5615 1645 5685 (Luc.
1676 5631 1782 5671 xvtt
1803 5661 1815 5681 ,
1837 5619 1949 5690 36).
1974 5621 2078 5677 Sed

576 5726 593 5755 ι
615 5710 722 5774 uad.
751 5735 847 5775 itm.
876 5735 926 5776 et
945 5732 1044 5788 Rm,
1066 5740 1151 5790 per
1172 5731 1354 5784 tempus
1375 5730 1563 5777 centum
1585 5740 1831 5779 annorum.

1703 373 1758 428 S.
1790 369 2151 427 AUGUSTINI
2187 369 2484 426 EPISCOPI

3642 365 3746 422 7l6

2179 479 2299 548 quia
2327 493 2386 533 ea
2415 493 2500 532 res
2520 487 2662 548 gesta
2683 485 2842 534 etiam
2865 477 3093 533 futuram
3120 492 3230 532 rem
3251 475 3597 546 signiﬁcabat,
3621 476 3740 531 ideo

2180 565 2249 622 ibi
2279 567 2527 622 diluvium
2549 608 2564 632 ,
2611 575 2664 622 et
2687 567 3013 637 Baptismum
3041 565 3352 636 signiﬁcavit
3390 565 3660 629 ﬁdelibus,
3693 575 3746 619 et

2180 659 2474 714 inﬁdelibus
2503 674 2713 729 pmnam
2737 676 2750 711 :
2782 659 2918 712 sicut
2945 657 2996 712 in
3023 659 3186 728 ﬁgura
3205 673 3310 712 non
3339 657 3413 711 rei
3436 664 3621 727 gestat,
3652 656 3750 710 sed

2182 748 2542 802 tantummodo
2557 747 2730 814 dictae,
2753 747 2890 817 quod
2911 747 2977 802 de
3005 746 3179 816 lapide
3193 749 3445 816 scriptum
3468 756 3550 800 est
3578 744 3746 817 (Psal.

2182 838 2466 903 cxvu,22;
2499 837 2625 892 lsai.
2657 853 2750 891 vm
2773 877 2789 902 ,
2821 839 2906 901 14,
2936 846 2981 890 et
3010 853 3199 902 xxvm,
3232 837 3330 903 16;
3377 835 3513 889 Dan.
3542 851 3613 900 ιι,
3645 836 3748 901 54,

2180 913 2278 991 λιες
2309 921 2492 981 Matth.
2517 935 2628 990 χιιι,
2660 928 2764 991 Μς
2798 925 2921 981 Luc.
2952 942 3051 990 xx,
3078 928 3180 992 i7;
3213 927 3324 980 Act.
3352 939 3440 990 tv,
3471 927 3565 989 ll;
3598 925 3750 979 Rom.

2183 1033 2236 1072 ιι
2259 1059 2274 1084 ,
2299 1019 2367 1072 '53
2384 1059 2397 1082 ,
2423 1017 2572 1086 etc.),
2606 1032 2709 1086 quo
2728 1018 3050 1087 signiﬁcatus
3071 1026 3152 1070 est
3181 1016 3451 1083 Christus,
3481 1017 3586 1071 duo
3610 1033 3756 1086 qum-

2173 1107 2301 1161 ‘dam
2325 1107 2668 1183 prmnuntiata
2688 1116 2843 1174 sunt,
2865 1117 2917 1160 et
2940 1105 3237 1160 inﬁdelibus
3257 1106 3634 1160 oll'endiculum
3658 1147 3671 1172 ,
3699 1114 3757 1161 et

2183 1196 2422 1250 ﬁdelibus
2448 1196 2745 1252 tediﬁcium.
2778 1196 3072 1266 Aliquando
3101 1205 3276 1250 autem
3301 1195 3356 1249 in
3380 1195 3566 1250 eadem
3589 1197 3756 1266 ﬁgura

2182 1288 2262 1340 vel
2294 1298 2435 1356 gesta
2471 1288 2554 1342 vel
2593 1287 2730 1341 dicta
2750 1324 2766 1351 ,
2793 1287 2951 1340 etiam
2991 1285 3108 1339 dum
3134 1299 3218 1339 res
3243 1285 3441 1354 aliquid
3488 1300 3649 1338 unum
3677 1285 3754 1339 si-

2183 1378 2462 1448 gniﬁcant;
2510 1377 2645 1431 sicut
2689 1375 2871 1431 ﬁdeles
2907 1376 3332 1446 signiﬁcat-erunt
3377 1375 3513 1444 ligna
3556 1391 3672 1444 qua;
3701 1375 3756 1429 in

2182 1481 2318 1521 arcze
2339 1467 2585 1521 fabricam
2612 1474 2849 1536 coaptata‘
2875 1474 3016 1532 sunt,
3037 1465 3360 1536 eosdemque
3377 1467 3536 1521 etiam
3566 1467 3758 1520 anima:

2183 1567 2306 1610 octo
2331 1573 2446 1626 qua:
2493 1557 2544 1611 in
2575 1557 2759 1612 eadem
2789 1563 2910 1612 arca
2941 1558 3174 1611 liberata:
3211 1564 3336 1610 sunt
3362 1573 3375 1610 :
3406 1556 3670 1626 quomodo
3701 1557 3756 1611 in

2183 1646 2272 1700 illa
2301 1647 2602 1716 evangelica
2633 1646 2972 1702 similitudine
2998 1645 3064 1700 de
3083 1644 3239 1711 ovili,
3288 1645 3427 1699 idem
3458 1646 3568 1714 ipse
3597 1645 3756 1700 Chri-

2183 1747 2298 1792 stus
2322 1747 2406 1793 est
2431 1745 2487 1793 et
2515 1748 2689 1807 pastor
2713 1745 2766 1792 et
2786 1737 2945 1805 jamia
2975 1737 3150 1809 (Joan.
3180 1751 3235 1800 ι,
3264 1736 3318 1803 1,
3349 1735 3427 1808 τὶ).

2254 1827 2478 1884 CAPUT
2507 1829 2795 1884 ιιι-ιι.
2848 1829 2958 1885 Nec
3000 1837 3209 1884 moveat
3252 1827 3317 1882 ad
3363 1826 3757 1898 impediendum

2185 1919 2340 1973 istum
2363 1918 2684 1973 intellectum
2705 1960 2718 1981 ,
2747 1919 2884 1987 quod
2915 1919 3159 1974 eumdem
3177 1918 3444 1972 Christmn
3471 1919 3602 1972 dixit
3628 1925 3775 1986 θροο-

2185 2008 2351 2061 stolus
2389 2007 2574 2061 Petrus
2596 2009 2909 2076 praulicasse
2933 2008 3038 2062 illis
3062 2009 3113 2062 in
3140 2022 3354 2062 carcere
3379 2009 3644 2062 conclusis
3668 2008 3757 2077 qui

2185 2096 2447 2166 quondam
2472 2113 2573 2150 non
2595 2097 2928 2150 crediderant
2952 2098 3002 2150 in
3028 2096 3216 2151 diebus
3242 2096 3384 2162 Noe,
3414 2105 3470 2150 ut
3504 2097 3623 2150 ideo
3649 2112 3758 2150 non

2185 2187 2502 2240 arbitremur
2528 2187 2627 2241 hoc
2648 2188 3046 2258 intelligendum
3079 2189 3200 2257 quia
3233 2188 3324 2241 illo
3349 2195 3588 2256 tempere
3614 2197 3758 2241 non-

2186 2277 2311 2332 dum
2336 2287 2554 2332 venerat
2581 2277 2839 2334 Christus.
2879 2279 3120 2333 Nondum
3147 2280 3284 2332 enim
3313 2274 3531 2332 venerat
3560 2279 3762 2332 scilicet

2187 2367 2240 2422 in
2271 2383 2432 2423 carne
2458 2409 2473 2432 ,
2505 2371 2643 2424 sicut
2682 2370 2824 2423 venit
2843 2369 3053 2439 quando
3084 2379 3201 2438 post
3228 2369 3342 2422 haec
3367 2369 3419 2422 in
3451 2379 3589 2422 terra
3618 2369 3762 2422 visus

2187 2470 2271 2515 est
2290 2499 2306 2526 ,
2337 2467 2393 2514 et
2434 2475 2552 2514 cum
2583 2459 2883 2514 hominibus
2910 2468 3250 2514 conversatus
3273 2466 3355 2512 est
3401 2456 3623 2529 (Boruch
3664 2471 3759 2520 ιιι,

2188 2551 2316 2622 58):
2345 2559 2706 2608 verumtamen
2751 2550 2818 2603 ab
2847 2549 2996 2604 initio
3035 2549 3244 2618 generis
3287 2548 3538 2615 humani,
3566 2547 3648 2601 vel
3693 2538 3764 2602 ad

2187 2641 2481 2710 arguendos
2506 2641 2701 2704 malos,
2748 2641 2882 2695 sicut
2907 2639 2972 2693 ad
3017 2639 3168 2702 Cain,
3193 2653 3255 2692 ac
3300 2639 3443 2706 prius
3487 2639 3552 2692 ad
3589 2638 3762 2707 ipsum

2188 2733 2356 2786 Adam
2400 2747 2721 2802 uxoremque
2751 2731 2900 2800 ejus;
2951 2732 3034 2785 vel
3076 2729 3142 2785 ad
3179 2729 3530 2784 consolandos
3560 2729 3761 2795 bonos,-

2187 2823 2274 2877 vel
2297 2822 2362 2877 ad
2388 2832 2633 2890 utrosque
2663 2821 3043 2886 admonendos,
3073 2832 3128 2875 ut
3151 2821 3239 2874 alii
3268 2820 3333 2873 ad
3362 2821 3584 2874 salutem
3612 2835 3764 2873 suam

2188 2912 2502 2977 crederent,
2525 2912 2612 2965 alii
2639 2911 2704 2965 ad
2731 2917 2942 2981 pinnam
2969 2914 3119 2965 suam
3158 2917 3266 2965 non
3301 2911 3617 2975 crederent,
3649 2909 3766 2979 ipse

2191 3003 2372 3071 utique
2408 3017 2512 3055 non
2544 3001 2596 3054 in
2622 3009 2819 3067 carne,
2863 3000 2956 3056 sed
2999 2999 3052 3054 in
3096 3001 3282 3070 spiritu
3319 2999 3597 3064 veniebat,
3635 2999 3766 3054 visis

2190 3092 2436 3161 congruis
2460 3093 2754 3161 alloquens,
2782 3105 2914 3161 quos
2939 3091 3166 3156 volebat,
3199 3093 3334 3144 sicut
3357 3090 3582 3145 volebat.
3612 3089 3767 3155 Quod

2191 3194 2365 3238 autem
2387 3183 2493 3237 dixi
2510 3225 2524 3246 ,
2556 3183 2608 3235 In
2633 3183 2819 3252 spiritu
2843 3183 3118 3247 veniebat,
3141 3191 3196 3236 et
3222 3184 3334 3252 ipse
3358 3183 3572 3253 quidem
3596 3181 3764 3236 Filius

2191 3274 2244 3328 in
2281 3274 2571 3329 substantia
2606 3274 2827 3330 Deitatis
2848 3315 2864 3340 ,
2891 3275 3137 3341 quoniam
3168 3287 3359 3342 corpus
3386 3281 3488 3327 non
3512 3281 3624 3338 est,
3656 3275 3766 3326 uti-‘-

2190 3379 2290 3434 que
2319 3364 2537 3434 spiritus
2565 3375 2647 3419 eat
2676 3381 2689 3418 :
2722 3363 2817 3418 sed
2859 3365 2982 3435 quid
3025 3363 3152 3419 facit
3201 3364 3364 3418 Filius
3409 3367 3524 3419 sine
3566 3365 3766 3434 Spiritu

2191 3464 2410 3522 sancto,
2436 3457 2517 3510 vel
2547 3457 2662 3510 sine
2691 3455 2849 3511 Patre
2868 3494 2884 3522 ,
2914 3470 3034 3510 cum
3068 3456 3433 3525 inseparabilia
3458 3456 3565 3510 sint
3590 3456 3765 3509 omnia

2190 3559 2352 3615 opera
2375 3543 2686 3600 Trinitatis?

2261 3635 2348 3690 18.
2379 3634 2490 3702 Ipsa
2509 3649 2716 3704 quoque
2735 3633 3027 3702 Scriptura:
3055 3634 3214 3689 verba
3241 3633 3306 3688 de
3334 3634 3522 3704 quibus
3543 3633 3718 3704 agitur
3745 3659 3762 3700 ε

2191 3727 2320 3780 satis
2354 3726 2489 3791 hoc,
2515 3735 2570 3779 ut
2604 3735 2757 3795 puto,
2791 3727 3027 3780 indicant
3045 3726 3123 3780 eis
3151 3725 3240 3795 qui
3281 3726 3562 3796 diligenter
3586 3736 3764 3781 atten-

2189 3814 2320 3870 dunt
2349 3833 2361 3868 :
2394 3815 2526 3880 Quia
2547 3813 2794 3880 Christus,
2817 3816 3003 3885 inquit,
3025 3817 3178 3870 semel
3214 3832 3305 3887 pro
3331 3817 3546 3887 peccatis
3582 3818 3768 3872 nostris

2189 3917 2414 3960 Mortuus
2433 3915 2526 3970 est,
2545 3907 2717 3978 justus
2755 3922 2846 3977 pro
2885 3907 3116 3977 injustis,
3147 3917 3200 3960 ut
3245 3923 3336 3961 nos
3371 3908 3589 3961 adducat
3616 3907 3761 3975 Deo,

2190 3997 2517 4065 mortificatus
2541 3997 2737 4064 quidem
2757 4012 2934 4060 carne,
2965 3998 3239 4063 vivi/iratus
3267 4009 3432 4050 autem
3460 3999 3638 4068 spiritu
3664 4012 3685 4050 :
3708 3999 3766 4052 in

2190 4101 2288 4155 quo
2313 4095 2359 4138 et
2382 4086 2444 4138 iis
2466 4086 2551 4158 qui
2573 4086 2625 4139 in
2652 4101 2850 4139 carcere
2876 4086 3096 4139 conclusi
3125 4095 3294 4150 erant,
3334 4087 3586 4157 spiritibus
3609 4087 3763 4139 adae-

2191 4176 2330 4228 niens
2345 4175 2651 4244 prwdicauit,
2675 4176 2762 4244 qui
2777 4175 3022 4228 increduli
3037 4176 3236 4244 fuerant
3255 4176 3525 4244 aliquando
3539 4218 3548 4239 ,
3562 4176 3766 4244 quando

2190 4265 2503 4336 exspectabat
2522 4265 2617 4320 Dei
2643 4266 2878 4335 patientia
2905 4267 2957 4319 in
2987 4266 3164 4320 diebus
3183 4265 3324 4328 Noe,
3348 4282 3461 4318 cum
3489 4267 3764 4334 [ιιὺιοὶσανεδ

2191 4368 2274 4412 tur
2291 4373 2425 4410 arca.
2451 4357 2564 4411 Jam
2593 4367 2648 4411 ut
2669 4358 2918 4422 arbitror,
2946 4357 3235 4412 attenditur
3255 4358 3384 4412 ordo
3408 4359 3426 4390 ³
3461 4359 3761 4425 verborum,

2188 4447 2416 4504 Christus
2458 4449 2782 4516 morti/Scalas
2823 4466 3002 4513 carne,
3046 4451 3321 4519 viviﬁcatus
3350 4461 3518 4504 mitem
3559 4453 3762 4521 spiritu.

2188 4537 2244 4592 In
2273 4553 2377 4606 quo
2407 4537 2596 4607 spiritu
2623 4538 2911 4593 adveniens
2941 4540 3248 4608 prmdicavit
3285 4548 3340 4594 et
3367 4540 3469 4593 illis
3495 4541 3767 4609 spiritibus

2188 4629 2277 4697 qui
2320 4628 2573 4682 increduli
2601 4627 2808 4683 fuerant
2832 4631 3112 4699 aliquando
3139 4631 3190 4683 in
3216 4631 3402 4685 diebus
3440 4631 3552 4687 Noe
3583 4648 3596 4684 :
3626 4647 3766 4702 quo-

2189 4720 2329 4773 niam
2360 4720 2503 4789 prius
2531 4735 2688 4790 quam
2717 4722 2920 4775 veniret
2949 4723 3002 4775 in
3031 4739 3192 4777 carne
3219 4738 3316 4793 pro
3347 4724 3499 4778 nobis
3543 4725 3765 4778 moritu-

2188 4825 2279 4864 rus
2298 4851 2311 4873 ,
2339 4810 2475 4878 quod
2498 4810 2660 4865 semel
2690 4811 2809 4866 fecit
2830 4853 2844 4876 ,
2867 4826 3013 4882 saepe
3038 4823 3191 4868 antea
3221 4813 3470 4869 veniebat
3499 4815 3550 4868 in
3577 4814 3764 4883 spiritu

2187 4901 2253 4954 ad
2283 4914 2418 4970 quos
2445 4900 2685 4964 volebat,
2713 4902 2960 4957 visis'eos
2983 4903 3277 4958 admonens
3297 4944 3314 4970 ,
3340 4905 3477 4959 sicut
3508 4905 3717 4959 volebat
3745 4945 3761 4969 ,

2190 4991 2368 5060 utique
2408 4991 2460 5044 in
2495 4991 2715 5059 spiritu,
2740 5004 2845 5060 quo
2874 4993 3058 5062 spiritu
3083 5004 3134 5048 et
3165 4995 3459 5050 viviﬁcatus
3483 5004 3594 5062 est,
3641 5012 3764 5050 cum

2187 5084 2240 5135 in
2271 5082 2515 5152 passione
2538 5090 2678 5136 esset
2705 5067 2865 5162 carne
2887 5083 3262 5140 ‘mortiﬁcatus.
3315 5086 3451 5153 Quid
3495 5096 3577 5141 est
3619 5089 3762 5141 enim

2187 5173 2325 5243 quod
2351 5172 2640 5228 viviﬁcatus
2682 5185 2763 5228 est
2806 5175 2992 5243 spiritu
3015 5217 3028 5240 ,
3061 5179 3160 5230 nisi
3203 5180 3344 5248 quod
3384 5179 3567 5234 eadem
3598 5195 3751 5251 caro,

2187 5279 2287 5331 qua
2313 5264 2423 5316 sola
2448 5263 2618 5318 fuerat
2645 5264 3020 5332 mortiﬁcatus,
3046 5268 3345 5338 viviﬁcante
3369 5253 3556 5338 Spiritu
3578 5260 3764 5324 resur-

2187 5354 2322 5408 rexit
2341 5354 2366 5407 ?

2254 5442 2480 5498 CAPUT
2505 5440 2613 5500 \‘Il.
2636 5473 2708 5484 —
2735 5445 2821 5500 19.
2849 5445 2983 5501 Nam
3005 5447 3146 5515 quod
3171 5446 3331 5502 fuerit
3363 5449 3538 5503 anima
3579 5450 3763 5502 morti.

2187 5532 2372 5587 ﬁcatus
2395 5532 2578 5600 JeSus,
2613 5535 2711 5588 hoc
2732 5544 2813 5588 est
2835 5551 2900 5590 eo
2920 5537 3107 5606 spiritu
3129 5537 3218 5608 qui
3250 5540 3478 5592 hominis
3507 5548 3616 5602 est,
3644 5537 3763 5607 quis

2184 5625 2374 5678 audeat
2413 5614 2619 5690 dicere;
2651 5640 2770 5680 cum
2807 5643 2952 5683 mors
2989 5631 3178 5686 animtc
3205 5647 3310 5686 non
3339 5632 3407 5687 sit
3432 5632 3532 5686 nisi
3575 5645 3764 5700 pecca-

2248 5739 2266 5769 ί
2300 5738 2372 5786 sic
2391 5744 2498 5788 Mss.
2527 5745 2579 5788 Αι
2601 5738 2732 5798 Edd.,
2756 5739 2930 5800 turma.
