4154 6354
416 360 514 428 'lt'l

412 490 525 536 tum
549 520 564 545 ,
592 491 624 533 a
649 491 754 548 quo
780 476 870 532 ille
897 476 1114 530 omnino
1143 472 1392 527 immunis
1414 471 1544 538 fuit,
1568 488 1689 527 cum
1713 489 1808 543 pro
1833 473 1986 528 nobis

409 583 572 624 carne
598 564 1041 623 mortificaretur?
1070 563 1125 618 Si
1150 564 1292 617 enim
1314 563 1551 616 omnium
1579 564 1849 617 hominum
1873 562 1989 617 ani-

410 674 513 714 ma:
539 674 609 713 ex
641 658 726 712 illa
755 655 858 711 una
883 664 1025 721 sunt,
1053 648 1170 724 quae
1200 653 1463 707 insufflata
1487 661 1570 708 est
1594 654 1765 723 primo
1785 649 1985 708 homini

409 764 508 820 per
525 752 683 818 quem
712 755 981 815 peccatum
1011 745 1224 799 intravit
1248 745 1301 798 in
1340 743 1593 798 mundum
1616 766 1632 806 -,
1656 752 1711 798 et
1740 759 1833 813 per
1862 757 1988 813 pec-

410 846 585 893 eatum
639 852 822 901 mors,
872 845 926 890 et
970 836 1038 890 ita
1085 837 1137 889 in
1166 847 1354 889 omnes
1401 834 1643 888 homines
1684 834 1991 903 pertransiit

412 925 591 997 (Rom.
622 943 679 990 v,
718 928 782 980 12
801 925 844 997 );
876 936 967 980 aut
996 940 1098 980 non
1128 936 1207 981 est
1236 925 1356 979 inde
1379 926 1553 979 anima
1581 926 1809 989 Christi,
1848 939 1986 995 quo-

410 1017 553 1070 niam
585 1017 787 1071 nullum
812 1017 995 1071 habuit
1020 1017 1236 1070 omnino
1261 1027 1534 1086 peceatum
1559 1057 1575 1082 ,
1598 1017 1680 1071 vel
1706 1016 1984 1087 originale,

410 1107 494 1161 vel
517 1108 787 1176 proprium
804 1148 819 1173 ,
848 1117 1064 1177 pr0pter
1089 1108 1230 1177 quod
1250 1109 1299 1160 ei
1325 1118 1469 1161 mors
1494 1108 1667 1161 debita
1690 1108 1984 1171 videretur;

410 1204 509 1267 pro
536 1199 690 1253 nobis
707 1212 826 1253 eam
853 1199 1048 1267 quippe
1077 1206 1234 1267 quam
1262 1212 1366 1251 non
1392 1197 1621 1253 debebat
1656 1196 1901 1259 exsolvit,
1935 1197 1988 1251 in

409 1296 517 1358 'quo
549 1288 797 1358 princeps
823 1289 1003 1343 mundi
1025 1329 1040 1355 ,
1088 1289 1376 1358 mortisque
1407 1289 1716 1358 praepositus
1744 1288 1875 1342 nihil
1906 1288 1988 1341 in-

410 1377 552 1431 Venit
595 1377 776 1449 (Joan.
821 1390 933 1444 xw,
965 1378 1087 1447 30);
1118 1393 1288 1447 neque
1313 1379 1457 1434 enim
1483 1377 1768 1432 absurdum
1811 1388 1893 1432 est
1932 1386 1990 1433 tit

407 1469 495 1538 qui
520 1470 688 1537 primo
710 1468 911 1522 homini
929 1467 1161 1522 animam
1183 1471 1408 1533 creavit,
1428 1480 1636 1523 crearet
1656 1478 1709 1522 et
1729 1469 1827 1522 sibi
1855 1486 1867 1522 :
1896 1476 1985 1521 aut

407 1559 451 1612 si
473 1569 526 1614 et
556 1558 668 1626 ipsa
698 1558 820 1613 inde
840 1567 943 1625 est,
976 1573 1093 1614 eam
1111 1558 1446 1627 suscipiendo
1474 1559 1766 1624 mandavit;
1791 1568 1847 1611 ut
1873 1560 1989 1613 sine

410 1655 520 1709 hllo
551 1668 767 1723 prorsus
799 1662 1048 1723 peccato,
1099 1653 1181 1707 vel
1210 1661 1511 1722 perpetrato
1531 1690 1545 1716 ,
1578 1652 1660 1706 vel
1706 1652 1982 1715 traducto,

408 1745 474 1800 ad
497 1760 595 1800 nos
618 1746 834 1799 veniens
859 1744 925 1798 de
947 1744 1147 1813 virgine
1177 1752 1500 1799 nasceretur.
1525 1743 1580 1798 Si
1600 1748 1775 1796 autem
1796 1743 1987 1797 anima:

406 1854 513 1893 non
540 1854 605 1893 ex
654 1839 743 1892 illa
770 1853 871 1891 una
899 1840 1257 1907 propugnator
1282 1877 1297 1901 ,
1345 1843 1398 1890 et
1422 1836 1536 1891 sola
1568 1850 1633 1888 ex
1664 1834 1830 1888 Adam
1861 1848 1987 1888 caro

408 1931 568 1986 trahit
609 1930 865 1999 originale
910 1935 1219 1998 peceatum,
1270 1928 1343 1981 ita
1386 1927 1488 1981 sibi
1517 1926 1719 1981 creavit
1756 1925 1984 1978 animam

407 2021 501 2075 Dei
544 2019 743 2085 Filius,
778 2030 834 2073 ut
861 2020 1070 2073 caeteris
1094 2027 1274 2083 creat,
1317 2032 1475 2087 quam
1502 2032 1606 2070 non
1636 2026 1808 2070 tamen
1838 2015 1985 2070 carni

408 2111 608 2180 peccati
636 2111 875 2176 miscuit,
899 2109 992 2163 sed
1020 2109 1346 2162 similitudini
1374 2109 1548 2161 carnis
1580 2105 1981 2179 peccati'(Rom.

406 2214 521 2265 vni,
550 2201 624 2270 5).
651 2198 886 2268 Sumpsit
911 2199 1052 2253 enim
1080 2215 1146 2253 ex
1174 2200 1386 2268 Virgine
1408 2214 1589 2252 veram
1619 2198 1831 2267 quidem
1866 2206 1986 2252 ear-

407 2290 492 2344 his
530 2290 916 2354 substantiam;
950 2304 1053 2342 non
1099 2301 1270 2342 tamen
1321 2290 1521 2359 peccati
1569 2295 1819 2354 carnem,
1865 2290 1986 2358 quia

408 2394 514 2432 non
544 2393 609 2432 ex
634 2378 832 2432 carnali
859 2378 1322 2447 concupiscentia,
1355 2379 1467 2433 sive
1492 2378 1804 2433 seminatam
1829 2420 1844 2444 ,
1875 2379 1985 2433 sive

407 2475 755 2537 conceptam;
804 2470 1080 2522 mertalem
1112 2483 1241 2522 sane
1263 2509 1279 2533 ,
1328 2483 1391 2523 ac
1418 2469 1515 2539 per
1542 2477 1725 2522 aetates
1755 2468 1984 2523 mutabi-

409 2554 515 2612 lem
538 2598 554 2622 ,
578 2566 825 2628 tanquam
854 2559 1000 2612 carni
1029 2560 1226 2627 peccati
1257 2560 1372 2612 sine
1404 2568 1618 2626 peccato
1640 2559 1983 2613 simillimam.

478 2646 570 2702 20.
598 2649 677 2701 Ac
714 2662 809 2716 per
850 2648 952 2702 hoc
991 2663 1336 2717 quaecumque
1360 2648 1426 2703 de
1454 2648 1626 2701 anima
1655 2649 1834 2715 opinio
1863 2663 1987 2703 vera

410 2739 479 2792 sit
500 2778 516 2803 ,
543 2738 766 2807 quarum
796 2732 989 2792 nullam
1027 2746 1231 2793 temere
1268 2737 1534 2792 affirmare
1560 2738 1733 2792 adhuc
1775 2739 1944 2791 audeo
1965 2780 1981 2807 ,

412 2828 514 2881 'nisi
547 2836 747 2882 tantum
780 2829 921 2882 illam
968 2827 1274 2896 repudiare,
1320 2833 1421 2896 qua
1462 2826 1749 2881 creduntur
1790 2830 1979 2881 animae

409 2918 507 2988 pro
535 2920 736 2972 meritis
778 2920 957 2973 nescio
981 2929 1204 2988 quorum
1252 2919 1583 2986 superiorum
1623 2927 1835 2971 actuum
1862 2930 1990 2973 suo-

411 3010 547 3073 rum,
581 3009 799 3079 singula:
830 3009 880 3061 in
902 3010 1103 3078 singula
1130 3023 1353 3077 corpora
1386 3017 1630 3076 tanquam
1661 3008 1712 3060 in
1738 3023 1985 3062 carceres

413 3100 583 3164 trudi;
610 3111 756 3154 Certe
785 3101 959 3155 anima
982 3099 1178 3154 Christi
1210 3106 1317 3153 non
1344 3099 1513 3152 solum
1558 3099 1869 3153 immortalis
1898 3114 1986 3153 se-

411 3190 643 3245 bundum
668 3200 980 3245 creterarum
1011 3198 1282 3256 naturam,
1325 3188 1415 3243 sed
1443 3190 1599 3243 etiam
1629 3176 1772 3243 nullo
1801 3188 1988 3242 morti-

413 3282 566 3337 ﬁcata
618 3291 834 3351 peccato
879 3281 963 3334 vel
1011 3281 1352 3334 damnatione
1406 3279 1584 3345 punita
1633 3287 1747 3345 est,
1799 3280 1988 3347 quibus

412 3372 616 3427 duabus
640 3373 816 3427 causis
842 3386 989 3426 mors
1017 3372 1207 3425 animae
1253 3371 1471 3439 intelligi
1519 3379 1726 3439 potest;
1768 3380 1821 3424 et
1870 3370 1988 3424 ideo

416 3468 522 3516 non
550 3463 836 3516 secundum
882 3463 1049 3531 ipsam
1097 3461 1201 3514 dici
1241 3462 1407 3529 potuit
1439 3461 1677 3514 Christus
1714 3461 1991 3529 vivi/iratus

416 3554 619 3625 spiritu.
648 3554 703 3608 1n
734 3569 795 3609 ea
827 3569 885 3609 re
911 3555 1103 3623 quippe
1130 3553 1429 3606 vivilicatus
1452 3558 1533 3605 est
1552 3593 1566 3615 ,
1614 3553 1665 3605 in
1692 3567 1793 3620 qua
1823 3553 1992 3607 fuerat

418 3645 765 3699 mortificatus
794 3662 807 3697 :
836 3660 963 3714 ergo
996 3644 1063 3699 de
1101 3659 1261 3698 carne
1304 3643 1503 3696 dictum
1531 3650 1630 3696 est.
1685 3642 1799 3711 Ipsa
1847 3644 1988 3696 enim

417 3737 605 3790 revixit
631 3737 805 3790 anima
832 3736 1107 3799 redeunte;
1137 3734 1256 3804 quia
1281 3733 1391 3803 ipsa
1419 3742 1532 3788 erat
1558 3742 1785 3798 mortua,
1815 3734 1990 3787 anima

416 3827 714 3882 recedente.
737 3827 1070 3894 Mortiﬁcatus
1094 3842 1221 3895 ergo
1247 3842 1398 3879 carne
1417 3825 1591 3879 dictus
1616 3833 1697 3880 est
1716 3850 1731 3893 δ
1753 3826 1873 3893 quia
1901 3841 1990 3879 se-

417 3914 643 3969 cundum
670 3916 834 3969 solam
858 3931 1071 3970 carnem
1099 3926 1338 3969 mortuus
1360 3922 1441 3968 est
1464 3932 1477 3967 :
1504 3914 1793 3968 vivificatus
1817 3925 1990 3968 autem

416 4006 602 4074 Spiritu
619 4048 634 4071 ,
660 4008 780 4076 quia
812 4008 899 4060 illo
925 4007 1110 4074 spiritu
1132 4016 1405 4073 Operante,
1439 4006 1488 4058 in
1515 4021 1621 4074 quo
1649 4005 1714 4058 ad
1740 4020 1873 4074 quos
1900 4021 1992 4059 v0-

416 4095 558 4151 lebat
583 4098 600 4129 ¹
631 4097 873 4151 veniebat
900 4104 952 4149 et
975 4094 1291 4164 praedicabat
1311 4136 1324 4159 ,
1354 4097 1511 4148 etiam
1539 4096 1647 4161 ipsa
1669 4108 1794 4147 caro
1820 4096 1991 4147 viviti-

414 4196 534 4243 cata
555 4188 801 4247 surrexit,
830 4186 881 4239 in
912 4198 1015 4254 qua
1045 4185 1201 4239 modo
1229 4183 1297 4237 ad
1326 4184 1565 4238 homines
1596 4183 1755 4237 venit.

488 4277 578 4329 2|.
622 4276 849 4330 Proinde
869 4276 1027 4330 etiam
1052 4274 1177 4330 illud
1209 4274 1346 4343 quod
1378 4282 1557 4351 postea
1598 4274 1794 4327 dictum
1828 4274 1994 4327 estde

416 4363 705 4421 Incredulis
728 4404 743 4430 ,
779 4365 879 4429 Qui
914 4364 1119 4417 reddent
1159 4364 1402 4417 rationem
1422 4362 1467 4425 ei
1492 4364 1575 4428 qui
1595 4373 1801 4428 paratus
1829 4374 1899 4417 est
1924 4365 1994 4417 vi-

417 4462 505 4508 vos
527 4462 573 4507 et
595 4461 817 4507 mortuos
824 4452 1089 4523 judicare,
1122 4467 1225 4505 non
1249 4460 1329 4505 est
1348 4464 1684 4520 consequens
1711 4460 1764 4504 ut
1790 4466 1882 4506 eos
1909 4452 1995 4507 hic

419 4544 780 4613 intelligamus
814 4552 1052 4597 mortuos
1083 4542 1171 4610 qui
1213 4540 1282 4596 de
1309 4553 1535 4610 corpore
1558 4541 1821 4595 exierunt.
1853 4540 1990 4596 Fieri

418 4635 559 4689 enim
600 4644 775 4704 potest
798 4644 857 4689 ut
882 4644 1118 4688 mortuos
1142 4633 1333 4688 dixerit
1374 4632 1650 4692 inﬁdeles;
1696 4632 1796 4685 hoc
1831 4641 1912 4687 est
1942 4634 1991 4689 in

420 4725 595 4779 anima
621 4734 884 4787 mortuos,
913 4724 982 4779 de
1009 4723 1252 4793 qualibus
1278 4721 1489 4787 dicitur,
1518 4719 1728 4775 Dimitte
1749 4731 1990 4789 mortuos,

421 4816 475 4869 ﬁt
496 4817 737 4887 sepeliant
782 4826 1004 4870 mortuos
1030 4832 1147 4869 suos
1173 4815 1383 4885 (Matth.
1411 4829 1525 4877 vnt,
1563 4813 1658 4883 Ἡ)
1684 4831 1697 4867 :
1730 4814 1878 4867 vivos
1902 4828 1996 4866 an-

423 4914 526 4960 tem
555 4906 643 4975 qui
670 4907 891 4962 credunt
920 4906 972 4960 in
997 4921 1142 4971 eum,
1172 4920 1279 4958 non
1301 4905 1491 4958 frustra
1512 4903 1807 4969 audientes,
1832 4903 1995 4974 Surge

421 4995 505 5061 qui
528 4996 717 5049 dormis
734 5038 748 5062 ,
779 5005 826 5050 et
845 5011 1057 5065 exsurge
1079 5011 1112 5048 a
1138 4994 1345 5047 mortuis
1362 5020 1377 5059 ,
1395 5002 1441 5047 et
1462 4993 1761 5046 illuminavit
1792 5002 1839 5045 te
1857 4992 1995 5047 Chri-

421 5094 527 5137 stus
569 5083 728 5154 (Eph.
758 5101 813 5149 v,
847 5084 975 5155 l4);
1019 5083 1087 5139 de
1114 5083 1355 5152 qualibus
1401 5084 1560 5138 etiam
1588 5083 1700 5151 ipse
1743 5082 1995 5136 Dominus

420 5173 583 5241 dicit,
622 5172 767 5228 Venit
793 5176 945 5240 liora,
973 5182 1019 5227 et
1043 5190 1178 5227 nunc
1204 5182 1305 5236 est,
1342 5174 1544 5241 quando
1571 5173 1754 5226 mortui
1790 5173 1995 5226 audient

423 5278 587 5317 vorem
617 5264 743 5319 Filii
768 5264 865 5319 Dei
885 5281 906 5327 ;
935 5273 981 5318 et
1003 5264 1088 5334 qui
1116 5263 1384 5327 audierint,
1411 5263 1569 5315 vivent
1590 5261 1769 5331 (Joan.
1797 5278 1848 5327 v,
1876 5261 1991 5329 25).

427 5351 649 5408 Proinde
678 5356 836 5408 etiam
876 5354 1013 5423 quod
1036 5354 1272 5422 sequitur
1297 5360 1350 5406 et
1377 5351 1503 5405 dicit
1542 5352 1748 5415 Petrus,
1777 5351 1995 5423 PrOpter

426 5446 517 5496 hac
554 5447 686 5498 enim
719 5456 765 5498 et
804 5446 1013 5500 mortuis
1056 5444 1447 5515 euangelizatum
1485 5450 1584 5506 est,
1614 5452 1666 5494 ut
1701 5443 1996 5512 judicentur

422 5537 625 5608 quidem
645 5537 917 5593 secundum
934 5536 1157 5589 homines
1182 5535 1233 5587 in
1254 5548 1403 5585 carne
1417 5573 1431 5598 ,
1454 5531 1621 5584 vivant
1647 5544 1811 5583 autem
1828 5548 1997 5585 secun-

424 5630 545 5683 dum
588 5628 750 5683 Deum
785 5628 1001 5697 spiritu,
1034 5639 1139 5680 non
1168 5624 1309 5693 cogit
1345 5621 1484 5691 apud
1515 5621 1710 5675 inferos
1752 5620 1990 5692 intelligi.

489 5745 510 5776 ’
542 5752 645 5793 Mss.
671 5755 822 5805 prope
845 5754 1051 5793 omnes:
1082 5739 1151 5792 ΑΔ
1173 5752 1288 5805 quos
1310 5738 1533 5803 veniebat,
1551 5736 1868 5803 prtedicabat.

1587 362 2057 421 EPISTOLARUM
2096 358 2366 420 CLASSIS
2404 354 2490 420 lll.

3566 362 3671 431 τις

2096 470 2315 555 Proiner
2338 477 2433 527 hoc
2463 476 2595 529 enim
2623 475 2673 529 in
2701 474 2800 532 hac
2827 477 2931 532 vita
2959 486 3005 532 et
3043 480 3249 534 mortuis
3271 484 3664 553 evaitgeltsatttin

2094 573 2187 631 est,
2213 564 2263 619 id
2291 575 2373 619 est
2414 565 2713 622 infidelibus
2739 574 2792 622 et
2822 569 3040 638 iniquis;
3070 580 3124 623 ut
3156 586 3277 625 cum
3306 571 3668 641 crediderint,

2093 653 2378 718 iudicentur
2390 656 2587 721 quidem
2611 656 2887 711 secundum
2914 659 3137 713 homines
3165 660 3219 714 in
3242 674 3431 731 carne,
3458 646 3559 719 hoc
3587 674 3675 720 est

2094 741 2146 794 in
2172 743 2396 797 diversis
2418 742 2856 811 tribulationibus;
2878 758 2932 802 et
2958 750 3068 817 ipsa
3099 756 3271 805 morte
3299 753 3497 818 carnis;
3525 755 3672 810 unde

2094 829 2232 885 idem
2254 832 2523 901 apoStolus
2546 835 2649 912 alio
2676 836 2792 889 Ιοεο
2806 837 2951 912 dicit,
2982 838 3195 909 Tentpns
3213 855 3321 894 esse
3343 844 3667 911 utjudiciuns

2091 922 2345 993 incipiam
2373 926 2521 979 domo
2557 908 2761 980 Domini
2853 928 2992 982 Petr.
3023 908 3107 996 tv,
3135 932 3251 1001 l7):
3285 908 3461 988 Vivont
3493 945 3667 991 autem

2092 1016 2368 1068 secundum
2404 1017 2564 1070 Deum
2586 1019 2794 1088 spiritu,
2825 1021 2944 1089 quia
2971 1031 3023 1075 et
3056 1023 3107 1076 in
3141 1022 3257 1092 ipso
3282 1024 3489 1081 fuerant
3518 1034 3671 1083 m‘or-

2094 1104 2311 1171 tilicati,
2357 1120 2478 1160 cum
2526 1118 2697 1163 morte
2740 1110 3061 1165 infidelitatis
3103 1118 3156 1166 et
3199 1114 3483 1184 impietatis
3532 1117 3677 1173 deti-

2093 1196 2368 1248 tuerentur.

2164 1283 2251 1336 22.
2279 1284 2399 1338 Haec
2418 1286 2677 1354 expositio
2704 1288 2986 1343 verborum
3016 1272 3155 1345 Petri
3178 1292 3259 1345 cui
3276 1292 3548 1362 displicet;
3577 1286 3666 1351 vel

2092 1374 2176 1429 cui
2204 1376 2409 1429 etiamsi
2443 1392 2545 1430 non
2576 1377 2841 1446 displicet,
2873 1394 2979 1433 non
3007 1390 3180 1435 tamen
3206 1384 3435 1451 sufﬁcit,
3465 1395 3674 1456 qumrat

2092 1479 2153 1518 ea
2194 1467 2482 1520 secundum
2535 1466 2733 1523 inferos
2759 1469 3075 1539 intelligere.
3125 1473 3225 1538 Qui
3258 1475 3304 1528 si
3330 1476 3550 1532 valuerit
3577 1479 3672 1535 ills

2092 1555 2284 1623 quibus
2315 1568 2400 1612 me
2430 1559 2629 1612 moveri
2673 1574 2832 1628 supra
2871 1564 3318 1629 commemoravi,
3363 1566 3432 1619 ita
3462 1569 3674 1625 solvere

2094 1652 2149 1697 ιιι
2188 1644 2373 1700 eorum
2416 1648 2617 1702 auferat
2643 1649 3059 1716 dubitatidnem,
3112 1653 3381 1723 lmpa'rtiat
3409 1666 3462 1712 et
3491 1659 3619 1713 mihi
3652 1678 3667 1713 :

2091 1734 2228 1804 quod
2256 1738 2300 1789 si
2339 1735 2533 1792 factum
2576 1738 2770 1807 fuerit,
2800 1744 3084 1811 potuérunt
3128 1744 3213 1799 illa
3253 1748 3412 1804 verba
3447 1758 3673 1819 utroque

2090 1827 2249 1880 modo
2298 1828 2551 1899 intelligi;
2598 1832 2691 1885 sed
2730 1833 2829 1886 iSta
2867 1837 3127 1891 sententia
3166 1838 3232 1893 de
3261 1839 3404 1894 nulla
3446 1840 3675 1898 falsitate

2090 1916 2434 1972 convincitur.
2465 1918 2546 1972 Ad
2578 1912 2695 1975 illas
2714 1931 2888 1976 autem
2914 1925 3234 1993 qutesliones
3262 1943 3395 1996 quas
3420 1939 3545 1984 ante
3570 1931 3671 1984 mi-

2089 2004 2241 2071 sisti,
2269 2017 2489 2077 excepta
2538 2009 2628 2064 Dei
2675 2012 2878 2067 visione
2924 2029 3019 2083 per
3062 2031 3257 2086 corpus
3281 2059 3295 2081 ,
3328 2018 3470 2074 unde
3497 2021 3671 2089 majus

2090 2110 2222 2180 opus
2268 2098 2587 2154 moliendum
2634 2109 2753 2167 est,
2807 2114 2862 2157 ut
2910 2105 3094 2171 potui,
3144 2108 3429 2176 respondi,
3474 2120 3529 2165 et
3574 2127 3672 2179 per

2089 2182 2324 2243 Asellum
2351 2190 2631 2246 diaconum
2660 2194 2810 2260 misi,
2841 2195 2982 2264 quod
3012 2206 3062 2251 te
3088 2199 3358 2266 accepisse
3376 2200 3485 2268 jam
3515 2210 3669 2269 puto.

2090 2278 2148 2332 ln
2192 2282 2398 2335 recenti
2443 2292 2621 2357 autem
2669 2286 3075 2341 comm‘Onitdrio
3130 2294 3249 2351 tuo,
3295 2290 3383 2343 cui
3415 2305 3553 2345 nunc
3584 2306 3672 2345 re-

2088 2370 2306 2438 spondi,
2338 2370 2443 2455 duo
2467 2374 2789 2441 quaesieras,
2829 2376 3051 2444 quorum
3078 2374 3362 2447 utrumque
3389 2388 3670 2437 tractatum

2088 2468 2205 2527 est,
2235 2477 2396 2515 unum
2422 2462 2579 2518 latius
2600 2505 2615 2531 ,
2662 2465 2885 2519 alteram
2917 2467 3160 2532 brevius,
3192 2468 3258 2523 de
3288 2467 3427 2524 Petri
3466 2472 3673 2526 scilicet

2087 2551 2311 2618 apost'oli
2342 2552 2532 2619 verbis,
2558 2562 2611 2607 et
2638 2553 2705 2608 de
2730 2555 2904 2608 anima
2939 2556 3167 2611 Domini.
3199 2558 3511 2627 Exemplum
3540 2575 3673 2615 sane

2088 2639 2381 2696 litterarum
2428 2652 2663 2710 tuarum,
2713 2646 2831 2714 qua?
2880 2647 3154 2701 continent
3204 2649 3672 2717 interrogationem

2089 2741 2263 2787 utrum
2305 2735 2396 2789 Dei
2422 2736 2717 2790 substantia
2743 2737 3089 2806 corporaliter
3114 2738 3258 2792 velut
3280 2739 3331 2792 in
3357 2739 3475 2793 loco
3502 2739 3673 2796 videri

2090 2824 2285 2888 possit,
2328 2833 2381 2876 et
2419 2824 2556 2891 apud
2598 2837 2694 2879 nos
2736 2826 2914 2879 nescio
2939 2827 3204 2895 quomodo
3248 2829 3664 2892 :ibcrraveruut,

2090 2910 2190 2957 nec
2218 2904 2437 2965 inveniri
2468 2920 2584 2960 cum
2616 2906 2704 2959 diu
2734 2918 3097 2975 quan'e'rentur
3128 2917 3441 2979 potuerunt,
3475 2912 3665 2967 iterum

2089 2993 2348 3049 admoneo
2374 2997 2581 3051 mittere
2609 3015 2673 3049 ne
2698 2999 2957 3066 graveris.

2512 3087 2833 3142 EPISTULA
2864 3089 3044 3143 CLXV
3086 3094 3103 3113 ⁹
3143 3090 3242 3162 (a).

2091 3162 2431 3246 Hieronymus
2462 3177 2758 3233 Marcellino
2780 3187 2829 3232 et
2852 3179 3206 3251 Anapsy’cliiie,
3229 3183 3483 3250 expanens
3507 3184 3670 3239 diver-

2160 3279 2243 3318 sas
2278 3267 2545 3319 sententias
2572 3266 2634 3321 de
2658 3268 2851 3338 origine
2874 3270 3088 3335 animm,
3134 3271 3341 3325 hortans
3384 3282 3436 3325 ut
3476 3274 3671 3345 reliqua

2162 3365 2331 3425 petant
2353 3356 2416 3409 ab
2443 3358 2740 3427 Augustino,
2769 3368 2814 3412 et
2842 3359 3071 3414 indicans
3097 3362 3272 3430 quibus
3292 3364 3398 3433 ipse
3420 3364 3483 3416 sit
3512 3382 3665 3420 occu-

2162 3456 2307 3518 patus
2334 3448 2531 3501 studiis.

2093 3539 2332 3594 Dominis
2382 3556 2506 3595 vere
2550 3540 2746 3596 sanctis
2792 3542 2951 3611 atque
2987 3542 3131 3595 omni
3164 3543 3460 3599 officiorum
3496 3545 3671 3601 chari-

2164 3636 2271 3683 tate
2286 3629 2597 3682 venerandis
2624 3630 2743 3683 filiis
2762 3630 3100 3685 Mantuano
3127 3630 3198 3702 (ὁ)
3221 3638 3273 3687 et
3295 3633 3665 3699 Ausesvcma,

2165 3720 2522 3786 "teneamus,
2553 3722 2603 3774 in
2629 3720 2841 3776 Christo
2870 3724 3113 3777 salutem.

2165 3832 2248 3909 CA
2260 3833 2343 3889 PU
2350 3834 2389 3886 T
2408 3822 2793 3888 PRIMUM.—i
2805 3873 2819 3887 .
2833 3828 3060 3904 Tandem
3075 3852 3136 3889 ea:
3149 3832 3323 3907 Africa
3341 3848 3511 3892 vestra:
3533 3840 3671 3893 litte-

2095 3931 2179 3977 ras
2211 3920 2566 3977 (lnanin‘titatis
2596 3926 2797 3993 accepi;
2825 3935 2875 3978 et
2911 3943 3012 3979 non
3055 3944 3133 3980 me
3161 3929 3361 3996 paenitet
3397 3931 3670 3998 impuden-

2095 4014 2322 4082 tite,‘qua
2350 4013 2623 4067 tacentibus
2651 4015 2786 4068 vobis
2807 4016 3043 4084 epistolas
3087 4033 3220 4069 meas
3263 4020 3539 4086 frequenter
3584 4019 3669 4072 ini-

2095 4104 2260 4173 gessi,
2292 4112 2345 4155 ut
2382 4104 2677 4170 rescriptum
2703 4119 2934 4169 mererer,
2961 4114 3012 4158 et
3036 4114 3120 4158 vos
3162 4123 3268 4159 esse
3303 4109 3540 4175 sospites,
3568 4126 3671 4165 non

2096 4190 2211 4243 aliis
2235 4190 2593 4252 nuntiantibus,
2621 4191 2707 4245 sed
2730 4202 2889 4246 vestro
2916 4194 3221 4260 potissimum
3245 4212 3469 4250 sermone
3493 4214 3674 4267 cogno-

2095 4294 2300 4335 scerem.
2324 4279 2490 4347 Super
2509 4281 2693 4333 anima:
2714 4290 2845 4334 statu
2866 4283 3064 4335 memini
3084 4293 3257 4337 vestra;-
3274 4287 3667 4354 quwstiuneulte,

2096 4370 2195 4424 imo
2223 4374 2454 4425 maxima:
2479 4372 2822 4426 ecclesiastica:
2849 4375 3132 4442 qurestionis
3156 4391 3174 4429 :
3199 4375 3381 4431 Utrum
3427 4380 3570 4449 lapsa
3608 4383 3672 4437 dit

2097 4460 2218 4515 caelo
2244 4462 2339 4527 sit,
2364 4472 2417 4515 ut
2446 4460 2763 4533 Pythagoras
2805 4464 3130 4534 pliilosOp/ms
3149 4507 3163 4530 ,
3195 4484 3461 4539 omnesque
3480 4468 3671 4526 Plato-

2098 4554 2198 4607 nici
2215 4594 2231 4619 ,
2262 4564 2305 4607 et
2345 4553 2584 4622 Origenes
2613 4562 2824 4624 putant;
2852 4573 2918 4609 an
2946 4574 2976 4609 a
3007 4560 3212 4627 propria
3241 4559 3336 4614 Dei
3360 4561 3668 4628 substantia,

2096 4655 2148 4698 ut
2171 4644 2365 4711 Stoici,
2395 4644 2737 4708 Manichacus,
2770 4652 2815 4699 et
2859 4645 3091 4711 Hispana
3120 4640 3433 4703 Priscilliani
3467 4652 3671 4707 haeresis

2096 4735 2452 4805 suspicantur;
2479 4751 2546 4786 an
2570 4734 2619 4786 in
2646 4735 2879 4788 thesauro
2904 4734 3181 4789 habeantur
3204 4736 3329 4802 Dei,
3352 4739 3473 4791 olim
3495 4740 3672 4795 condi-

2097 4832 2182 4891 ιω,
2204 4833 2256 4877 ut
2283 4823 2487 4892 quidam
2502 4820 2840 4877 Ecclesiastici
2860 4826 3013 4878 stulta
3036 4828 3354 4893 persuasione
3371 4828 3629 4896 conﬁdunt
3644 4846 3677 4894 ;Δ

2097 4933 2163 4969 an
2188 4916 2408 4983 quotidie
2426 4932 2458 4968 a
2484 4909 2591 4969 Deo
2621 4916 2767 4984 ﬁant,
2796 4927 2841 4969 et
2862 4917 3120 4971 mittantur
3148 4919 3200 4973 in
3224 4936 3457 4989 corpora,
3485 4912 3667 4976 secun-

2097 5002 2220 5058 dum
2260 5004 2390 5057 illud
2434 5005 2568 5073 quod
2614 5004 2666 5057 in
2708 4996 2981 5075 Evangelia
3026 5008 3267 5075 scriptum
3307 5016 3411 5071 est,
3462 5026 3483 5061 ι
3511 5008 3669 5065 Pater

2162 5113 2182 5130 ‘
2216 5110 2369 5176 Adhl.
2402 5112 2487 5161 bu.
2520 5117 2577 5162 tt.
2602 5124 2678 5162 vc.
2711 5112 2945 5176 qulnque.
2969 5129 3018 5165 ν.
3045 5122 3096 5165 et
3116 5115 3176 5165 ad
3199 5125 3297 5164 Am.
3322 5116 3432 5166 Bad.
3454 5122 3530 5167 Er.
3555 5125 3666 5170 Lor.

2097 5175 2361 5235 recognita.

2160 5254 2250 5363 Πεῗῶ
2267 5239 2463 5363 3;!
2487 5266 2637 5363 :‘qgre
2658 5262 2824 5306 autem
2848 5254 2937 5306 163
2953 5262 3076 5317 erat,
3099 5270 3227 5307 nunc
3247 5258 3326 5308 53.
3350 5259 3529 5321 Scripta
3572 5264 3671 5311 n‘o‘h

2098 5307 2250 5376 multo
2267 5320 2374 5376 post
2394 5327 2473 5376 an.
2497 5307 2605 5364 41⁸0.

2160 5374 2233 5448 _(b)
2266 5373 2565 5448 itarcellinus
2580 5376 2657 5448 hic
2678 5374 2764 5448 ille
2809 5383 2885 5448 est
2906 5377 3146 5448 tribunus,
3169 5389 3324 5448 gestis
3343 5378 3405 5428 ab
3426 5378 3671 5448 htereticis

2097 5436 2201 5508 sub.
2213 5436 2387 5485 invidia
2410 5438 2995 5509 tyrannidistteraeliauze,
3017 5438 3088 5509 uti
3112 5439 3483 5509 exﬁieronymo
3502 5442 3672 5509 obser-

2098 5499 2316 5559 vavimus
2336 5497 2499 5559 supra,
2521 5497 2579 5546 ad
2605 5500 2747 5559 epist.
2776 5500 2879 5549 151.
2904 5497 2987 5547 Cui
3028 5497 3298 5548 Marcellino
3329 5497 3522 5551 tametsi
3545 5501 3671 5552 data:

2098 5557 2421 5622 fueruntista:
2445 5557 2620 5622 litterae
2640 5557 2765 5609 haud
2786 5559 2939 5609 multo
2956 5567 3062 5622 post
3081 5571 3257 5622 annum
3273 5560 3379 5620 410,
3392 5576 3487 5612 non
3509 5572 3673 5612 tamen

2100 5631 2185 5685 eas
2229 5619 2308 5668 edi
2350 5620 2563 5685 oportuit.
2603 5633 2823 5685 seorsum
2844 5622 2905 5670 ab
2936 5619 3145 5685 epistola
3174 5619 3402 5685 ,proxim’e
3424 5624 3670 5685 sequenti;

2098 5681 2277 5741 quippe
2300 5678 2438 5741 cujus
2458 5678 2751 5730 illustrandae
2772 5694 2916 5731 causa
2936 5678 3094 5731 locum
3110 5678 3326 5735 habuere
3348 5678 3580 5735 hactenus
3599 5678 3673 5734 ιιιὲ

2100 5747 2177 5790 ter
2200 5741 2428 5802 Epistolas
2450 5743 2832 5805 Augustinianas.
