4154 6354
486 313 592 368 719

477 445 624 484 meus
642 446 798 501 usque
812 428 962 484 modo
978 435 1235 497 operatur,
1253 432 1300 478 et
1316 440 1404 492 ego
1426 438 1606 492 operor
1621 421 1797 492 (Joan.
1815 437 1871 486 ν,
1899 420 1989 491 17)
2006 437 2020 485 ;
2043 438 2060 472 ι

479 533 553 576 an
575 531 708 576 certe
747 537 812 575 ea:
847 519 1088 583 traduce,
1131 525 1188 569 ut
1227 514 1600 578 Tertullianus,
1647 512 1988 582 Apollinaris,
2019 521 2067 565 et

479 611 703 667 maxima
718 627 837 681 pars
855 607 1248 663 Occidentalium
1261 612 1546 670 autumant;
1562 612 1614 656 ω
1626 604 1874 674 quomodo
1887 618 2066 672 corpus

479 720 546 762 es
567 717 796 772 corpore,
821 701 894 756 sic
921 700 1092 752 anima
1119 704 1356 751 nascatur
1377 711 1442 750 ea:
1462 695 1654 760 anima,
1685 702 1730 747 et
1759 692 1909 748 simili
1948 709 2066 746 cum

478 795 637 849 brutis
663 790 1000 852 animantibus
1024 789 1306 844 conditione
1329 787 1586 842 subsistat.
1619 785 1790 855 Super
1816 801 1913 856 quo
1939 784 2064 855 quid

477 885 605 938 mihi
636 883 906 949 videretur,
931 881 985 934 in
1014 877 1272 949 opusculis
1295 886 1468 932 contra
1505 877 1762 947 Ruffinum
1804 876 2064 947 scripsisse

478 991 558 1030 me
584 975 700 1030 noni
717 1015 733 1041 ,
768 975 1008 1028 adversus
1033 988 1146 1026 eum
1176 968 1401 1025 libellum
1425 985 1571 1040 quem
1594 976 1782 1023 sancite
1809 967 2064 1021 memoriae

475 1065 766 1131 Anastasio,
787 1064 1021 1134 episcopo
1038 1063 1282 1117 Romana:
1308 1060 1566 1125 Ecclesia},
1585 1060 1755 1123 dedit;
1776 1059 1828 1112 in
1855 1075 1953 1129 quo
1973 1058 2060 1112 lu-

474 1154 614 1208 brica
638 1164 685 1208 et
713 1154 944 1217 subdola,
969 1155 1070 1208 imo
1091 1153 1247 1206 stulta
1274 1151 1604 1223 confessione,
1630 1151 1750 1203 dum
1774 1150 2061 1204 auditorum

473 1245 788 1318 simplicitati
813 1246 1026 1300 illudere
1050 1245 1246 1307 nititur,
1267 1259 1374 1298 sua:
1397 1243 1537 1312 fidei,
1564 1241 1667 1309 imo
1692 1241 1918 1311 perﬁdia:
1935 1241 2058 1295 illu-

472 1339 538 1391 sit
561 1353 580 1392 :
599 1354 727 1407 quos
751 1337 903 1392 libros
927 1351 1040 1390 reor
1061 1345 1290 1390 sanctum
1323 1344 1580 1406 parentem
1617 1343 1835 1388 vestrum
1880 1333 2060 1388 habere

478 1429 775 1495 Oceanum;
806 1428 926 1482 olim
951 1427 1082 1481 enim
1120 1426 1241 1480 editi
1280 1436 1426 1491 sunt,
1476 1426 1647 1480 multis
1691 1426 1876 1496 lla/fini
1919 1425 2058 1479 libris

472 1522 714 1576 adversus
751 1519 1032 1574 calumnias
1063 1517 1440 1588 respondentes.
1465 1515 1610 1571 Certe
1635 1518 1784 1571 habes
1809 1517 1874 1569 ibi
1898 1517 2058 1569 uirum

471 1621 698 1665 sanctum
725 1619 771 1665 et
800 1603 1047 1663 eruditum
1074 1608 1412 1679 Augustinum
1436 1607 1755 1677 episcopum,
1791 1607 1879 1678 qui
1918 1607 2052 1673 viva,

472 1713 530 1756 ut
569 1703 742 1769 aiunt,
784 1717 901 1755 voce
940 1701 1116 1755 docere
1152 1709 1200 1753 te
1230 1699 1446 1771 poterit,
1473 1707 1520 1753 et
1548 1715 1726 1764 suam,
1762 1700 1863 1752 imo
1893 1717 1980 1770 per
2003 1715 2058 1754 se

473 1802 697 1845 nostram
719 1791 968 1862 explicare
985 1789 1296 1843 sententiam.

541 1879 692 1935 CAP.
722 1881 788 1934 ll.
805 1879 944 1933 —2.
969 1879 1250 1934 Ezechielis
1278 1878 1509 1933 uolumen
1529 1879 1651 1933 olim
1669 1880 1874 1950 aggredi
1897 1880 2052 1947 uolui,

471 1981 517 2022 et
540 1970 858 2042 sponsionem
881 1969 1232 2024 creberrimum
1254 1969 1495 2024 studiosis
1525 1970 1791 2024 lectoribus
1815 1971 2055 2037 reddere;

469 2062 560 2114 sed
573 2063 625 2114 in
636 2061 746 2132 ipso
762 2061 982 2115 dictandi
1001 2061 1209 2115 exordio
1219 2061 1290 2114 ita
1300 2063 1500 2115 animus
1517 2078 1655 2115 meus
1671 2063 2054 2118 occidentalium

471 2152 869 2221 prouinciarum,
910 2161 959 2206 et
1001 2152 1218 2205 maxime
1246 2151 1382 2206 urbis
1412 2151 1589 2206 Roma:
1615 2155 1890 2207 vastatione
1929 2170 2054 2208 con-

470 2242 616 2309 fusus
638 2250 740 2310 est,
767 2251 821 2294 ut
840 2243 996 2313 juxta
1023 2242 1228 2313 uulgare
1256 2241 1569 2312 prouerbium
1587 2283 1603 2310 ,
1632 2247 1894 2316 proprium
1929 2262 2055 2315 qua-

469 2346 567 2401 que
604 2331 893 2401 ignorarem
925 2331 1255 2387 vocabulum:
1279 2332 1464 2403 diuque
1482 2335 1652 2402 tacui,
1679 2336 1841 2389 sciens
1861 2344 2054 2406 tempus

470 2435 578 2475 esse
601 2423 962 2492 lacryntarum.
1007 2420 1120 2475 Hoc
1148 2431 1315 2475 autem
1342 2438 1477 2476 anno
1519 2439 1634 2477 cum
1679 2434 1777 2479 tres
1807 2427 2054 2497 explicas-

468 2525 571 2564 sem
597 2511 778 2576 libros,
803 2510 994 2565 subitus
1022 2513 1236 2582 impetus
1270 2513 1625 2582 barbarorum,
1655 2515 1717 2570 de
1740 2517 1916 2587 quibus
1940 2529 2054 2572 tuus

468 2601 589 2654 dicit
615 2599 1137 2672 Virgilius,tLateque
1157 2613 1390 2674 vagantes
1404 2603 1600 2660 Βανεωί
1611 2625 1628 2658 ι
1651 2605 1821 2678 (Virg.
1835 2607 1910 2662 1E
1914 2608 2048 2662 neid.

468 2690 594 2764 tv),
632 2702 678 2747 et
715 2703 888 2747 sancta
932 2693 1202 2763 Scriptura
1246 2697 1309 2750 de
1345 2697 1562 2764 lsmael,
1594 2716 1613 2750 ι
1651 2699 1836 2754 Contra
1871 2701 2053 2770 faciem

467 2785 692 2838 omnium
717 2785 936 2854 fratrum
964 2801 1169 2839 suorum
1193 2785 1436 2841 habitabit
1462 2807 1482 2841 ι
1512 2787 1662 2862 (Gen.
1693 2805 1786 2845 xv:
1803 2831 1818 2856 ,
1843 2791 1955 2860 12),
1979 2791 2052 2844 sic

466 2874 688 2947 Egypti
708 2876 928 2942 limitem,
955 2875 1263 2946 Palaestinae,
1284 2875 1568 2946 Phoenices,
1592 2879 1762 2951 Syria:
1785 2883 2048 2952 percurrit,

465 2967 533 3020 ad
561 2968 721 3022 instar
749 2968 984 3022 torrentis
1010 2976 1194 3022 cuncta
1215 2985 1383 3022 secum
1415 2969 1617 3024 trahens
1637 3011 1651 3034 ,
1682 2980 1738 3024 ut
1763 2972 1846 3026 vix
1872 2989 2052 3028 manus

465 3073 637 3112 eorum
680 3058 1023 3112 misericordia
1062 3059 1247 3114 Christi
1287 3061 1596 3130 potuerimus
1633 3062 1859 3116 evadere.
1902 3062 2051 3127 Quod

464 3151 538 3216 si,
567 3150 723 3221 juxta
759 3151 1002 3222 inclytum
1031 3162 1298 3217 oratorem,
1333 3171 1351 3204 ‹
1376 3153 1524 3208 silent
1552 3155 1680 3209 inter
1705 3173 1846 3209 arma
1868 3157 1998 3227 leges
2023 3179 2042 3210 ο

469 3239 597 3314 (Cic.
625 3259 718 3313 pro
757 3242 1003 3315 Milone);
1043 3254 1230 3314 quanto
1254 3246 1414 3317 magis
1438 3245 1606 3300 studia
1633 3247 2010 3318 Scripturarum
2030 3293 2046 3318 ,

463 3349 578 3404 qua
604 3343 651 3387 et
679 3334 920 3389 librorum
945 3336 1286 3402 multitudine,
1319 3346 1366 3391 et
1393 3338 1610 3405 silentio,
1638 3356 1697 3393 ac
1727 3337 2048 3396 librariorum

462 3424 759 3489 sedulitate,
792 3426 1021 3496 quodque
1049 3427 1308 3496 proprium
1336 3435 1443 3493 est,
1473 3429 1739 3483 securitate
1765 3440 1810 3483 et
1836 3432 1938 3485 otio
1964 3432 2046 3485 dis

464 3515 709 3569 ctantium
737 3516 998 3587 indigent!
1020 3514 1166 3572 Duos
1192 3520 1360 3587 itaque
1389 3517 1541 3573 libros
1565 3520 1680 3573 misi
1703 3531 1892 3574 sancta:
1923 3522 2048 3590 ﬁliis

463 3621 589 3660 mea:
614 3604 838 3662 Fabiola:
855 3649 870 3675 ,
895 3624 1109 3678 quorum
1133 3607 1362 3678 exempla
1388 3609 1432 3662 si
1459 3609 1671 3663 volueris
1691 3652 1705 3678 ,
1729 3610 1791 3664 ab
1816 3612 1929 3681 ipsa
1957 3623 2049 3684 po-

463 3695 580 3749 teris
603 3699 840 3754 mutuati.
864 3696 970 3751 Pro
991 3699 1223 3769 angustia
1249 3699 1434 3770 quippe
1460 3701 1695 3770 temporis
1715 3702 1842 3756 alios
1862 3703 2049 3758 descri-

463 3786 577 3840 bere
613 3803 715 3840 non
753 3787 935 3856 potui:
954 3800 1077 3857 quos
1101 3804 1214 3841 cum
1241 3789 1422 3859 legeris
1458 3799 1506 3844 et
1548 3790 1786 3845 vestibula
1826 3794 2041 3860 uideris,

462 3877 626 3949 facilis
651 3879 942 3948 conjectura
970 3879 1066 3932 erit
1081 3920 1096 3944 ,
1121 3879 1286 3949 qualis
1309 3880 1420 3950 ipsa
1440 3881 1503 3934 sit
1523 3881 1697 3950 futura
1717 3883 1915 3937 domus.
1939 3884 2046 3939 Sed

459 3969 609 4022 credo
636 3969 690 4022 in
719 3967 817 4023 Dei
845 3969 1189 4021 misericordia
1223 3970 1310 4039 qui
1337 3986 1427 4024 nos
1455 3971 1652 4041 adjuvit
1675 3973 1729 4025 in
1751 3973 2044 4044 difficillimo

461 4061 711 4131 principio
735 4061 1015 4129 supradicti
1034 4062 1219 4132 operis,
1247 4061 1382 4130 quod
1419 4063 1526 4133 ipse
1549 4064 1750 4134 adjuvet
1778 4073 1825 4118 et
1844 4066 1897 4118 in
1922 4083 2047 4136 pen-

459 4152 650 4206 ultimis
685 4152 957 4222 Propheta:
995 4153 1253 4222 partibus,
1296 4155 1348 4207 in
1397 4154 1574 4223 quibus
1615 4153 1726 4226 Gog
1767 4166 1812 4209 et
1852 4154 2044 4228 Magog

457 4243 588 4298 bella
617 4253 891 4296 narrantur
915 4243 1125 4315 (Ezech.
1158 4259 1386 4309 xxxvm,
1410 4254 1454 4298 et
1476 4246 1699 4316 xxxu);
1732 4255 1778 4300 et
1800 4247 1854 4300 in
1874 4257 2040 4302 extre-

458 4335 574 4398 mis,
595 4334 648 4387 in
669 4334 845 4402 quibus
867 4334 1194 4388 sacratissimi
1223 4344 1270 4388 et
1295 4335 1660 4406 inexplicabilis
1689 4338 1859 4408 templi
1879 4339 2043 4408 cedifis

456 4425 610 4490 catio,
636 4425 866 4489 uarietas,
899 4441 1225 4496 mensuraque
1244 4427 1537 4481 describitur
1563 4427 1672 4500 (Id.
1699 4432 1966 4501 XL-xuu).

475 4551 480 4558 .
525 4511 754 4568 CAPUT
778 4512 940 4567 lll.—
959 4515 1012 4569 ὖ.
1047 4515 1269 4569 Sanctus
1291 4519 1449 4585 frater
1475 4527 1642 4571 noster
1673 4517 1927 4585 Oceanus,
1957 4522 2041 4575 cui

453 4619 541 4658 eos
578 4605 762 4674 cupitis
799 4605 1170 4672 commendari,
1198 4615 1366 4661 tantus
1389 4616 1435 4661 et
1463 4609 1583 4661 talis
1611 4617 1683 4663 est
1700 4650 1713 4674 ,
1744 4620 1789 4663 et
1816 4611 1887 4664 sic
1925 4629 2040 4666 eru-

452 4692 590 4747 ditus
617 4694 670 4747 in
695 4695 802 4764 lege
828 4694 1065 4761 Domini,
1095 4706 1150 4750 ut
1178 4696 1360 4768 absque
1382 4708 1553 4753 nostro
1577 4711 1757 4771 rogatu
1790 4703 2040 4758 instruere

453 4798 539 4838 vos
562 4785 748 4854 possit,
779 4795 826 4838 et
853 4796 1079 4840 nostram
1111 4805 1262 4858 super
1289 4789 1478 4843 cunctis
1505 4792 1863 4862 queestionibus
1895 4794 2038 4849 Scri-s

452 4883 716 4944 ptur‘arum
751 4892 842 4945 pro
879 4877 1083 4932 modulo
1107 4880 1383 4934 communis
1411 4881 1602 4950 ingenii
1629 4885 1878 4954 explicare
1916 4904 2032 4942 sen-

449 4966 676 5019 tentiam.
738 4964 1025 5022 Incolumes
1090 4984 1177 5022 vos
1239 4978 1286 5023 et
1337 4970 1536 5039 prolixa
1593 4985 1740 5029 (etate
1798 4979 2034 5046 florentes

451 5055 678 5112 Christus
703 5057 842 5114 Deus
881 5069 1051 5114 noster
1094 5069 1294 5115 tueatur
1329 5062 1643 5133 omnipotens
1663 5106 1676 5131 ,
1705 5067 1892 5120 domini
1924 5083 2032 5122 vere

448 5151 628 5204 sancti.

450 5283 540 5338 DE
562 5283 833 5340 DUABUS
851 5283 1195 5342 EPISTOLIS
1215 5285 1519 5344 PROXIME
1539 5288 2025 5356 SEQUENTIBUS.

823 5398 945 5470 (us.
971 5414 1010 5453 ιι
1035 5415 1290 5456 amusos.
1318 5418 1488 5458 caper
1512 5403 1661 5476 XLV.)

522 5511 720 5580 Scripsi
739 5511 890 5564 etiam
905 5511 1034 5567 duos
1050 5511 1202 5568 libros
1217 5515 1285 5568 ad
1304 5514 1668 5586 Hieronymum
1688 5518 2028 5590 presbyterum

447 5600 699 5655 sedentem
725 5602 777 5655 in
802 5600 1092 5657 Bethlehem
1115 5621 1133 5658 :
1153 5621 1305 5658 unum
1331 5605 1393 5659 de
1418 5605 1622 5677 Origine
1644 5607 1837 5665 Animis
1865 5611 2029 5666 homi-

448 5692 558 5758 nis;
583 5696 794 5748 alterum
819 5694 882 5751 de
905 5693 1167 5752 Sententia
1186 5697 1363 5753 Jacobi
1383 5701 1616 5770 apostoli,
1641 5703 1722 5756 ubi
1743 5705 1834 5773 ait,
1856 5722 1873 5757 ε
1902 5705 2027 5773 Qui-

1707 311 1774 365 .S.
1817 309 2177 366 AUCUSTINI
2219 313 2518 370 EPlSlIOPl

3659 325 3761 385 7%

2174 439 2384 492 cumque
2411 435 2564 480 totam
2591 426 2748 498 legem
2772 431 3036 486 seruaverit
3054 474 3068 498 ,
3096 431 3319 500 olfendat
3347 442 3512 490 mitem
3547 436 3601 490 in
3630 453 3754 504 uno,

2170 513 2338 581 factus
2375 526 2446 570 est
2492 519 2714 572 omnium
2759 537 2874 575 rcus
2908 541 2927 574 ι
2965 522 3167 595 (Jacobi
3195 540 3263 590 ll,
3291 524 3413 598 10);
3444 527 3508 582 de
3545 537 3757 601 utroque

2169 606 2434 662 consulens
2458 624 2592 662 eum.
2617 608 2724 664 Sed
2742 612 2795 665 in
2814 612 2904 668 illo
2927 613 3095 682 priore
3114 616 3438 684 quastionem
3462 634 3613 689 quam
3637 638 3756 688 pro-

2169 696 2334 762 posui,
2363 695 2472 766 ipse
2493 715 2595 752 non
2619 699 2780 765 solvi;
2803 701 2856 754 in
2883 704 3155 772 posteriore
3188 715 3356 760 autem
3380 708 3502 776 quid
3526 709 3652 763 mihi
3692 713 3756 766 de

2166 782 2258 837 illa
2291 786 2527 840 solvenda
2569 790 2819 844 videretur
2857 793 2966 863 ipse
2992 811 3094 848 non
3125 797 3296 852 tacui:
3317 798 3407 852 sed
3447 808 3617 854 utrum
3659 802 3755 856 hoc

2165 877 2464 945 approbaret
2483 879 2633 933 etiant
2656 881 2771 948 ille,
2802 885 3054 940 consului.
3085 885 3363 959 Rescripsit
3400 899 3568 946 autem
3586 934 3604 960 ,
3635 893 3750 947 lau—

2164 966 2292 1022 dans
2313 969 2542 1024 eamdem
2570 973 2986 1030 consultationem
3010 994 3172 1032 meam
3197 1019 3211 1044 ,
3239 980 3336 1035 sibi
3359 990 3526 1036 tamen
3551 984 3620 1036 ad
3647 1001 3751 1040 res-

2165 1060 2486 1126 pondendum
2514 1065 2673 1117 otium
2698 1081 2797 1119 non
2821 1083 2926 1121 esse
2947 1070 3226 1140 respondit.
3251 1070 3367 1142 Ego
3403 1088 3520 1129 vero
3559 1064 3748 1146 quous-
3823 1127 3828 1132 .

2162 1165 2258 1218 que
2299 1162 2424 1204 esset
2473 1153 2524 1206 in
2563 1171 2773 1224 corpore
2792 1198 2807 1220 ,
2837 1157 2927 1212 hos
2955 1157 3106 1214 libros
3132 1161 3278 1231 edere
3311 1163 3452 1217 nolui
3472 1206 3486 1230 ,
3517 1182 3581 1220 ne
3619 1171 3750 1238 forte

2161 1240 2480 1310 responderet
2516 1245 2831 1314 aliquando,
2869 1256 2918 1300 et
2965 1255 3078 1302 cum
3121 1251 3234 1320 ipsa
3275 1255 3598 1322 responsione
3635 1258 3747 1327 ejus

2163 1333 2331 1402 potius
2357 1335 2639 1389 ederentur.
2673 1335 2778 1391 Illo
2806 1347 2974 1392 autem
2999 1340 3238 1411 defuncto
3263 1344 3330 1397 ad
3359 1347 3454 1400 hoc
3478 1349 3614 1402 edidi
3642 1331 3750 1421 pri-

2161 1438 2296 1475 orem
2313 1427 2406 1489 ,‘ut
2433 1428 2518 1495 qui
2542 1426 2661 1498 legit
2693 1428 3027 1484 admoneatur
3045 1443 3134 1486 aut
3159 1451 3258 1489 non
3287 1447 3508 1506 quaerere
3544 1442 3748 1497 omnino

2159 1515 2409 1582 quomodo
2447 1515 2595 1570 detur
2621 1519 2792 1572 anima
2828 1524 3174 1589 nascentibus,
3205 1535 3294 1579 aut
3315 1538 3454 1582 certe
3481 1531 3544 1584 de
3570 1547 3625 1584 re
3660 1535 3746 1586 ob.

2159 1605 2449 1660 scurissima
2486 1624 2597 1662 eam
2634 1610 2929 1665 solutionem
2968 1615 3261 1686 quaestionis
3285 1618 3436 1688 hujus
3462 1621 3742 1690 admittere,

2159 1711 2275 1765 quia
2300 1699 2554 1751 contraria
2583 1716 2682 1753 non
2718 1702 2782 1755 sit
2819 1705 3152 1772 apertissimis
3177 1707 3322 1762 rebus
3351 1725 3476 1780 quas
3499 1711 3563 1765 de
3583 1714 3744 1784 origi-

2160 1786 2267 1838 nali
2295 1799 2495 1856 peccato
2528 1789 2654 1858 fides
2679 1791 2927 1846 catholica
2954 1795 3087 1848 novit
3116 1797 3168 1849 in
3199 1799 3452 1866 parvulis,
3481 1803 3582 1856 nisi
3606 1821 3747 1874 rege-

2157 1887 2391 1931 nerentur
2424 1882 2477 1933 in
2513 1879 2714 1936 Christo
2734 1883 2843 1937 sine
2864 1883 3178 1940 dubitatione
3201 1887 3543 1957 damnandis;
3571 1903 3740 1960 poste-

2156 1965 2337 2019 riorem
2369 1984 2480 2021 vero
2513 1970 2580 2022 ad
2624 1970 2718 2023 hoc
2761 1981 2818 2025 ut
2858 1975 3147 2040 quaestionis
3191 1977 3256 2031 de
3299 1995 3399 2049 qua
3444 1979 3513 2034 ibi
3553 1983 3741 2052 agitur,

2157 2058 2306 2110 etiam
2325 2074 2437 2128 quae
2457 2061 2598 2114 nobis
2624 2063 2730 2116 uisa
2754 2073 2826 2117 est
2849 2066 3031 2120 solutio
3052 2068 3165 2137 ipsa
3190 2079 3444 2139 noscatur.
3475 2070 3592 2126 Hoc
3616 2090 3744 2143 opus

2155 2149 2226 2203 sic
2254 2150 2426 2221 incipit
2449 2167 2467 2205 :
2491 2170 2510 2202 ε
2530 2151 2695 2207 Deum
2723 2167 2950 2210 nostrum
2974 2161 3060 2229 qui
3087 2176 3178 2214 nos
3202 2162 3410 2216 vocavit.
3438 2182 3456 2215 ι

2456 2340 2544 2394 DE
2580 2339 2856 2398 ORIGINE
2897 2346 3132 2402 ΑΝΙΜᾸΕ
3173 2349 3448 2407 llOMlNIS

2857 2452 3031 2504 manu,

2887 2541 2985 2582 εει]

2563 2623 2888 2692 EPISTOLA
2929 2638 3134 2696 CLXV!
3175 2645 3190 2666 ·
3232 2592 3330 2715 (ά).

2155 2736 2462 2816 Augustinus
2489 2745 2828 2819 Hieronymo,
2857 2767 3118 2808 recensens
3150 2757 3316 2810 uarias
3339 2757 3402 2812 de
3433 2759 3617 2815 anima:
3639 2763 3742 2815 ori-

2224 2839 2339 2908 gine
2369 2841 2660 2908 sententias,
2696 2844 2832 2913 cupit
2859 2833 3027 2899 doceri
3048 2863 3162 2917 quae
3188 2851 3501 2919 potissimum
3528 2855 3742 2909 tenenda

2224 2929 2322 2993 sit;
2337 2940 2382 2982 et
2402 2933 2650 3000 quomodo
2669 2934 2908 2989 adversus
2929 2935 3317 3008 Pelagianorum
3337 2943 3522 3014 dogma
3540 2930 3742 3016 defendi

2226 3021 2380 3088 possit
2419 3038 2475 3074 ea
2512 3039 2664 3089 quam
2698 3024 2784 3078 ille
2819 3026 2872 3079 in
2907 3029 3165 3098 superiore
3198 3032 3408 3102 epistola
3449 3051 3594 3088 suam
3631 3053 3735 3090 esse

2224 3115 2328 3182 fere
2363 3112 2665 3180 insinuavit,
2699 3113 2942 3187 Singulas
2987 3120 3183 3175 animas
3227 3138 3380 3178 novas
3425 3127 3741 3182 nascentibus

2223 3203 2355 3272 ﬁeri.

2221 3313 2447 3369 CAPUT
2469 3315 2879 3373 PRIMUM.—i.
2898 3320 3064 3376 Deum
3091 3332 3330 3379 nostrum
3353 3327 3441 3396 qui
3461 3343 3556 3381 nos
3571 3343 3734 3384 voca-

2155 3404 2223 3456 vit
2273 3406 2322 3458 in
2363 3420 2517 3460 suum
2557 3422 2778 3477 regnum
2823 3418 2879 3464 et
2919 3411 3140 3480 gloriam
3177 3414 3221 3484 (l
3251 3413 3423 3470 Thess.
3452 3433 3509 3482 tt,
3542 3418 3654 3490 i2),
3685 3429 3740 3476 et

2153 3496 2328 3564 rogavi
2360 3505 2412 3550 et
2438 3512 2565 3566 rogo
2591 3508 2648 3552 ut
2669 3498 2769 3554 hoc
2790 3501 2930 3570 quod
2958 3501 3023 3556 ad
3052 3513 3104 3558 te
3133 3505 3331 3572 scribo,
3363 3519 3544 3563 sancte
3564 3508 3733 3564 frater

2152 3587 2489 3660 Hieronyme,
2513 3593 2802 3648 consulens
2827 3602 2878 3650 te
2905 3595 2972 3649 de
3007 3595 3090 3650 his
3119 3614 3240 3667 qua:
3264 3601 3463 3668 nescio,
3492 3600 3738 3658 fructuo-

2149 3696 2266 3736 sum
2327 3697 2444 3736 esse
2487 3684 2640 3740 nobis
2675 3686 2802 3740 velit
2845 3688 2884 3738 ί.
2927 3687 3236 3759 Quanquam
3280 3693 3423 3747 enim
3472 3703 3523 3749 te
3568 3697 3736 3750 multo

2148 3787 2304 3842 quam
2333 3788 2430 3843 ego
2453 3788 2570 3828 sum
2596 3785 2752 3831 astate
2781 3779 3063 3848 majorem,
3094 3789 3273 3836 tamen
3302 3783 3463 3839 etiam
3493 3787 3608 3855 ipse
3622 3788 3734 3856 jam

2149 3877 2310 3917 senex
2342 3865 2562 3920 consulo
2600 3880 2614 3917 :
2657 3867 2750 3921 sed
2793 3868 2859 3922 ad
2900 3869 3211 3925 discendum
3249 3873 3392 3943 quod
3434 3889 3569 3944 opus
3611 3887 3729 3943 est,

2148 3953 2288 4006 nulla
2331 3953 2461 4008 mihi
2503 3963 2633 4011 tetas
2671 3973 2789 4012 sera
2830 3959 2996 4014 videri
3044 3970 3250 4031 potest;
3279 3966 3402 4034 quia
3433 3968 3533 4023 etsi
3574 3983 3733 4024 senes

2148 4048 2312 4116 magis
2333 4047 2487 4104 decet
2508 4048 2703 4106 docere
2722 4065 2878 4122 quam
2901 4052 3128 4118 discere,
3146 4057 3316 4127 magis
3336 4068 3510 4115 tamen
3525 4060 3732 4116 discere

2147 4153 2302 4204 quam
2329 4141 2454 4210 quid
2479 4141 2709 4198 doceant
2732 4145 2994 4213 ignorare.
3018 4146 3159 4200 Nihil
3179 4148 3424 4218 equidem
3455 4152 3730 4208 molestius

2146 4226 2260 4282 fero
2285 4229 2335 4282 in
2363 4232 2609 4287 omnibus
2633 4234 2888 4304 angustiis
2913 4235 3046 4290 meis
3071 4251 3204 4306 quas
3231 4239 3402 4306 patior
3437 4240 3490 4295 in
3524 4241 3731 4295 difﬁcile

2147 4319 2287 4374 limis
2310 4308 2709 4392 quaestionibus,
2737 4341 2896 4394 quam
2925 4326 2978 4380 in
3009 4335 3116 4380 tam
3137 4327 3426 4399 longinquo
3452 4338 3555 4385 tute
3585 4331 3725 4385 Cha-

2145 4413 2319 4467 ritatis
2343 4415 2662 4484 absentiam,
2692 4425 2751 4472 ut
2774 4417 2859 4472 vix
2889 4419 3084 4488 possim
3115 4435 3263 4476 meas
3290 4421 3450 4490 dare,
3477 4423 3561 4476 vix
3591 4425 3728 4478 rcci-

2145 4517 2271 4571 pere
2305 4505 2510 4560 litteras
2537 4514 2685 4572 tuas,
2718 4522 2817 4577 per
2853 4508 3156 4577 intervalla,
3199 4526 3304 4566 non
3349 4513 3587 4578 dierum,
3618 4529 3722 4568 non

2143 4596 2429 4663 mensium,
2458 4596 2551 4652 sed
2574 4597 2772 4668 aliquot
2796 4614 3085 4662 annorum;
3117 4617 3238 4657 cum
3259 4644 3274 4670 ,
3298 4605 3342 4658 si
3372 4603 3484 4660 ﬁeri
3509 4617 3720 4676 posset,

2141 4687 2376 4757 quotidie
2400 4699 2718 4757 praesentem
2749 4700 2799 4745 te
2827 4691 3022 4748 habere
3043 4694 3250 4760 vellem,
3274 4710 3394 4750 cum
3417 4712 3522 4767 quo
3549 4697 3724 4768 loque-

2141 4794 2229 4832 rer
2250 4778 2500 4849 quidquid
2522 4780 2734 4836 vellem.
2756 4782 2868 4838 Nec
2892 4783 3012 4838 ideo
3039 4794 3215 4841 tamen
3236 4802 3340 4842 non
3361 4787 3517 4843 debui
3545 4788 3722 4846 facere

2141 4869 2278 4939 quod
2307 4871 2470 4939 potui,
2504 4871 2548 4924 si
2579 4887 2683 4926 non
2711 4875 2855 4942 potui
2880 4882 3048 4928 totum
3072 4876 3211 4945 quod
3237 4877 3398 4932 volui.

2209 4960 2262 5013 2.
2309 4959 2444 5017 Ecce
2485 4963 2628 5017 venit
2653 4964 2717 5018 ad
2756 4981 2842 5020 me
2871 4965 3145 5036 religiosus
3176 4967 3418 5037 juvenis,
3460 4971 3720 5027 catholica
3767 4978 3782 5025 ι

2138 5065 2268 5120 pace
2293 5049 2472 5117 frater,
2505 5061 2659 5106 artata
2702 5054 2859 5121 illius,
2887 5055 3088 5112 honore
3114 5059 3514 5130 compresbyter
3540 5072 3722 5116 uoster
3774 5047 3778 5055 ’

2135 5139 2384 5207 Orosius,
2433 5141 2554 5211 vigil
2603 5143 2833 5212 ingenio,
2880 5155 3154 5214 promptus
3197 5148 3441 5218 eloquio,
3491 5149 3721 5220 ﬂagrans

2136 5231 2332 5297 studio,
2359 5231 2487 5287 utile
2515 5247 2607 5288 vas
2633 5235 2684 5287 in
2716 5233 2874 5291 domo
2906 5237 3114 5291 Domini
3141 5253 3261 5294 esse
3289 5240 3621 5310 desiderans,
3649 5243 3718 5298 ad

2197 5366 2215 5398 ί
2248 5373 2378 5427 Lov.,
2412 5365 2542 5420 uelis.
2569 5375 2624 5418 At
2651 5371 2759 5419 Bad.
2784 5377 2859 5421 Er.
2885 5379 2937 5422 et
2956 5379 3084 5434 Mss,
3107 5373 3292 5425 habent
3312 5373 3438 5426 velit.

2197 5451 2313 5522 '_ln_
2330 5449 2474 5522 hujus
2494 5453 2781 5522 recensione
2803 5453 2964 5522 collati
2985 5462 3098 5522 sunt
3119 5457 3170 5505 b.
3193 5457 3262 5506 bl.
3286 5472 3330 5508 c.
3355 5466 3421 5508 ct.
3439 5457 3492 5507 is.
3510 5460 3547 5522 j.
3575 5459 3607 5508 ι.
3626 5473 3718 5510 ml.

2131 5512 2276 5620 usit.
2302 5519 2337 5560 t.
2363 5512 2421 5562 tt.
2446 5527 2520 5563 vc.
2546 5514 2644 5562 duo
2683 5515 2765 5563 ιω.
2790 5515 2887 5565 duo
2910 5517 2980 5567 th.
3004 5518 3178 5569 decem
3210 5534 3258 5569 v.
3305 5527 3357 5570 et
3381 5529 3479 5569 Am.
3506 5512 3614 5570 ﬁnd.
3639 5529 3717 5571 Fr.

2197 5587 2242 5622 ν.

2193 5654 2266 5727 ςρ)
2294 5654 2416 5705 Alias
2436 5655 2498 5727 28
2522 5670 2533 5705 :
2559 5671 2670 5720 quae
2692 5667 2856 5711 autem
2883 5661 2972 5712 166
2996 5669 3126 5724 erat,
3150 5675 3277 5714 nunc
3302 5663 3408 5715 105.
3433 5664 3611 5727 Scripta
3634 5676 3713 5716 an.

2130 5715 2415 5780 ιίὸίνενιιο
2439 5715 2676 5783 tempore.
