2077 3177
203 178 249 207 7!!
782 173 1018 203 EPIS'fOLARUM
1036 174 1172 204 CLASSlS
1190 176 1232 204 Ill.

203 234 362 264 refellendas
376 234 456 262 falsas
470 234 685 270 permeiosasque
700 232 848 264 doctrinas,
861 239 920 266 qme
934 230 991 257 ani—

203 288 263 309 mas
275 280 450 315 Hispanorum
466 280 549 307 multo
562 279 701 310 intelicius,
715 285 793 313 quam
806 284 917 311 corpora
930 276 992 303 bar-

202 327 309 355 baricus
315 327 426 362 gladius,
434 326 605 354 trucidarunt.
615 325 681 353 Nam
693 324 754 352 inde
765 324 797 351 ad
805 331 854 351 nos
867 330 949 357 usque
958 322 992 349 ab

203 372 297 401 oceani
305 373 395 401 littora
400 372 558 407 properavit,
566 371 634 398 fama
641 370 742 398 excitus
752 369 821 405 quod
830 376 844 395 a
853 376 895 395 me
904 371 992 402 posset

203 418 238 445 de
252 418 293 445 his
305 425 365 453 qua:
377 418 446 445 scire
456 418 543 451 vellet,
558 416 683 452 quidquid
697 416 776 443 vellet
788 415 889 442 audire.
903 413 993 448 Neque

203 463 305 491 nullum
323 463 395 498 cepit
411 462 541 490 adventus
554 462 593 490 sui
610 462 733 489 fructum.
746 461 845 492 Brimo,
861 468 894 487 ne
904 460 938 487 de
949 466 992 486 me

204 509 316 537 multum
332 509 408 536 famae
421 508 561 536 crederet:
573 508 667 536 deinde
679 507 756 535 docui
770 506 903 534 hominem
921 505 992 540 quod

203 555 293 590 potui;
305 554 376 589 quod
398 559 486 581 autem
509 561 561 581 non
584 553 674 588 potui,
686 552 758 580 unde
771 552 874 579 discere
886 553 991 586 posset,

203 598 347 631 admonui,
361 602 439 633 atque
450 603 478 625 ut
493 598 565 626 ad‘te
581 599 629 625 iret
642 597 761 625 hortatus
772 604 839 623 sum.
855 596 910 628 Qua
924 595 949 621 in
964 602 993 622 re

204 644 344 671 consilium
359 644 399 670 vel
415 649 574 678 prmeeptum
588 651 674 670 meum
689 651 747 670 cum
764 643 876 668 libenter
890 645 916 667 et
931 640 992 667 obe-

204 690 307 717 dienter
320 690 462 724 acciperet,
482 691 569 723 rogavi
584 698 644 717 eum
657 695 685 716 ut
699 690 746 716 abs
761 694 786 716 te
801 689 908 715 veniens
919 708 926 719 ,
947 695 992 721 per

203 743 253 762 nos
266 736 298 762 ad
311 736 416 770 propria
430 740 570 762 remearet.
594 735 676 767 Quam
699 735 755 768 ejus
777 734 991 768 pollicitatioaem

204 785 314 813 tenens,
330 781 496 808 occasionem
512 781 575 807 mibi
591 780 690 807 credidi
707 788 720 805 a
736 779 846 805 Domino
857 786 916 805 esse
929 785 992 804 eon-

203 833 320 858 cessam,
344 834 394 860 qua
418 826 464 852 tibi
488 826 630 852 scriberem
645 825 678 852 de
697 825 738 851 bis
752 832 810 858 qum
826 832 872 858 per
887 828 911 850 te
925 824 992 850 scire

203 870 291 904 cupio.
308 870 463 903 Quzerebain
485 870 554 897 enim
577 878 653 903 quem
677 870 708 895 ad
732 874 757 896 te
780 869 930 901 mitterem,
944 876 992 895 nec

204 917 268 942 mihi
291 916 367 942 facile
389 916 544 942 occurrebat
566 916 693 946 idoneus,
717 920 742 940 et
767 914 817 940 ﬁde
840 914 952 948 agendi,
967 918 993 940 et

204 961 338 988 alacritate
360 961 499 988 obediendi
512 982 518 993 ,
539 965 565 988 et
586 961 775 987 exerciiatione
797 959 991 994 peregrinamli.

206 1008 253 1035 l'bi
266 1016 329 1044 ergo
342 1009 420 1035 istum
432 1008 555 1042 juvenem
579 1012 702 1041 expertus
725 1014 803 1039 sum,
827 1014 886 1033 eum
908 1006 992 1039 ipsum

204 1060 263 1080 esse
277 1053 380 1087 qualem
397 1061 410 1079 a
426 1053 536 1079 Domino
552 1053 687 1086 petebam,
704 1051 825 1077 dubitare
844 1059 894 1077 non
908 1051 991 1085 potiti.

240 1098 351 1125 CAPUT
368 1098 471 1124 ll.—-5.
487 1098 583 1131 Accipe
595 1097 672 1131 igitur
683 1104 740 1130 quae
754 1096 827 1126 mihi,
844 1100 915 1130 peto,
932 1103 994 1129 ape-

204 1144 258 1170 rire
271 1151 302 1169 ac
322 1143 454 1169 disserere
478 1151 530 1168 non
558 1142 684 1176 graveris.
709 1141 826 1173 Quaestio
848 1140 882 1167 de
907 1141 993 1167 anima

205 1188 303 1215 multos
318 1192 416 1219 movet,
433 1188 458 1213 in
478 1187 573 1221 quibus
590 1192 616 1213 et
635 1194 677 1212 me
692 1193 751 1212 esse
771 1185 908 1212 conﬁteor.
928 1185 993 1212 Nam

205 1232 266 1267 quid
279 1233 312 1259 de
325 1232 412 1259 anima
421 1231 570 1258 ﬁrmissime
582 1236 696 1263 teneam,
712 1238 762 1257 non
777 1231 886 1258 tacebo:
899 1231 994 1258 deinde

206 1278 362 1312 subjungam
377 1277 438 1311 quid
454 1276 516 1303 mihi
539 1277 625 1303 adhuc
645 1276 763 1310 expediri
786 1276 874 1303 velim.
900 1276 994 1303 Anima

206 1323 319 1350 hominis
334 1324 491 1350 immortalis
503 1327 554 1355 est,
570 1324 714 1350 secundum
730 1323 871 1357 quemdam
887 1322 993 1349 modum

205 1376 292 1395 suum.
307 1368 364 1395 Non
379 1369 448 1395 enim
463 1369 533 1395 omni
549 1368 627 1395 modo
642 1369 710 1395 sicut
724 1368 802 1400 Deus,
826 1368 859 1394 de
880 1375 932 1401 quo
953 1367 995 1395 di-

206 1419 278 1441 ctum
292 1419 332 1441 est
347 1415 407 1449 qttia
424 1415 492 1441 solus
515 1415 587 1441 habet
609 1415 821 1441 immortalitatem
835 1414 864 1449 (l
882 1414 937 1441 Tini
959 1422 993 1444 vt.

207 1460 262 1496 16).
278 1461 344 1487 Nam
360 1460 393 1488 de
406 1462 501 1487 anima:
516 1461 645 1487 mortibus
658 1464 748 1488 sancta
767 1460 900 1494 Scriptura
913 1460 995 1486 multa

206 1510 410 1537 commemorat;
433 1506 502 1533 unde
521 1506 587 1532 illud
604 1510 654 1538 est,
679 1506 741 1532 Siue
762 1511 871 1532 mortuos
892 1506 996 1539 sepelire

207 1556 319 1577 mortuos
334 1559 392 1577 suos
407 1550 512 1585 (Matth.
526 1558 582 1583 Viti,
600 1551 645 1585 Ἡ)
661 1560 666 1577 :
684 1551 730 1578 sed
744 1551 812 1585 quod
833 1551 867 1577 ita
885 1551 996 1577 moritur

207 1597 319 1624 alienata
335 1605 350 1624 a
365 1598 415 1624 vita
433 1598 489 1629 Dei,
515 1602 544 1624 ut
566 1603 651 1624 tamen
677 1598 702 1624 in
725 1603 817 1624 natura
838 1605 884 1624 sua
906 1597 996 1624 vivere

208 1650 260 1669 non
276 1644 383 1670 omnino
399 1643 507 1670 desistat
520 1652 527 1674 ς
540 1644 573 1670 ita
590 1644 710 1670 mortalis
723 1651 755 1670 ex
769 1643 854 1677 aliqua
867 1651 946 1669 causa
960 1642 997 1669 in-

208 1688 320 1720 venitur,
339 1689 453 1716 utetiam
468 1689 624 1716 inmortalis
638 1696 689 1715 non
700 1689 756 1715 sine
771 1689 872 1715 ratione
883 1688 994 1715 dicatur.

209 1734 266 1760 Non
281 1739 320 1761 est
337 1742 397 1769 pars
420 1735 465 1761 Dei
478 1735 575 1761 anima.
598 1735 624 1761 Si
651 1735 721 1761 enim
746 1734 796 1761 hoc
817 1738 897 1766 esset,
924 1735 996 1761 omni

210 1779 514 1807 modoineommutabilis
523 1785 602 1814 atque
614 1780 821 1814 ineorruptibilis
830 1785 909 1807 esset.
922 1779 997 1813 Quod

209 1824 231 1851 si
245 1829 323 1856 esset,
348 1833 397 1852 nec
416 1825 539 1852 deﬁceret
555 1826 580 1852 in
597 1826 721 1857 deterius,
746 1833 794 1852 nec
808 1824 947 1859 proﬁceret
971 1825 997 1851 in

210 1870 320 1903 melius;
336 1879 384 1898 nec
397 1871 495 1905 aliquid
511 1872 536 1898 in
548 1872 691 1906 semetipsa
707 1872 744 1899 vel
761 1872 888 1905 inciperet
900 1871 998 1897 habere

210 1916 278 1949 quod
305 1924 357 1944 non
382 1917 507 1949 habebat,
531 1918 572 1944 vel
592 1918 726 1945 desineret
745 1917 842 1946 habere
861 1917 930 1951 quod
950 1917 997 1943 lia-

210 1961 308 1994 bebat,
334 1968 460 1996 quantum
480 1962 513 1988 ad
539 1963 595 1996 ejus
625 1962 706 1996 ipsius
731 1962 884 1989 affectiones
915 1963 997 1996 perti-

210 2013 255 2034 net
270 2017 365 2042 :quam
381 2016 443 2035 vero
463 2009 539 2035 aliter
553 2016 582 2034 se
602 2008 707 2041 habeat,
732 2016 784 2035 non
798 2016 863 2042 opus
885 2012 926 2034 est
952 2015 998 2035 ex-

211 2054 340 2081 trinsecus
369 2054 545 2086 testimonio;
568 2054 687 2088 quisquis
719 2055 834 2087 seipsum
862 2054 997 2086 advertit,

209 2099 339 2131 agnoscit.
361 2099 468 2125 Frustra
483 2102 569 2126 autem
585 2099 680 2125 dicitur
702 2099 735 2125 ab
756 2099 795 2125 eis
818 2099 862 2133 qui
885 2100 998 2126 animam

210 2143 258 2171 Dei
272 2147 374 2177 partem
390 2151 449 2171 esse
462 2144 562 2177 volunt,
578 2144 646 2171 hanc
660 2144 716 2178 ejus
740 2145 825 2170 labem
841 2152 871 2171 ac
886 2144 999 2178 turpitu-

209 2190 300 2217 dinem
316 2198 393 2224 quam
405 2190 525 2217 videmus
537 2191 561 2217 in
574 2191 742 2224 nequissimis
758 2190 918 2222 hominibus,
932 2191 1000 2218 hanc

210 2236 324 2271 denique
340 2236 518 2263 inﬁrmitatem
536 2242 564 2264 et
583 2237 764 2271 aegritudinem
780 2245 857 2271 quam
872 2237 1000 2264 sentimus

211 2283 238 2310 in
249 2283 370 2310 omnibus
390 2283 550 2316 hominibus,
568 2291 619 2310 non
638 2291 671 2310 ex
685 2283 740 2318 ipsa
753 2283 788 2310 illi
803 2291 872 2316 esse,
897 2283 944 2311 sed
966 2291 999 2311 ex

212 2335 323 2362 corpore
345 2337 351 2355 ε
371 2328 433 2362 quid
453 2328 562 2355 interest
579 2328 649 2355 unde
667 2333 788 2363 :egrotet,
810 2336 868 2363 qum
887 2329 908 2355 si
929 2333 1000 2356 esset

212 2373 444 2406 incommutabilis,
460 2375 594 2402 undelibet
606 2379 735 2410 aegrotare
750 2383 802 2402 non
817 2376 923 2409 posset?
933 2375 998 2402 Nam

212 2418 281 2453 quod
298 2426 359 2446 vere
375 2420 590 2449 incommutabile
612 2425 638 2447 ct
661 2420 858 2455 incorruptibile
874 2424 925 2453 est,
940 2420 999 2447 nul-

212 2465 262 2491 lius
274 2465 311 2491 rei
322 2472 430 2492 accessu
442 2466 597 2492 commutari
613 2466 799 2500 velcorrumpi
811 2470 898 2500 potest
911 2474 917 2493 :
932 2466 999 2493 alio-

211 2510 273 2545 quin
290 2518 341 2537 non
362 2511 479 2538 Achillea
506 2515 617 2542 tantum,
641 2512 708 2538 sicut
723 2511 819 2539 fabulae
836 2511 934 2545 ferunt,
953 2512 998 2539 sed

213 2557 300 2583 omnis
314 2564 376 2584 caro
390 2561 460 2584 esset
475 2558 682 2590 invulnerabilis,
698 2558 718 2584 si
735 2558 823 2585 nullus
837 2558 860 2585 ei
869 2566 946 2585 casus
956 2566 999 2585 ac-

213 2602 322 2629 cideret.
337 2603 394 2630 Non
408 2608 450 2630 est
472 2604 559 2638 itaque
577 2607 669 2630 natura
688 2603 921 2637 incommutabilis,
942 2612 1000 2638 qua:

213 2648 302 2683 aliquo
316 2649 406 2680 modo,
426 2649 511 2683 aliqua
537 2656 626 2679 causa,
655 2649 742 2683 aliqua
765 2653 840 2683 parte
866 2649 999 2677 mutabilis

213 2697 269 2719 est:
282 2694 362 2721 Deum
376 2698 463 2721 autem
478 2694 550 2721 nel'as
561 2699 611 2728 est,
628 2694 677 2721 nisi
700 2701 762 2721 vere
778 2702 933 2729 summeque
960 2695 1001 2721 iii-

214 2740 428 2767 commutabilem
441 2739 559 2767 credere.
569 2739 625 2766 Non
634 2744 675 2766 est
686 2740 764 2774 igitur
773 2739 860 2766 anima
871 2747 931 2774 pars
943 2740 1000 2767 Dei.

250 2785 276 2812 4.
292 2785 476 2820 lneorpoream
490 2794 595 2821 quoque
608 2793 667 2813 esse
683 2786 809 2819 animam,
830 2781 879 2813 etsi
894 2786 1002 2814 difﬁcile

215 2830 375 2858 tardioribus
388 2832 539 2865 persuaderi
554 2835 651 2866 potest,
666 2831 729 2858 mihi
744 2836 831 2858 tamen
848 2832 932 2859 fateor
941 2839 1002 2859 esse

215 2883 380 2910 p’fl‘SURSUlll.
396 2877 447 2905 Sed
463 2885 494 2905 nc
506 2877 578 2905 verbi
593 2877 799 2905 controversiam
812 2877 853 2905 vel
866 2877 999 2913 superfluo

1779 179 1831 211 ω

1046 230 1149 264 faciam,
1162 233 1202 260 vel
1213 233 1309 261 merito
1321 235 1414 269 patiar,
1430 235 1624 270 quoniamcum
1634 235 1667 263 de
1676 244 1705 264 re
1711 242 1827 271 constat,

1045 284 1097 304 non
1109 282 1151 305 est
1162 286 1228 313 opus
1239 283 1343 307 cer-tare
1356 280 1389 308 de
1405 281 1510 308 nomine
1524 289 1531 307 :
1547 281 1568 308 si
1578 288 1680 316 corpus,
1686 285 1727 308 est
1741 282 1829 311 omnis

1044 323 1200 356 substantia,
1213 325 1253 351 vel
1268 326 1391 356 essentia.
1407 325 1483 353 velesi
1498 325 1561 361 quid
1568 326 1654 360 aptius
1666 331 1833 361 nuncupatur

1045 367 1071 394 id
1084 368 1154 403 quod
1166 369 1254 404 aliquo
1265 370 1343 397 modo
1356 375 1398 397 est
1412 371 1437 397 in
1452 371 1549 406 seipse,
1568 378 1664 406 corpus
1676 376 1717 399 est
1729 371 1829 398 anima.
1858 398 1862 401 .

1044 413 1109 441 ltem
1123 414 1145 441 si
1158 422 1216 442 eam
1231 415 1315 443 sclam
1334 416 1516 451 incorporeum
1534 417 1620 452 placet
1632 417 1767 452 appellare
1784 424 1833 447 na-

1044 464 1131 488 turam
1141 469 1200 496 quae
1215 470 1318 490 summe
1328 462 1554 491 incommutabilis
1563 467 1591 491 et
1604 463 1701 498 ubique
1711 467 1766 491 tota
1777 467 1830 497 est.

1044 513 1140 541 corpus
1154 511 1195 534 est
1205 508 1306 541 anima;
1320 509 1444 543 quoniam
1458 509 1510 537 tale
1528 509 1628 544 aliquid
1640 509 1696 543 ipsa
1711 516 1764 537 non
1778 513 1832 538 est.

1045 551 1128 578 Porro
1148 552 1169 579 si
1185 560 1281 587 corpus
1302 561 1354 581 non
1369 559 1420 587 est,
1434 554 1484 582 nisi
1499 554 1567 589 quod
1583 562 1631 589 per
1650 554 1702 583 loci
1716 555 1831 589 spatium

1045 596 1131 631 aliqua
1144 597 1317 632 longitudine,
1342 598 1489 632 latitudine,
1513 599 1649 628 altitudine
1672 599 1708 626 ita
1728 599 1832 627 sistitur

1044 642 1086 669 vel
1100 646 1230 675 movetur,
1245 648 1275 670 ut
1290 643 1388 678 majore
1401 645 1440 671 sui
1460 649 1532 679 parte
1544 644 1670 679 majorem
1686 644 1774 672 locum
1785 652 1833 674 oc-

1043 693 1132 722 cupet,
1146 693 1175 715 et
1188 689 1308 717 breviore
1328 690 1485 722 breviorem,
1505 691 1644 725 minusque
1664 691 1700 718 sit
1718 690 1745 718 in
1758 696 1833 725 parte

1044 740 1123 767 quam
1132 733 1157 760 in
1169 738 1234 768 toto,
1249 742 1303 761 non
1315 738 1356 762 est
1366 742 1462 770 corpus
1476 735 1572 775 anima.
1584 735 1634 763 Per
1644 739 1726 763 totum
1735 736 1833 771 quippe

1045 784 1141 812 corpus
1154 779 1224 813 quod
1244 780 1353 812 animat,
1367 787 1418 807 non
1435 780 1510 807 locati
1523 780 1674 813 dilfusione,
1695 780 1743 808 scd
1765 788 1833 815 qna-

1044 823 1104 851 dam
1117 824 1189 851 vitali
1204 824 1349 853 intentione
1363 825 1504 860 porrigitur
1518 834 1525 852 z
1540 833 1599 852 nam
1614 833 1660 860 per
1672 833 1765 853 omnes
1774 825 1833 860 ejus

1045 869 1187 904 particulas
1201 873 1254 897 tota
1272 871 1350 897 simul
1361 871 1445 904 adest,
1461 879 1511 898 nec
1526 871 1612 898 minor
1634 871 1661 898 in
1675 871 1833 905 minoribus,

1044 918 1071 941 et
1084 914 1110 941 in
1122 915 1266 949 majoribus
1279 916 1380 951 major;
1394 916 1442 944 sed
1457 916 1552 944 alicubi
1575 915 1712 948 intentius,
1733 916 1832 944 alicubi

1045 959 1192 992 remissius,
1208 964 1235 987 et
1249 960 1274 987 in
1292 960 1415 988 omnibus
1434 965 1499 995 tota,
1514 961 1579 989 etin
1592 961 1703 996 singulis
1715 965 1768 989 tota
1782 966 1834 989 est.

1044 1003 1136 1038 Neque
1150 1005 1221 1031 enim
1235 1005 1321 1038 aliter,
1346 1006 1417 1040 quod
1441 1006 1467 1033 in
1483 1013 1596 1041 corpore
1617 1007 1696 1034 etiam
1710 1014 1762 1033 non
1777 1010 1835 1045 toto

1027 1068 1030 1070 -
1046 1049 1157 1082 sentit‘,
1175 1054 1262 1078 tamen
1277 1055 1331 1078 tota
1347 1051 1428 1079 sentit
1442 1061 1448 1078 :
1465 1059 1526 1078 nam
1544 1059 1604 1079 eum
1621 1052 1716 1087 exiguo
1735 1056 1835 1087 puncto

1045 1094 1072 1121 in
1085 1102 1165 1122 carne
1175 1096 1235 1122 viva
1248 1096 1345 1131 aliquid
1360 1097 1484 1132 tangitur,
1500 1097 1619 1132 quamvis
1634 1097 1708 1124 locus
1718 1097 1764 1124 ille
1780 1104 1835 1124 non

1045 1140 1131 1167 solum
1147 1140 1226 1168 totius
1239 1143 1357 1176 corporis
1376 1149 1428 1169 non
1444 1142 1488 1174 sit,
1502 1142 1551 1170 sed
1562 1142 1606 1169 vix
1627 1142 1654 1169 in
1667 1149 1781 1177 corpore
1795 1142 1836 1169 vi-

1020 1214 1024 1221 ,
1046 1184 1150 1218 deatur,
1175 1186 1292 1214 animam
1314 1191 1400 1215 tamen
1420 1191 1503 1214 totam
1525 1182 1578 1215 non
1597 1188 1679 1221 latet;
1701 1195 1788 1223 neque
1808 1186 1836 1215 id

1046 1231 1115 1265 quod
1128 1231 1250 1265 sentitur,
1265 1239 1313 1266 per
1325 1232 1446 1267 corporis
1466 1237 1560 1260 cuncta
1572 1233 1708 1265 discurrit,
1728 1232 1775 1260 sed
1797 1233 1835 1260 ibi

1047 1279 1149 1303 tantum
1159 1277 1271 1303 sentitur
1284 1277 1328 1304 ubi
1339 1276 1377 1305 ﬁt.
1394 1269 1467 1305 Unde
1480 1285 1543 1313 ergo
1556 1278 1588 1305 ad
1602 1282 1683 1305 totam
1699 1286 1760 1305 mox
1774 1286 1836 1313 per-

1046 1321 1120 1349 venit
1133 1322 1203 1356 quod
1218 1330 1270 1349 non
1286 1322 1311 1349 in
1325 1327 1381 1350 toto
1393 1323 1431 1356 ﬁt,
1446 1323 1496 1350 nisi
1511 1324 1571 1358 quia
1582 1329 1608 1351 et
1621 1324 1657 1351 ibi
1671 1327 1725 1351 tota
1737 1328 1778 1351 est
1791 1324 1836 1352 ubi

1047 1366 1087 1400 ﬁt,
1106 1374 1156 1394 nec
1170 1371 1198 1394 ut
1213 1371 1265 1394 tota
1289 1368 1324 1395 ibl
1343 1369 1388 1401 sit,
1410 1373 1505 1396 cetera
1518 1369 1636 1397 deserit?
1650 1369 1749 1397 Vivnnt
1762 1369 1834 1397 enim

1047 1417 1073 1440 et
1089 1412 1131 1439 illa
1142 1420 1172 1440 ea
1189 1417 1328 1448 prtesente,
1348 1413 1393 1441 ubi
1407 1414 1473 1441 nihil
1489 1414 1539 1442 tale
1550 1414 1645 1442 factum
1658 1419 1709 1443 est.
1723 1414 1798 1448 Quod
1812 1416 1836 1444 si

1048 1458 1133 1490 ﬁeret,
1152 1462 1179 1486 et
1191 1463 1332 1494 utrumque
1354 1459 1432 1487 simul
1447 1460 1533 1494 ﬁeret,
1549 1460 1628 1487 simul
1642 1465 1782 1495 utrumque
1796 1464 1836 1489 to,

1049 1508 1102 1531 tam
1113 1504 1210 1538 pariter
1220 1512 1272 1532 non
1289 1504 1393 1533 lateret.
1407 1505 1520 1532 Proinde
1531 1510 1558 1533 et
1568 1506 1593 1532 in
1606 1506 1729 1534 omnibus
1746 1506 1836 1539 simul,

1048 1554 1076 1578 ct
1092 1550 1117 1577 in
1132 1551 1240 1586 singulis
1254 1551 1388 1586 particulis
1410 1552 1530 1587 corporis
1542 1552 1593 1585 sui,
1609 1556 1662 1582 tota
1677 1552 1756 1579 simul
1778 1559 1837 1580 esse

1048 1605 1100 1624 non
1112 1601 1211 1632 posset,
1227 1598 1248 1625 si
1264 1605 1311 1632 per
1325 1598 1384 1627 illas
1407 1598 1440 1625 ita
1454 1598 1655 1632 dill'underctur,
1672 1603 1700 1628 ut
1717 1598 1838 1627 videmus

1049 1649 1161 1678 corpora
1176 1643 1269 1670 diﬁ‘usa
1292 1651 1340 1678 per
1353 1644 1437 1678 spatia
1460 1643 1591 1677 locorum,
1616 1643 1762 1671 minoribus
1783 1644 1838 1672 suis

1050 1688 1168 1723 partibus
1182 1689 1285 1716 minora
1304 1695 1445 1723 occupare,
1468 1694 1496 1716 et
1509 1689 1683 1723 amplioribus
1695 1689 1837 1724 ampliora.

1049 1735 1215 1769 Quapropter
1230 1734 1251 1761 si
1264 1734 1351 1761 anima
1364 1741 1460 1769 corpus
1470 1742 1529 1762 esse
1542 1733 1653 1762 dicenda
1663 1738 1714 1767 est,
1730 1741 1782 1760 non
1796 1738 1838 1760 est

1050 1784 1121 1807 certe
1134 1787 1230 1814 corpus
1240 1780 1317 1814 quale
1330 1784 1462 1807 terrenum
1473 1784 1524 1813 est,
1537 1787 1586 1807 nec
1598 1779 1676 1815 quale
1687 1779 1836 1812 humidum,

1050 1830 1094 1852 aut
1105 1825 1216 1858 acrium,
1228 1829 1275 1860 aut
1289 1824 1437 1852 a:tbcrium.
1451 1824 1544 1852 Omnia
1558 1825 1654 1860 quippe
1666 1825 1728 1853 talia
1738 1824 1837 1859 majora

1034 1877 1036 1879 '
1050 1875 1112 1898 sunt
1130 1870 1157 1898 in
1172 1870 1316 1905 majoribus
1331 1870 1407 1904 locis,
1432 1875 1459 1898 et
1480 1871 1582 1898 minora
1602 1870 1627 1897 in
1641 1870 1796 1902 minoribus,
1812 1874 1839 1898 et

1051 1916 1116 1943 nihil
1129 1924 1220 1944 eorum
1234 1916 1259 1943 in
1274 1916 1361 1951 aliqua
1383 1916 1422 1943 sui
1443 1920 1516 1951 parte
1531 1921 1614 1943 totum
1629 1916 1723 1948 adest;
1747 1915 1793 1943 sed
1810 1920 1838 1942 ut

1051 1967 1112 1991 sunt
1128 1968 1218 1998 partes
1232 1962 1362 1995 locorum,
1379 1962 1414 1989 ita
1428 1966 1589 1997 occupantur
1610 1961 1729 1997 partibus
1741 1969 1839 1996 corpo-

1051 2015 1120 2035 rum.
1134 2007 1210 2035 Unde
1231 2008 1385 2042 intelligitur
1405 2008 1502 2041 anima,
1525 2007 1581 2035 sive
1602 2015 1708 2041 corpus,
1729 2006 1785 2033 sive
1799 2006 1840 2033 in—

1051 2060 1179 2087 corporea
1192 2052 1301 2080 dicenda
1317 2053 1360 2084 sit,
1373 2053 1506 2087 propriam
1525 2052 1666 2087 quamdam
1682 2052 1780 2079 habere
1792 2059 1838 2079 na—

1053 2101 1148 2129 turam,
1166 2097 1289 2125 omnibus
1310 2097 1352 2124 his
1379 2097 1518 2124 mundana:
1537 2097 1614 2125 molis
1638 2097 1776 2124 elementis
1789 2104 1838 2125 eli.-

1052 2144 1207 2174 cellentiore
1227 2143 1372 2170 substantia
1394 2147 1509 2171 creatam
1522 2164 1529 2177 ,
1553 2151 1612 2179 qum
1635 2143 1764 2171 veraciter
1786 2151 1839 2171 non

1052 2188 1135 2223 possit
1160 2188 1186 2215 in
1208 2188 1295 2223 aliqua
1320 2188 1456 2223 phantasia
1483 2189 1660 2224 corporalium
1683 2189 1836 2224 imaginum,

1051 2240 1117 2269 quas
1129 2241 1175 2268 per
1184 2235 1270 2261 carnis
1281 2241 1374 2261 sensus
1385 2234 1554 2269 percipimus,
1565 2234 1684 2269 cogitari,
1693 2235 1739 2262 scd
1752 2239 1840 2272 mente

1053 2279 1172 2314 intelligi,
1186 2280 1290 2314 vitaque
1305 2280 1405 2309 sentiri.
1422 2279 1512 2314 Neque
1532 2279 1589 2307 haec
1610 2280 1721 2314 proinde
1735 2280 1839 2315 loquor,

1053 2329 1081 2352 ut
1096 2329 1121 2352 te
1133 2333 1192 2360 qua:
1212 2325 1259 2352 tibi
1285 2330 1347 2352 nota
1370 2331 1432 2355 sunt
1452 2325 1582 2353 doceam:
1598 2324 1645 2352 sed
1673 2329 1702 2352 ut
1722 2326 1840 2361 aperiam

1052 2371 1114 2405 quid
1130 2370 1281 2398 ﬁrmiSsime
1297 2371 1330 2398 de
1343 2371 1431 2404 apima
1444 2376 1557 2404 teneam,
1573 2378 1607 2398 ne
1627 2378 1671 2398 me
1689 2373 1839 2406 quisquam,

1052 2424 1112 2443 cum
1125 2415 1159 2443 ad
1172 2423 1202 2443 ea
1215 2423 1313 2443 venero
1336 2423 1395 2452 quae
1416 2417 1533 2451 requiro,
1555 2415 1620 2444 nihil
1647 2415 1682 2443 de
1694 2416 1782 2443 anima
1796 2417 1839 2444 vel

1052 2461 1160 2488 scientia
1171 2460 1213 2488 vel
1228 2460 1279 2488 ﬁde
1293 2465 1383 2491 tenere
1396 2461 1548 2488 arbitretur.

1087 2507 1113 2534 5.
1129 2506 1224 2534 Certus
1236 2506 1314 2534 etiam
1328 2514 1386 2533 sum
1401 2506 1514 2532 animam
1531 2506 1600 2534 nulla
1612 2506 1657 2534 Dei
1671 2506 1842 2541 culpa,nulla

1053 2552 1100 2579 Dei
1115 2551 1272 2580 necessitate
1287 2551 1328 2579 vel
1338 2559 1396 2584 sua,
1412 2551 1457 2578 sed
1469 2551 1573 2586 propria
1587 2552 1722 2579 voluntate
1734 2552 1761 2579 in
1776 2559 1842 2587 pec-

1053 2603 1141 2626 catum
1155 2605 1214 2625 esse
1229 2598 1371 2632 collapsam
1387 2606 1393 2624 :
1409 2605 1457 2624 nec
1472 2598 1575 2625 liberari
1590 2605 1669 2633 posse
1681 2599 1715 2626 de
1728 2606 1842 2634 corpore

1052 2644 1146 2671 mortis
1159 2644 1237 2678 hujus
1250 2643 1292 2670 vel
1310 2651 1365 2671 suae
1377 2644 1518 2671 voluntatis
1534 2644 1640 2677 virtute,
1656 2648 1777 2680 tanquam
1790 2645 1841 2673 sibi

1053 2689 1086 2716 ad
1100 2689 1151 2717 hoc
1164 2689 1322 2723 sufﬁciente,
1336 2689 1380 2717 vel
1392 2690 1474 2724 ipsius
1485 2690 1604 2724 corporis
1616 2695 1713 2724 morte,
1724 2691 1770 2718 sed
1781 2699 1844 2726 gra-

1055 2735 1090 2763 tia
1104 2735 1150 2762 Dei
1166 2742 1211 2769 per
1224 2734 1454 2762 JesumChristum
1468 2735 1606 2763 Dominum
1622 2741 1741 2764 nostrum
1751 2737 1841 2771 (Rom.

1054 2789 1101 2813 vit,
1113 2781 1158 2814 24,
1173 2780 1237 2816 25);
1256 2788 1304 2809 nec
1316 2781 1425 2808 omnino
1438 2788 1497 2808 esse
1509 2782 1624 2809 animam
1647 2782 1726 2809 ullam
1752 2782 1778 2809 in
1798 2790 1844 2817 ge-

1055 2833 1120 2853 nere
1135 2826 1258 2859 humano,
1274 2826 1318 2855 cui
1330 2834 1382 2854 non
1392 2826 1428 2854 sit
1440 2827 1606 2854 necessarius
1614 2827 1647 2854 ad
1658 2827 1840 2855 liberationem

1087 2883 1095 2898 ί
1114 2886 1165 2908 Mss.
1181 2882 1283 2916 aliquot,
1294 2881 1358 2916 quod
1373 2881 1397 2908 in
1415 2888 1513 2914 corpore
1525 2889 1570 2909 non
1593 2887 1639 2909 toto
1655 2883 1682 2916 [it
1694 2887 1781 2914 tanwu,
1795 2885 1843 2909 etc.
