4154 6354
509 335 616 390 723

507 447 768 508 mediator
791 445 880 502 Dei
903 454 957 502 et
984 445 1252 500 hominum
1281 443 1442 498 homo
1463 439 1710 496 Christus
1733 439 1906 496 Jesus.
1931 437 2086 504 Quae-

505 554 735 611 cumque
761 549 936 607 autem
969 539 1084 593 sine
1109 537 1274 607 gratia
1304 533 1604 589 illediatoris
1643 541 1700 587 et
1741 532 2087 587 Sacramento

505 632 642 696 eius,
671 631 724 685 in
761 629 994 700 qualibet
1033 627 1273 697 corporis
1297 634 1471 687 attatc,
1508 623 1576 678 de
1603 637 1828 692 corpore
1871 621 2079 688 exierit,

503 725 638 780 etin
671 736 881 792 patinam
922 719 1174 786 futuram,
1209 727 1265 772 et
1297 718 1351 772 in
1380 717 1566 773 ultimo
1602 714 1808 787 judicio
1837 722 2081 782 receptu-

498 831 619 884 ram
646 828 838 886 corpus
862 812 928 867 ad
969 825 1202 882 pinnam.
1230 810 1286 866 Si
1313 818 1490 870 autem
1520 815 1642 877 post
1683 805 2081 878 generationem

499 887 810 970 humanam,
841 916 960 973 quae
995 901 1133 956 facta
1173 909 1257 956 est
1298 915 1362 954 ex
1413 897 1605 962 Adam,
1639 902 1985 967 regeneretur
2029 893 2086 965 in

497 993 714 1056 Ghristo
765 993 833 1050 ad
878 992 996 1062 ejus
1041 992 1312 1063 pertinens
1342 990 1702 1059 societatem,
1749 994 1804 1041 et
1844 985 2082 1056 requiem

498 1092 624 1156 post
662 1093 885 1139 mortem
926 1082 1164 1153 corporis
1195 1081 1513 1144 habituram,
1551 1085 1608 1133 et
1628 1091 1822 1146 corpus
1857 1075 1925 1131 ad
1968 1075 2083 1144 glo-

496 1177 634 1249 riam
663 1185 1016 1246 recepturam.
1055 1174 1178 1229 llaec
1197 1181 1322 1228 sunt
1344 1187 1462 1242 qua:
1482 1171 1550 1228 de
1575 1170 1750 1228 anima
1778 1167 2081 1244 ﬁrmissime

495 1277 676 1328 teneo.
1373 1251 1378 1258 ’

567 1355 794 1417 CAPUT
819 1353 907 1412 lll.
931 1384 1007 1398 —
1031 1355 1086 1415 6.
1114 1353 1264 1410 Nunc
1295 1353 1494 1426 accipe,
1518 1365 1721 1422 quaeso,
1749 1349 1872 1421 quid
1898 1349 2080 1419 requi-

497 1463 634 1514 ram,
677 1455 734 1504 et
761 1448 867 1504 noli
897 1462 983 1502 me
1018 1459 1303 1517 spernere;
1349 1444 1427 1505 sic
1465 1458 1572 1497 non
1596 1444 1610 1474 ⁸
1635 1451 1687 1496 te
1728 1450 1947 1510 spernat
1990 1440 2080 1510 qui

493 1555 596 1620 pro
621 1540 776 1596 nobis
801 1539 1046 1610 dignatus
1079 1547 1160 1596 est
1191 1537 1391 1606 sperni.
1419 1535 1611 1618 Quaero
1638 1533 1724 1595 ubi
1749 1532 2080 1606 contraxerit

496 1633 669 1699 anima
695 1641 900 1692 reatum
922 1645 1028 1702 quo
1057 1629 1281 1700 trahitur
1299 1629 1350 1684 in
1377 1626 1895 1698 condemnationem,
1915 1624 2075 1679 etiam

491 1723 707 1794 infantis
736 1733 906 1777 morte
941 1720 1214 1792 praeventi,
1241 1719 1286 1774 si
1318 1716 1369 1774 ei
1399 1733 1496 1788 per
1528 1707 1928 1774 Sacramentum
1970 1729 2077 1784 quo

493 1815 652 1878 etiam
697 1813 897 1884 parvuli
944 1812 1315 1887 baptiaantiir,
1352 1809 1549 1864 Christi
1583 1808 1753 1878 gratia
1795 1823 1899 1862 non
1947 1807 2075 1860 sub-

489 1904 714 1960 venerit.
745 1903 863 1958 Non
890 1901 1032 1960 enim
1062 1916 1122 1957 es
1144 1916 1211 1976 ex
1237 1902 1338 1955 illis
1359 1899 1449 1971 qui
1481 1900 1640 1954 modo
1665 1913 1800 1953 nova
1829 1897 2072 1968 quaedam

483 1997 690 2067 garrire
731 2004 1029 2066 coeperunt,
1075 1993 1314 2051 dicentes
1357 1990 1557 2062 nullum
1603 1998 1806 2056 reatum
1845 2002 1965 2052 esse
2008 2003 2073 2053 cx

488 2085 668 2140 Adam-
690 2094 936 2147 tractum,
969 2085 1056 2154 qui
1088 2099 1183 2154 per
1204 2083 1532 2157 Baptismum
1576 2080 1628 2134 in
1668 2079 1866 2137 infante
1896 2079 2072 2148 solva-

487 2185 593 2230 tur.
622 2175 773 2244 Quod
796 2184 846 2228 te
879 2189 1070 2244 sapere
1097 2174 1142 2228 si
1171 2173 1384 2239 scirem,
1414 2165 1522 2232 imo
1553 2170 1656 2231 nisi
1683 2179 1736 2225 te
1761 2169 1813 2223 id
1852 2183 1956 2226 non
1987 2184 2074 2224 sa-

416 2294 418 2296 τ
464 2267 616 2338 pere
647 2254 860 2332 scirem,
899 2281 1228 2336 nequaquam
1265 2249 1384 2322 hoc
1409 2265 1506 2319 abs
1545 2272 1599 2319 te
1637 2277 1932 2333 quaererem
1981 2270 2072 2316 aut

483 2357 828 2442 quaerendum
856 2364 1119 2427 putarem.
1161 2356 1266 2413 Sed
1309 2357 1429 2426 quia
1471 2364 1713 2412 tenemus
1757 2354 1827 2412 de
1871 2353 1970 2408 hac
2010 2368 2070 2409 re

483 2451 802 2514 sententiam
831 2456 973 2516 tuam
995 2449 1363 2520 concinentem
1383 2445 1657 2520 catholica:
1686 2445 2068 2512 laudatissima

482 2537 630 2606 ﬁdei,
661 2548 762 2608 qua
799 2545 856 2593 et
887 2525 1152 2592 .Iovluiani
1183 2538 1478 2606 vaniloquia
1517 2536 1858 2608 redarguens,
1910 2535 2066 2591 adhi-

481 2627 644 2686 buisti
683 2627 1040 2703 testimonium
1083 2643 1150 2684 ex
1183 2628 1322 2683 libro
1362 2627 1464 2682 Job
1492 2669 1506 2689 .
1551 2613 1716 2684 Nemo
1754 2611 1976 2698 mundus
2012 2631 2068 2684 in

465 2726 746 2789 {conspectu
785 2727 892 2786 tuo,
933 2735 1023 2773 nec
1055 2709 1224 2790 infans
1245 2719 1391 2788 cujus
1410 2728 1484 2772 est
1499 2718 1600 2773 diei
1620 2720 1767 2775 unius
1791 2720 1893 2773 vita
1913 2735 2067 2789 super

479 2807 787 2878 terramUob
805 2823 901 2877 xv,
932 2808 986 2876 4,
1017 2824 1119 2882 sec.
1150 2807 1336 2880 LXX).
1360 2808 1551 2864 deinde
1574 2808 1882 2879 adjunxisti,
1908 2807 2066 2863 Tene-

473 2914 685 2968 stmrque
709 2900 786 2968 rei
798 2898 851 2953 in
877 2889 1204 2958 similitudine
1222 2900 1650 2971 prmaricationis
1671 2900 1796 2954 Adin
1823 2898 2060 2973 (Hieron.

477 2989 567 3061 tib.
592 2989 628 3046 2
645 2988 885 3057 aduersus
905 2986 1140 3064 δουίη.);
1168 2999 1220 3047 et
1244 2991 1377 3056 liber
1400 2999 1521 3045 tuus
1542 2991 1594 3045 in
1618 2990 1805 3045 Jonam
1833 2990 2066 3060 prophe-

477 3096 584 3139 tam
616 3086 746 3139 satis
768 3086 872 3141 hoc
912 3085 1190 3156 insigniter
1217 3071 1551 3154 dilucideque
1577 3084 1837 3151 declarat,
1866 3084 1952 3139 ubi
1973 3084 2061 3156 je-

473 3181 661 3250 jtmare
705 3181 954 3254 parvulos
993 3189 1212 3258 propter
1247 3179 1418 3248 ipsum
1462 3178 1717 3247 originale
1759 3188 2058 3250 peccatum,

471 3272 667 3338 merito
692 3281 906 3328 coactos
941 3285 1060 3326 esse
1086 3269 1265 3325 dixisti
1287 3270 1306 3341 (
1332 3268 1417 3324 Id.
1447 3270 1500 3323 in
1526 3267 1755 3342 lanam)
1787 3288 1801 3323 :
1845 3283 1952 3324 non
1981 3271 2061 3323 in-

473 3362 852 3426 convenienter
877 3363 973 3417 abs
1017 3369 1068 3416 te
1092 3375 1294 3432 qurere,
1345 3361 1485 3416 hunc
1529 3369 1735 3416 reatum
1767 3360 1942 3414 anima
1969 3361 2059 3416 ubi

471 3453 816 3516 contraxerit,
845 3451 986 3507 unde
1023 3458 1266 3522 Oporteat
1293 3467 1410 3506 eam
1450 3452 1611 3506 etiam
1665 3451 1716 3504 in
1767 3451 1855 3506 illa
1901 3459 2058 3506 actate

470 3559 568 3620 per
588 3543 990 3600 Saeramentum
1016 3541 1316 3597 christiana:
1341 3541 1522 3612 gratia:
1549 3541 1783 3597 liberari.

545 3635 597 3700 Ἰ.
651 3634 765 3705 Ego
813 3632 1025 3714 quidem
1063 3640 1186 3696 ante
1225 3634 1426 3714 aliquot
1473 3621 1688 3709 annos,
1731 3646 1852 3702 cum
1894 3631 2058 3687 libros

471 3725 736 3804 quosdam
754 3711 1042 3804 scriberem
1065 3725 1132 3781 de
1160 3711 1355 3781 Libero
1385 3725 1643 3791 Arbitrio,
1666 3725 1754 3795 qui
1782 3725 1833 3778 in
1863 3724 2057 3804 multo-

470 3833 590 3873 rum
617 3833 804 3894 manus
829 3818 1093 3887 exierunt,
1129 3825 1186 3874 et
1222 3833 1362 3873 nunc
1403 3817 1668 3872 habentur
1709 3831 1738 3870 a
1786 3803 2052 3893 plurimis,

469 3920 694 3983 quatuor
717 3897 994 3988 opiniones
1019 3912 1088 3968 de
1126 3911 1318 3966 animae
1345 3911 1726 3976 incarnatione,
1771 3906 1960 3972 Utrum
1987 3923 2053 3964 ex

466 4003 556 4058 illa
583 4018 685 4058 una
711 4019 830 4076 qua:
853 4005 1022 4074 primo
1055 4001 1258 4076 homini
1289 4003 1409 4074 data
1453 4011 1557 4069 est,
1604 4008 1812 4056 etatem
1858 4015 2054 4070 propa-

466 4104 656 4168 gentur
682 4113 698 4154 :
725 4092 794 4173 an
819 4096 1041 4167 singulis
1068 4095 1367 4166 quibusque
1412 4085 1563 4149 novat
1607 4093 1766 4148 etiam
1797 4091 1960 4159 modo
1984 4091 2049 4145 li-

463 4195 558 4243 ‘ant
581 4204 680 4242 :an
699 4171 890 4262 alicubi
911 4188 1020 4256 jam
1046 4187 1353 4251 existentes,
1374 4184 1454 4242 vel
1485 4182 1760 4254 mittantur
1777 4182 2047 4249 divinitus,

459 4277 551 4346 Vel
587 4261 774 4352 sponte
802 4263 1137 4347 labanturiu
1167 4291 1420 4345 corpora;
1462 4276 1533 4330 ila
1559 4274 1738 4345 putavi
1782 4288 1900 4329 esse
1934 4282 2049 4328 tra-

462 4368 705 4434 ctandas,
737 4374 800 4439 ut
826 4367 1074 4438 quaslibet
1098 4382 1278 4421 earum
1303 4381 1429 4423 vera
1453 4373 1616 4430 esset,
1637 4380 1742 4439 non
1765 4365 2050 4434 impediret

460 4434 809 4530 intentionem
843 4434 1060 4524 Vineam,
1097 4472 1198 4526 qua
1243 4466 1366 4516 tunc
1406 4434 1676 4532 adversus
1697 4471 1789 4510 eos
1835 4455 2046 4526 quantis

457 4555 703 4618 poteram
729 4547 930 4606 viribus
952 4547 1190 4617 agebam,
1219 4547 1307 4616 qui
1329 4556 1580 4617 naturam
1613 4547 1738 4622 maliv
1767 4562 1864 4600 suo
1903 4547 2047 4614 prin-

459 4637 602 4711 cipio
625 4636 901 4712 pmditam
921 4639 964 4703 ',
986 4637 1240 4696 adversus
1280 4641 1442 4695 Deum
1469 4647 1728 4704 conantur
1770 4638 2042 4708 inducere,

456 4730 512 4788 id
539 4739 620 4798 est
640 4738 826 4792 contra
845 4729 1162 4803 Maniclneos
1193 4729 1293 4807 (De
1313 4731 1492 4787 Libero
1511 4731 1750 4810 Arbitrio,
1789 4731 1874 4802 lib.
1915 4732 1950 4786 '5
1987 4745 2040 4801 c.

454 4822 548 4894 21)
585 4839 754 4892 :nam
780 4825 852 4885 de
880 4827 1296 4899 Priscillianistis
1337 4811 1519 4883 adhuc
1568 4827 1698 4881 nihil
1743 4825 2038 4893 audieram,

455 4913 547 4984 qui
572 4929 679 4972 non
712 4920 937 4982 mitium
960 4919 1029 4982 ah
1053 4919 1171 4978 istis
1195 4918 1480 4982 dissimiles
1505 4917 1861 4988 blasphemias
1883 4916 2038 4972 fabu-

453 5005 649 5063 lantur.
683 5007 799 5066 ldes
855 4999 1074 5082 mimum
1106 5010 1408 5084 opinionem
1436 5023 1545 5064 non
1563 5007 1762 5072 addidi,
1793 5022 1952 5078 quam
1981 5008 2036 5063 in

445 5102 545 5152 tua
561 5097 788 5169 epistola
812 5099 951 5157 inter
974 5110 1197 5156 crateras
1223 5093 1675 5173 commemorasti,
1710 5112 1780 5154 ue
1805 5097 2036 5168 aliquam

453 5187 777 5258 pmterires.
803 5189 895 5246 ubi
912 5189 981 5246 de
1008 5189 1109 5248 hac
1145 5193 1438 5261 quaestione
1465 5187 1815 5263 interroganti
1844 5189 2038 5243 rescri-

447 5279 890 5353 psistireligiosa:
933 5281 1208 5338 memoria:
1243 5281 1380 5347 viro,
1429 5281 1687 5352 nobisque
1735 5281 1788 5335 in
1837 5279 2034 5335 Christi

449 5370 712 5426 hilaritate
731 5371 1032 5442 gratissimo
1053 5371 1378 5437 Marcellino,
1406 5370 1549 5442 quod
1570 5371 1746 5426 anima
1774 5377 1798 5412 ³
1821 5369 1889 5424 sit
1909 5383 2034 5451 pars

513 5508 533 5618 ἒ
569 5518 677 5560 uss.
695 5510 975 5574 mutumst
1001 5522 1096 5564 non
1117 5517 1164 5563 te
1185 5513 1396 5578 spernat.
1421 5506 1531 5558 Bad.
1564 5513 1616 5558 et
1636 5513 1731 5566 En,
1747 5518 1807 5556 ne
1833 5514 1878 5572 te
1899 5521 2035 5574 sper-

571 5639 701 5693 lov.,
723 5635 922 5686 editam.
941 5642 994 5687 At
1023 5635 1269 5688 editiones
1300 5631 1603 5697 antiquiores
1623 5636 1680 5684 ει
1700 5637 1828 5699 Μεθ’»
1851 5638 2032 5703 imm“.-

449 5698 686 5827 ’ωῗὲλωη
707 5753 866 5828 enim
882 5767 975 5811 non
1000 5755 1061 5834 sit
1079 5769 1194 5822 pars
1347 5753 1675 5831 Espuotimus
1699 5769 2033 5839 negationem

1741 325 1802 380 s.
1839 320 2198 385 aususnon
2241 323 2540 404 lZPlSLUt’i

3670 335 3768 395 ω

2193 435 2286 491 Dei
2318 454 2332 492 :
2359 439 2550 510 primo,
2573 442 2692 512 quia
2715 457 2820 497 non
2849 443 2916 500 de
2958 443 3321 503 incarnatione
3359 447 3495 518 ejus,
3545 449 3639 506 sed
3688 452 3758 509 de

2192 537 2376 585 natura
2394 533 2665 601 quarritur,
2689 549 2813 590 cum
2842 535 2942 590 hoc
2966 537 3246 606 qumritur;
3269 538 3486 607 deinde,
3513 541 3638 610 quia
3660 541 3765 600 hoc

2189 622 2423 676 sentiunt
2449 623 2519 678 illi
2541 633 2730 680 contra
2749 641 2884 696 quos
2909 627 3152 696 agebam,
3191 637 3246 684 et
3279 629 3332 684 id
3370 631 3600 687 maxime
3645 647 3771 704 age-

2187 709 2310 764 bam
2339 721 2397 772 ut
2422 714 2690 774 Creatoris
2718 716 3088 787 inculpabilem
3115 719 3584 793 inviolabilemque
3609 733 3762 782 natu.

2188 814 2301 864 ram
2326 817 2356 855 a
2381 815 2641 863 creatura:
2668 806 2809 866 vitiis
2835 817 2892 864 et
2929 809 3047 876 iabe
3074 825 3437 879 secernerem,
3457 828 3582 868 cum
3617 814 3696 868 illi
3733 829 3770 866 a

2188 891 2481 971 substantia
2501 897 2740 966 mali,cui
2764 900 3037 969 proprium
3061 902 3373 973 principium
3397 903 3765 974 principesque

2189 982 2446 1052 tribuunt,
2477 979 2646 1056 ipsam
2671 989 2797 1044 boni
2828 989 2921 1064 Dei
2944 991 3293 1060 substantiam
3312 1007 3382 1049 ex
3409 1005 3561 1064 parte
3599 1011 3703 1064 qua
3748 999 3765 1028 ³

2183 1077 2337 1154 capta
2359 1087 2463 1144 est,
2507 1090 2808 1151 corruptam
2831 1091 2888 1145 et
2927 1099 3262 1156 oppressam,
3302 1095 3358 1140 et
3397 1087 3465 1153 ad
3509 1088 3764 1156 peccandi

2185 1170 2556 1244 necessitatem
2582 1173 2890 1242 perductam
2921 1189 3040 1229 esse
3065 1175 3405 1249 contendant.
3443 1175 3558 1234 Hoc
3591 1178 3768 1248 itaque

2183 1269 2409 1330 excepto
2445 1259 2710 1318 haeretica:
2735 1264 3000 1333 Opinionis
3040 1280 3245 1332 errore,
3287 1280 3354 1320 ex
3381 1257 3608 1336 quatuor
3633 1268 3760 1322 reli-

2184 1352 2304 1426 quis
2328 1350 2666 1420 opinionibus
2691 1369 2936 1424 quamam
2962 1355 3032 1410 sit
3053 1355 3293 1426 eligenda
3331 1356 3471 1414 scire
3490 1356 3757 1425 desidero.

2181 1431 2540 1514 Qumcumquc
2579 1445 2720 1509 enim
2764 1447 3002 1517 eligenda
3039 1457 3160 1516 est,
3212 1448 3351 1518 absit
3391 1459 3449 1502 ut
3490 1449 3766 1520 impugnet

2183 1532 2322 1595 hanc
2350 1534 2507 1590 ﬁdem
2548 1535 2614 1592 de
2659 1553 2760 1607 qua
2799 1539 2933 1594 certi
2957 1554 3160 1604 sumus,
3207 1542 3352 1610 enini
3377 1542 3569 1599 anima:
3596 1543 3758 1606 etiam

2177 1624 2384 1699 parvuli
2404 1623 2621 1696 infantis
2639 1628 2989 1694 necessariam
3010 1645 3129 1684 esse
3151 1630 3512 1688 liberationem
3539 1647 3605 1687 es
3626 1615 3764 1688 obii»;

2179 1715 2636 1787 galioneopeccati,
2667 1733 2895 1790 eamque
2916 1721 3118 1780 nullam
3152 1736 3273 1790 esse
3305 1723 3407 1777 nis:
3447 1737 3542 1792 per
3575 1723 3759 1782 Jesum

2177 1804 2470 1869 Christum,
2499 1806 2714 1863 ethunc
2737 1810 3076 1864 crucifixum.
3754 1792 3760 1798 ι

2248 1894 2474 1954 CAPUT
2500 1897 2589 1960 ιν.
2606 1899 2744 1954 -8.
2773 1899 3002 1969 Proinde
3023 1918 3091 1956 ne
3118 1902 3327 1972 longum
3357 1900 3639 1967 iaciamus,
3660 1902 3762 1964 hoc

2175 1997 2323 2044 certe
2349 1989 2516 2043 sentis
2534 1989 2675 2059 quod
2698 1990 2934 2060 singulas
2959 1995 3164 2052 animas
3182 1994 3401 2065 singulis
3422 1995 3760 2050 nascentibus

2172 2078 2337 2139 etiam
2375 2079 2536 2135 modo
2566 2081 2704 2136 Deus
2730 2083 2904 2139 faciat.
2941 2082 3040 2139 Cui
3069 2089 3348 2140 sementim
3386 2102 3453 2142 ne
3479 2087 3759 2156 obiiciatur

2175 2170 2318 2240 quod
2347 2186 2534 2226 omnes
2558 2182 2830 2244 creaturas
2855 2185 3009 2231 sexto
3033 2176 3122 2232 die
3148 2180 3598 2245 consummaverit
3618 2165 3758 2248 Deus

2173 2270 2229 2315 et
2255 2261 2483 2330 septimo
2519 2263 2605 2318 die
2644 2265 2996 2334 requieverit,
3022 2267 3246 2336 adhibes
3287 2270 3647 2325 tL‘SlilliOttlulil
3692 2251 3760 2327 es

2173 2349 2485 2422 Evangelia,
2501 2352 2802 2432 Patermeus
2815 2373 2972 2428 usque
2986 2375 3118 2412 nunc
3131 2370 3370 2428 operatur
3380 2360 3557 2426 (Joau.
3576 2378 3628 2426 γ,
3646 2363 3732 2431 i7)
3743 2399 3757 2415 .

2173 2440 2265 2508 Sic
2288 2443 2430 2497 enim
2470 2444 2537 2498 ad
2577 2445 2937 2502 Marcellinum
2977 2449 3349 2517 scripsistizin
3388 2466 3491 2520 qua
3533 2452 3761 2524 epistoia

2171 2533 2332 2592 etiam
2361 2534 2464 2588 mei
2483 2538 3045 2609 commemorationem
3065 2540 3559 2604 benevolentissime
3581 2541 3758 2597 lacero

2170 2623 2416 2698 dignatus
2439 2640 2501 2680 es
2521 2667 2537 2692 ,
2569 2626 2707 2696 quod
2739 2626 2824 2688 hic
2867 2644 2954 2682 me
2997 2629 3217 2684 haberet
3255 2631 3306 2684 in
3339 2629 3515 2686 Africa
3535 2671 3550 2696 ,
3578 2631 3666 2701 qui
3705 2631 3756 2688 ei

2163 2713 2339 2785 ipsam
2382 2714 2588 2774 facilius
2634 2732 2847 2787 possem
2892 2719 3161 2788 explicare
3210 2721 3526 2785 sententiam
3567 2722 3754 2792 (δίψη

2169 2812 2314 2884 epist.
2358 2812 2502 2884 165).
2542 2812 2694 2878 Quod
2734 2815 2778 2868 si
2817 2816 3106 2884 potuissem
3128 2857 3144 2882 ,
3172 2830 3278 2871 non
3320 2817 3408 2886 ille
3443 2816 3546 2878 hoc
3575 2818 3671 2872 abs
3705 2827 3758 2874 te

2167 2910 2277 2960 tam
2303 2903 2458 2972 longe
2478 2903 2650 2972 posito
2676 2903 2966 2974 inquireret
2984 2923 2998 2969 .1
3025 2906 3068 2960 si
3101 2916 3274 2962 tamen
3301 2907 3354 2961 id
3377 2907 3468 2962 tibi
3494 2923 3562 2962 ex
3578 2908 3755 2963 Africa

2167 2993 2398 3063 scripsit.
2437 2993 2568 3048 Nam
2598 2995 2812 3065 quando
2847 2998 3119 3068 scripserit
3158 2999 3373 3065 nescio;
3403 3006 3606 3055 tantum
3641 3001 3755 3056 scio

2165 3085 2307 3157 quod
2349 3086 2418 3142 de
2457 3087 2560 3145 hoc
2602 3089 2734 3143 bene
2762 3073 3070 3162 cognoverit
3110 3092 3499 3152 cunctationem
3529 3084 3749 3148 meam:

2167 3177 2308 3247 unde
2334 3193 2420 3232 me
2449 3180 2747 3250 inconsulto
2775 3179 2948 3236 facere
2977 3182 3161 3237 voiuit.
3190 3181 3498 3253 Quanquam
3525 3184 3681 3238 etiam
3704 3185 3749 3239 si

2164 3269 2487 3336 consuleret,
2519 3271 2687 3341 magis
2721 3270 3001 3350 hortarer,
3031 3282 3082 3326 et
3120 3273 3316 3343 gratias
3359 3289 3569 3344 agerem
3608 3275 3752 3344 quod

2154 3359 2318 3414 nobis
2353 3360 2600 3416 omnibus
2637 3360 2868 3427 conferri
2895 3363 2915 3393 '
2942 3374 3122 3432 posset
3145 3405 3158 3426 ,
3191 3364 3291 3418 nisi
3328 3372 3383 3418 tu
3413 3363 3642 3419 breviter
3664 3380 3753 3420 re-

2161 3450 2398 3507 scribere
2420 3493 2436 3518 ,
2462 3467 2621 3522 quam
2662 3452 2987 3522 resumiderc
3029 3454 3306 3509 maluisses
3331 3471 3344 3506 :
3369 3455 3532 3510 credo
3558 3470 3626 3510 ne
3664 3471 3754 3510 su-

2163 3540 2371 3611 perﬂuo
2405 3542 2675 3598 laborares
2695 3584 2711 3609 ,
2738 3543 2826 3598 ubi
2856 3559 2955 3615 ego
2984 3559 3156 3600 essem
3182 3590 3198 3609 ,
3235 3561 3391 3617 quem
3436 3546 3658 3616 putabas
3697 3546 3751 3601 id

2161 3631 2361 3701 Optime
2389 3631 2527 3688 scire
2571 3633 2711 3704 quod
2751 3633 2839 3688 ille
2881 3637 3214 3704 qumsiverat.
3266 3635 3402 3698 Ecce
3425 3636 3546 3689 volo
3577 3645 3636 3699 ut
3662 3636 3752 3694 illa

2162 3726 2423 3780 sententia
2449 3725 2608 3778 etiam
2639 3741 2754 3781 mea
2783 3726 2871 3791 sit,
2905 3726 2998 3780 sed
3027 3724 3260 3781 nondum
3289 3742 3410 3782 esse
3429 3727 3710 3783 continuo.

2231 3813 2282 3883 ελ.
2327 3813 2511 3868 Misisti
2541 3816 2606 3868 ad
2633 3830 2720 3871 me
2749 3815 3038 3885 discipulus
3061 3824 3116 3870 ut
3144 3831 3206 3871 ea
3228 3817 3448 3872 doceam
3477 3833 3596 3888 quae
3620 3833 3750 3872 non-

2159 3904 2283 3959 dum
2310 3904 2423 3974 ipse
2448 3905 2629 3980 didici.
2675 3907 2812 3963 Doce
2837 3923 2964 3977 ergo
2984 3907 3124 3978 quod
3149 3907 3402 3962 doceam:
3428 3924 3547 3964 nam
3571 3917 3628 3963 ut
3649 3908 3748 3962 do-

2159 4011 2306 4060 ceam
2335 3998 2484 4073 multi
2511 4014 2540 4052 a
2570 4014 2656 4070 me
2681 3997 2939 4069 ﬂagitant,
2958 4001 3139 4068 eisque
3167 4015 3253 4055 me
3271 4000 3526 4055 sicutalia
3557 4000 3741 4066 multa,

2158 4095 2214 4141 et
2241 4087 2342 4142 hoc
2377 4088 2621 4157 ignorare
2649 4089 2943 4166 conﬁteor:
2972 4100 3026 4144 et
3063 4091 3291 4145 fortasse
3323 4091 3562 4160 quamvis
3598 4091 3649 4145 in
3679 4105 3741 4145 os

2156 4193 2334 4237 meum
2363 4179 2822 4250 verecundantur,
2853 4191 3029 4241 tamen
3059 4181 3197 4252 apud
3235 4197 3294 4236 se
3331 4181 3547 4248 dicunt,
3579 4181 3659 4236 Tu
3690 4198 3740 4236 es

2153 4273 2391 4344 magister
2414 4273 2467 4326 in
2493 4270 2659 4329 Israel
2672 4313 2689 4340 ,
2715 4281 2762 4326 et
2788 4273 2892 4328 hac
2909 4275 3110 4345 ignoras
3132 4273 3308 4342 (Joan.
3330 4289 3386 4327 tu
3405 4313 3422 4340 ,
3447 4272 3536 4343 l0)
3559 4275 3572 4328 !
3601 4272 3740 4343 quod

2153 4363 2366 4434 quidem
2396 4364 2651 4419 Dominus
2679 4365 2726 4419 ei
2756 4363 2914 4430 dixit,
2945 4363 3039 4434 qui
3067 4373 3179 4418 erat
3206 4379 3344 4418 unus
3369 4363 3579 4418 illorum
3607 4377 3740 4433 quos

2151 4455 2449 4525 delectabat
2487 4457 2664 4522 vorari
2703 4456 2870 4522 Rabbi
2894 4473 2910 4512 :
2937 4456 3080 4519 unde
3107 4457 3266 4512 etiam
3304 4456 3370 4511 ad
3403 4471 3584 4511 verum
3623 4470 3739 4509 mas

2149 4549 2560 4620 gislrumnocte
2589 4535 2842 4616 venerat,
2872 4547 2992 4618 quia
3023 4546 3262 4607 fortassis
3286 4546 3633 4602 erubescebat
3658 4545 3740 4600 di-

2151 4655 2323 4707 scere,
2353 4642 2441 4712 qui
2467 4641 2664 4696 docere
2691 4647 3060 4702 consueverat.
3099 4639 3181 4694 Me
3205 4647 3381 4693 autem
3411 4638 3583 4708 potius
3619 4653 3737 4692 ma-

2149 4731 2377 4804 gistrum.
2393 4730 2598 4794 audire,
2613 4745 2770 4801 quam
2791 4730 2936 4786 velut
2960 4730 3271 4799 magistrum
3292 4727 3517 4790 delectat
3542 4727 3732 4783 audiri.

2151 4822 2350 4878 Recolo
2373 4822 2518 4876 enim
2545 4821 2672 4896 quid
2700 4805 2896 4876 dixerit
2913 4821 2990 4876 eis
3019 4834 3155 4891 quos
3177 4834 3284 4888 prae
3302 4819 3514 4874 caeteris
3538 4817 3733 4886 elegit:

2158 4910 2258 4968 Vos
2285 4922 2484 4979 autem,
2517 4911 2717 4983 inquit,
2745 4911 2899 4988 nolite
2925 4911 3092 4978 uocari
3129 4910 3195 4966 ab
3217 4907 3500 4964 horninibus
3532 4909 3692 4964 Itabbi
3711 4923 3734 4974 ;

2145 5023 2277 5060 unus
2303 5015 2373 5060 est
2395 5006 2528 5058 enim
2546 5005 2780 5076 magister
2798 5013 2974 5070 vester,
2996 5001 3226 5058 Christus
3243 4998 3454 5073 (Hau/1.
3472 5015 3624 5064 mn,
3648 4999 3730 5070 8).

2144 5096 2254 5157 Nec
2279 5096 2413 5151 alius
2439 5093 2621 5151 docuit
2649 5094 2863 5167 Moysen
2890 5095 3048 5149 etiam
3077 5109 3176 5164 per
3197 5092 3346 5148 Jetro
3364 5091 3556 5164 (Exod.
3575 5108 3729 5158 XVIII,

2146 5188 2360 5261 14-25),
2381 5202 2481 5244 nec
2497 5187 2634 5243 alius
2647 5186 2948 5242 Cornelium
2967 5187 3125 5244 etiam
3145 5200 3238 5255 per
3256 5185 3492 5257 priorem
3511 5183 3729 5238 Petrum

2143 5280 2280 5355 (Act.
2299 5295 2357 5344 ι,
2377 5279 2572 5352 25-48)
2590 5320 2606 5346 ,
2632 5293 2734 5338 nec
2753 5277 2891 5337 alius
2917 5278 3128 5333 Petrum
3157 5276 3317 5333 etiam
3345 5291 3442 5344 per
3465 5273 3730 5344 pomerio—

2142 5387 2255 5434 rem
2298 5371 2520 5428 Paulum
2561 5368 2754 5442 (Galat.
2785 5383 2858 5447 tr,
2885 5367 3074 5432 H-Sl)
3099 5385 3114 5421 :
3138 5382 3166 5421 a
3207 5379 3542 5436 quocumque
3583 5363 3728 5418 enim

2140 5479 2326 5522 verum
2347 5463 2562 5527 dicitur,
2584 5460 2672 5517 illo
2700 5459 2934 5532 donante
2956 5458 3184 5523 dicitur,
3211 5456 3300 5528 qui
3324 5463 3408 5512 est
3433 5455 3548 5526 ipsa
3577 5452 3702 5509 Veri

2138 5591 2250 5643 qua:
2271 5577 2463 5643 abests
2485 5575 2772 5643 melioribus
2789 5580 2898 5643 uss.
2917 5579 3105 5643 nempe
3134 5570 3229 5624 hoc
3255 5569 3502 5643 statuebat
3536 5569 3725 5624 seriae-

2138 5635 2274 5699 lSant,
2297 5637 2426 5702 quod
2447 5639 2607 5690 anima
2626 5639 2691 5689 sit
2715 5649 2825 5700 [ars
2846 5635 2951 5686 Dei.
3006 5700 3015 5702 4
3044 5635 3053 5636 “
3126 5698 3137 5702 _
3296 5635 3302 5637 “
3379 5639 3384 5645 ’

2203 5705 2219 5735 ⁸
2256 5698 2363 5764 Mss.
2387 5712 2497 5759 sex,
2512 5713 2589 5764 ea:
2606 5698 2742 5764 parte
2764 5710 2875 5764 qtae
2903 5700 3046 5762 capta
3066 5698 3155 5756 est.

2199 5765 2226 5814 ξ
2253 5761 2388 5828 sed,
2409 5761 2646 5829 conferre,
2712 5761 2715 5764 ’
2779 5761 2793 5768 “’
