4112 6346
447 344 548 401 ἸΞῚ

445 463 608 533 coepit
625 476 763 528 esse,
783 460 1078 516 immortale
1096 474 1216 515 esse
1241 467 1344 513 non
1364 471 1553 527 posse;
1575 458 1694 530 quia
1716 460 1892 516 omnia
1909 470 2023 514 orta

442 562 710 622 occidunt,
729 564 783 610 et
803 564 952 610 aucta
975 561 1278 619 senescunt,
1299 561 1356 606 ut
1373 566 1438 607 eo
1459 551 1619 606 modo
1641 553 1784 607 credi
1808 561 2020 623 cogant,

443 653 677 703 amrmim
709 646 996 700 humanum
1024 644 1144 699 ideo
1169 659 1289 700 esse
1326 642 1700 706 immortalem,
1729 642 1870 712 quod
1897 651 2022 699 ante

441 739 620 794 omnia
643 749 878 808 tempora
901 737 969 792 sit
991 745 1220 801 creatus,
1243 751 1346 790 non
1372 744 1552 790 movet
1577 735 1732 790 ﬁdem
1756 745 2019 790 nostram:

444 841 501 885 ut
526 832 666 886 enim
693 830 792 884 alia
821 839 1045 896 taceam,
1066 829 1227 898 cmpit
1249 842 1370 883 esse
1400 827 1458 882 in-
1483 836 1720 896 tempore
1745 826 2020 880 immorta-

437 923 565 976 litas
589 923 766 977 carnis
791 919 1024 985 Christi,
1046 936 1165 990 qua:
1194 927 1368 974 tamen
1408 919 1519 987 jam
1558 933 1664 973 non
1695 919 1936 981 moritur,
1967 925 2021 972 et

440 1028 587 1068 rnors
613 1013 661 1067 ei
689 1013 820 1067 ultra
853 1027 958 1066 non
986 1011 1343 1066 dominabitur
1369 1010 1543 1080 (Rom.
1566 1026 1639 1074 vr,
1669 1010 1745 1081 9).

433 1138 440 1144 ν
511 1104 601 1158 l5.
641 1102 774 1156 Illud
801 1118 928 1158 vero
953 1102 1093 1172 quod
1123 1103 1173 1156 in
1195 1102 1331 1156 libro
1357 1101 1610 1157 adversus
1632 1101 1901 1156 Rufﬁnum
1923 1116 2015 1172 ρος

439 1194 613 1260 suisti,
633 1194 889 1263 quosdam
913 1193 1034 1247 huic
1057 1192 1334 1247 sententiae
1353 1193 1680 1259 calumniari,
1699 1193 1839 1262 quod
1852 1192 2016 1248 Deum

421 1286 567 1339 dare
606 1283 812 1338 animas
856 1283 1169 1338 adulterinis
1212 1282 1555 1352 conceptibus
1599 1283 1839 1337 videatur
1876 1283 2014 1337 indi-

436 1392 620 1446 gnum,
645 1375 783 1429 unde
811 1384 1070 1429 conantur
1096 1382 1335 1428 astruere
1361 1374 1565 1427 meritis
1583 1381 1746 1443 gestae
1765 1380 1886 1428 ante
1901 1389 2017 1428 car-

441 1483 563 1523 nem
590 1468 731 1533 vitae,
757 1467 962 1522 animas
987 1469 1135 1538 quasi
1162 1467 1228 1520 ad
1256 1466 1520 1537 ergastula
1549 1465 1850 1536 hujusmodi
1873 1466 2015 1536 juste

437 1574 593 1627 posse
616 1557 831 1629 perduci
859 1556 1007 1630 (Adv.
1043 1557 1315 1627 Rufﬁnum,
1340 1556 1426 1611 lib.
1452 1555 1536 1627 3);
1565 1573 1670 1610 non
1709 1572 1796 1611 me
1837 1565 2014 1612 movet

437 1649 600 1702 multa
619 1649 934 1718 cogitantem
957 1647 1146 1716 quibus
1167 1647 1280 1702 hzec
1299 1649 1467 1718 possit
1485 1647 1745 1702 calumnia
1769 1647 2008 1702 refutari.

432 1742 504 1795 Et
529 1741 667 1810 quod
697 1742 808 1810 ipse
833 1740 1174 1810 respondisti,
1203 1756 1307 1793 non
1333 1753 1452 1794 esse
1478 1740 1658 1793 vitium
1685 1740 1936 1793 sementis
1958 1739 2010 1792 in

437 1832 612 1887 tritico
637 1832 776 1903 quod
812 1831 951 1886 furto
983 1831 1175 1886 dicitur
1203 1846 1321 1887 esse
1340 1832 1625 1896 sublatum,
1651 1831 1743 1885 sed
1766 1833 1814 1884 in
1837 1847 1902 1886 eo
1923 1832 2012 1902 qui

435 1923 696 1977 frumenta
721 1922 922 1978 furatus
947 1931 1030 1977 est
1049 1940 1062 1988 ;
1080 1938 1178 1978 nec
1207 1923 1400 1976 ideirco
1423 1933 1612 1976 terram
1640 1937 1740 1974 non
1768 1921 2012 1977 debuisse

432 2012 635 2082 gremio
667 2026 765 2066 suo
797 2012 999 2066 semina
1027 2010 1467 2081 confovere,quia
1497 2020 1641 2064 sator
1663 2011 1928 2064 immunda
1949 2026 2012 2065 ea

433 2104 717 2173 projecerit
743 2118 931 2168 manu;
955 2103 1346 2172 elegantissima
1383 2100 1669 2155 similitudo
1702 2109 1800 2155 est.
1841 2101 2008 2168 Quam

432 2203 487 2248 et
504 2205 786 2265 antequam
806 2195 1058 2264 legerem,
1077 2193 1250 2247 nullas
1271 2191 1637 2260 mibiobjectio
1658 2192 1753 2245 ista
1775 2192 1841 2246 de
1861 2191 2010 2246 adulo

433 2286 618 2340 terinis
651 2285 844 2340 fetibus
887 2285 938 2338 in
974 2283 1074 2338 hac
1113 2283 1406 2354 qurestione
1451 2282 1674 2337 faciebat
1711 2283 2008 2352 angustias,

433 2377 749 2447 generaliter
779 2376 996 2432 intuenti
1035 2376 1200 2430 multa
1243 2376 1379 2430 bona
1409 2375 1574 2429 Deum
1617 2375 1789 2430 facere
1813 2416 1826 2440 ,
1852 2375 2010 2429 etiam

434 2467 502 2521 de
539 2467 732 2522 nostris
763 2468 914 2522 malis
938 2467 1239 2536 nostrisque
1261 2466 1511 2536 peccatis.
1551 2465 1808 2520 Animalis
1834 2474 2010 2521 autem

434 2559 810 2627 cujuscumque
839 2559 1037 2612 creatio
1058 2598 1074 2623 ,
1102 2557 1147 2610 si
1188 2557 1378 2610 habeat
1417 2556 1559 2626 pium
1595 2556 2011 2628 prudentemque

433 2647 903 2712 consideratorem,
932 2646 1248 2700 ineffabilem
1282 2646 1488 2701 laudem
1514 2646 1751 2701 Creatori
1776 2648 2006 2716 excitat;

432 2747 629 2807 quanto
649 2737 814 2808 magis
834 2737 1034 2792 creatio
1063 2753 1166 2792 non
1192 2737 1474 2808 cujuslibet
1499 2739 1766 2806 animalis,
1790 2740 1884 2795 sed
1912 2739 2010 2794 ho-

434 2829 591 2882 minis
615 2829 628 2882 1
669 2827 724 2882 Si
751 2835 926 2882 autem
954 2843 1112 2882 causa
1141 2827 1353 2884 creandi
1379 2828 1664 2898 quaeritur,
1687 2829 1827 2884 nulla
1855 2830 2011 2884 citius

433 2930 489 2975 et
524 2921 712 2975 melius
752 2919 1134 2988 respondetur,
1163 2920 1263 2974 nisi
1304 2921 1427 2989 quia
1455 2921 1627 2974 omnis
1651 2931 1888 2975 creatura
1915 2921 2010 2975 Dei

435 3014 570 3065 bona
597 3020 697 3066 est.
745 3011 813 3066 Et
839 3011 962 3081 quid
988 3011 1196 3079 dignius
1219 3027 1376 3081 quam
1407 3019 1464 3064 ut
1491 3011 1629 3066 bona
1660 3011 1814 3067 faciat
1839 3012 2011 3068 bonus

435 3105 592 3169 Deus,
617 3120 733 3174 quze
758 3118 917 3158 nemo
948 3113 1121 3173 potest
1147 3103 1321 3158 facere
1361 3102 1462 3156 nisi
1488 3102 1628 3158 Deus
1649 3103 1673 3156 i

500 3195 726 3252 CAPUT
758 3195 1012 3251 Vl.——lti.
1037 3194 1162 3249 llmc
1205 3203 1257 3247 et
1297 3193 1399 3247 alia
1444 3208 1563 3264 qua:
1608 3208 1842 3263 possum,
1873 3196 2011 3250 sicut

431 3303 670 3358 possum,
699 3288 818 3344 dico
859 3288 1114 3343 adversus
1158 3301 1254 3341 eos
1298 3285 1386 3356 qui
1414 3285 1550 3340 hanc
1579 3287 1884 3356 opinionem
1907 3303 2007 3356 qua

430 3381 717 3436 creduntur
744 3383 934 3436 animae
964 3381 1100 3435 sicut
1137 3378 1224 3433 illa
1253 3394 1357 3433 una
1391 3378 1610 3448 singulis
1639 3379 1774 3445 ﬁeri,
1805 3379 2006 3433 labefa-

429 3481 575 3527 ctare
595 3480 871 3527 conantur.
903 3471 1008 3526 Sed
1031 3468 1237 3526 cum'ad
1267 3486 1450 3540 pugnas
1476 3481 1689 3526 ventum
1713 3482 1794 3526 est
1821 3487 2005 3540 parvu-

431 3563 625 3627 lorum,
655 3563 878 3631 magnis,
912 3561 1040 3616 mihi
1081 3562 1273 3627 crede,
1306 3572 1548 3616 coarctor
1586 3563 1876 3632 angustiis,
1911 3577 2008 3616 nec

429 3653 555 3722 quid
602 3652 952 3720 respondeam
1010 3666 1226 3720 prorsus
1272 3652 1483 3706 invenio
1513 3669 1526 3705 :
1556 3668 1659 3706 non
1704 3653 1872 3705 solum
1917 3668 2007 3706 eas

429 3758 616 3814 pugnas
642 3743 781 3807 dico,
815 3757 946 3812 quas
975 3742 1134 3796 habet
1163 3749 1283 3812 post
1315 3741 1450 3796 hanc
1479 3743 1639 3795 vitam
1668 3741 1753 3795 illa
1784 3741 2006 3796 damna-

432 3837 524 3899 tio,
549 3850 653 3904 quo
683 3849 902 3888 necesse
928 3843 1010 3888 est
1039 3833 1330 3899 trahantur,
1361 3833 1404 3887 si
1433 3833 1501 3887 de
1529 3847 1753 3901 corpore
1782 3833 2008 3889 exierint

431 3925 545 3978 sine
567 3923 866 3978 christiana:
881 3923 1064 3992 gratias
1086 3923 1464 3986 Saeramento;
1493 3920 1584 3976 sed
1605 3936 1696 3976 eas
1723 3921 1864 3991 ipsas
1887 3938 2008 3992 quae

431 4016 482 4068 in
530 4014 628 4067 hac
667 4013 771 4066 vita
811 4011 1312 4067 dolentibus'nobis
1352 4019 1630 4065 versantur
1657 4019 1778 4065 ante
1802 4013 2002 4078 oculos,

427 4120 559 4175 quas
589 4119 904 4160 enumerare
947 4105 992 4158 si
1020 4103 1199 4168 velim,
1235 4103 1612 4172 priustempus
1638 4119 1794 4173 quam
1825 4119 2007 4158 exem-

433 4197 518 4265 pla
547 4196 813 4251 deficient.
843 4194 1218 4265 Languescunt
1243 4192 1682 4263 aegritudinibus,
1700 4204 2008 4264 torquentur

429 4289 731 4354 doloribus,
763 4287 900 4342 fame
923 4296 979 4343 et
1002 4288 1087 4342 siti
1111 4287 1434 4351 cruciantur,
1463 4285 1802 4341 debilitantur
1841 4303 2006 4342 mem-

433 4380 564 4444 bris,
591 4379 864 4448 privantur
891 4379 1158 4442 sensibus,
1184 4387 1441 4432 vexantur
1482 4378 1550 4432 ab
1588 4378 1873 4432 immundis
1898 4378 2010 4447 spi-

430 4473 639 4526 ritibus.
693 4469 1172 4524 Demonstrandum
1223 4479 1304 4523 est
1355 4471 1555 4538 utique,
1606 4472 1870 4540 quomodo
1909 4473 2006 4526 ista

433 4561 549 4615 sine
574 4560 678 4620 ulla
705 4574 797 4612 sua
827 4560 960 4612 mala
975 4561 1286 4628 causajuste
1303 4561 1586 4629 patiantur.
1607 4562 1722 4616 Non
1744 4563 1882 4616 enim
1904 4563 2007 4617 diei

432 4656 510 4708 fas
552 4663 652 4718 est,
697 4661 787 4706 aut
829 4652 928 4706 ista
971 4653 1246 4722 ignorante
1292 4653 1402 4707 Deo
1447 4651 1581 4720 ﬁeri,
1613 4663 1703 4707 aut
1738 4669 1860 4709 eum
1901 4669 2005 4709 non

431 4760 590 4816 posse
614 4743 862 4799 resistere
884 4743 1216 4806 facientibus,
1247 4753 1336 4796 aut
1371 4743 1566 4812 injuste
1593 4744 1691 4799 ista
1719 4744 1802 4800 vel
1833 4743 2007 4802 facere

431 4837 516 4893 vel
547 4836 875 4906 permittere.
893 4835 1280 4905 Numquidnam
1309 4836 1443 4889 sicut
1462 4835 1707 4889 animalia
1730 4836 2009 4892 irrationa-

432 4929 555 4984 bilia
587 4937 730 4983 recte
755 4927 980 4981 dicimus
1009 4925 1061 4980 in
1092 4918 1219 4980 usus
1241 4925 1355 4980 dari
1387 4925 1589 4981 naturis
1613 4927 2008 4984 excellentiori-

433 5020 548 5085 bus,
579 5019 680 5074 etsi
707 5018 930 5082 vitiosis,
958 5017 1092 5072 sicut
1116 5018 1448 5087 apertissime
1473 5018 1525 5072 in
1552 5019 1840 5090 Evangelia
1866 5021 2010 5076 vide-

435 5125 553 5163 mus
580 5122 770 5177 porcos
793 5107 858 5161 ad
887 5122 1037 5161 usum
1065 5107 1419 5163 desideratum
1443 5123 1728 5163 concessus
1754 5123 1875 5165 esse
1902 5110 2011 5166 da)-

435 5199 908 5270 nmnibus(Matth.
949 5216 1060 5266 vni,
1106 5199 1222 5272 '52);
1269 5201 1369 5255 hoc
1409 5210 1463 5255 et
1497 5201 1567 5255 de
1607 5201 1821 5256 homine
1864 5210 2010 5258 recte

434 5305 718 5373 possumus
742 5289 956 5345 dicere?
987 5290 1195 5344 Animal
1211 5298 1294 5345 est
1312 5291 1473 5355 enim,
1495 5291 1586 5363 sed
1609 5291 1885 5357 rationale,
1908 5293 2009 5346 etsi

438 5381 681 5436 mortale.
712 5381 900 5435 Anima
941 5390 1021 5436 est
1057 5381 1331 5435 rationalis
1370 5383 1422 5435 in
1454 5379 1558 5436 illis
1587 5381 1860 5446 membris,
1890 5396 2010 5450 qua:

420 5473 596 5527 -tantis
619 5471 990 5526 afﬂictionibus
1017 5485 1199 5540 pinnas
1229 5472 1358 5536 luit;
1388 5472 1527 5525 Deus
1553 5471 1721 5524 bonus
1737 5478 1839 5536 est,
1869 5469 2010 5526 Deus

432 5563 605 5633 justus
626 5571 726 5627 est,
748 5563 891 5619 Deus
920 5564 1256 5632 omnipotens
1279 5572 1361 5617 εει
1389 5579 1402 5614 :
1433 5561 1533 5615 hoc
1560 5561 1802 5616 dubitare
1829 5561 2008 5615 omni-

437 5670 507 5719 no
551 5655 811 5710 dementis
848 5664 947 5710 est.
974 5655 1259 5709 Tantorum
1289 5669 1417 5724 ergo
1447 5653 1710 5707 malorum
1732 5669 1850 5724 qua:
1881 5653 2012 5707 fiunt

438 5746 492 5804 in
518 5747 767 5818 parvulis,
796 5761 952 5806 causa
987 5745 1126 5818 justa
1164 5745 1384 5806 dicatur.
1411 5745 1606 5815 Nempe
1631 5761 1754 5804 cum
1778 5744 2005 5816 majores

1670 346 1728 404 Β.
1771 346 2132 404 AUCUSTINI
2170 347 2469 406 EPISCOPI

3602 371 3704 430 79.8

2128 461 2228 516 ista
2254 464 2540 532 patiuntur,
2567 464 2798 523 solemus
2821 467 3000 546 dicere
3024 481 3114 528 aut
3141 475 3280 531 sicut
3303 476 3356 532 in
3383 477 3485 534 Job
3512 485 3700 541 merita

2127 555 2434 618 examinari,
2458 566 2548 611 aut
2583 556 2721 612 sicut
2748 561 2800 615 in
2829 561 3038 618 Herode
3068 577 3282 634 peccata
3308 571 3483 640 puniri
3509 591 3522 626 :
3551 583 3605 629 et
3631 577 3703 634 de

2125 644 2436 712 quibusdam
2465 649 2718 718 exemplis
2743 667 2860 720 qua:
2888 651 3028 708 Deus
3053 657 3330 714 manifesta
3359 675 3482 717 esse
3507 664 3698 734 voluit,

2124 734 2224 786 alia
2252 750 2369 804 quae
2397 736 2621 791 obscura
2649 748 2775 794 sunt
2800 739 2997 796 homini
3026 747 3330 813 conjectare
3351 753 3698 822 conceditur;

2124 822 2218 914 sed
2245 824 2346 879 hoc
2375 825 2426 878 in
2451 826 2760 895 majoribus.
2780 831 2854 885 De
2881 835 3110 900 parvulis
3128 845 3307 892 autem
3333 841 3458 910 quid
3478 858 3700 914 respono

2123 913 2344 968 deamus
2381 915 2633 982 edissere,
2673 917 2722 972 si
2766 921 2940 989 pinnis
2982 925 3140 979 tantis
3178 926 3321 982 nulla
3361 929 3414 984 in
3453 930 3535 987 eis
3575 943 3701 990 sunt

2122 1005 2385 1074 punienda
2409 1018 2623 1076 peccata
2648 1027 2662 1061 :
2686 1026 2807 1065 nam
2834 1013 3010 1084 utique
3035 1017 3178 1072 nulla
3202 1027 3285 1074 est
3312 1019 3363 1074 in
3393 1021 3500 1077 illis
3523 1025 3698 1079 :ctativ

2120 1095 2220 1148 bus
2247 1097 2594 1153 examinanda
2618 1099 2846 1169 justitia.

2193 1185 2278 1238 l7.
2309 1185 2384 1242 De
2430 1188 2764 1258 ingeniorum
2793 1208 2920 1248 vero
2945 1194 3270 1265 diversitate,
3303 1200 3410 1255 imo
3447 1203 3698 1260 absurdi-

2120 1277 2278 1368 tate“,
2306 1279 2430 1368 quid
2459 1279 2665 1335 dicam?
2690 1286 3062 1368 quanquidem
3088 1289 3140 1344 in
3172 1293 3402 1359 parvulis
3427 1294 3574 1360 latet,
3598 1298 3698 1354 sed

2227 1365 2352 1435 ipsis
2387 1369 2617 1424 exordiis
2647 1364 2974 1430 naturalibus
3001 1376 3180 1445 ducta,
3209 1392 3431 1450 apparet
3453 1385 3505 1438 in
3530 1401 3698 1456 gran-

2117 1454 2295 1522 dibus,
2323 1473 2547 1528 quorum
2575 1465 2814 1519 nonnulli
2843 1475 2946 1521 tam
2977 1469 3112 1524 tardi
3137 1479 3191 1530 et
3215 1473 3457 1531 ohliviosi
3478 1454 3620 1544 sunt,
3638 1487 3700 1535 ut

2118 1560 2186 1637 ne
2217 1546 2384 1614 prima
2409 1550 2623 1618 quidem
2656 1551 2864 1611 discere
2896 1556 3192 1616 litterarum
3221 1562 3485 1621 elementa
3513 1579 3700 1637 potue-

2116 1635 2222 1689 rint
2248 1652 2262 1689 :
2291 1638 2505 1708 quidam
2535 1657 2663 1697 vero
2691 1651 2852 1700 tantae
2886 1656 3014 1703 sunt
3039 1649 3308 1719 fatuitatis,
3335 1663 3396 1710 ut
3421 1635 3526 1712 non
3552 1661 3696 1716 mul-

2117 1731 2226 1779 tum
2247 1730 2582 1818 apecoribus
2619 1733 2895 1804 diti‘erant;
2919 1754 3053 1809 quos
3093 1743 3362 1800 moriones
3398 1747 3558 1818 vulgo
3597 1765 3697 1802 vo-

2116 1825 2255 1869 cant.
2289 1817 2657 1890 Respondetur
2681 1822 2927 1891 fortasse,
2959 1826 3195 1898 Corpora
3221 1831 3322 1888 hoc
3347 1817 3565 1891 faciunt.
3587 1837 3696 1894 Sed

2116 1910 2370 1978 numquid
2410 1913 2699 1968 secundum
2749 1915 2885 1971 hanc
2921 1921 3238 1977 sententiam
3279 1939 3437 1994 quam
3481 1926 3696 1984 defendi

2114 1999 2374 2066 volumus,
2401 2003 2575 2058 anima
2601 2004 2702 2060 sibi
2727 2021 2921 2076 corpus
2939 2009 3116 2079 elegit,
3136 2021 3191 2066 et
3218 2013 3270 2066 in
3301 2015 3546 2084 eligendo
3571 2033 3694 2073 cum

2117 2087 2406 2156 falleretur,
2439 2093 2665 2147 erravit?
2694 2103 2784 2168 aut
2817 2113 2937 2152 eum
2983 2098 3034 2153 in
3078 2115 3273 2170 corpus
3310 2114 3588 2173 cogeretur
3615 2109 3699 2163 in-

2116 2186 2256 2234 trare
2277 2183 2591 2240 necessitate
2617 2187 2887 2252 nascendi,
2912 2189 3015 2244 alia
3035 2205 3257 2261 corpora
3277 2200 3698 2266 praeoccupand-

2114 2267 2213 2322 bus
2240 2271 2535 2327 animarum
2562 2274 2749 2340 turbis,
2784 2275 2897 2346 ipsa
2923 2277 3066 2336 aliud
3091 2295 3198 2335 non
3225 2282 3446 2350 invenit,
3474 2294 3528 2339 et
3555 2286 3698 2342 sicut

2115 2355 2166 2416 in
2197 2361 2499 2428 spectaculo
2523 2362 2702 2433 aliquo
2723 2364 2920 2433 locum,
2951 2366 3022 2421 ita
3045 2383 3260 2424 carnem
3286 2387 3392 2426 non
3419 2389 3576 2442 quam
3600 2391 3696 2430 vo-

2114 2447 2230 2512 luit,
2260 2449 2351 2504 scd
2373 2466 2528 2520 quam
2553 2454 2732 2520 valuit,
2762 2457 3080 2524 occupavit?
3108 2459 3371 2530 Numquid
3403 2464 3516 2519 luce
3539 2475 3594 2520 et
3615 2479 3696 2520 ta-

2113 2538 2182 2592 lia
2206 2540 2286 2594 vel
2317 2541 2496 2598 dicere
2536 2559 2840 2614 possumus,
2867 2549 2952 2603 vel
2990 2551 3190 2608 sentire
3229 2552 3524 2611 debemus?
3551 2559 3695 2614 Doce

2113 2627 2274 2697 igitur
2309 2631 2433 2699 quid
2460 2634 2679 2700 sentire,
2707 2636 2833 2705 quid
2859 2637 3039 2695 dicere
3063 2640 3372 2710 debeamus,
3403 2655 3459 2699 ut
3484 2656 3696 2703 constet

2114 2719 2266 2773 nobis
2302 2721 2435 2775 ratio
2463 2738 2718 2779 novarum
2753 2727 3050 2785 animarum
3077 2732 3484 2805 singillatimque
3521 2736 3695 2793 facta-

2113 2824 2230 2866 rum
2258 2810 2480 2880 singulis
2495 2816 2824 2884 corporibus.

2141 2892 2150 2899 ’
2183 2900 2406 2959 CAPUT
2434 2905 2703 2962 \‘ll.-.-—l8.
2732 2909 2845 2978 Ego
2871 2911 3084 2980 quidem
3112 2929 3214 2968 non
3239 2914 3307 2970 de
3332 2916 3576 2987 ingeniis,
3598 2919 3693 2975 sed

2111 2991 2300 3045 saltem
2326 2993 2393 3048 de
2419 2995 2589 3062 pcenis
2619 2999 2975 3066 parvulorum,
2996 3017 3129 3072 quas
3155 3003 3208 3058 in
3233 3004 3330 3058 hac
3354 3006 3461 3060 vita
3488 3010 3693 3075 patiun-

2112 3086 2214 3145 tur,
2243 3080 2348 3134 dixi
2371 3083 2568 3151 aliquid
2595 3085 2647 3138 in
2665 3085 2816 3140 libris
2837 3087 2939 3143 illis
2962 3089 3028 3144 de
3051 3090 3240 3146 Libero
3264 3094 3521 3150 Arbitrio.
3539 3097 3690 3163 Quod

2111 3170 2266 3239 quale
2295 3171 2380 3233 sit,
2411 3185 2464 3226 et
2492 3189 2585 3227 cur
2611 3175 2737 3228 mihi
2764 3176 2816 3229 in
2843 3177 2938 3230 ista
2970 3196 3126 3248 quam
3154 3181 3412 3238 habemus
3439 3186 3488 3240 in
3517 3188 3692 3241 mani-

2111 3260 2211 3314 bus
2252 3263 2542 3331 quiestione
2577 3281 2680 3332 non
2711 3267 2957 3335 sufficiat,
2989 3270 3264 3336 intimabo,
3293 3283 3349 3328 et
3368 3289 3485 3329 eum
3515 3277 3690 3345 ipsum

2111 3351 2177 3406 de
2207 3352 2362 3408 tertio
2395 3354 2532 3411 libro
2569 3357 2745 3412 locum
2778 3371 3084 3430 excerptum
3117 3362 3198 3418 his
3224 3365 3415 3421 litteris
3436 3368 3686 3423 inseram.

2109 3440 2238 3494 Nam
2268 3443 2338 3497 ita
2362 3459 2421 3498 se
2447 3443 2602 3501 habet
2631 3465 2644 3500 :
2664 3446 2739 3501 De
2757 3451 3056 3507 cruciatibus
3074 3463 3241 3509 autem
3265 3458 3490 3526 corporis
3511 3459 3690 3525 quibus

2110 3530 2400 3599 afﬂiguntur
2422 3535 2640 3603 parvuli,
2669 3552 2884 3605 quorum
2931 3556 3020 3610 per
3057 3551 3255 3596 (etatem
3299 3545 3442 3598 nulla
3487 3557 3690 3615 peccata

2109 3631 2244 3685 sitat,
2274 3622 2319 3674 si
2354 3624 2538 3678 animae
2577 3626 2753 3696 quibus
2790 3631 3098 3698 animantur,
3127 3651 3224 3688 non
3262 3637 3554 3707 priusquam
3590 3638 3690 3708 ipsi

2111 3712 2333 3764 homines
2359 3729 2465 3766 esse
2487 3727 2758 3786 coeperunt,
2783 3722 2946 3790 major
2967 3723 3169 3789 querela
3188 3733 3233 3776 et
3249 3726 3395 3795 quasi
3411 3728 3690 3781 misericors

2109 3801 2289 3870 deponi
2327 3803 2472 3867 solet,
2503 3821 2617 3858 cum
2655 3807 2858 3876 dicitur,
2888 3810 3023 3876 Quid
3060 3814 3182 3867 mali
3219 3819 3461 3884 fecerunt,
3499 3827 3554 3872 ut
3591 3817 3691 3873 ista

2109 3898 2436 3963 paterentur?
2459 3900 2604 3965 quasi
2633 3902 2787 3968 possit
2817 3918 2924 3957 esse
2955 3906 3184 3958 meritum
3210 3907 3518 3970 innocentia,
3541 3917 3688 3962 ante-

2109 4001 2258 4053 quam
2296 3986 2506 4054 quisque
2543 4005 2718 4044 nocere
2757 3991 2948 4061 aliquid
2989 3997 3185 4065 possit!
3212 3995 3336 4052 Cum
3369 4005 3533 4058 autem
3571 3998 3689 4054 boni

2109 4075 2301 4144 aliquid
2341 4088 2576 4148 Operatur
2623 4080 2752 4135 Deus
2795 4084 2847 4136 in
2893 4087 3238 4142 emendatione
3269 4091 3537 4159 majorum,
3573 4107 3689 4144 cum

2111 4167 2432 4234 parvulorum
2453 4185 2656 4223 suorum
2677 4172 2762 4241 qui
2788 4173 2857 4226 eis
2873 4174 3013 4227 chori
3036 4187 3168 4242 sunt,
3195 4177 3451 4232 doloribus
3471 4197 3530 4232 ac
3554 4196 3689 4233 mor-

2111 4256 2239 4310 tibus
2261 4258 2603 4328 ﬂagellantur,
2623 4277 2712 4316 cur
2736 4262 2832 4315 ista
2856 4281 2956 4318 non
2984 4266 3130 4334 fiant,
3158 4268 3358 4338 quando
3388 4286 3502 4323 cum
3525 4280 3688 4327 trans-

2110 4347 2276 4414 ierint,
2302 4366 2393 4418 pro
2415 4367 2516 4404 non
2541 4352 2688 4420 [actis
2717 4364 2891 4424 erunt,
2926 4357 2978 4410 in
3017 4360 3194 4426 quibus
3223 4364 3358 4429 facta
3387 4371 3541 4415 sunt:
3569 4378 3689 4429 pro-

2112 4447 2219 4506 pter
2242 4456 2364 4509 quos
2389 4451 2555 4494 autem
2580 4446 2713 4512 facta
2735 4455 2871 4512 sunt,
2893 4456 2982 4499 aut
2999 4447 3224 4504 meliores
3241 4459 3407 4516 erunt,
3431 4451 3475 4506 si
3498 4459 3690 4522 tempo-

2110 4529 2299 4585 ralibus
2342 4532 2668 4589 incommodis
2712 4537 2980 4605 emendati,
3009 4541 3187 4594 rectius
3223 4543 3460 4611 elegerint
3497 4544 3690 4607 vivere;

2110 4631 2196 4673 aut
2217 4625 2584 4679 excusatione»:
2628 4625 2680 4682 in
2722 4628 2883 4697 futuri
2909 4630 3094 4699 judirii
3128 4633 3376 4700 supplicio
3415 4649 3516 4687 non
3545 4634 3691 4687 habe-

2111 4709 2249 4775 bunt,
2272 4711 2315 4764 si
2341 4712 2452 4768 vita:
2487 4713 2640 4784 hujus
2673 4717 2961 4787 angoribus,
2987 4719 3053 4772 ad
3071 4729 3307 4784 aeternam
3328 4723 3477 4776 vitam
3502 4723 3692 4778 deside-

2110 4799 2242 4853 rium
2269 4812 2550 4858 convertere
2575 4805 2864 4861 noluerint?
2893 4808 3016 4873 Quis
3049 4820 3218 4862 autem
3261 4813 3394 4864 novit
3431 4812 3552 4882 quid
3579 4829 3690 4883 par-

2111 4889 2257 4955 vulis,
2287 4889 2347 4946 de
2367 4907 2580 4957 quorum
2608 4897 2908 4951 cruciatibus
2939 4899 3126 4952 duritia
3151 4901 3400 4972 majorum
3432 4902 3692 4956 contundi-

2113 4987 2214 5044 tur,
2241 4989 2329 5033 aut
2355 4993 2612 5036 exercetur
2634 4986 2780 5052 ﬁdes,
2805 4996 2893 5039 aut
2917 4988 3254 5042 misericordia
3285 4991 3522 5060 probatur
3544 4992 3691 5062 :quis

2113 5087 2228 5142 ergo
2251 5073 2382 5127 novit
2405 5075 2526 5144 quid
2551 5075 2671 5146 ipsis
2699 5079 2920 5149 parvulis
2953 5082 3005 5137 in
3037 5092 3224 5136 secreto
3241 5082 3557 5152 judiciorum
3580 5099 3691 5138 suo-

2111 5176 2222 5213 rum
2243 5161 2384 5215 bona:
2401 5169 2815 5236 compensatiouis
2839 5180 3048 5227 reservet
3075 5169 3244 5226 Deus?
3267 5173 3518 5238 Quoniam
3540 5189 3675 5242 quan

2112 5266 2263 5320 quam
2301 5253 2428 5307 nihil
2465 5265 2595 5309 recte
2629 5258 2855 5328 fecerint,
2889 5268 3054 5315 tamen
3091 5277 3180 5315 nec
3213 5271 3472 5331 peccantes
3499 5262 3693 5332 aliquid

2113 5341 2208 5394 ista
2228 5345 2450 5412 perpessi
2476 5357 2613 5399 sunt.
2639 5345 2759 5401 Non
2779 5350 2911 5402 enim
2935 5354 3125 5420 frustra
3147 5353 3294 5405 etiam
3315 5353 3535 5422 infantes
3553 5353 3686 5415 illos,

2113 5432 2196 5500 qui
2233 5449 2347 5486 cum
2393 5434 2637 5491 Dominus
2681 5450 2847 5493 noster
2882 5440 3036 5494 Jesus
3079 5441 3304 5497 Christus
3347 5443 3602 5497 necandus
3627 5445 3692 5495 ab

2119 5519 2322 5575 Herode
2349 5537 2664 5594 numeretur,
2693 5529 2841 5582 occisi
2870 5539 3003 5594 sunt,
3048 5530 3099 5584 in
3143 5532 3380 5586 honorem
3409 5543 3687 5603 martyrum

2119 5697 2339 5808 diiargad'
2389 5707 2481 5749 ΑΜ
2530 5707 2602 5751 Er”
2632 5711 2682 5753 et
2715 5709 2820 5756 ωδε·
2858 5703 3474 5768 ull10‘3""UIIIitlunt,'nno
3511 5706 3680 5758 absur-
