4112 6346
383 362 485 418 729
1547 363 1936 421 EPISTOLARI

2057 365 2182 420 CLA
2191 365 2328 424 SSlS
2367 367 2449 423 111.
3524 380 3631 438 750

383 493 603 552 receptos
626 481 937 537 commendat
956 480 1180 535 Ecclesia
1203 480 1303 552 (De
1327 480 1500 533 Libero
1516 480 1755 545 Arbitrio,
1786 480 1873 535 lib.
1894 482 1947 546 '5,

376 582 425 628 'c.
456 574 546 639 25,
579 590 633 627 n.
662 573 775 645 67).

454 665 542 719 i9.
572 664 697 719 Haec
719 671 846 719 tunc
872 663 1001 736 dixi,
1029 678 1147 718 cum
1175 664 1311 717 hanc
1349 662 1515 732 ipsam
1558 662 1625 716 de
1665 677 1767 731 qua
1808 675 1950 715 nunc

378 756 552 825 agitur
590 756 781 810 vellem
833 756 1159 811 communire
1219 754 1555 809 sententiam.
1603 752 1749 808 Sicut
1806 754 1948 806 enim

378 847 535 915 paulo
560 855 682 917 ante
702 846 1133 912 commemoravi,
1151 860 1496 915 quaecumque
1512 844 1719 897 illarum
1745 842 1812 897 de
1836 842 1951 896 anl-

376 952 478 991 ma:
507 937 864 990 incarnatione
883 946 1107 1006 quatuor
1122 937 1427 1005 opinionum
1448 951 1569 989 vera
1591 943 1751 998 esset,
1778 933 1949 1007 incul-

377 1037 552 1095 patam
592 1026 937 1081 substantiam
978 1020 1263 1091 Creatoris,
1293 1034 1346 1081 et
1373 1042 1401 1078 a
1432 1034 1733 1079 nostrorum
1762 1038 1949 1092 pecca-

375 1129 550 1173 torum
589 1120 843 1174 societate
884 1119 1287 1173 remotissimam
1318 1119 1522 1173 nitebar
1551 1117 1846 1172 ostendere.
1882 1116 1948 1171 Et

374 1209 495 1263 ideo
539 1224 883 1278 quaecumque
929 1210 1132 1263 illarum
1162 1210 1383 1265 veritate
1418 1218 1598 1278 posset
1625 1207 1865 1262 convinci
1893 1214 1948 1260 et

376 1301 660 1369 repudiari,
684 1302 750 1354 ad
784 1317 964 1355 curam
1003 1303 1308 1356 intentionis
1339 1316 1490 1365 meae,
1514 1317 1668 1372 quam
1699 1309 1822 1353 tunc
1849 1298 1943 1352 ha-

373 1391 585 1458 bebam,
626 1407 730 1445 non
775 1392 1105 1461 pertinebat;
1133 1390 1557 1461 quandoquidem
1593 1391 1794 1445 cunctis
1823 1390 1945 1443 dili-

371 1473 613 1553 gentiore
657 1484 1012 1555 disputatione
1050 1485 1320 1549 discussis,
1357 1498 1701 1553 quaecumque
1739 1482 1942 1536 illarum

373 1585 517 1629 recte
542 1574 775 1628 vinceret
798 1584 1036 1638 czcteras,
1057 1591 1140 1628 me
1168 1575 1506 1629 securissimo
1532 1574 1703 1638 ﬁeret,
1733 1573 1945 1642 quando

371 1668 530 1721 etiam
569 1665 857 1721 secundum
899 1681 1087 1721 omnes
1133 1665 1184 1720 id
1222 1666 1365 1736 quod
1406 1667 1645 1735 agebam,
1695 1660 1942 1719 invictum

370 1758 655 1825 persistere
685 1755 1135 1812 demonstrabam.
1174 1756 1324 1810 Nunc
1353 1770 1480 1810 vero
1518 1770 1677 1809 unam
1714 1755 1857 1820 volo,
1899 1756 1944 1809 si

368 1861 605 1917 possum,
628 1849 832 1901 ratione
856 1857 999 1901 recta
1016 1848 1209 1917 eligere
1234 1863 1299 1901 ex
1325 1846 1598 1910 omnibus;
1628 1855 1681 1899 et
1707 1853 1945 1914 propter-

370 1954 432 1992 ea
479 1938 633 2007 hujus
670 1939 833 2008 ipsius
859 1938 926 1993 de
955 1954 1055 2007 qua
1083 1954 1221 1993 nunc
1247 1938 1449 2007 agimus
1476 1936 1856 2000 defensionem,
1888 1936 1941 1990 in

369 2028 453 2082 his
491 2044 609 2096 qum
651 2029 1061 2082 commemoravi
1108 2028 1174 2082 de
1205 2028 1293 2081 illo
1320 2028 1475 2092 libro,
1502 2028 1675 2081 verbis
1702 2027 1832 2080 meis
1859 2036 1940 2081 at-

357 2116 563 2173 tentius
599 2120 828 2181 intuens,
862 2119 1087 2173 validam
1120 2119 1429 2189 ﬁrmamque
1459 2134 1563 2173 non
1592 2119 1763 2174 video.

437 2210 527 2263 20.
554 2209 685 2264 Nam
708 2211 849 2264 velut
877 2210 1266 2264 ﬁrmamentum
1291 2211 1405 2278 ejus
1437 2210 1563 2264 illud
1586 2220 1685 2275 est,
1715 2210 1852 2278 quod
1874 2210 1942 2265 ibi

366 2300 473 2354 dixi
499 2319 511 2354 :
544 2302 667 2365 Quis
694 2312 859 2354 autem
880 2303 1010 2355 novit
1031 2303 1153 2373 quid
1175 2303 1414 2370 parvulis,
1439 2302 1500 2355 de
1519 2320 1727 2372 quorum
1747 2304 1944 2355 crucia-

367 2390 496 2444 tibus
534 2391 717 2444 duritia
757 2393 1003 2463 majorum
1032 2392 1371 2457 contunditur,
1399 2401 1485 2445 aut
1518 2402 1772 2446 exercetur
1792 2393 1938 2463 fides,

365 2483 454 2527 aut
491 2474 831 2528 misericordia
880 2475 1280 2546 probaturzquis
1327 2493 1443 2547 ergo
1488 2478 1620 2529 novit
1660 2477 1781 2547 quid
1807 2474 1942 2545 ipsis

365 2566 587 2634 parvulis
622 2566 673 2619 in
704 2577 887 2620 secreto
912 2569 1223 2637 jmliciorum
1252 2586 1458 2622 suorum
1484 2569 1626 2623 bona:
1651 2586 1943 2638 compensa-

366 2655 515 2709 tionis
537 2666 748 2709 reservet
776 2656 953 2711 Deus?
978 2657 1081 2712 Sed
1110 2640 1211 2712 hoc
1241 2674 1347 2713 non
1372 2658 1637 2713 immerito
1657 2659 1761 2714 dici
1790 2659 1941 2715 video

365 2745 431 2799 de
462 2744 544 2797 his
571 2746 660 2814 qui
687 2747 775 2801 vel
800 2762 895 2816 pro
930 2746 1122 2801 Christi
1165 2750 1377 2802 nomine
1414 2764 1477 2802 ac
1520 2765 1642 2803 vera
1688 2750 1941 2818 religione

366 2835 472 2889 tale
514 2836 709 2905 aliquid
753 2838 909 2892 etiam
952 2840 1251 2893 nescientes
1305 2840 1590 2908 patiuntur,
1623 2841 1707 2893 vel
1752 2840 1939 2893 Sacra-

366 2932 545 2979 niento
571 2925 770 2979 Christi
808 2926 916 2996 jam
959 2928 1143 2980 imbuti
1180 2937 1336 2993 sunt;
1365 2930 1484 2996 quia
1527 2930 1642 2983 sine
1688 2929 1941 2983 societate

366 3016 520 3071 unius
544 3015 845 3071 Mediatoris
871 3017 1083 3071 liberari
1107 3034 1135 3071 a
1167 3018 1504 3071 damnatione
1545 3033 1649 3072 non
1698 3027 1936 3091 possunt,

365 3114 422 3157 ut
452 3108 617 3173 possit
643 3107 741 3169 eis,
769 3107 927 3160 etiam
956 3122 1051 3175 pro
1072 3106 1175 3160 illis
1202 3107 1354 3159 malis
1378 3123 1495 3176 qua:
1524 3108 1608 3161 hic
1637 3108 1687 3160 in
1714 3108 1940 3164 diversis

363 3195 741 3249 afﬂictionibus
764 3197 1120 3266 pertulerunt,
1162 3198 1522 3265 compensatio
1549 3198 1645 3251 ista
1676 3199 1936 3268 praestari.

361 3283 513 3338 Nunc
538 3293 714 3338 autem
736 3290 856 3338 cam
887 3285 983 3337 ista
1022 3285 1245 3354 quaestio
1273 3301 1376 3338 non
1405 3287 1569 3354 possit
1588 3286 1813 3351 absOlvi,
1840 3288 1940 3341 nisi

360 3378 522 3432 etiam
544 3376 611 3430 de
632 3376 715 3430 his
744 3376 974 3445 parvulis
1002 3362 1403 3445 respondeatur,
1436 3378 1522 3447 qui
1548 3388 1669 3448 post
1692 3380 1942 3448 gravissi-

359 3481 481 3520 mos
519 3466 781 3519 cruciatus
822 3467 936 3521 sine
968 3466 1311 3521 Sacr-amento
1337 3464 1638 3522 ehristianae
1668 3469 1939 3525 societatis

359 3556 663 3631 exspirant;
691 3571 807 3625 qua:
845 3558 983 3611 circa
1026 3572 1119 3611 eos
1147 3561 1508 3627 compensatio
1533 3560 1806 3631 cogitanda
1834 3570 1935 3629 est,

359 3648 552 3716 quibus
596 3648 812 3717 insuper
855 3657 910 3704 et
956 3649 1226 3704 damnatio
1271 3661 1558 3720 praeparata
1589 3655 1707 3708 est?
1733 3654 1864 3708 Nam
1886 3664 1940 3709 et

360 3738 428 3791 de
458 3738 718 3807 baptismo
745 3741 1081 3809 parvulorum
1109 3742 1160 3795 in
1188 3742 1373 3797 eodem
1401 3744 1556 3812 libro,
1586 3736 1693 3800 non
1722 3747 1936 3817 quidem

362 3829 708 3895 sufﬁcienter,
741 3832 834 3887 sed
861 3843 1110 3903 quantum
1142 3835 1214 3888 illi
1243 3838 1386 3905 Operi
1417 3840 1546 3891 satis
1574 3855 1692 3894 esse
1721 3840 1935 3895 videba-

361 3929 465 3979 tur,
491 3931 772 3991 utcumque
803 3925 1075 3992 respondi,
1104 3926 1242 3995 quod
1274 3928 1430 3981 etiam
1464 3931 1841 3996 nescientibus,
1884 3944 1936 3987 et

359 4010 518 4064 ﬁdem
549 4026 697 4065 suam
740 4014 970 4067 nondum
1001 4014 1314 4070 habentibus
1354 4019 1599 4087 prodest:
1625 4037 1729 4075 non
1762 4032 1933 4078 tamen

358 4100 426 4153 de
455 4101 789 4158 damnatione
834 4119 1018 4158 eorum
1058 4107 1415 4173 parvulorum,
1448 4110 1536 4177 qui
1581 4112 1694 4164 sine
1732 4112 1823 4166 illo
1863 4129 1931 4167 ex

358 4189 459 4243 hac
485 4192 587 4245 vita
611 4194 889 4262 emigrant,
915 4204 1037 4248 tunc
1064 4195 1254 4265 aliquid
1279 4198 1559 4252 dicendurm
1588 4203 1782 4269 putavi,
1812 4206 1933 4272 quia

360 4297 463 4338 non
495 4284 632 4352 quod
666 4301 804 4339 nunc
832 4288 1024 4355 agitur,
1058 4289 1328 4357 agebatur.
1914 4302 1917 4305 '

425 4374 515 4427 21.
559 4374 662 4429 Sed
710 4385 765 4430 ut
809 4378 1113 4433 omittamus
1157 4389 1209 4433 et
1262 4390 1664 4439 contemnamus
1711 4400 1772 4439 ea
1815 4401 1932 4455 qua:

353 4462 501 4518 brevi
547 4472 784 4535 tempore
825 4468 1110 4537 patiuntur,
1144 4486 1242 4525 nec
1288 4480 1546 4527 transacta
1593 4487 1928 4543 revocantur,

354 4556 609 4623 numquid
653 4557 894 4613 similiter
937 4570 1279 4618 contemnere
1328 4579 1606 4632 possumus
1649 4566 1787 4636 quod
1844 4585 1933 4636 per

352 4661 510 4698 unum
531 4646 781 4702 hominem
809 4666 961 4717 mors,
992 4661 1040 4705 et
1070 4671 1157 4723 per
1182 4671 1334 4707 unum
1361 4655 1611 4711 hominem
1636 4660 1931 4714 resurrectio

353 4748 684 4794 mortuorum.
718 4741 861 4800 Sicut
888 4745 1018 4807 enim
1045 4748 1099 4800 in
1132 4748 1294 4802 Adam
1319 4766 1490 4803 omnes
1529 4752 1827 4814 moriuntur,
1859 4753 1931 4808 sic

352 4838 400 4883 et
424 4831 477 4883 in
506 4829 706 4887 Christo
736 4852 905 4889 omnes
931 4837 1311 4906 viviﬁcabuntur
1337 4840 1379 4909 (ι
1406 4840 1521 4895 Cor.
1540 4859 1627 4909 xv,
1649 4844 1709 4897 21
1732 4854 1779 4896 et
1800 4843 1930 4917 2'2)?

352 4919 453 4975 Per
473 4922 609 4977 hanc
630 4925 772 4979 enim
802 4928 1165 4995 apostolicam,
1194 4929 1445 4999 divinam,
1475 4934 1777 5004 claramque
1806 4952 1930 4989 sen-

355 5020 593 5087 tentiam,
627 5022 754 5075 satis
783 5022 1053 5078 evidenter
1080 5025 1271 5090 elucet,
1305 5028 1569 5085 neminem
1597 5031 1674 5084 ire
1703 5030 1753 5085 in
1783 5047 1928 5084 mor-

352 5115 456 5161 tem
492 5110 590 5163 nisi
632 5127 725 5179 per
754 5112 918 5165 Adam
942 5130 954 5177 ;
988 5116 1251 5170 neminem
1282 5117 1358 5171 ire
1386 5118 1436 5171 in
1465 5120 1623 5174 vitam
1652 5130 1924 5191 atternam,

351 5198 450 5251 nisi
498 5215 594 5269 per
626 5200 917 5257 Christum.
951 5205 1060 5259 lloc
1099 5216 1179 5261 est
1207 5208 1400 5279 quippe
1435 5227 1625 5277 omnes,
1655 5220 1709 5265 et
1734 5230 1920 5279 ontnes,

350 5290 469 5363 quia
498 5291 631 5344 sicut
654 5309 839 5349 omnes
880 5295 1122 5351 homines
1165 5316 1256 5368 per
1303 5301 1545 5369 primam,
1583 5305 1683 5358 hoc
1718 5317 1800 5361 est
1833 5324 1928 5377 per

349 5381 615 5434 carnalem
638 5384 1029 5452 generationem
1055 5390 1317 5457 pertinent
1337 5390 1400 5443 ad
1424 5392 1619 5459 Adam;
1643 5395 1718 5449 sic
1741 5412 1924 5452 omnes

350 5465 590 5523 homines
631 5472 696 5525 ad
739 5475 1046 5543 secundum,
1088 5477 1138 5530 id
1173 5487 1253 5533 est
1282 5480 1603 5548 Spiritualem
1631 5487 1925 5552 generatio-

348 5572 471 5611 nem
524 5561 759 5629 vcniunt,
806 5566 1123 5637 quicumque
1160 5570 1226 5624 ad
1270 5571 1535 5626 Christum
1586 5588 1919 5643 perveniunt.

348 5645 472 5737 Ideo
498 5666 624 5720 ergo
649 5653 846 5711 dictum
867 5667 967 5723 est,
990 5670 1043 5714 et
1070 5660 1153 5715 hic
1178 5680 1366 5728 onines,
1395 5672 1451 5718 et
1472 5665 1539 5720 ibi
1568 5682 1735 5719 omnes
1758 5685 1770 5721 ς
1799 5669 1921 5737 quia

344 5734 481 5793 sicut
510 5758 692 5798 onines
720 5748 805 5816 qui
837 5752 1151 5821 moriuntur,
1175 5755 1382 5811 nonnisi
1416 5756 1465 5810 in
1494 5758 1661 5813 Adam
1690 5762 1924 5817 moriun-

2057 487 2173 535 tur:
2206 483 2275 535 ita
2306 498 2492 538 omnes
2527 484 2614 554 qui
2644 484 3063 553 viviﬁcabuntur,
3095 489 3302 545 nonnisi
3330 490 3381 545 in
3410 491 3625 551 Christo

2040 571 2474 627 viviﬁcabuntur.
2511 575 2588 629 Ac
2635 589 2729 645 per
2777 575 2896 643 hoc,
2942 579 3179 649 quisquis
3230 579 3381 635 nobis
3430 582 3626 641 dixerit

2055 674 2370 729 quemquam
2431 662 2483 716 in
2540 667 2929 722 resurrectione
2991 678 3324 725 mortuorum
3366 671 3621 729 viviﬁcari

2054 767 2210 819 posse
2255 754 2357 808 nisi
2410 754 2463 809 in
2510 754 2758 825 Christo;
2814 768 3059 829 tanquam
3114 762 3624 831 pestis‘communis

2054 832 2552 902 ﬁdei'detestandus
2577 858 2677 903 est.
2710 851 2839 905 ltem
2867 853 3108 922 quisquis
3151 853 3345 909 dixerit
3385 855 3526 926 quod
3569 857 3623 911 in

2053 934 2261 989 Christo
2299 937 2700 995 viviﬁcabuntur
2738 942 2896 996 etiam
2934 943 3137 1012 parvuli
3179 944 3269 1014 qui
3296 946 3410 1000 sine
3436 945 3626 1001 Sacra-

2040 1026 2221 1079 .menti
2237 1026 2349 1095 ejus
2370 1029 2766 1098 participatione
2795 1031 2862 1085 de
2889 1033 2995 1086 vita
3023 1041 3237 1099 exeunt,
3267 1033 3356 1089 hic
3382 1034 3622 1104 profecto

2051 1125 2104 1169 et
2129 1127 2309 1171 contra
2348 1120 2691 1187 apostolicam
2733 1123 3159 1191 praedicationem
3184 1125 3348 1191 venit,
3379 1135 3434 1181 et
3458 1135 3622 1183 totam

2050 1205 2365 1260 condemnat
2397 1208 2710 1275 Ecclesiam,
2733 1210 2819 1264 ubi
2849 1221 3125 1282 propterea
3146 1228 3268 1269 cum
3294 1214 3623 1284 baptizandis

2051 1297 2283 1365 parvulis
2313 1298 2589 1355 festinatur
2616 1308 2669 1354 et
2693 1303 2940 1367 curritur,
2974 1305 3093 1374 quia
3122 1305 3236 1359 sine
3261 1306 3423 1361 dubio
3445 1308 3622 1363 credi-

2050 1394 2136 1440 tur
2160 1389 2317 1442 aliter
2342 1405 2435 1445 eos
2464 1391 2515 1445 in
2546 1391 2759 1447 Christo
2785 1394 3035 1452 viviﬁcari
3065 1398 3282 1452 omnino
3311 1414 3415 1453 non
3444 1413 3620 1469 posse.

2049 1477 2148 1543 Qui
2186 1487 2361 1533 autem
2406 1496 2509 1534 non
2538 1482 2834 1536 viviﬁcatur
2861 1483 2914 1537 in
2943 1484 3175 1552 Christo,
3208 1495 3372 1541 restat
3396 1498 3455 1541 ut
3480 1487 3535 1541 in
3558 1502 3623 1542 ea

2050 1567 2489 1624 condemnatione
2515 1579 2726 1625 maneat
2762 1571 2828 1626 de
2868 1587 2970 1642 qua
3006 1574 3134 1628 dicit
3170 1576 3492 1645 Apostolus:
3518 1575 3623 1630 Per

2049 1658 2196 1711 unius
2219 1659 2457 1713 delictum
2490 1661 2547 1714 in
2591 1677 2760 1715 omnes
2798 1662 3023 1717 homines
3063 1664 3131 1717 ad
3162 1665 3624 1721 condemnationem

2050 1747 2224 1811 (Rom.
2254 1764 2308 1816 v,
2336 1750 2445 1819 18).
2474 1749 2570 1805 Cui
2599 1751 2789 1806 delicto
2818 1753 3077 1808 obnoxios
3102 1754 3348 1825 parvulos
3375 1756 3541 1823 nasci,
3568 1764 3624 1812 et

2049 1840 2221 1893 omnis
2250 1840 2420 1895 credit
2440 1841 2700 1909 Ecclesia,
2721 1852 2774 1898 et
2800 1844 2913 1913 ipse
2933 1845 3043 1913 jam
3066 1856 3252 1900 contra
3285 1846 3625 1907 Iovinianum

2048 1930 2341 1999 disputans,
2365 1941 2420 1986 et
2442 1947 2714 2000 exponens
2739 1934 2925 1988 Jonam
2954 1935 3288 2005 prophetam,
3307 1937 3444 1992 sicut
3466 1939 3623 2007 paulo

2048 2031 2171 2075 ante
2199 2025 2629 2089 commemoravi,
2664 2024 2768 2078 ﬁde
2798 2027 3133 2081 veracissima
3163 2027 3428 2093 deﬁnisti;
3460 2030 3623 2085 credo

2048 2120 2101 2164 et
2123 2111 2173 2164 in
2200 2112 2316 2165 aliis
2342 2113 2471 2167 locis
2500 2115 2873 2183 opusculorum
2900 2126 3108 2171 tuorum
3131 2134 3247 2186 quzc
3268 2120 3349 2173 vel
3370 2136 3475 2173 non
3496 2121 3619 2191 legi,

2048 2202 2129 2256 vel
2158 2203 2207 2255 in
2238 2205 2514 2272 prmsenlia
2540 2221 2648 2258 non
2670 2207 2940 2260 recordor.
2968 2207 3129 2277 llujus
3148 2210 3304 2278 igitur
3322 2209 3621 2265 damnatio-

2049 2294 2131 2346 nis
2173 2294 2227 2347 in
2270 2295 2498 2363 parvulis
2540 2310 2751 2349 causam
2802 2298 3047 2365 requiro;
3079 2300 3199 2367 quia
3228 2314 3397 2368 neque
3421 2301 3623 2354 anima-

2048 2397 2187 2448 rum,
2216 2384 2260 2437 si
2292 2399 2440 2438 novre
2467 2386 2597 2439 ﬁunt
2618 2386 2837 2455 singulis
2865 2386 3106 2455 singulae,
3131 2386 3429 2442 video-esse
3456 2388 3623 2443 ullum

2048 2478 2100 2531 in
2142 2478 2227 2531 illa
2257 2486 2412 2533 mtate
2455 2486 2878 2549 peccatum,‘nee
2907 2494 2937 2533 a
2965 2479 3073 2533 Deo
3110 2478 3349 2533 damnari
3389 2480 3624 2551 aliquam

2046 2571 2225 2634 credo,
2258 2586 2414 2640 quam
2441 2571 2582 2625 videt
2610 2571 2811 2625 nullum
2842 2570 3036 2625 habere
3061 2580 3358 2640 peccatum.

2119 2660 2342 2715 CAPUT
2373 2661 2673 2717 νειμ-εξ.
2704 2664 2783 2715 An
2808 2662 2944 2716 forte
2973 2661 3254 2716 dicendum
3280 2669 3382 2727 est,
3421 2663 3474 2715 in
3500 2676 3625 2731 par-

2050 2752 2169 2804 vqu
2190 2768 2401 2806 carnem
2434 2754 2597 2805 solam
2621 2766 2833 2806 causam
2860 2766 2979 2806 esse
3004 2753 3240 2820 peccati;
3274 2766 3465 2805 novam
3493 2767 3624 2807 vero

2048 2842 2121 2896 illi
2153 2842 2383 2894 animam
2406 2842 2537 2906 ﬁeri,
2554 2859 2654 2912 qua
2683 2841 2972 2897 secundum
2992 2843 3085 2896 Dei
3109 2851 3368 2912 praecepta
3385 2843 3617 2911 vivente,

2048 2932 2102 2985 in
2139 2932 2402 2999 adjutorio
2430 2923 2611 3002 gratia:
2642 2933 2869 2999 Christi,
2899 2943 2951 2986 et
2979 2934 3076 3001 ipsi
3107 2934 3251 2987 carni
3281 2933 3529 2988 edomita:
3558 2950 3622 2990 ac

2047 3024 2336 3091 subjugatm
2365 3022 2529 3090 possit
2558 3023 2967 3092 incorruptionis
3001 3023 3246 3076 meritum
3276 3024 3570 3094 comparari
3604 3043 3620 3079 :

2048 3110 2140 3164 sed
2179 3112 2297 3179 quia
2331 3112 2383 3164 in
2427 3111 2649 3180 parvulo
2686 3112 2861 3165 anima
2892 3111 3123 3166 nondum
3154 3112 3203 3165 id
3234 3127 3389 3182 agere
3427 3121 3620 3182 potest,

2047 3202 2149 3257 nisi
2177 3201 2371 3257 Christi
2397 3204 2660 3271 acceperit
2678 3203 3097 3269 Sacramentum,
3117 3219 3211 3273 per
3237 3203 3373 3259 hanc
3396 3205 3621 3275 gratiam

2046 3296 2189 3349 carni
2234 3296 2347 3364 ejus
2374 3296 2664 3364 acquiritur
2716 3296 2857 3364 quod
2906 3296 3046 3350 illius
3096 3278 3332 3351 moribus
3384 3296 3620 3351 nondum

2048 3386 2248 3455 potuit;
2277 3385 2319 3439 si
2359 3395 2533 3440 autem
2561 3387 2675 3441 sine
2723 3387 2811 3440 illo
2853 3386 3197 3441 Saeramento
3217 3388 3390 3441 anima
3418 3387 3621 3455 parvuli

2045 3476 2252 3539 exierit,
2305 3476 2416 3545 ipsa
2462 3476 2673 3546 quidem
2728 3477 2779 3530 in
2807 3485 3005 3531 aeterna
3037 3480 3141 3531 vita
3168 3477 3297 3544 erit,
3329 3477 3473 3532 unde
3498 3492 3619 3533 eam

2046 3565 2244 3618 mdium
2272 3574 2545 3635 peccatum
2571 3566 2739 3635 potuit
2762 3581 3026 3635 separare,
3047 3581 3174 3619 caro
3210 3580 3341 3621 vero
3368 3566 3485 3636 ejus
3512 3582 3618 3623 non

2043 3668 2282 3728 resurget
2306 3658 2356 3711 in
2382 3658 2614 3725 Christo,
2649 3674 2750 3712 non
2781 3666 3033 3728 percepto
3059 3667 3181 3713 ante
3226 3668 3450 3713 mortem
3478 3658 3619 3715 illius

2044 3749 2423 3805 Sacramento?

2112 3841 2201 3895 23.
2244 3841 2391 3896 Hanc
2411 3841 2712 3911 Opinionem
2742 3858 3009 3912 nunquam
3033 3842 3229 3909 audivi,
3263 3858 3526 3911 nunquam
3551 3843 3621 3898 le—

2008 3982 2011 3987 λ
2042 3932 2110 4001 gi.
2131 3931 2234 3989 Sed
2256 3933 2411 4001 plane
2435 3932 2609 3986 audivi
2636 3944 2688 3987 et
2709 3933 2929 3999 credidi,
2946 3942 3161 4002 pr0pter
3179 3933 3319 4002 quod
3341 3942 3393 3987 et
3413 3934 3618 3987 locutus

2043 4038 2181 4086 Sum,
2216 4024 2349 4087 Quia
2374 4024 2503 4076 venit
2528 4024 2673 4088 hora,
2701 4023 2901 4093 quando
2930 4040 3099 4076 omnes
3135 4024 3220 4090 qui
3248 4024 3299 4075 in
3328 4039 3619 4076 monumen-

2042 4115 2105 4165 tis
2129 4122 2263 4178 sunt,
2294 4112 2497 4165 audient
2524 4128 2691 4166 vocem
2714 4114 2857 4181 ejus;
2886 4121 2931 4165 et
2958 4112 3221 4181 procedcnt
3243 4113 3328 4178 qui
3348 4110 3469 4165 bene
3495 4115 3621 4181 [ece-

2039 4210 2175 4267 runt,
2206 4202 2258 4254 in
2279 4202 2684 4254 resurrectionem
2710 4202 2825 4254 vitae
2853 4201 3024 4272 (Joan.
3051 4217 3100 4263 v,
3128 4201 3218 4267 28,
3249 4200 3340 4270 29)
3361 4218 3374 4251 :
3396 4201 3507 4269 ipsa
3534 4210 3617 4256 est

2037 4290 2107 4344 de
2127 4306 2227 4360 qua
2257 4291 2470 4356 dicitur,
2506 4300 2552 4343 et
2576 4308 2664 4359 per
2689 4308 2844 4343 unum
2869 4291 3119 4343 hominem
3152 4292 3447 4345 resurrectio
3474 4308 3614 4346 mor-

2040 4392 2274 4445 tuorum;
2302 4383 2413 4452 ipsa
2443 4392 2525 4438 est
2557 4383 2733 4452 quain
2756 4382 2953 4438 Christo
2994 4401 3161 4437 omnes
3183 4384 3568 4453 vivificabuntur
3596 4402 3615 4440 :

2037 4475 2123 4542 qui
2149 4482 2312 4526 autem
2336 4474 2468 4527 male
2488 4483 2712 4544 egerunt,
2744 4473 2795 4527 in
2822 4475 3229 4527 resurrectionem
3254 4476 3458 4546 judicii.‘
3478 4464 3613 4542 Quid

2039 4565 2123 4620 hic
2147 4580 2273 4634 ergo
2300 4566 2367 4619 de
2394 4566 2497 4619 illis
2518 4565 2805 4618 infantibus
2837 4564 3233 4635 intelligendum
3257 4576 3357 4633 est,
3389 4567 3477 4637 qui
3508 4567 3615 4637 pri-

2038 4672 2259 4727 usquam
2279 4668 2494 4727 possent
2510 4673 2667 4727 agere
2685 4657 2764 4710 vel
2791 4657 2923 4711 bene
2937 4658 3020 4711 vel
3046 4660 3200 4723 male,
3217 4658 3330 4713 sine
3346 4659 3613 4729 Baptismo

2036 4764 2262 4818 corpore
2289 4750 2428 4803 exuti
2457 4749 2616 4802 sunt?
2648 4748 2776 4801 nihil
2806 4748 2890 4802 hic
2927 4748 2992 4803 de
3037 4749 3229 4804 talibus
3274 4750 3471 4804 dictum
3504 4759 3604 4804 est.

2038 4840 2142 4895 Sed
2170 4842 2212 4893 si
2242 4855 2367 4893 caro
2402 4855 2584 4893 eorum
2627 4838 2747 4892 ideo
2773 4855 2876 4892 non
2907 4848 3162 4909 resurget,
3193 4840 3313 4910 quia
3362 4855 3460 4894 nec
3486 4839 3607 4894 boni

2038 4930 2232 5000 aliquid
2272 4930 2528 4993 fecerunt,
2560 4944 2657 4983 nec
2683 4930 2837 4995 mali;
2882 4944 2980 4984 nec
3015 4930 3221 4985 illorum
3247 4938 3607 4985 resurrectura

2036 5030 2138 5088 est,
2192 5020 2280 5090 qui
2328 5029 2574 5090 percepta
2605 5021 2857 5089 Baptismi
2892 5022 3083 5091 gratia,
3136 5020 3187 5074 in
3217 5021 3302 5075 illa
3328 5029 3482 5075 aetate
3510 5020 3607 5074 de-

2037 5111 2201 5165 functi
2226 5118 2370 5175 sunt,
2404 5110 2454 5163 in
2486 5126 2585 5179 qua
2615 5111 2744 5164 nihil
2784 5112 2918 5166 bene
2944 5112 3028 5166 vel
3058 5111 3192 5165 male
3221 5126 3379 5180 agere
3424 5118 3607 5180 potue-

2034 5216 2178 5257 runt.
2197 5202 2251 5257 Si
2275 5210 2448 5255 autem
2477 5202 2547 5255 illi
2579 5203 2715 5256 inter
2730 5211 2939 5257 sanctos
2966 5210 3260 5271 resurgent,
3289 5201 3338 5255 id
3364 5208 3445 5254 est
3469 5200 3606 5255 inter

2032 5311 2125 5351 eos
2155 5297 2242 5365 qui
2274 5296 2410 5350 bene
2435 5302 2687 5364 egerunt;
2717 5295 2856 5349 inter
2896 5309 3030 5364 quos
3060 5302 3113 5348 et
3137 5293 3212 5347 illi
3256 5291 3605 5347 resurrecturi

2033 5387 2290 5453 sunt,nisi
2318 5388 2455 5441 inter
2493 5402 2586 5441 eos
2611 5388 2699 5456 qui
2727 5387 2864 5441 male
2909 5394 3151 5455 egerunt,
3174 5392 3242 5439 'ne
3271 5384 3470 5453 aliquas
3499 5382 3601 5437 hu-

2031 5495 2215 5533 manas
2242 5480 2445 5533 animas
2471 5477 2749 5532 credamus
2778 5493 3000 5545 corpora
3028 5490 3121 5529 sua
3145 5490 3247 5529 non
3276 5479 3601 5543 recepturas,

2031 5570 2144 5623 sive
2190 5568 2241 5622 in
2286 5570 2728 5622 resurrectionem
2754 5568 2902 5630 vitm,
2934 5567 3046 5619 sive
3076 5566 3127 5618 in
3157 5564 3601 5619 resurrectionem

2026 5658 2243 5730 judicii?
2264 5659 2396 5726 Qua:
2418 5660 2679 5713 sententia
2709 5658 3010 5728 priusquam
3043 5654 3331 5717 refellatur,
3365 5654 3477 5723 ipsa
3509 5670 3604 5708 no~

2092 5776 2111 5806 ³
2146 5774 2365 5823 't'huauus
2387 5779 2490 5835 Ms,
2517 5769 2680 5823 hostis.

3776 5433 3799 5461 ο
