4112 6346
467 354 562 408 751

457 475 626 529 vitate
653 471 758 540 iam
802 466 1049 538 displicet
1073 481 1088 520 :
1116 459 1310 520 deinde
1331 459 1452 530 quis
1477 457 1631 524 ferat,
1655 455 1701 510 si
1731 452 1949 509 credam
1973 464 2033 505 se

469 565 548 621 illi
574 563 664 632 qui
685 562 751 616 ad
773 559 1097 630 Baptismum
1119 570 1242 610 cum
1271 551 1384 608 suis
1410 548 1889 620 parvuliscurrnnt,
1914 557 2035 612 pro-

468 664 586 724 pter
605 666 795 707 carnes
821 665 1031 715 eorum,
1048 663 1152 702 non
1176 652 1390 715 propter
1408 642 1610 696 animas
1631 638 1880 694 currere?
1901 637 2035 691 Bea-

468 756 554 801 tus
577 742 787 814 quidem
813 741 1104 811 Cyprianus
1130 751 1234 790 non
1264 731 1475 804 aliquod
1503 731 1774 786 decretum
1795 727 2040 792 condens

465 848 682 897 novum,
704 831 797 888 sed
837 829 1090 886 Ecclesia:
1115 826 1268 894 ﬁdem
1297 822 1650 878 firmissimam
1688 820 1936 880 servans,
1967 814 2035 870 ad

463 923 833 994 corrigendum
855 936 948 977 eos
966 919 1055 991 qui
1084 918 1335 988 putabant
1356 923 1480 970 ante
1505 908 1912 983 octavumrdiem
1933 921 2032 964 na-

465 1017 687 1072 tivitatis
716 1030 822 1070 non
850 1029 966 1069 esse
983 1012 1254 1082 parvulum
1267 1005 1658 1077 baptizandum,
1673 1019 1778 1058 non
1795 1016 2034 1067 carnem,

466 1108 561 1162 sed
589 1107 818 1164 animam
840 1106 972 1160 dixit
995 1121 1095 1166 non
1117 1118 1222 1158 esse
1247 1098 1586 1172 perdendam;
1608 1105 1664 1151 et
1691 1110 1812 1150 mox
1851 1099 2034 1148 natum

463 1201 565 1255 rite
589 1199 842 1267 baptizari
865 1211 1045 1266 posse,
1075 1209 1194 1248 eum
1224 1192 1336 1247 suis
1361 1188 1674 1260 quibusdam
1706 1184 2037 1255 coepiscopis

473 1288 672 1346 leusuit
704 1285 881 1360 (Cypr.
909 1287 1067 1355 epist.
1097 1283 1185 1347 59,
1215 1283 1282 1335 ad
1311 1278 1542 1350 Fidum).

533 1377 625 1439 2‘.
666 1377 769 1431 Sed
791 1385 974 1430 contra
1011 1373 1260 1447 Cypriani
1293 1373 1518 1439 aliquam
1572 1367 1874 1437 opinionem
1899 1405 1914 1429 ,
1947 1364 2036 1419 ubi

465 1468 609 1538 quod
635 1467 919 1523 videndum
955 1468 1069 1531 fuit,
1091 1467 1314 1518 fortasse
1351 1477 1456 1519 non
1479 1460 1630 1526 vidit,
1657 1460 1852 1518 sentiat
1892 1457 2038 1527 quis-

464 1575 571 1629 que
597 1558 742 1629 quod
771 1559 928 1621 libet;
977 1564 1175 1610 tantum
1211 1561 1397 1608 contra
1423 1549 1767 1621 apostolicam
1814 1545 2036 1600 manife-

468 1650 755 1704 stissimum
799 1648 954 1703 ﬁdem
985 1661 1142 1702 nemo
1183 1644 1406 1723 sentiat,
1427 1658 1544 1712 quae
1567 1657 1634 1696 ex
1665 1639 1815 1694 unius
1841 1637 2055 1702 delicto

467 1754 657 1794 omnes
698 1739 752 1802 in
804 1737 1300 1797 condemnationem
1342 1734 1461 1792 duci
1500 1731 1751 1803 prmdieat
1780 1748 1794 1783 :
1824 1747 1889 1786 ex
1935 1743 2036 1799 qua

467 1812 905 1884 condemnatione
935 1843 1038 1882 non
1056 1827 1265 1890 liberat,
1292 1824 1392 1879 nisi
1435 1824 1600 1894 gratia
1622 1821 1715 1880 Dei
1742 1837 1836 1890 per
1854 1821 2038 1878 Jesum

467 1905 739 1972 Christum
762 1917 1041 1971 Dominum
1067 1926 1328 1980 nostrum,
1362 1915 1414 1968 in
1442 1928 1548 1983 quo
1575 1927 1679 1966 uno
1693 1926 1879 1966 omnes
1899 1911 2037 1964 vivi-

471 2007 695 2062 ﬁcantur
722 2007 1040 2076 quicumque
1067 2005 1414 2066 viviﬁcantur.
1430 2005 1625 2060 Contra
1645 2002 1894 2056 Ecclesiae
1921 2001 2040 2054 lun-

467 2095 795 2159 (latissimum
824 2112 1028 2150 morem
1049 2111 1205 2151 nemo
1225 2096 1435 2156 sentiat,
1468 2095 1556 2148 ubi
1593 2092 1661 2148 ad
1687 2093 2030 2161 Baptismum,

466 2185 510 2240 si
540 2195 753 2253 propter
776 2186 885 2238 sola
918 2184 1255 2254 parvulorum
1272 2199 1493 2253 corpora
1515 2191 1835 2252 curreretur,
1869 2180 2041 2248 bapti-

466 2274 619 2333 zandi
639 2274 953 2333 offerrentur
976 2281 1030 2331 ct
1050 2275 1263 2330 mortui.

535 2363 626 2417 25.
667 2362 794 2428 Qua:
821 2377 941 2416 cum
974 2364 1044 2418 ita
1086 2363 1212 2427 sint,
1252 2362 1532 2432 qumt‘cnda
1555 2377 1715 2418 causa
1763 2372 1843 2418 est
1881 2371 2038 2431 atque

465 2451 754 2516 reddenda,
772 2466 935 2520 quare
949 2451 1267 2509 damnentur
1279 2452 1470 2516 animat
1485 2469 1600 2520 qua:
1618 2467 1771 2506 nova:
1792 2461 2039 2511 creantur

466 2541 686 2610 singulis
711 2540 1007 2611 quibusque
1027 2541 1386 2608 nascentibus,
1415 2543 1457 2596 si
1481 2552 1672 2610 praeter
1697 2541 1896 2596 Christi
1935 2541 2035 2596 Sa~

465 2640 791 2686 cramentum
816 2631 1022 2700 parvuli,
1048 2631 1375 2686 moriantur:
1406 2631 1640 2692 damnari
1666 2632 1808 2687 enim
1847 2646 1958 2697 eas,
1991 2632 2036 2686 si

465 2723 542 2776 sic
567 2722 635 2777 de
649 2737 874 2790 corpore
903 2722 1148 2789 exierint,
1177 2730 1231 2776 et
1253 2731 1436 2776 sancta
1458 2722 1748 2790 Scriptura,
1781 2731 1835 2776 et
1854 2731 2035 2776 sancta

467 2819 550 2865 est
575 2813 720 2866 testis
748 2812 1010 2866 Ecclesia.
1060 2809 1212 2866 Unde
1240 2811 1327 2864 illa
1351 2811 1417 2866 de
1441 2812 1736 2868 animarum
1779 2827 2035 2866 novarum

463 2903 732 2968 creatione
773 2903 1080 2966 sententia,
1126 2902 1171 2955 si
1224 2901 1356 2962 hanc
1409 2901 1564 2956 ﬁdem
1617 2902 2035 2960 fundatissimam

465 3005 572 3045 non
595 3001 879 3061 oppugnat,
899 2991 968 3046 sit
998 3001 1052 3046 et
1073 3006 1218 3056 mea;
1242 2993 1286 3049 si
1311 3000 1596 3062 oppugnat,
1624 3009 1727 3046 non
1762 2993 1830 3046 sit
1854 3003 1907 3047 et
1927 3001 2033 3048 tua.

533 3078 623 3134 9.6.
646 3079 777 3134 Nolo
795 3080 921 3134 mihi
947 3080 1173 3147 dicatur,
1201 3097 1294 3149 pro
1325 3080 1423 3138 hac
1446 3083 1707 3144 sententia
1731 3083 1924 3142 debere
1949 3098 2040 3137 ac-

462 3169 566 3239 cipi
585 3170 727 3239 quod
753 3169 1009 3240 scriptum
1051 3179 1155 3236 est,
1197 3171 1296 3236 Qui
1319 3173 1463 3240 ﬁnxit
1488 3173 1718 3241 spiritum
1747 3173 1960 3228 hominis
1985 3174 2036 3227 in

462 3259 573 3325 ipso
597 3257 775 3328 (Zach.
800 3276 896 3326 xu,
920 3261 971 3332 1)
991 3269 1063 3324 et,
1089 3261 1188 3326 Qui
1210 3261 1360 3330 finxit
1385 3262 1680 3332 singillatim
1702 3263 1852 3323 corda
1869 3279 2039 3320 eorum

469 3346 638 3419 (Psal.
664 3365 834 3416 xxxu,
870 3351 978 3422 15).
1001 3350 1211 3430 Aliquid
1246 3349 1597 3406 fortissimum
1619 3359 1777 3421 atque
1802 3353 2038 3408 invictis-

465 3439 659 3495 simum
689 3441 1062 3510 requirendum
1096 3453 1199 3507 est,
1231 3443 1372 3513 quod
1424 3458 1522 3498 nos
1559 3460 1662 3497 non
1698 3452 1850 3515 cogat
1873 3446 2035 3500 Deum

465 3529 682 3585 credere
709 3531 933 3585 ullarum
961 3532 1256 3603 animarum
1288 3534 1405 3592 sine
1437 3535 1590 3606 culpa
1612 3535 1783 3604 aliqua
1815 3535 2036 3589 damna-

465 3625 658 3674 torem.
677 3617 807 3674 Nam
831 3620 913 3685 vel
935 3621 1258 3677 tantumdem
1288 3624 1448 3689 valet,
1468 3624 1553 3680 vel
1575 3625 1688 3691 plus
1714 3632 1792 3677 est
1818 3623 2034 3678 forsitan

465 3723 671 3774 creare,
701 3725 857 3780 quam
905 3712 1134 3782 ﬁngere;
1166 3723 1219 3768 et
1270 3722 1446 3770 tamen
1490 3718 1744 3786 scriptum
1787 3725 1890 3781 est,
1936 3715 2037 3771 Cor

464 3800 704 3854 mundum
733 3817 848 3854 creo
873 3803 924 3856 in
945 3818 1044 3868 me,
1077 3803 1213 3860 Deus
1237 3804 1404 3876 (Psal.
1432 3823 1484 3883 1.,
1515 3808 1604 3879 12)
1631 3825 1646 3861 :
1670 3824 1767 3865 nec
1795 3808 1914 3876 ideo
1943 3825 2036 3877 pu-

467 3889 568 3944 tari
594 3900 788 3961 potest,
820 3893 1051 3948 animam
1079 3896 1179 3949 hoc
1230 3896 1346 3950 loco
1374 3908 1556 3966 optare
1579 3913 1637 3953 se
1665 3899 1777 3952 ﬁeri
1795 3938 1812 3965 ,
1857 3900 2035 3968 prius-

465 3995 622 4050 quam
651 3980 844 4050 aliquid
885 3992 1048 4038 esset.
1081 3983 1228 4039 Sicut
1269 4001 1396 4056 ergo
1431 3987 1538 4056 jam
1567 3989 1799 4056 existens
1825 3998 2038 4063 creatur

464 4070 1053 4142 innovationejnstitite,
1085 4077 1162 4131 sic
1183 4076 1295 4146 jam
1334 4079 1568 4133 existens
1591 4078 1803 4150 ﬁngitur
1826 4081 2039 4137 confor-

464 4163 694 4223 matione
719 4163 996 4220 doctrinm.
1025 4165 1131 4221 Nec
1153 4167 1280 4222 illud
1311 4168 1449 4237 quod
1478 4169 1878 4242 invEcclesiaste
1903 4172 2037 4226 scri-

469 4261 614 4324 ptuzn
649 4261 752 4320 est,
783 4253 925 4309 Tunc
951 4265 1260 4311 convertetur
1291 4259 1344 4314 in
1371 4268 1553 4313 terram
1582 4261 1744 4330 pulvis
1769 4261 1896 4315 sicut
1915 4264 2031 4333 fuit,

464 4350 511 4394 et
531 4342 740 4411 spiritus
762 4354 1028 4399 revertetur
1051 4346 1119 4400 ad
1138 4347 1406 4402 Dominum
1435 4351 1520 4418 qui
1531 4350 1663 4412 dedit
1677 4350 1819 4404 illum
1837 4349 2033 4423 (Eccle.

467 4443 559 4500 xtl,
589 4430 643 4505 7)
669 4449 685 4499 ;
717 4434 870 4488 istam
901 4436 1177 4492 conﬁrmat
1203 4441 1544 4505 sententiam,
1592 4456 1748 4510 quam
1789 4443 2035 4500 volumus

468 4537 588 4577 esse
617 4533 849 4580 nostram
881 4545 896 4583 :
927 4529 1043 4596 plus
1072 4530 1212 4583 enim
1255 4529 1356 4585 hoc
1393 4531 1706 4601 suffragatur
1734 4536 1811 4587 eis
1831 4535 1918 4603 qui
1942 4581 1945 4584 .
1968 4552 2032 4590 ex

363 4659 387 4696 ,τ
468 4627 572 4668 una
593 4622 1003 4684 putantomnes
1028 4633 1147 4674 esse
1171 4621 1393 4676 animas.
1442 4621 1572 4676 Nam
1602 4624 1738 4679 sicut
1768 4629 2035 4681 converti-

379 4729 387 4739 η
467 4714 572 4774 tur,
599 4708 858 4779 inquiunt.
890 4711 1060 4780 pulvis
1083 4712 1137 4766 in
1177 4721 1391 4775 terram.
1440 4714 1578 4771 sicut
1625 4714 1749 4780 fuit;
1777 4724 1831 4770 et
1855 4726 2031 4775 tamen

461 4811 610 4864 caro,
635 4796 700 4852 de
728 4814 830 4870 qua
852 4798 955 4856 hoc
980 4800 1177 4858 dictum
1207 4811 1309 4870 est,
1333 4803 1400 4858 ad
1425 4803 1692 4860 hominem
1715 4822 1819 4860 non
1853 4822 2036 4864 rever-

468 4885 614 4954 titur,
643 4902 706 4942 ex
731 4902 838 4958 quo
865 4899 1278 4962 propagata‘cst,
1299 4893 1388 4948 sed
1425 4893 1488 4948 ad
1514 4902 1728 4961 terram,
1759 4897 1897 4962 unde
1923 4900 2034 4967 pri-

464 4987 584 5031 ma:
613 4975 769 5032 homo
801 4977 969 5035 factus
1010 4991 1090 5037 est
1121 4998 1135 5035 :
1163 4981 1240 5036 sic
1275 4991 1328 5037 et
1367 4984 1583 5052 spiritus
1607 5001 1669 5041 ex
1701 4987 1840 5042 illius
1878 4987 2032 5043 unius

464 5069 648 5139 spiritu
675 5081 1008 5142 propagatus,
1035 5091 1143 5129 non
1173 5085 1348 5130 tamen
1370 5076 1440 5130 ad
1469 5092 1589 5131 cum
1618 5080 1919 5140 revertitur,
1937 5079 2032 5136 sed

464 5163 533 5218 ad
584 5164 864 5224 Dominum
889 5184 918 5222 a
965 5185 1069 5240 quo
1106 5171 1181 5226 illi
1223 5169 1380 5226 datus
1415 5179 1519 5226 est.
1550 5169 1746 5227 Verum
1776 5173 1896 5243 quia
1929 5172 2030 5230 hoc

464 5257 822 5314 testimonium
851 5261 921 5316 ita
966 5277 1064 5331 pro
1105 5263 1217 5319 istis
1245 5272 1422 5331 sonat,
1477 5272 1534 5319 ut
1558 5280 1661 5319 non
1691 5265 1838 5322 omni
1873 5265 2032 5324 modo

465 5345 589 5402 huic
615 5351 848 5420 opinioni
873 5369 1028 5423 quam
1065 5356 1272 5412 defendi
1302 5357 1444 5423 volo,
1473 5358 1715 5420 videatur
1739 5375 1858 5416 esse
1898 5375 2030 5416 con-

465 5439 722 5506 trarium,
767 5443 1148 5500 admouendum
1206 5457 1404 5501 tantum
1455 5448 1660 5503 credidi
1700 5450 2030 5519 prudentiam

463 5535 629 5596 tuam,
661 5547 727 5586 ne
753 5534 942 5592 talibus
963 5538 1278 5594 testimoniis
1312 5553 1377 5590 ex
1411 5538 1496 5594 his
1523 5540 1778 5610 angustiis
1818 5556 1904 5594 me
1933 5556 2027 5597 oo-

465 5618 605 5672 ncris
633 5636 835 5678 eruere.
866 5624 995 5678 Nam
1017 5626 1138 5681 licet
1159 5642 1316 5682 nemo
1335 5625 2027 5698 faciatoptaudo,utverum

467 5709 534 5764 sit
559 5712 696 5780 quod
726 5730 900 5771 verum
932 5732 1035 5774 non
1075 5726 1156 5775 est
1183 5737 1195 5774 :
1235 5727 1410 5776 tamen
1442 5720 1486 5777 si
1512 5721 1624 5777 ﬁeri
1647 5731 1844 5794 posset,
1877 5734 2026 5795 opta-

1669 337 1728 394 S.
1768 331 2130 394 AUGUSTINI
2172 333 2467 388 EPISCOPI
2511 359 2516 364 -

3603 336 3710 391 πθ

2139 463 2251 503 rem
2298 457 2354 501 ut
2394 448 2506 503 huic
2547 448 2805 503 sententia
2850 461 2973 504 vera
3017 455 3189 514 esset;
3221 447 3357 502 sicut
3387 456 3512 517 opto
3539 458 3617 514 ut,
3653 452 3701 505 si

2141 554 2262 593 vera
2293 548 2404 605 est,
2450 539 2542 594 abs
2583 548 2632 594 te
2670 537 3017 609 liquidissime
3045 546 3204 607 atque
3229 538 3575 594 invictissime
3601 537 3703 595 dc-

2138 633 2402 688 fendatur.

2207 722 2434 779 CAPUT
2465 721 2626 776 lX.—
2643 721 2731 776 27.
2764 720 2886 778 Hcce
2905 729 3078 784 autem
3096 720 3374 775 difﬁcultas
3395 721 3560 777 etiam
3589 721 3711 778 illos

2139 795 2393 882 sequitur,
2416 812 2505 880 qui
2530 813 2637 879 jam
2666 811 2954 874 existentes
2979 811 3102 864 alibi
3128 811 3352 872 animas.
3382 819 3435 864 et
3465 811 3531 865 ab
3557 812 3712 872 initio

2138 901 2432 956 divinorum
2459 917 2675 970 operum
2702 909 3040 971 prmparatas,
3061 916 3093 954 a
3121 902 3226 954 Deo
3261 902 3396 955 mitti
3427 901 3713 972 epinantur

2139 989 2193 1058 in
2242 1005 2486 1060 corpora.
2538 991 2669 1052 Nam
2697 999 2750 1045 et
2776 991 2843 1045 ab
2873 989 2956 1045 his
2994 989 3096 1058 hoc
3144 991 3284 1046 idem
3336 993 3631 1062 quaeritur:
3664 990 3714 1048 si

2137 1079 2329 1136 animm
2359 1082 2637 1152 inculpata:
2661 1082 2969 1146 obedienter
2996 1082 3234 1148 veniunt,
3256 1099 3361 1154 quo
3391 1085 3708 1150 mittuntur;

2137 1186 2235 1228 Cur
2260 1173 2309 1224 in
2339 1172 2588 1241 parvulis,
2618 1171 2662 1225 si
2693 1188 2796 1238 non
2825 1171 3068 1242 baptizati
3091 1159 3251 1226 vitam
3278 1173 3430 1228 istam
3455 1173 3710 1238 ﬁnierint,

2139 1262 2462 1331 puniuntur?
2491 1261 2688 1316 Eadem
2720 1276 2934 1330 prorsus
2964 1262 3016 1315 in
3055 1267 3276 1330 utraque
3296 1264 3559 1319 sententia
3607 1263 3713 1320 (ιὶἰτ

2139 1349 2344 1420 ﬁcultas
2367 1359 2466 1406 est.
2496 1351 2574 1406 llli
2600 1351 2699 1404 sibi
2716 1351 2957 1426 videntur
2979 1351 3044 1407 de
3066 1351 3164 1406 hac
3186 1339 3391 1406 faeilius
3411 1352 3554 1407 exire
3565 1369 3687 1424 quae
3707 1388 3716 1402 .

2139 1447 2330 1520 stione,
2362 1446 2450 1517 qui
2479 1447 2682 1500 animas
2709 1457 3017 1502 asseverant
3042 1463 3138 1519 pro
3150 1449 3350 1503 meritis
3374 1449 3493 1502 vita:
3523 1447 3718 1518 prioris

2139 1538 2624 1614 singulasqsingulis
2650 1540 2963 1607 corporibus
2991 1536 3268 1612 implicari.
3298 1540 3412 1600 Hoc
3442 1541 3584 1596 enim
3611 1555 3703 1609 pu-

2143 1638 2253 1690 tant
2281 1645 2401 1686 csse
2425 1631 2477 1685 in
2500 1631 2667 1686 Adam
2696 1633 2851 1694 mori,
2876 1633 2944 1694 in,
2965 1648 3123 1688 carne
3150 1634 3356 1693 scilicet
3369 1649 3486 1703 qua:
3518 1647 3685 1701 pr0pa
3703 1668 3715 1673 ε

2139 1728 2257 1790 gata
2286 1729 2365 1776 est
2392 1737 2458 1777 ex
2477 1722 2666 1790 Adam,
2693 1723 2946 1793 supplicia
2974 1725 3240 1794 pendere:
3272 1740 3420 1794 aquo
3435 1731 3604 1788 reatu,
3634 1726 3718 1777 in»

2140 1810 2345 1878 qniunt,
2396 1813 2563 1882 gratia
2591 1813 2789 1869 Christi
2825 1815 3014 1871 liberat
3068 1817 3292 1886 pusillos,
3333 1831 3452 1871 cum
3485 1817 3714 1885 magnis.

2139 1901 2252 1956 Hoc
2278 1903 2492 1972 quidem
2521 1915 2683 1970 recte,
2706 1907 2982 1971 veraciter,
3015 1906 3340 1977 optimeque,
3369 1908 3511 1978 quod
3540 1907 3716 1977 gratia

2140 1989 2332 2045 Christi
2353 1992 2540 2048 liberat
2563 2009 2592 2047 a
2605 2003 2754 2050 reatu
2764 2005 3102 2064 peccatorum
3117 1996 3334 2065 pusillos
3352 2012 3470 2050 cum
3487 1999 3714 2065 magnis.

2139 2077 2243 2133 Sed
2273 2081 2323 2134 in
2355 2083 2453 2136 alia
2500 2085 2773 2153 superiore
2814 2085 2922 2149 vita.
2974 2101 3194 2154 peccare
3234 2087 3457 2161 animas,
3501 2095 3556 2142 et
3595 2087 3718 2141 inde

2142 2171 2465 2250 prmcipitari
2491 2173 2543 2227 in
2574 2189 2816 2252 carceres
2839 2191 3083 2246 qarneos,
3127 2191 3234 2234 non
3277 2176 3458 2240 credo,
3489 2192 3593 2230 non
3620 2193 3719 2231 ac-

2141 2265 2376 2333 quiesco,
2397 2283 2500 2320 nou
2531 2268 2825 2322 consentio.
2855 2269 3107 2333 Primum,
3135 2269 3382 2338 quoniam
3411 2285 3506 2337 per
3529 2271 3718 2326 nescio

2139 2369 2273 2422 quos
2318 2354 2452 2424 ﬁeri,
2481 2357 2788 2412 circumitus
2818 2357 2871 2412 id
2919 2359 3064 2412 aiunt
3088 2359 3174 2412 isti
3207 2360 3246 2424 ³,
3293 2367 3360 2432 ut
3389 2365 3507 2427 post
3534 2359 3716 2413 nescio

2139 2451 2333 2514 quanta
2361 2445 2625 2502 volumina
2651 2447 2963 2502 smculorum
2986 2448 3175 2503 iterum
3193 2448 3262 2516 ad,
3283 2449 3434 2502 istam
3449 2449 3714 2509 sarcinam

2139 2532 2496 2602 corruptibilis
2515 2537 2689 2590 carnis
2712 2544 2768 2592 et
2793 2538 3041 2606 supplicia
3073 2537 3350 2606 pendeuda
3382 2536 3717 2596 redeundum

2142 2623 2257 2676 sit:
2290 2640 2394 2694 qua
2439 2627 2688 2694 opinione
2737 2627 2864 2696 quid
2914 2627 3215 2682 horribilius
3251 2627 3470 2696 Cogitari
3528 2629 3714 2696 possit,

2137 2714 2346 2790 ignore.
2379 2717 2599 2785 Deinde,
2638 2719 2756 2788 quis
2776 2719 2993 2794 tandem
3019 2719 3190 2789 justus
3215 2719 3496 2773 defunctus
3524 2728 3626 2780 est,
3649 2720 3719 2774 de

2137 2822 2242 2876 quo
2259 2823 2366 2861 non
2395 2806 2464 2882 (si
2494 2809 2578 2864 isti
2607 2826 2728 2864 vera
2757 2809 3196 2881 dicunt)lsol.lieiti
3243 2825 3361 2872 esse
3403 2811 3715 2876 debeamus,

2138 2914 2207 2970 ne
2235 2898 2287 2955 in
2316 2900 2433 2954 sinu
2460 2901 2686 2956 Abralne
2717 2917 2972 2970 peccans,
3003 2903 3057 2956 in
3082 2901 3323 2956 ﬂammas
3361 2901 3503 2956 illius
3537 2902 3716 2959 divitis

2139 2987 2416 3057 dejiciatur
2439 2989 2585 3061 (an.
2620 3006 2738 3057 xvt,
2764 2991 2855 3055 ‘22,
2885 2991 3021 3060 25)?
3049 3007 3144 3046 cur
3168 2991 3308 3046 enim
3352 3006 3458 3046 non
3499 3000 3554 3046 et
3596 2999 3717 3060 pest

2139 3077 2240 3134 hoc
2265 3094 2459 3148 corpus
2475 3095 2693 3149 peccare
2714 3081 2956 3150 possit,si
2974 3090 3027 3135 et
3047 3091 3171 3136 ante
3191 3081 3396 3150 potuit?
3415 3081 3712 3151 Postremo,

2139 3168 2295 3239 longe
2323 3170 2465 3237 aliud
2486 3181 2562 3225 est
2595 3172 2648 3229 in
2673 3172 2837 3225 Adam
2871 3187 3134 3242 peccasse,
3165 3171 3304 3244 unde
3327 3172 3454 3226 dicit
3481 3175 3715 3242 Aposto-

2139 3257 2244 3324 lus,
2271 3262 2323 3312 in
2345 3275 2442 3329 quo
2467 3275 2637 3316 omnes
2663 3271 3016 3329 peccaverunt;
3042 3271 3097 3318 et
3111 3262 3248 3318 aliud
3272 3271 3354 3318 est
3377 3269 3523 3318 extra
3541 3263 3715 3324 Adam

2143 3347 2326 3404 nescio
2356 3350 2442 3404 ubi
2476 3365 2745 3418 peccasse,
2777 3361 2830 3406 et
2859 3352 2976 3406 ideo
3001 3351 3054 3407 in
3103 3352 3293 3420 Adam,
3323 3352 3374 3407 id
3403 3363 3482 3409 est
3513 3354 3564 3409 in
3592 3369 3718 3410 cara

2139 3455 2258 3494 nem
2282 3456 2398 3510 qua:
2417 3458 2482 3495 ex
2498 3442 2660 3496 Adam
2679 3451 2963 3512 prepagata
2987 3454 3069 3498 est
3092 3454 3341 3515 tauquam
3367 3446 3419 3500 in
3446 3461 3713 3501 carcerem

2139 3532 2297 3588 trudi.
2330 3532 2474 3590 Illam
2506 3549 2633 3588 vero
2662 3535 2986 3604 opinionem.
3015 3537 3239 3605 quodex
3257 3553 3360 3591 una
3385 3537 3712 3592 ﬁantomncs

2137 3619 2350 3686 animm,
2389 3636 2488 3676 nec
2511 3622 2775 3684 discutere
2817 3625 2967 3689 volo,
3000 3625 3102 3680 nisi
3152 3641 3372 3682 necesse
3403 3626 3502 3691 sit;
3547 3636 3709 3695 atque

2138 3708 2334 3778 utinam
2366 3709 2485 3776 ista,
2515 3710 2582 3767 de
2604 3727 2707 3782 qua
2736 3728 2879 3789 nunc
2898 3714 3122 3782 agimus,
3149 3715 3194 3770 si
3225 3731 3346 3768 vera
3368 3724 3469 3780 est,
3497 3717 3576 3771 sic
3602 3718 3703 3772 abs

2141 3807 2191 3853 te
2210 3799 2539 3866 defendatur,
2572 3813 2627 3856 ut
2655 3803 2757 3858 hoc
2780 3819 3001 3859 necesse
3023 3805 3127 3874 jam
3163 3821 3267 3859 non
3293 3807 3382 3860 sit.
3521 3872 3525 3875 Ι

2206 3887 2297 3944 28.
2337 3890 2588 3958 Quamvis
2618 3901 2795 3946 autem
2847 3893 3140 3948 desiderem
3161 3935 3176 3957 ,
3220 3909 3397 3964 rogem
3418 3935 3432 3959 ,
3467 3895 3603 3949 votis
3623 3911 3712 3950 ar-

2136 3978 2383 4035 dentibus
2401 3991 2646 4054 exoptem
2668 3992 2719 4038 et
2739 3991 3040 4054 exspectem
3057 3992 3113 4038 ut
3133 3999 3226 4052 per
3241 3995 3290 4039 te
3308 3983 3429 4036 mihi
3450 3983 3707 4040 Dominus

2137 4067 2296 4139 hujus
2322 4072 2396 4126 rei
2427 4071 2629 4128 auferat
2654 4073 3033 4142 ignorantiam:
3065 4084 3236 4128 tamen
3283 4075 3349 4138 si,
3379 4073 3515 4144 quod
3545 4074 3706 4142 absit,

2138 4161 2358 4217 minime
2384 4176 2648 4230 meruero,
2674 4161 2983 4233 patientiam
3035 4162 3163 4221 mihi
3207 4173 3380 4232 petam
3409 4178 3440 4218 a
3479 4162 3707 4220 Domino

2137 4251 2246 4305 Deo
2275 4259 2490 4318 nostro;
2522 4251 2573 4306 in
2598 4269 2756 4323 quem
2782 4252 2862 4308 sic
2886 4253 3172 4317 credimus,
3204 4262 3261 4308 ut
3280 4256 3325 4309 si
3353 4255 3524 4324 aliqua
3554 4254 3708 4309 nobis

2136 4355 2240 4393 non
2265 4339 2467 4409 aperiat
2493 4339 2649 4396 etiam
2688 4340 3051 4409 pulsantibus,
3089 4342 3236 4397 nullo
3261 4343 3417 4397 modo
3453 4343 3709 4400 adversus

2135 4445 2255 4487 eum
2284 4442 2613 4486 murmurare
2637 4427 2943 4486 debeamus.
2973 4431 3186 4502 hientini
3203 4432 3381 4501 prius'
3407 4431 3534 4501 ipsis
3560 4432 3707 4500 Apo-

2136 4520 2288 4576 stolis
2313 4521 2534 4588 dictum,
2562 4519 2730 4574 Multa
2759 4520 2915 4576 habeo
2958 4522 3092 4577 vobis
3130 4523 3325 4587 dicere;
3352 4523 3442 4577 sed
3484 4539 3583 4576 non
3612 4539 3704 4591 po—

2136 4612 2269 4670 testis
2297 4611 2386 4664 illa
2404 4619 2607 4682 portare
2626 4610 2774 4666 modo
2798 4611 2975 4681 (Joan.
2997 4610 3307 4686 ινι,12).1ιι
3329 4613 3431 4679 his,
3445 4621 3701 4682 quantum

2135 4700 2202 4755 ad
2242 4716 2326 4756 me
2352 4701 2556 4766 attinet,
2585 4701 2742 4756 etiam
2791 4700 2894 4758 hoc
2933 4703 3221 4772 deputem:
3248 4718 3421 4774 neque
3465 4703 3554 4772 qui
3601 4703 3705 4759 hoc

2134 4794 2296 4850 Sciam
2326 4807 2412 4848 me
2436 4792 2678 4864 indigner
2699 4792 2992 4865 indignum,
3024 4810 3089 4849 ne
3118 4793 3219 4849 hoc
3246 4793 3362 4863 ipso
3389 4793 3547 4848 etiam
3566 4808 3700 4849 con-

2135 4883 2317 4946 vincar
2340 4883 2618 4958 indignior.
2633 4882 2792 4939 Multa
2819 4883 2960 4940 enim
2984 4883 3353 4950 aliasimiliter
3371 4885 3704 4954 nescio,quaa

2133 4986 2550 5029 commemorare
2574 4972 2658 5028 vel
2684 4988 2997 5035 enumerare
3021 4989 3125 5028 non
3149 4989 3360 5043 possum
3385 4990 3399 5028 :
3427 4982 3481 5029 et
3498 4973 3602 5029 hoc
3617 4983 3703 5028 to.

2132 5063 2420 5124 lembiliter
2437 5063 2752 5134 ignorarem,
2773 5063 2872 5118 nisi
2890 5073 3185 5122 metuerem
3208 5078 3274 5118 ne
3292 5063 3465 5133 aliqua
3483 5064 3702 5118 istarum

2133 5153 2438 5222 opinionum
2468 5161 2654 5209 contra
2683 5153 2807 5217 illud
2834 5153 2973 5222 quod
3004 5153 3302 5210 ﬁrmissima
3326 5154 3615 5208 retinemus
3639 5152 3703 5205 li-

2133 5242 2220 5308 de,
2239 5243 2463 5301 incautis
2494 5245 2773 5313 obreperet
2803 5242 3087 5297 mentibus.
3111 5243 3215 5298 Sed
3239 5251 3518 5312 antequam
3539 5241 3703 5301 sciam

2133 5348 2372 5404 quaenam
2391 5349 2574 5389 earum
2597 5335 2770 5404 potius
2788 5331 3026 5402 eligenda
3044 5332 3132 5398 sit,
3146 5331 3249 5403 hoc
3272 5347 3359 5389 me
3377 5348 3484 5389 non
3501 5341 3705 5389 temere

2134 5425 2330 5480 sentire
2355 5425 2621 5494 proﬁteor,
2640 5438 2762 5481 eam
2781 5439 2900 5494 quae
2923 5437 3046 5477 vera
3073 5432 3155 5477 est
3181 5436 3286 5480 non
3315 5421 3581 5477 adversari
3608 5438 3703 5477 ros.-

2132 5515 2450 5574 bustissima:
2477 5532 2539 5573 ac
2562 5516 2939 5572 fundatissima:
2962 5515 3104 5582 ﬁdei,
3127 5531 3228 5587 qua
3247 5512 3442 5571 Christi
3469 5514 3704 5569 Ecclesia

2199 5674 2216 5739 ξ
2242 5679 2349 5722 Mss.
2368 5668 2667 5739 quindecim:
2692 5677 2788 5720 Per
2984 5682 3100 5738 quos
3114 5667 3342 5739 (iratum
3362 5663 3418 5720 id
3439 5669 3584 5734 agunt
3605 5662 3701 5716 isti.

2195 5736 2214 5766 ¹
2240 5741 2352 5783 μω.
2378 5730 2614 5784 tredecim
2636 5745 2649 5781 :
2676 5730 3023 5787 Meminerimus
3045 5730 3177 5796 uisis,
3208 5735 3302 5779 etc.
