  <div class='ocr_page' id='page_1' title='image "/cluster/home/n/w/nwhite01/storage/ocr_20150623/33/hvd.32044015471451/372.png"; bbox 0 0 4154 6354; ppageno 0'>
   <div class='ocr_carea' id='block_1_1' title="bbox 413 309 521 368">
    <p class='ocr_par' dir='ltr' id='par_1_1' title="bbox 413 309 521 368">
     <span class='ocr_line' id='line_1_1' title="bbox 413 309 521 368; baseline 0 0"><span class='ocrx_word' id='word_1_1' title='bbox 413 309 521 368; x_wconf 74' lang='lat'><strong>733</strong></span> 
     </span>
    </p>
   </div>
   <div class='ocr_carea' id='block_1_2' title="bbox 412 415 1992 489">
    <p class='ocr_par' dir='ltr' id='par_1_2' title="bbox 412 415 1992 489">
     <span class='ocr_line' id='line_1_2' title="bbox 412 415 1992 489; baseline -0.001 -15"><span class='ocrx_word' id='word_1_2' title='bbox 412 433 514 474; x_wconf 89' lang='lat' dir='ltr'><strong>nec</strong></span> <span class='ocrx_word' id='word_1_3' title='bbox 540 415 787 489; x_wconf 84' lang='lat' dir='ltr'><strong>parvulos</strong></span> <span class='ocrx_word' id='word_1_4' title='bbox 815 415 1055 473; x_wconf 84' lang='lat' dir='ltr'><strong>homines</strong></span> <span class='ocrx_word' id='word_1_5' title='bbox 1079 415 1440 472; x_wconf 86' lang='lat' dir='ltr'><strong>recentissime</strong></span> <span class='ocrx_word' id='word_1_6' title='bbox 1466 425 1617 472; x_wconf 86' lang='lat' dir='ltr'><strong>natos</strong></span> <span class='ocrx_word' id='word_1_7' title='bbox 1645 433 1675 472; x_wconf 90' lang='lat' dir='ltr'><strong>a</strong></span> <span class='ocrx_word' id='word_1_8' title='bbox 1696 418 1992 473; x_wconf 84' lang='lat' dir='ltr'><strong>damnatio-</strong></span> 
     </span>
    </p>
   </div>
   <div class='ocr_carea' id='block_1_3' title="bbox 408 507 1990 580">
    <p class='ocr_par' dir='ltr' id='par_1_3' title="bbox 408 507 1990 580">
     <span class='ocr_line' id='line_1_3' title="bbox 408 507 1990 580; baseline 0 -15"><span class='ocrx_word' id='word_1_9' title='bbox 408 526 480 565; x_wconf 97' lang='lat' dir='ltr'><strong>ne</strong></span> <span class='ocrx_word' id='word_1_10' title='bbox 505 508 694 574; x_wconf 89' lang='lat' dir='ltr'><strong>credit,</strong></span> <span class='ocrx_word' id='word_1_11' title='bbox 724 509 824 564; x_wconf 85' lang='lat' dir='ltr'><strong>nisi</strong></span> <span class='ocrx_word' id='word_1_12' title='bbox 850 525 945 577; x_wconf 88' lang='lat' dir='ltr'><strong>per</strong></span> <span class='ocrx_word' id='word_1_13' title='bbox 975 511 1194 580; x_wconf 86' lang='lat' dir='ltr'><strong>gratiam</strong></span> <span class='ocrx_word' id='word_1_14' title='bbox 1226 507 1453 564; x_wconf 87' lang='lat' dir='ltr'><strong>nominis</strong></span> <span class='ocrx_word' id='word_1_15' title='bbox 1479 507 1706 572; x_wconf 82' lang='lat' dir='ltr'><strong>Christi,</strong></span> <span class='ocrx_word' id='word_1_16' title='bbox 1737 524 1895 578; x_wconf 89' lang='lat' dir='ltr'><strong>quam</strong></span> <span class='ocrx_word' id='word_1_17' title='bbox 1935 509 1990 566; x_wconf 88' lang='lat' dir='ltr'><strong>in</strong></span> 
     </span>
    </p>
   </div>
   <div class='ocr_carea' id='block_1_4' title="bbox 406 597 1788 668">
    <p class='ocr_par' dir='ltr' id='par_1_4' title="bbox 406 597 1788 668">
     <span class='ocr_line' id='line_1_4' title="bbox 406 597 1788 668; baseline -0.004 -12"><span class='ocrx_word' id='word_1_18' title='bbox 406 599 522 656; x_wconf 83' lang='lat' dir='ltr'><strong>suis</strong></span> <span class='ocrx_word' id='word_1_19' title='bbox 552 598 910 655; x_wconf 88' lang='lat' dir='ltr'><strong>Sacrameutis</strong></span> <span class='ocrx_word' id='word_1_20' title='bbox 936 598 1343 665; x_wconf 86' lang='lat' dir='ltr'><strong>commendavit,</strong></span> <span class='ocrx_word' id='word_1_21' title='bbox 1371 611 1526 668; x_wconf 88' lang='lat' dir='ltr'><strong>posse</strong></span> <span class='ocrx_word' id='word_1_22' title='bbox 1551 597 1788 653; x_wconf 89' lang='lat' dir='ltr'><strong>liberari.</strong></span> 
     </span>
    </p>
   </div>
   <div class='ocr_carea' id='block_1_5' title="bbox 801 821 1580 899">
    <p class='ocr_par' dir='ltr' id='par_1_5' title="bbox 801 821 1580 899">
     <span class='ocr_line' id='line_1_5' title="bbox 801 821 1580 899; baseline -0.003 -19"><span class='ocrx_word' id='word_1_23' title='bbox 801 824 887 899; x_wconf 83' lang='lat' dir='ltr'><strong>DE</strong></span> <span class='ocrx_word' id='word_1_24' title='bbox 925 823 1307 880; x_wconf 73' lang='lat' dir='ltr'><strong>SENTENTIA</strong></span> <span class='ocrx_word' id='word_1_25' title='bbox 1348 821 1580 880; x_wconf 80' lang='lat' dir='ltr'><strong>JACOBI</strong></span> 
     </span>
    </p>
   </div>
   <div class='ocr_carea' id='block_1_6' title="bbox 1103 953 1292 1003">
    <p class='ocr_par' dir='ltr' id='par_1_6' title="bbox 1103 953 1292 1003">
     <span class='ocr_line' id='line_1_6' title="bbox 1103 953 1292 1003; baseline -0.005 -11"><span class='ocrx_word' id='word_1_26' title='bbox 1103 953 1258 994; x_wconf 69' lang='lat' dir='ltr'><strong>uasa</strong></span> <span class='ocrx_word' id='word_1_27' title='bbox 1276 977 1292 1003; x_wconf 93' lang='lat'><strong>,</strong></span> 
     </span>
    </p>
   </div>
   <div class='ocr_carea' id='block_1_7' title="bbox 814 1063 1570 1213">
    <p class='ocr_par' dir='ltr' id='par_1_7' title="bbox 814 1063 1570 1213">
     <span class='ocr_line' id='line_1_7' title="bbox 814 1063 1570 1213; baseline 0.004 -21"><span class='ocrx_word' id='word_1_28' title='bbox 814 1063 1397 1206; x_wconf 55' lang='lat' dir='ltr'><strong>EPISTOLASEEXVH</strong></span> <span class='ocrx_word' id='word_1_29' title='bbox 1427 1143 1444 1163; x_wconf 84' lang='grc'>⁶</span> <span class='ocrx_word' id='word_1_30' title='bbox 1471 1140 1570 1213; x_wconf 87' lang='lat' dir='ltr'><strong>(a).</strong></span> 
     </span>
    </p>
   </div>
   <div class='ocr_carea' id='block_1_8' title="bbox 404 1247 1975 1321">
    <p class='ocr_par' dir='ltr' id='par_1_8' title="bbox 404 1247 1975 1321">
     <span class='ocr_line' id='line_1_8' title="bbox 404 1247 1975 1321; baseline 0.003 -15"><span class='ocrx_word' id='word_1_31' title='bbox 404 1249 714 1320; x_wconf 68' lang='lat' dir='ltr'><strong>Augustinus</strong></span> <span class='ocrx_word' id='word_1_32' title='bbox 742 1247 1053 1319; x_wconf 79' lang='lat' dir='ltr'><strong>Hieronymo</strong></span> <span class='ocrx_word' id='word_1_33' title='bbox 1075 1289 1090 1311; x_wconf 92' lang='lat'><strong>,</strong></span> <span class='ocrx_word' id='word_1_34' title='bbox 1130 1249 1191 1304; x_wconf 91' lang='lat' dir='ltr'><strong>de</strong></span> <span class='ocrx_word' id='word_1_35' title='bbox 1222 1251 1330 1308; x_wconf 85' lang='lat' dir='ltr'><strong>loco</strong></span> <span class='ocrx_word' id='word_1_36' title='bbox 1357 1252 1442 1320; x_wconf 82' lang='lat' dir='ltr'><strong>qui</strong></span> <span class='ocrx_word' id='word_1_37' title='bbox 1477 1261 1547 1305; x_wconf 85' lang='lat' dir='ltr'><strong>est</strong></span> <span class='ocrx_word' id='word_1_38' title='bbox 1582 1251 1764 1308; x_wconf 85' lang='lat' dir='ltr'><strong><em>Jacobi</em></strong></span> <span class='ocrx_word' id='word_1_39' title='bbox 1789 1271 1824 1310; x_wconf 88' lang='lat' dir='ltr'><strong>tt</strong></span> <span class='ocrx_word' id='word_1_40' title='bbox 1844 1295 1858 1321; x_wconf 94' lang='lat'><strong>,</strong></span> <span class='ocrx_word' id='word_1_41' title='bbox 1888 1255 1975 1321; x_wconf 65' lang='lat'><strong>£0,</strong></span> 
     </span>
    </p>
   </div>
   <div class='ocr_carea' id='block_1_9' title="bbox 480 1325 1985 1411">
    <p class='ocr_par' dir='ltr' id='par_1_9' title="bbox 480 1325 1985 1411">
     <span class='ocr_line' id='line_1_9' title="bbox 480 1325 1985 1411; baseline 0.003 -18"><span class='ocrx_word' id='word_1_42' title='bbox 480 1359 500 1393; x_wconf 81' lang='lat' dir='ltr'><strong>s</strong></span> <span class='ocrx_word' id='word_1_43' title='bbox 515 1340 612 1403; x_wconf 82' lang='lat' dir='ltr'><strong>Qui</strong></span> <span class='ocrx_word' id='word_1_44' title='bbox 631 1325 894 1406; x_wconf 65' lang='lat' dir='ltr'><strong>offenderit</strong></span> <span class='ocrx_word' id='word_1_45' title='bbox 919 1339 970 1407; x_wconf 82' lang='lat' dir='ltr'><strong>in</strong></span> <span class='ocrx_word' id='word_1_46' title='bbox 993 1355 1111 1405; x_wconf 79' lang='lat' dir='ltr'><strong>uno,</strong></span> <span class='ocrx_word' id='word_1_47' title='bbox 1125 1339 1290 1411; x_wconf 75' lang='lat' dir='ltr'><strong>[nctus</strong></span> <span class='ocrx_word' id='word_1_48' title='bbox 1307 1352 1376 1394; x_wconf 88' lang='lat' dir='ltr'><strong>est</strong></span> <span class='ocrx_word' id='word_1_49' title='bbox 1389 1343 1611 1407; x_wconf 81' lang='lat' dir='ltr'><strong>omnium</strong></span> <span class='ocrx_word' id='word_1_50' title='bbox 1639 1361 1752 1407; x_wconf 82' lang='lat' dir='ltr'><strong>reus</strong></span> <span class='ocrx_word' id='word_1_51' title='bbox 1777 1359 1824 1398; x_wconf 76' lang='lat' dir='ltr'><strong>.‘s</strong></span> <span class='ocrx_word' id='word_1_52' title='bbox 1853 1346 1985 1398; x_wconf 80' lang='lat' dir='ltr'><strong>mui-</strong></span> 
     </span>
    </p>
   </div>
   <div class='ocr_carea' id='block_1_10' title="bbox 472 1431 1982 1508">
    <p class='ocr_par' dir='ltr' id='par_1_10' title="bbox 472 1431 1982 1508">
     <span class='ocr_line' id='line_1_10' title="bbox 472 1431 1982 1508; baseline 0.007 -26"><span class='ocrx_word' id='word_1_53' title='bbox 472 1441 523 1502; x_wconf 83' lang='lat' dir='ltr'><strong>ta</strong></span> <span class='ocrx_word' id='word_1_54' title='bbox 554 1431 835 1485; x_wconf 77' lang='lat' dir='ltr'><strong>admiscens</strong></span> <span class='ocrx_word' id='word_1_55' title='bbox 865 1431 927 1485; x_wconf 79' lang='lat' dir='ltr'><strong>de</strong></span> <span class='ocrx_word' id='word_1_56' title='bbox 958 1431 1143 1487; x_wconf 85' lang='lat' dir='ltr'><strong>Stoicis</strong></span> <span class='ocrx_word' id='word_1_57' title='bbox 1168 1476 1182 1495; x_wconf 89' lang='lat'><strong>,</strong></span> <span class='ocrx_word' id='word_1_58' title='bbox 1201 1436 1285 1504; x_wconf 82' lang='lat' dir='ltr'><strong>qui</strong></span> <span class='ocrx_word' id='word_1_59' title='bbox 1307 1435 1546 1490; x_wconf 73' lang='lat' dir='ltr'><strong>docebant</strong></span> <span class='ocrx_word' id='word_1_60' title='bbox 1577 1439 1746 1491; x_wconf 82' lang='lat' dir='ltr'><strong>omnia</strong></span> <span class='ocrx_word' id='word_1_61' title='bbox 1779 1449 1982 1508; x_wconf 85' lang='lat' dir='ltr'><strong>peccata</strong></span> 
     </span>
    </p>
   </div>
   <div class='ocr_carea' id='block_1_11' title="bbox 471 1521 1983 1596">
    <p class='ocr_par' dir='ltr' id='par_1_11' title="bbox 471 1521 1983 1596">
     <span class='ocr_line' id='line_1_11' title="bbox 471 1521 1983 1596; baseline 0.005 -22"><span class='ocrx_word' id='word_1_62' title='bbox 471 1536 579 1586; x_wconf 73' lang='lat' dir='ltr'><strong>esse</strong></span> <span class='ocrx_word' id='word_1_63' title='bbox 599 1521 742 1589; x_wconf 87' lang='lat' dir='ltr'><strong>paria</strong></span> <span class='ocrx_word' id='word_1_64' title='bbox 762 1535 784 1584; x_wconf 81' lang='lat'><strong>,°</strong></span> <span class='ocrx_word' id='word_1_65' title='bbox 809 1529 854 1573; x_wconf 89' lang='lat' dir='ltr'><strong>et</strong></span> <span class='ocrx_word' id='word_1_66' title='bbox 881 1522 1104 1596; x_wconf 74' lang='lat' dir='ltr'><strong>quisquis</strong></span> <span class='ocrx_word' id='word_1_67' title='bbox 1129 1523 1328 1576; x_wconf 80' lang='lat' dir='ltr'><strong>haberet</strong></span> <span class='ocrx_word' id='word_1_68' title='bbox 1351 1541 1502 1577; x_wconf 89' lang='lat' dir='ltr'><strong>unam</strong></span> <span class='ocrx_word' id='word_1_69' title='bbox 1521 1529 1772 1594; x_wconf 76' lang='lat' dir='ltr'><strong>virtutem,</strong></span> <span class='ocrx_word' id='word_1_70' title='bbox 1801 1527 1983 1588; x_wconf 84' lang='lat' dir='ltr'><strong>habere</strong></span> 
     </span>
    </p>
   </div>
   <div class='ocr_carea' id='block_1_12' title="bbox 469 1611 1590 1689">
    <p class='ocr_par' dir='ltr' id='par_1_12' title="bbox 469 1611 1590 1689">
     <span class='ocr_line' id='line_1_12' title="bbox 469 1611 1590 1689; baseline 0.003 -26"><span class='ocrx_word' id='word_1_71' title='bbox 469 1627 640 1664; x_wconf 88' lang='lat' dir='ltr'><strong>omnes</strong></span> <span class='ocrx_word' id='word_1_72' title='bbox 650 1627 671 1675; x_wconf 86' lang='lat'><strong>;</strong></span> <span class='ocrx_word' id='word_1_73' title='bbox 695 1611 780 1680; x_wconf 87' lang='lat' dir='ltr'><strong>qui</strong></span> <span class='ocrx_word' id='word_1_74' title='bbox 802 1620 992 1664; x_wconf 86' lang='lat' dir='ltr'><strong>careret</strong></span> <span class='ocrx_word' id='word_1_75' title='bbox 1013 1629 1135 1678; x_wconf 87' lang='lat' dir='ltr'><strong>una,</strong></span> <span class='ocrx_word' id='word_1_76' title='bbox 1166 1613 1362 1689; x_wconf 78' lang='lat' dir='ltr'><strong>nullam</strong></span> <span class='ocrx_word' id='word_1_77' title='bbox 1391 1615 1590 1682; x_wconf 76' lang='lat' dir='ltr'><strong>habere.</strong></span> 
     </span>
    </p>
   </div>
   <div class='ocr_carea' id='block_1_13' title="bbox 467 1718 1982 1794">
    <p class='ocr_par' dir='ltr' id='par_1_13' title="bbox 467 1718 1982 1794">
     <span class='ocr_line' id='line_1_13' title="bbox 467 1718 1982 1794; baseline 0.004 -20"><span class='ocrx_word' id='word_1_78' title='bbox 467 1718 692 1774; x_wconf 78' lang='lat' dir='ltr'><strong>CAPUT</strong></span> <span class='ocrx_word' id='word_1_79' title='bbox 722 1719 1005 1783; x_wconf 80' lang='lat' dir='ltr'><strong>PRIMUM.</strong></span> <span class='ocrx_word' id='word_1_80' title='bbox 1032 1751 1105 1763; x_wconf 91' lang='lat'><strong>——</strong></span> <span class='ocrx_word' id='word_1_81' title='bbox 1131 1724 1181 1776; x_wconf 80' lang='grc'><strong>1.</strong></span> <span class='ocrx_word' id='word_1_82' title='bbox 1211 1723 1362 1789; x_wconf 88' lang='lat' dir='ltr'><strong>Quod</strong></span> <span class='ocrx_word' id='word_1_83' title='bbox 1389 1724 1454 1778; x_wconf 91' lang='lat' dir='ltr'><strong>ad</strong></span> <span class='ocrx_word' id='word_1_84' title='bbox 1495 1734 1546 1780; x_wconf 91' lang='lat' dir='ltr'><strong>te</strong></span> <span class='ocrx_word' id='word_1_85' title='bbox 1573 1724 1780 1794; x_wconf 78' lang='lat' dir='ltr'><strong>scripsi,</strong></span> <span class='ocrx_word' id='word_1_86' title='bbox 1811 1726 1982 1783; x_wconf 87' lang='lat' dir='ltr'><strong>hono-</strong></span> 
     </span>
    </p>
   </div>
   <div class='ocr_carea' id='block_1_14' title="bbox 396 1816 1978 1892">
    <p class='ocr_par' dir='ltr' id='par_1_14' title="bbox 396 1816 1978 1892">
     <span class='ocr_line' id='line_1_14' title="bbox 396 1816 1978 1892; baseline 0.004 -22"><span class='ocrx_word' id='word_1_87' title='bbox 396 1816 564 1891; x_wconf 77' lang='lat' dir='ltr'><strong>rande</strong></span> <span class='ocrx_word' id='word_1_88' title='bbox 586 1816 712 1870; x_wconf 87' lang='lat' dir='ltr'><strong>mihi</strong></span> <span class='ocrx_word' id='word_1_89' title='bbox 744 1817 795 1872; x_wconf 92' lang='lat' dir='ltr'><strong>in</strong></span> <span class='ocrx_word' id='word_1_90' title='bbox 832 1816 1044 1872; x_wconf 90' lang='lat' dir='ltr'><strong>Christo</strong></span> <span class='ocrx_word' id='word_1_91' title='bbox 1075 1818 1236 1887; x_wconf 89' lang='lat' dir='ltr'><strong>frater</strong></span> <span class='ocrx_word' id='word_1_92' title='bbox 1260 1821 1575 1892; x_wconf 81' lang='lat' dir='ltr'><strong>Hieronyme</strong></span> <span class='ocrx_word' id='word_1_93' title='bbox 1600 1862 1612 1885; x_wconf 95' lang='lat'><strong>,</strong></span> <span class='ocrx_word' id='word_1_94' title='bbox 1641 1837 1888 1890; x_wconf 74' lang='lat' dir='ltr'><strong>qttzerens</strong></span> <span class='ocrx_word' id='word_1_95' title='bbox 1911 1822 1978 1877; x_wconf 90' lang='lat' dir='ltr'><strong>de</strong></span> 
     </span>
    </p>
   </div>
   <div class='ocr_carea' id='block_1_15' title="bbox 395 1907 1977 1986">
    <p class='ocr_par' dir='ltr' id='par_1_15' title="bbox 395 1907 1977 1986">
     <span class='ocr_line' id='line_1_15' title="bbox 395 1907 1977 1986; baseline 0.006 -26"><span class='ocrx_word' id='word_1_96' title='bbox 395 1907 572 1961; x_wconf 83' lang='lat' dir='ltr'><strong>anima</strong></span> <span class='ocrx_word' id='word_1_97' title='bbox 603 1907 827 1963; x_wconf 85' lang='lat' dir='ltr'><strong>lnnnana</strong></span> <span class='ocrx_word' id='word_1_98' title='bbox 851 1950 867 1972; x_wconf 94' lang='lat'><strong>,</strong></span> <span class='ocrx_word' id='word_1_99' title='bbox 903 1909 947 1962; x_wconf 90' lang='lat' dir='ltr'><strong>si</strong></span> <span class='ocrx_word' id='word_1_100' title='bbox 976 1910 1315 1986; x_wconf 84' lang='lat' dir='ltr'><strong>nascentibus</strong></span> <span class='ocrx_word' id='word_1_101' title='bbox 1337 1909 1556 1979; x_wconf 84' lang='lat' dir='ltr'><strong>singulis</strong></span> <span class='ocrx_word' id='word_1_102' title='bbox 1583 1927 1732 1966; x_wconf 80' lang='lat' dir='ltr'><strong>novae</strong></span> <span class='ocrx_word' id='word_1_103' title='bbox 1755 1913 1977 1983; x_wconf 73' lang='lat' dir='ltr'><strong>singultu</strong></span> 
     </span>
    </p>
   </div>
   <div class='ocr_carea' id='block_1_16' title="bbox 395 1998 1972 2072">
    <p class='ocr_par' dir='ltr' id='par_1_16' title="bbox 395 1998 1972 2072">
     <span class='ocr_line' id='line_1_16' title="bbox 395 1998 1972 2072; baseline 0.003 -20"><span class='ocrx_word' id='word_1_104' title='bbox 395 2013 539 2053; x_wconf 86' lang='lat' dir='ltr'><strong>nunc</strong></span> <span class='ocrx_word' id='word_1_105' title='bbox 583 2013 748 2066; x_wconf 87' lang='lat' dir='ltr'><strong>usque</strong></span> <span class='ocrx_word' id='word_1_106' title='bbox 776 1998 945 2065; x_wconf 85' lang='lat' dir='ltr'><strong>ﬁunt,</strong></span> <span class='ocrx_word' id='word_1_107' title='bbox 979 2001 1066 2054; x_wconf 86' lang='lat' dir='ltr'><strong>ubi</strong></span> <span class='ocrx_word' id='word_1_108' title='bbox 1108 2002 1307 2069; x_wconf 77' lang='lat' dir='ltr'><strong>peccati</strong></span> <span class='ocrx_word' id='word_1_109' title='bbox 1348 2002 1611 2056; x_wconf 75' lang='lat' dir='ltr'><strong>vinculum</strong></span> <span class='ocrx_word' id='word_1_110' title='bbox 1640 2003 1972 2072; x_wconf 85' lang='lat' dir='ltr'><strong>contrahant,</strong></span> 
     </span>
    </p>
   </div>
   <div class='ocr_carea' id='block_1_17' title="bbox 402 2088 1977 2161">
    <p class='ocr_par' dir='ltr' id='par_1_17' title="bbox 402 2088 1977 2161">
     <span class='ocr_line' id='line_1_17' title="bbox 402 2088 1977 2161; baseline 0.004 -20"><span class='ocrx_word' id='word_1_111' title='bbox 402 2088 543 2156; x_wconf 88' lang='lat' dir='ltr'><strong>quod</strong></span> <span class='ocrx_word' id='word_1_112' title='bbox 565 2104 660 2159; x_wconf 90' lang='lat' dir='ltr'><strong>per</strong></span> <span class='ocrx_word' id='word_1_113' title='bbox 694 2088 1094 2161; x_wconf 83' lang='lat' dir='ltr'><strong>Sacramentum</strong></span> <span class='ocrx_word' id='word_1_114' title='bbox 1119 2089 1303 2160; x_wconf 68' lang='lat' dir='ltr'><strong>gratim</strong></span> <span class='ocrx_word' id='word_1_115' title='bbox 1322 2090 1516 2154; x_wconf 84' lang='lat' dir='ltr'><strong>Christi</strong></span> <span class='ocrx_word' id='word_1_116' title='bbox 1543 2093 1700 2147; x_wconf 88' lang='lat' dir='ltr'><strong>etiam</strong></span> <span class='ocrx_word' id='word_1_117' title='bbox 1734 2093 1785 2146; x_wconf 90' lang='lat' dir='ltr'><strong>in</strong></span> <span class='ocrx_word' id='word_1_118' title='bbox 1818 2094 1977 2148; x_wconf 86' lang='lat' dir='ltr'><strong>infan-</strong></span> 
     </span>
    </p>
   </div>
   <div class='ocr_carea' id='block_1_18' title="bbox 394 2179 1970 2254">
    <p class='ocr_par' dir='ltr' id='par_1_18' title="bbox 394 2179 1970 2254">
     <span class='ocr_line' id='line_1_18' title="bbox 394 2179 1970 2254; baseline 0.004 -22"><span class='ocrx_word' id='word_1_119' title='bbox 394 2179 535 2246; x_wconf 80' lang='lat' dir='ltr'><strong>tibus</strong></span> <span class='ocrx_word' id='word_1_120' title='bbox 579 2188 821 2234; x_wconf 89' lang='lat' dir='ltr'><strong>recenter</strong></span> <span class='ocrx_word' id='word_1_121' title='bbox 847 2181 983 2237; x_wconf 88' lang='lat' dir='ltr'><strong>natis</strong></span> <span class='ocrx_word' id='word_1_122' title='bbox 1019 2181 1329 2236; x_wconf 81' lang='lat' dir='ltr'><strong>solvendum</strong></span> <span class='ocrx_word' id='word_1_123' title='bbox 1361 2196 1480 2254; x_wconf 87' lang='lat' dir='ltr'><strong>esse</strong></span> <span class='ocrx_word' id='word_1_124' title='bbox 1516 2197 1624 2252; x_wconf 83' lang='lat' dir='ltr'><strong>non</strong></span> <span class='ocrx_word' id='word_1_125' title='bbox 1648 2184 1970 2250; x_wconf 74' lang='lat' dir='ltr'><strong>dubitamus,</strong></span> 
     </span>
    </p>
   </div>
   <div class='ocr_carea' id='block_1_19' title="bbox 391 2271 1972 2346">
    <p class='ocr_par' dir='ltr' id='par_1_19' title="bbox 391 2271 1972 2346">
     <span class='ocr_line' id='line_1_19' title="bbox 391 2271 1972 2346; baseline 0.002 -21"><span class='ocrx_word' id='word_1_126' title='bbox 391 2285 511 2326; x_wconf 89' lang='lat' dir='ltr'><strong>cum</strong></span> <span class='ocrx_word' id='word_1_127' title='bbox 536 2271 586 2324; x_wconf 90' lang='lat' dir='ltr'><strong>in</strong></span> <span class='ocrx_word' id='word_1_128' title='bbox 626 2287 729 2324; x_wconf 90' lang='lat' dir='ltr'><strong>non</strong></span> <span class='ocrx_word' id='word_1_129' title='bbox 763 2287 978 2342; x_wconf 83' lang='lat' dir='ltr'><strong>parvum</strong></span> <span class='ocrx_word' id='word_1_130' title='bbox 1024 2273 1273 2333; x_wconf 78' lang='lat' dir='ltr'><strong>volumen</strong></span> <span class='ocrx_word' id='word_1_131' title='bbox 1307 2274 1649 2346; x_wconf 88' lang='lat' dir='ltr'><strong>procederet,</strong></span> <span class='ocrx_word' id='word_1_132' title='bbox 1687 2275 1830 2330; x_wconf 91' lang='lat' dir='ltr'><strong>nolui</strong></span> <span class='ocrx_word' id='word_1_133' title='bbox 1869 2276 1972 2333; x_wconf 85' lang='lat' dir='ltr'><strong>ulla</strong></span> 
     </span>
    </p>
   </div>
   <div class='ocr_carea' id='block_1_20' title="bbox 390 2361 1974 2437">
    <p class='ocr_par' dir='ltr' id='par_1_20' title="bbox 390 2361 1974 2437">
     <span class='ocr_line' id='line_1_20' title="bbox 390 2361 1974 2437; baseline 0.004 -24"><span class='ocrx_word' id='word_1_134' title='bbox 390 2361 492 2437; x_wconf 75' lang='lat' dir='ltr'><strong>alia</strong></span> <span class='ocrx_word' id='word_1_135' title='bbox 517 2375 740 2416; x_wconf 88' lang='lat' dir='ltr'><strong>onerare</strong></span> <span class='ocrx_word' id='word_1_136' title='bbox 764 2363 1056 2431; x_wconf 82' lang='lat' dir='ltr'><strong>qtnestione</strong></span> <span class='ocrx_word' id='word_1_137' title='bbox 1088 2380 1102 2415; x_wconf 90' lang='lat'><strong>:</strong></span> <span class='ocrx_word' id='word_1_138' title='bbox 1134 2362 1226 2418; x_wconf 81' lang='lat' dir='ltr'><strong>sed</strong></span> <span class='ocrx_word' id='word_1_139' title='bbox 1247 2363 1387 2433; x_wconf 90' lang='lat' dir='ltr'><strong>quod</strong></span> <span class='ocrx_word' id='word_1_140' title='bbox 1415 2373 1564 2434; x_wconf 86' lang='lat' dir='ltr'><strong>urget</strong></span> <span class='ocrx_word' id='word_1_141' title='bbox 1584 2366 1778 2432; x_wconf 85' lang='lat' dir='ltr'><strong>acrius,</strong></span> <span class='ocrx_word' id='word_1_142' title='bbox 1808 2367 1974 2427; x_wconf 87' lang='lat' dir='ltr'><strong>multo</strong></span> 
     </span>
    </p>
   </div>
   <div class='ocr_carea' id='block_1_21' title="bbox 391 2438 1971 2530">
    <p class='ocr_par' dir='ltr' id='par_1_21' title="bbox 391 2438 1971 2530">
     <span class='ocr_line' id='line_1_21' title="bbox 391 2438 1971 2530; baseline 0.005 -27"><span class='ocrx_word' id='word_1_143' title='bbox 391 2438 569 2530; x_wconf 70' lang='lat' dir='ltr'><strong>minus</strong></span> <span class='ocrx_word' id='word_1_144' title='bbox 595 2460 676 2506; x_wconf 85' lang='lat' dir='ltr'><strong>est</strong></span> <span class='ocrx_word' id='word_1_145' title='bbox 709 2452 1103 2522; x_wconf 83' lang='lat' dir='ltr'><strong>negligendum.</strong></span> <span class='ocrx_word' id='word_1_146' title='bbox 1137 2454 1366 2514; x_wconf 85' lang='lat' dir='ltr'><strong>Proinde</strong></span> <span class='ocrx_word' id='word_1_147' title='bbox 1384 2470 1588 2524; x_wconf 65' lang='lat' dir='ltr'><strong>quazso,</strong></span> <span class='ocrx_word' id='word_1_148' title='bbox 1613 2465 1666 2510; x_wconf 91' lang='lat' dir='ltr'><strong>et</strong></span> <span class='ocrx_word' id='word_1_149' title='bbox 1686 2471 1783 2527; x_wconf 90' lang='lat' dir='ltr'><strong>per</strong></span> <span class='ocrx_word' id='word_1_150' title='bbox 1805 2457 1971 2511; x_wconf 90' lang='lat' dir='ltr'><strong>Deum</strong></span> 
     </span>
    </p>
   </div>
   <div class='ocr_carea' id='block_1_22' title="bbox 391 2540 1972 2615">
    <p class='ocr_par' dir='ltr' id='par_1_22' title="bbox 391 2540 1972 2615">
     <span class='ocr_line' id='line_1_22' title="bbox 391 2540 1972 2615; baseline 0.007 -25"><span class='ocrx_word' id='word_1_151' title='bbox 391 2540 619 2603; x_wconf 81' lang='lat' dir='ltr'><strong>obsecro</strong></span> <span class='ocrx_word' id='word_1_152' title='bbox 647 2549 704 2594; x_wconf 90' lang='lat' dir='ltr'><strong>ut</strong></span> <span class='ocrx_word' id='word_1_153' title='bbox 732 2557 968 2609; x_wconf 76' lang='lat' dir='ltr'><strong>exponas</strong></span> <span class='ocrx_word' id='word_1_154' title='bbox 1003 2542 1132 2604; x_wconf 85' lang='lat' dir='ltr'><strong>mihi</strong></span> <span class='ocrx_word' id='word_1_155' title='bbox 1150 2583 1164 2607; x_wconf 92' lang='lat'><strong>,</strong></span> <span class='ocrx_word' id='word_1_156' title='bbox 1205 2543 1343 2612; x_wconf 91' lang='lat' dir='ltr'><strong>quod</strong></span> <span class='ocrx_word' id='word_1_157' title='bbox 1374 2543 1555 2599; x_wconf 89' lang='lat' dir='ltr'><strong>multis</strong></span> <span class='ocrx_word' id='word_1_158' title='bbox 1579 2545 1822 2599; x_wconf 83' lang='lat' dir='ltr'><strong>existimo</strong></span> <span class='ocrx_word' id='word_1_159' title='bbox 1850 2561 1972 2615; x_wconf 91' lang='lat' dir='ltr'><strong>pro-</strong></span> 
     </span>
    </p>
   </div>
   <div class='ocr_carea' id='block_1_23' title="bbox 389 2629 1974 2710">
    <p class='ocr_par' dir='ltr' id='par_1_23' title="bbox 389 2629 1974 2710">
     <span class='ocr_line' id='line_1_23' title="bbox 389 2629 1974 2710; baseline 0.004 -28"><span class='ocrx_word' id='word_1_160' title='bbox 389 2629 644 2693; x_wconf 81' lang='lat' dir='ltr'><strong>futurum,</strong></span> <span class='ocrx_word' id='word_1_161' title='bbox 668 2638 756 2684; x_wconf 90' lang='lat' dir='ltr'><strong>aut</strong></span> <span class='ocrx_word' id='word_1_162' title='bbox 789 2632 830 2685; x_wconf 92' lang='lat' dir='ltr'><strong>si</strong></span> <span class='ocrx_word' id='word_1_163' title='bbox 849 2631 958 2700; x_wconf 84' lang='lat' dir='ltr'><strong>jam</strong></span> <span class='ocrx_word' id='word_1_164' title='bbox 986 2632 1066 2686; x_wconf 80' lang='lat' dir='ltr'><strong>vel</strong></span> <span class='ocrx_word' id='word_1_165' title='bbox 1087 2632 1182 2685; x_wconf 88' lang='lat' dir='ltr'><strong>abs</strong></span> <span class='ocrx_word' id='word_1_166' title='bbox 1205 2642 1256 2687; x_wconf 91' lang='lat' dir='ltr'><strong>te</strong></span> <span class='ocrx_word' id='word_1_167' title='bbox 1284 2631 1369 2686; x_wconf 90' lang='lat' dir='ltr'><strong>vel</strong></span> <span class='ocrx_word' id='word_1_168' title='bbox 1399 2633 1465 2686; x_wconf 89' lang='lat' dir='ltr'><strong>ab</strong></span> <span class='ocrx_word' id='word_1_169' title='bbox 1490 2632 1596 2686; x_wconf 86' lang='lat' dir='ltr'><strong>alio</strong></span> <span class='ocrx_word' id='word_1_170' title='bbox 1616 2633 1792 2704; x_wconf 90' lang='lat' dir='ltr'><strong>aliquo</strong></span> <span class='ocrx_word' id='word_1_171' title='bbox 1809 2649 1974 2710; x_wconf 81' lang='lat' dir='ltr'><strong>expo-</strong></span> 
     </span>
    </p>
   </div>
   <div class='ocr_carea' id='block_1_24' title="bbox 389 2721 1974 2795">
    <p class='ocr_par' dir='ltr' id='par_1_24' title="bbox 389 2721 1974 2795">
     <span class='ocr_line' id='line_1_24' title="bbox 389 2721 1974 2795; baseline 0.004 -21"><span class='ocrx_word' id='word_1_172' title='bbox 389 2721 548 2783; x_wconf 75' lang='lat' dir='ltr'><strong>situm</strong></span> <span class='ocrx_word' id='word_1_173' title='bbox 580 2721 770 2790; x_wconf 87' lang='lat' dir='ltr'><strong>habes,</strong></span> <span class='ocrx_word' id='word_1_174' title='bbox 795 2722 992 2793; x_wconf 80' lang='lat' dir='ltr'><strong>dirigas</strong></span> <span class='ocrx_word' id='word_1_175' title='bbox 1013 2724 1189 2790; x_wconf 90' lang='lat' dir='ltr'><strong>nobis,</strong></span> <span class='ocrx_word' id='word_1_176' title='bbox 1217 2725 1486 2793; x_wconf 90' lang='lat' dir='ltr'><strong>quomodo</strong></span> <span class='ocrx_word' id='word_1_177' title='bbox 1512 2726 1873 2795; x_wconf 89' lang='lat' dir='ltr'><strong>accipiendum</strong></span> <span class='ocrx_word' id='word_1_178' title='bbox 1904 2728 1974 2781; x_wconf 92' lang='lat' dir='ltr'><strong>sit</strong></span> 
     </span>
    </p>
   </div>
   <div class='ocr_carea' id='block_1_25' title="bbox 389 2810 1972 2882">
    <p class='ocr_par' dir='ltr' id='par_1_25' title="bbox 389 2810 1972 2882">
     <span class='ocr_line' id='line_1_25' title="bbox 389 2810 1972 2882; baseline 0.004 -20"><span class='ocrx_word' id='word_1_179' title='bbox 389 2810 538 2879; x_wconf 85' lang='lat' dir='ltr'><strong>quod</strong></span> <span class='ocrx_word' id='word_1_180' title='bbox 569 2810 620 2864; x_wconf 90' lang='lat' dir='ltr'><strong>in</strong></span> <span class='ocrx_word' id='word_1_181' title='bbox 643 2810 876 2880; x_wconf 87' lang='lat' dir='ltr'><strong>Epistola</strong></span> <span class='ocrx_word' id='word_1_182' title='bbox 892 2813 1072 2866; x_wconf 82' lang='lat' dir='ltr'><strong>Jacobi</strong></span> <span class='ocrx_word' id='word_1_183' title='bbox 1091 2813 1312 2881; x_wconf 76' lang='lat' dir='ltr'><strong>apostoli</strong></span> <span class='ocrx_word' id='word_1_184' title='bbox 1336 2815 1591 2882; x_wconf 90' lang='lat' dir='ltr'><strong>scriptum</strong></span> <span class='ocrx_word' id='word_1_185' title='bbox 1612 2824 1713 2879; x_wconf 89' lang='lat' dir='ltr'><strong>est,</strong></span> <span class='ocrx_word' id='word_1_186' title='bbox 1741 2814 1972 2878; x_wconf 82' lang='lat' dir='ltr'><strong>Quicum-</strong></span> 
     </span>
    </p>
   </div>
   <div class='ocr_carea' id='block_1_26' title="bbox 389 2900 1967 2976">
    <p class='ocr_par' dir='ltr' id='par_1_26' title="bbox 389 2900 1967 2976">
     <span class='ocr_line' id='line_1_26' title="bbox 389 2900 1967 2976; baseline 0.002 -22"><span class='ocrx_word' id='word_1_187' title='bbox 389 2917 490 2974; x_wconf 78' lang='lat' dir='ltr'><strong>que</strong></span> <span class='ocrx_word' id='word_1_188' title='bbox 515 2900 648 2955; x_wconf 88' lang='lat' dir='ltr'><strong>enim</strong></span> <span class='ocrx_word' id='word_1_189' title='bbox 674 2910 829 2954; x_wconf 87' lang='lat' dir='ltr'><strong>totam</strong></span> <span class='ocrx_word' id='word_1_190' title='bbox 852 2903 1008 2974; x_wconf 84' lang='lat' dir='ltr'><strong>legem</strong></span> <span class='ocrx_word' id='word_1_191' title='bbox 1023 2904 1307 2968; x_wconf 85' lang='lat' dir='ltr'><strong>servaverit,</strong></span> <span class='ocrx_word' id='word_1_192' title='bbox 1330 2902 1554 2968; x_wconf 75' lang='lat' dir='ltr'><strong>offendat</strong></span> <span class='ocrx_word' id='word_1_193' title='bbox 1579 2913 1743 2956; x_wconf 87' lang='lat' dir='ltr'><strong>autem</strong></span> <span class='ocrx_word' id='word_1_194' title='bbox 1762 2904 1817 2956; x_wconf 90' lang='lat' dir='ltr'><strong>in</strong></span> <span class='ocrx_word' id='word_1_195' title='bbox 1845 2921 1967 2976; x_wconf 82' lang='lat' dir='ltr'><strong>uno,</strong></span> 
     </span>
    </p>
   </div>
   <div class='ocr_carea' id='block_1_27' title="bbox 388 2979 1967 3062">
    <p class='ocr_par' dir='ltr' id='par_1_27' title="bbox 388 2979 1967 3062">
     <span class='ocr_line' id='line_1_27' title="bbox 388 2979 1967 3062; baseline 0.003 -19"><span class='ocrx_word' id='word_1_196' title='bbox 388 2984 553 3062; x_wconf 74' lang='lat' dir='ltr'><strong>[actus</strong></span> <span class='ocrx_word' id='word_1_197' title='bbox 586 2999 658 3044; x_wconf 83' lang='lat' dir='ltr'><strong>est</strong></span> <span class='ocrx_word' id='word_1_198' title='bbox 697 2979 921 3044; x_wconf 87' lang='lat' dir='ltr'><strong>omnium</strong></span> <span class='ocrx_word' id='word_1_199' title='bbox 956 2980 1091 3046; x_wconf 85' lang='lat' dir='ltr'><strong>reus.</strong></span> <span class='ocrx_word' id='word_1_200' title='bbox 1141 2994 1268 3058; x_wconf 64' lang='lat' dir='ltr'><strong>Quae</strong></span> <span class='ocrx_word' id='word_1_201' title='bbox 1306 2979 1397 3046; x_wconf 75' lang='lat' dir='ltr'><strong>res</strong></span> <span class='ocrx_word' id='word_1_202' title='bbox 1436 2993 1554 3045; x_wconf 88' lang='lat' dir='ltr'><strong>talis</strong></span> <span class='ocrx_word' id='word_1_203' title='bbox 1589 3006 1654 3047; x_wconf 84' lang='lat' dir='ltr'><strong>ac</strong></span> <span class='ocrx_word' id='word_1_204' title='bbox 1693 3002 1836 3048; x_wconf 85' lang='lat' dir='ltr'><strong>tanta</strong></span> <span class='ocrx_word' id='word_1_205' title='bbox 1866 3002 1967 3060; x_wconf 89' lang='lat' dir='ltr'><strong>est,</strong></span> 
     </span>
    </p>
   </div>
   <div class='ocr_carea' id='block_1_28' title="bbox 388 3081 1971 3151">
    <p class='ocr_par' dir='ltr' id='par_1_28' title="bbox 388 3081 1971 3151">
     <span class='ocr_line' id='line_1_28' title="bbox 388 3081 1971 3151; baseline 0.001 -16"><span class='ocrx_word' id='word_1_206' title='bbox 388 3089 447 3135; x_wconf 89' lang='lat' dir='ltr'><strong>ut</strong></span> <span class='ocrx_word' id='word_1_207' title='bbox 480 3081 621 3150; x_wconf 90' lang='lat' dir='ltr'><strong>quod</strong></span> <span class='ocrx_word' id='word_1_208' title='bbox 663 3081 787 3135; x_wconf 89' lang='lat' dir='ltr'><strong>hinc</strong></span> <span class='ocrx_word' id='word_1_209' title='bbox 819 3082 910 3136; x_wconf 89' lang='lat' dir='ltr'><strong>tibi</strong></span> <span class='ocrx_word' id='word_1_210' title='bbox 941 3096 1045 3136; x_wconf 92' lang='lat' dir='ltr'><strong>non</strong></span> <span class='ocrx_word' id='word_1_211' title='bbox 1068 3081 1176 3151; x_wconf 86' lang='lat' dir='ltr'><strong>jam</strong></span> <span class='ocrx_word' id='word_1_212' title='bbox 1206 3081 1334 3136; x_wconf 89' lang='lat' dir='ltr'><strong>olim</strong></span> <span class='ocrx_word' id='word_1_213' title='bbox 1368 3082 1590 3151; x_wconf 89' lang='lat' dir='ltr'><strong>scripsi,</strong></span> <span class='ocrx_word' id='word_1_214' title='bbox 1631 3083 1854 3144; x_wconf 90' lang='lat' dir='ltr'><strong>multum</strong></span> <span class='ocrx_word' id='word_1_215' title='bbox 1883 3098 1971 3145; x_wconf 84' lang='lat' dir='ltr'><strong>me</strong></span> 
     </span>
    </p>
   </div>
   <div class='ocr_carea' id='block_1_29' title="bbox 386 3172 662 3242">
    <p class='ocr_par' dir='ltr' id='par_1_29' title="bbox 386 3172 662 3242">
     <span class='ocr_line' id='line_1_29' title="bbox 386 3172 662 3242; baseline -0.004 -17"><span class='ocrx_word' id='word_1_216' title='bbox 386 3172 662 3242; x_wconf 73' lang='lat' dir='ltr'><strong>pmnitcat.</strong></span> 
     </span>
    </p>
   </div>
   <div class='ocr_carea' id='block_1_30' title="bbox 405 3253 1968 3333">
    <p class='ocr_par' dir='ltr' id='par_1_30' title="bbox 405 3253 1968 3333">
     <span class='ocr_line' id='line_1_30' title="bbox 405 3253 1968 3333; baseline 0.001 -18"><span class='ocrx_word' id='word_1_217' title='bbox 405 3254 409 3257; x_wconf 76' lang='grc'><em>’</em></span> <span class='ocrx_word' id='word_1_218' title='bbox 459 3253 516 3315; x_wconf 75' lang='lat'><strong>2.</strong></span> <span class='ocrx_word' id='word_1_219' title='bbox 550 3263 623 3318; x_wconf 88' lang='lat' dir='ltr'><strong>De</strong></span> <span class='ocrx_word' id='word_1_220' title='bbox 651 3262 853 3333; x_wconf 85' lang='lat' dir='ltr'><strong>agenda</strong></span> <span class='ocrx_word' id='word_1_221' title='bbox 882 3277 1114 3332; x_wconf 88' lang='lat' dir='ltr'><strong>namque</strong></span> <span class='ocrx_word' id='word_1_222' title='bbox 1151 3261 1400 3332; x_wconf 71' lang='lat' dir='ltr'><strong>prazsenti</strong></span> <span class='ocrx_word' id='word_1_223' title='bbox 1426 3262 1530 3318; x_wconf 83' lang='lat' dir='ltr'><strong>vita</strong></span> <span class='ocrx_word' id='word_1_224' title='bbox 1552 3305 1566 3326; x_wconf 94' lang='lat'><strong>,</strong></span> <span class='ocrx_word' id='word_1_225' title='bbox 1609 3263 1876 3333; x_wconf 88' lang='lat' dir='ltr'><strong>quomodo</strong></span> <span class='ocrx_word' id='word_1_226' title='bbox 1901 3263 1968 3326; x_wconf 82' lang='lat' dir='ltr'><strong>ad</strong></span> 
     </span>
    </p>
   </div>
   <div class='ocr_carea' id='block_1_31' title="bbox 389 3352 1967 3432">
    <p class='ocr_par' dir='ltr' id='par_1_31' title="bbox 389 3352 1967 3432">
     <span class='ocr_line' id='line_1_31' title="bbox 389 3352 1967 3432; baseline -0.001 -22"><span class='ocrx_word' id='word_1_227' title='bbox 389 3353 550 3410; x_wconf 65' lang='lat' dir='ltr'><strong>vitam</strong></span> <span class='ocrx_word' id='word_1_228' title='bbox 577 3354 946 3432; x_wconf 75' lang='lat' dir='ltr'><strong>perveniamus</strong></span> <span class='ocrx_word' id='word_1_229' title='bbox 980 3352 1232 3422; x_wconf 70' lang='lat' dir='ltr'><strong>azteruam</strong></span> <span class='ocrx_word' id='word_1_230' title='bbox 1253 3394 1269 3419; x_wconf 95' lang='lat'><strong>,</strong></span> <span class='ocrx_word' id='word_1_231' title='bbox 1315 3368 1420 3408; x_wconf 88' lang='lat' dir='ltr'><strong>non</strong></span> <span class='ocrx_word' id='word_1_232' title='bbox 1451 3353 1517 3408; x_wconf 91' lang='lat' dir='ltr'><strong>de</strong></span> <span class='ocrx_word' id='word_1_233' title='bbox 1546 3355 1812 3422; x_wconf 75' lang='lat' dir='ltr'><strong>prmlerita</strong></span> <span class='ocrx_word' id='word_1_234' title='bbox 1843 3371 1967 3424; x_wconf 90' lang='lat' dir='ltr'><strong>per-</strong></span> 
     </span>
    </p>
   </div>
   <div class='ocr_carea' id='block_1_32' title="bbox 391 3433 1965 3516">
    <p class='ocr_par' dir='ltr' id='par_1_32' title="bbox 391 3433 1965 3516">
     <span class='ocr_line' id='line_1_32' title="bbox 391 3433 1965 3516; baseline 0 -14"><span class='ocrx_word' id='word_1_235' title='bbox 391 3447 674 3502; x_wconf 71' lang='lat' dir='ltr'><strong>8crutantla</strong></span> <span class='ocrx_word' id='word_1_236' title='bbox 699 3486 719 3514; x_wconf 90' lang='lat'><strong>,</strong></span> <span class='ocrx_word' id='word_1_237' title='bbox 745 3461 902 3516; x_wconf 88' lang='lat' dir='ltr'><strong>quam</strong></span> <span class='ocrx_word' id='word_1_238' title='bbox 936 3433 1146 3516; x_wconf 77' lang='lat' dir='ltr'><strong>penitus</strong></span> <span class='ocrx_word' id='word_1_239' title='bbox 1172 3445 1425 3501; x_wconf 87' lang='lat' dir='ltr'><strong>demersit</strong></span> <span class='ocrx_word' id='word_1_240' title='bbox 1451 3446 1649 3502; x_wconf 91' lang='lat' dir='ltr'><strong>oblivio</strong></span> <span class='ocrx_word' id='word_1_241' title='bbox 1671 3488 1687 3514; x_wconf 94' lang='lat'><strong>,</strong></span> <span class='ocrx_word' id='word_1_242' title='bbox 1718 3446 1855 3501; x_wconf 90' lang='lat' dir='ltr'><strong>sicut</strong></span> <span class='ocrx_word' id='word_1_243' title='bbox 1881 3453 1965 3502; x_wconf 85' lang='lat' dir='ltr'><strong>est</strong></span> 
     </span>
    </p>
   </div>
   <div class='ocr_carea' id='block_1_33' title="bbox 391 3528 1967 3608">
    <p class='ocr_par' dir='ltr' id='par_1_33' title="bbox 391 3528 1967 3608">
     <span class='ocr_line' id='line_1_33' title="bbox 391 3528 1967 3608; baseline 0.003 -18"><span class='ocrx_word' id='word_1_244' title='bbox 391 3537 519 3591; x_wconf 89' lang='lat' dir='ltr'><strong>illud</strong></span> <span class='ocrx_word' id='word_1_245' title='bbox 550 3537 690 3608; x_wconf 86' lang='lat' dir='ltr'><strong>quod</strong></span> <span class='ocrx_word' id='word_1_246' title='bbox 719 3538 786 3592; x_wconf 89' lang='lat' dir='ltr'><strong>de</strong></span> <span class='ocrx_word' id='word_1_247' title='bbox 812 3539 984 3592; x_wconf 88' lang='lat' dir='ltr'><strong>anima</strong></span> <span class='ocrx_word' id='word_1_248' title='bbox 998 3528 1348 3608; x_wconf 72' lang='lat' dir='ltr'><strong>quaerendum</strong></span> <span class='ocrx_word' id='word_1_249' title='bbox 1375 3539 1575 3606; x_wconf 88' lang='lat' dir='ltr'><strong>putavi,</strong></span> <span class='ocrx_word' id='word_1_250' title='bbox 1605 3538 1717 3592; x_wconf 64' lang='lat' dir='ltr'><strong>haec</strong></span> <span class='ocrx_word' id='word_1_251' title='bbox 1744 3541 1967 3600; x_wconf 81' lang='lat' dir='ltr'><strong>vertitur</strong></span> 
     </span>
    </p>
   </div>
   <div class='ocr_carea' id='block_1_34' title="bbox 387 3629 1963 3700">
    <p class='ocr_par' dir='ltr' id='par_1_34' title="bbox 387 3629 1963 3700">
     <span class='ocr_line' id='line_1_34' title="bbox 387 3629 1963 3700; baseline 0.004 -21"><span class='ocrx_word' id='word_1_252' title='bbox 387 3631 634 3698; x_wconf 77' lang='lat' dir='ltr'><strong>qmcstio.</strong></span> <span class='ocrx_word' id='word_1_253' title='bbox 667 3629 950 3700; x_wconf 81' lang='lat' dir='ltr'><strong>Eleganter</strong></span> <span class='ocrx_word' id='word_1_254' title='bbox 976 3639 1150 3684; x_wconf 90' lang='lat' dir='ltr'><strong>autem</strong></span> <span class='ocrx_word' id='word_1_255' title='bbox 1179 3629 1378 3684; x_wconf 89' lang='lat' dir='ltr'><strong>dictum</strong></span> <span class='ocrx_word' id='word_1_256' title='bbox 1403 3643 1524 3684; x_wconf 89' lang='lat' dir='ltr'><strong>esse</strong></span> <span class='ocrx_word' id='word_1_257' title='bbox 1552 3640 1796 3684; x_wconf 80' lang='lat' dir='ltr'><strong>narratur</strong></span> <span class='ocrx_word' id='word_1_258' title='bbox 1821 3630 1963 3699; x_wconf 89' lang='lat' dir='ltr'><strong>quod</strong></span> 
     </span>
    </p>
   </div>
   <div class='ocr_carea' id='block_1_35' title="bbox 386 3718 1964 3792">
    <p class='ocr_par' dir='ltr' id='par_1_35' title="bbox 386 3718 1964 3792">
     <span class='ocr_line' id='line_1_35' title="bbox 386 3718 1964 3792; baseline 0.003 -19"><span class='ocrx_word' id='word_1_259' title='bbox 386 3718 507 3775; x_wconf 86' lang='lat' dir='ltr'><strong>huic</strong></span> <span class='ocrx_word' id='word_1_260' title='bbox 542 3722 620 3776; x_wconf 90' lang='lat' dir='ltr'><strong>rei</strong></span> <span class='ocrx_word' id='word_1_261' title='bbox 650 3723 780 3776; x_wconf 83' lang='lat' dir='ltr'><strong>satis</strong></span> <span class='ocrx_word' id='word_1_262' title='bbox 809 3733 930 3792; x_wconf 87' lang='lat' dir='ltr'><strong>apte</strong></span> <span class='ocrx_word' id='word_1_263' title='bbox 957 3721 1226 3776; x_wconf 78' lang='lat' dir='ltr'><strong>convenit.</strong></span> <span class='ocrx_word' id='word_1_264' title='bbox 1270 3721 1402 3776; x_wconf 90' lang='lat' dir='ltr'><strong>Cum</strong></span> <span class='ocrx_word' id='word_1_265' title='bbox 1441 3722 1655 3791; x_wconf 90' lang='lat' dir='ltr'><strong>quidam</strong></span> <span class='ocrx_word' id='word_1_266' title='bbox 1693 3721 1888 3779; x_wconf 88' lang='lat' dir='ltr'><strong>ruisset</strong></span> <span class='ocrx_word' id='word_1_267' title='bbox 1910 3723 1964 3778; x_wconf 89' lang='lat' dir='ltr'><strong>in</strong></span> 
     </span>
    </p>
   </div>
   <div class='ocr_carea' id='block_1_36' title="bbox 389 3815 1965 3888">
    <p class='ocr_par' dir='ltr' id='par_1_36' title="bbox 389 3815 1965 3888">
     <span class='ocr_line' id='line_1_36' title="bbox 389 3815 1965 3888; baseline 0.003 -22"><span class='ocrx_word' id='word_1_268' title='bbox 389 3823 631 3882; x_wconf 87' lang='lat' dir='ltr'><strong>puteum,</strong></span> <span class='ocrx_word' id='word_1_269' title='bbox 666 3816 753 3867; x_wconf 86' lang='lat' dir='ltr'><strong>ubi</strong></span> <span class='ocrx_word' id='word_1_270' title='bbox 784 3831 917 3885; x_wconf 84' lang='lat' dir='ltr'><strong>aqua</strong></span> <span class='ocrx_word' id='word_1_271' title='bbox 941 3822 1082 3869; x_wconf 88' lang='lat' dir='ltr'><strong>tanta</strong></span> <span class='ocrx_word' id='word_1_272' title='bbox 1112 3824 1243 3880; x_wconf 89' lang='lat' dir='ltr'><strong>erat,</strong></span> <span class='ocrx_word' id='word_1_273' title='bbox 1276 3824 1331 3867; x_wconf 92' lang='lat' dir='ltr'><strong>ut</strong></span> <span class='ocrx_word' id='word_1_274' title='bbox 1353 3829 1475 3869; x_wconf 87' lang='lat' dir='ltr'><strong>eum</strong></span> <span class='ocrx_word' id='word_1_275' title='bbox 1499 3815 1668 3888; x_wconf 87' lang='lat' dir='ltr'><strong>magis</strong></span> <span class='ocrx_word' id='word_1_276' title='bbox 1687 3815 1965 3885; x_wconf 77' lang='lat' dir='ltr'><strong>exciperet</strong></span> 
     </span>
    </p>
   </div>
   <div class='ocr_carea' id='block_1_37' title="bbox 383 3904 1961 3978">
    <p class='ocr_par' dir='ltr' id='par_1_37' title="bbox 383 3904 1961 3978">
     <span class='ocr_line' id='line_1_37' title="bbox 383 3904 1961 3978; baseline 0.001 -20"><span class='ocrx_word' id='word_1_277' title='bbox 383 3919 451 3978; x_wconf 77' lang='lat' dir='ltr'><strong>ne</strong></span> <span class='ocrx_word' id='word_1_278' title='bbox 472 3914 800 3969; x_wconf 81' lang='lat' dir='ltr'><strong>moreretur,</strong></span> <span class='ocrx_word' id='word_1_279' title='bbox 827 3921 984 3973; x_wconf 89' lang='lat' dir='ltr'><strong>quam</strong></span> <span class='ocrx_word' id='word_1_280' title='bbox 1008 3905 1293 3958; x_wconf 81' lang='lat' dir='ltr'><strong>sull‘ocaret</strong></span> <span class='ocrx_word' id='word_1_281' title='bbox 1319 3919 1384 3958; x_wconf 91' lang='lat' dir='ltr'><strong>ne</strong></span> <span class='ocrx_word' id='word_1_282' title='bbox 1415 3904 1750 3972; x_wconf 88' lang='lat' dir='ltr'><strong>loqueretur;</strong></span> <span class='ocrx_word' id='word_1_283' title='bbox 1778 3920 1961 3959; x_wconf 85' lang='lat' dir='ltr'><strong>acces-</strong></span> 
     </span>
    </p>
   </div>
   <div class='ocr_carea' id='block_1_38' title="bbox 381 3995 1965 4064">
    <p class='ocr_par' dir='ltr' id='par_1_38' title="bbox 381 3995 1965 4064">
     <span class='ocr_line' id='line_1_38' title="bbox 381 3995 1965 4064; baseline 0.002 -16"><span class='ocrx_word' id='word_1_284' title='bbox 381 3996 450 4064; x_wconf 74' lang='lat' dir='ltr'><strong>sit</strong></span> <span class='ocrx_word' id='word_1_285' title='bbox 481 3996 614 4049; x_wconf 87' lang='lat' dir='ltr'><strong>alius</strong></span> <span class='ocrx_word' id='word_1_286' title='bbox 635 4035 650 4060; x_wconf 95' lang='lat'><strong>,</strong></span> <span class='ocrx_word' id='word_1_287' title='bbox 699 4005 754 4050; x_wconf 88' lang='lat' dir='ltr'><strong>et</strong></span> <span class='ocrx_word' id='word_1_288' title='bbox 791 4010 854 4047; x_wconf 88' lang='lat' dir='ltr'><strong>eo</strong></span> <span class='ocrx_word' id='word_1_289' title='bbox 895 3996 1010 4048; x_wconf 80' lang='lat' dir='ltr'><strong>viso</strong></span> <span class='ocrx_word' id='word_1_290' title='bbox 1046 3995 1315 4058; x_wconf 87' lang='lat' dir='ltr'><strong>admirans</strong></span> <span class='ocrx_word' id='word_1_291' title='bbox 1354 3995 1430 4049; x_wconf 91' lang='lat' dir='ltr'><strong>ait</strong></span> <span class='ocrx_word' id='word_1_292' title='bbox 1460 3996 1476 4026; x_wconf 84' lang='grc'>¹</span> <span class='ocrx_word' id='word_1_293' title='bbox 1507 4009 1523 4048; x_wconf 91' lang='lat'><strong>:</strong></span> <span class='ocrx_word' id='word_1_294' title='bbox 1553 3995 1828 4061; x_wconf 85' lang='lat' dir='ltr'><strong>Quomodo</strong></span> <span class='ocrx_word' id='word_1_295' title='bbox 1858 3995 1965 4052; x_wconf 90' lang='lat' dir='ltr'><strong>huc</strong></span> 
     </span>
    </p>
   </div>
   <div class='ocr_carea' id='block_1_39' title="bbox 380 4084 1962 4154">
    <p class='ocr_par' dir='ltr' id='par_1_39' title="bbox 380 4084 1962 4154">
     <span class='ocr_line' id='line_1_39' title="bbox 380 4084 1962 4154; baseline 0.001 -14"><span class='ocrx_word' id='word_1_296' title='bbox 380 4085 656 4150; x_wconf 77' lang='lat' dir='ltr'><strong>cecidisti?</strong></span> <span class='ocrx_word' id='word_1_297' title='bbox 698 4086 767 4139; x_wconf 84' lang='lat' dir='ltr'><strong>At</strong></span> <span class='ocrx_word' id='word_1_298' title='bbox 795 4084 880 4138; x_wconf 89' lang='lat' dir='ltr'><strong>ille</strong></span> <span class='ocrx_word' id='word_1_299' title='bbox 911 4102 923 4137; x_wconf 89' lang='lat'>:</span> <span class='ocrx_word' id='word_1_300' title='bbox 952 4084 1216 4150; x_wconf 85' lang='lat' dir='ltr'><strong>Obsecro,</strong></span> <span class='ocrx_word' id='word_1_301' title='bbox 1252 4086 1453 4154; x_wconf 89' lang='lat' dir='ltr'><strong>inquit,</strong></span> <span class='ocrx_word' id='word_1_302' title='bbox 1483 4084 1654 4154; x_wconf 86' lang='lat' dir='ltr'><strong>cogita</strong></span> <span class='ocrx_word' id='word_1_303' title='bbox 1691 4087 1962 4154; x_wconf 86' lang='lat' dir='ltr'><strong>quomodo</strong></span> 
     </span>
    </p>
   </div>
   <div class='ocr_carea' id='block_1_40' title="bbox 379 4173 1960 4246">
    <p class='ocr_par' dir='ltr' id='par_1_40' title="bbox 379 4173 1960 4246">
     <span class='ocr_line' id='line_1_40' title="bbox 379 4173 1960 4246; baseline -0.001 -16"><span class='ocrx_word' id='word_1_304' title='bbox 379 4175 508 4246; x_wconf 75' lang='lat' dir='ltr'><strong>hinc</strong></span> <span class='ocrx_word' id='word_1_305' title='bbox 535 4191 620 4230; x_wconf 92' lang='lat' dir='ltr'><strong>me</strong></span> <span class='ocrx_word' id='word_1_306' title='bbox 646 4175 878 4238; x_wconf 85' lang='lat' dir='ltr'><strong>liberes;</strong></span> <span class='ocrx_word' id='word_1_307' title='bbox 905 4190 1008 4228; x_wconf 93' lang='lat' dir='ltr'><strong>non</strong></span> <span class='ocrx_word' id='word_1_308' title='bbox 1039 4174 1305 4244; x_wconf 90' lang='lat' dir='ltr'><strong>quomodo</strong></span> <span class='ocrx_word' id='word_1_309' title='bbox 1333 4176 1433 4228; x_wconf 90' lang='lat' dir='ltr'><strong>huc</strong></span> <span class='ocrx_word' id='word_1_310' title='bbox 1457 4173 1743 4231; x_wconf 89' lang='lat' dir='ltr'><strong>ceciderim</strong></span> <span class='ocrx_word' id='word_1_311' title='bbox 1764 4216 1780 4242; x_wconf 93' lang='lat'><strong>,</strong></span> <span class='ocrx_word' id='word_1_312' title='bbox 1811 4191 1960 4244; x_wconf 74' lang='lat' dir='ltr'><strong>qum-</strong></span> 
     </span>
    </p>
   </div>
   <div class='ocr_carea' id='block_1_41' title="bbox 377 4265 1958 4339">
    <p class='ocr_par' dir='ltr' id='par_1_41' title="bbox 377 4265 1958 4339">
     <span class='ocr_line' id='line_1_41' title="bbox 377 4265 1958 4339; baseline -0.002 -15"><span class='ocrx_word' id='word_1_313' title='bbox 377 4283 488 4324; x_wconf 88' lang='lat' dir='ltr'><strong>ras.</strong></span> <span class='ocrx_word' id='word_1_314' title='bbox 531 4266 606 4322; x_wconf 83' lang='lat' dir='ltr'><strong>Ita</strong></span> <span class='ocrx_word' id='word_1_315' title='bbox 635 4266 886 4339; x_wconf 87' lang='lat' dir='ltr'><strong>quoniam</strong></span> <span class='ocrx_word' id='word_1_316' title='bbox 916 4265 1162 4331; x_wconf 81' lang='lat' dir='ltr'><strong>fatemur,</strong></span> <span class='ocrx_word' id='word_1_317' title='bbox 1192 4274 1244 4320; x_wconf 92' lang='lat' dir='ltr'><strong>et</strong></span> <span class='ocrx_word' id='word_1_318' title='bbox 1273 4265 1373 4321; x_wconf 81' lang='lat' dir='ltr'><strong>fide</strong></span> <span class='ocrx_word' id='word_1_319' title='bbox 1409 4265 1667 4320; x_wconf 88' lang='lat' dir='ltr'><strong>catholica</strong></span> <span class='ocrx_word' id='word_1_320' title='bbox 1695 4274 1958 4335; x_wconf 89' lang='lat' dir='ltr'><strong>tenemus,</strong></span> 
     </span>
    </p>
   </div>
   <div class='ocr_carea' id='block_1_42' title="bbox 291 4355 1963 4430">
    <p class='ocr_par' dir='ltr' id='par_1_42' title="bbox 291 4355 1963 4430">
     <span class='ocr_line' id='line_1_42' title="bbox 291 4355 1963 4430; baseline -0.001 -17"><span class='ocrx_word' id='word_1_321' title='bbox 291 4405 308 4421; x_wconf 88' lang='lat'><strong>,</strong></span> <span class='ocrx_word' id='word_1_322' title='bbox 377 4358 443 4430; x_wconf 85' lang='lat' dir='ltr'><strong>de</strong></span> <span class='ocrx_word' id='word_1_323' title='bbox 470 4367 618 4412; x_wconf 84' lang='lat' dir='ltr'><strong>reatu</strong></span> <span class='ocrx_word' id='word_1_324' title='bbox 655 4357 854 4426; x_wconf 83' lang='lat' dir='ltr'><strong>peccati</strong></span> <span class='ocrx_word' id='word_1_325' title='bbox 884 4367 1127 4427; x_wconf 84' lang='lat' dir='ltr'><strong>tanquam</strong></span> <span class='ocrx_word' id='word_1_326' title='bbox 1159 4358 1225 4412; x_wconf 91' lang='lat' dir='ltr'><strong>de</strong></span> <span class='ocrx_word' id='word_1_327' title='bbox 1248 4366 1410 4428; x_wconf 82' lang='lat' dir='ltr'><strong>puteo</strong></span> <span class='ocrx_word' id='word_1_328' title='bbox 1428 4397 1444 4422; x_wconf 94' lang='lat'><strong>,</strong></span> <span class='ocrx_word' id='word_1_329' title='bbox 1473 4357 1630 4410; x_wconf 89' lang='lat' dir='ltr'><strong>etiam</strong></span> <span class='ocrx_word' id='word_1_330' title='bbox 1654 4355 1855 4425; x_wconf 89' lang='lat' dir='ltr'><strong>parvuli</strong></span> <span class='ocrx_word' id='word_1_331' title='bbox 1879 4357 1963 4412; x_wconf 60' lang='lat' dir='ltr'><strong>in.</strong></span> 
     </span>
    </p>
   </div>
   <div class='ocr_carea' id='block_1_43' title="bbox 381 4443 1958 4516">
    <p class='ocr_par' dir='ltr' id='par_1_43' title="bbox 381 4443 1958 4516">
     <span class='ocr_line' id='line_1_43' title="bbox 381 4443 1958 4516; baseline 0 -12"><span class='ocrx_word' id='word_1_332' title='bbox 381 4448 538 4504; x_wconf 66' lang='lat' dir='ltr'><strong>tantis</strong></span> <span class='ocrx_word' id='word_1_333' title='bbox 559 4449 788 4502; x_wconf 88' lang='lat' dir='ltr'><strong>animam</strong></span> <span class='ocrx_word' id='word_1_334' title='bbox 825 4448 1020 4503; x_wconf 86' lang='lat' dir='ltr'><strong>Christi</strong></span> <span class='ocrx_word' id='word_1_335' title='bbox 1055 4448 1219 4516; x_wconf 86' lang='lat' dir='ltr'><strong>gratia</strong></span> <span class='ocrx_word' id='word_1_336' title='bbox 1247 4443 1608 4512; x_wconf 73' lang='lat' dir='ltr'><strong>liberandam;</strong></span> <span class='ocrx_word' id='word_1_337' title='bbox 1647 4447 1775 4506; x_wconf 85' lang='lat' dir='ltr'><strong>satis</strong></span> <span class='ocrx_word' id='word_1_338' title='bbox 1803 4455 1884 4502; x_wconf 90' lang='lat' dir='ltr'><strong>est</strong></span> <span class='ocrx_word' id='word_1_339' title='bbox 1910 4449 1958 4504; x_wconf 91' lang='lat' dir='ltr'><strong>ei</strong></span> 
     </span>
    </p>
   </div>
   <div class='ocr_carea' id='block_1_44' title="bbox 379 4537 1960 4611">
    <p class='ocr_par' dir='ltr' id='par_1_44' title="bbox 379 4537 1960 4611">
     <span class='ocr_line' id='line_1_44' title="bbox 379 4537 1960 4611; baseline 0.002 -19"><span class='ocrx_word' id='word_1_340' title='bbox 379 4540 518 4611; x_wconf 88' lang='lat' dir='ltr'><strong>quod</strong></span> <span class='ocrx_word' id='word_1_341' title='bbox 557 4540 771 4594; x_wconf 89' lang='lat' dir='ltr'><strong>modum</strong></span> <span class='ocrx_word' id='word_1_342' title='bbox 812 4539 1080 4610; x_wconf 89' lang='lat' dir='ltr'><strong>quomodo</strong></span> <span class='ocrx_word' id='word_1_343' title='bbox 1123 4539 1268 4593; x_wconf 87' lang='lat' dir='ltr'><strong>salva</strong></span> <span class='ocrx_word' id='word_1_344' title='bbox 1312 4537 1402 4592; x_wconf 82' lang='lat' dir='ltr'><strong>ﬁat</strong></span> <span class='ocrx_word' id='word_1_345' title='bbox 1442 4540 1720 4607; x_wconf 80' lang='lat' dir='ltr'><strong>novimus,</strong></span> <span class='ocrx_word' id='word_1_346' title='bbox 1752 4539 1960 4595; x_wconf 88' lang='lat' dir='ltr'><strong>etiamsi</strong></span> 
     </span>
    </p>
   </div>
   <div class='ocr_carea' id='block_1_45' title="bbox 382 4628 1960 4700">
    <p class='ocr_par' dir='ltr' id='par_1_45' title="bbox 382 4628 1960 4700">
     <span class='ocr_line' id='line_1_45' title="bbox 382 4628 1960 4700; baseline 0.001 -17"><span class='ocrx_word' id='word_1_347' title='bbox 382 4645 652 4700; x_wconf 86' lang='lat' dir='ltr'><strong>nunquam</strong></span> <span class='ocrx_word' id='word_1_348' title='bbox 689 4629 960 4700; x_wconf 86' lang='lat' dir='ltr'><strong>quomodo</strong></span> <span class='ocrx_word' id='word_1_349' title='bbox 988 4629 1040 4684; x_wconf 91' lang='lat' dir='ltr'><strong>in</strong></span> <span class='ocrx_word' id='word_1_350' title='bbox 1069 4628 1264 4690; x_wconf 75' lang='lat' dir='ltr'><strong>malum</strong></span> <span class='ocrx_word' id='word_1_351' title='bbox 1297 4629 1422 4683; x_wconf 89' lang='lat' dir='ltr'><strong>illud</strong></span> <span class='ocrx_word' id='word_1_352' title='bbox 1453 4629 1764 4694; x_wconf 85' lang='lat' dir='ltr'><strong>devenerit,</strong></span> <span class='ocrx_word' id='word_1_353' title='bbox 1795 4645 1960 4685; x_wconf 84' lang='lat' dir='ltr'><strong>nove-</strong></span> 
     </span>
    </p>
   </div>
   <div class='ocr_carea' id='block_1_46' title="bbox 381 4701 1958 4791">
    <p class='ocr_par' dir='ltr' id='par_1_46' title="bbox 381 4701 1958 4791">
     <span class='ocr_line' id='line_1_46' title="bbox 381 4701 1958 4791; baseline 0.001 -17"><span class='ocrx_word' id='word_1_354' title='bbox 381 4701 570 4786; x_wconf 75' lang='lat' dir='ltr'><strong>rimus.</strong></span> <span class='ocrx_word' id='word_1_355' title='bbox 620 4719 726 4776; x_wconf 84' lang='lat' dir='ltr'><strong>Sed</strong></span> <span class='ocrx_word' id='word_1_356' title='bbox 759 4719 880 4776; x_wconf 89' lang='lat' dir='ltr'><strong>ideo</strong></span> <span class='ocrx_word' id='word_1_357' title='bbox 903 4720 1077 4789; x_wconf 87' lang='lat' dir='ltr'><strong>putavi</strong></span> <span class='ocrx_word' id='word_1_358' title='bbox 1100 4736 1220 4776; x_wconf 91' lang='lat' dir='ltr'><strong>esse</strong></span> <span class='ocrx_word' id='word_1_359' title='bbox 1245 4721 1610 4791; x_wconf 82' lang='lat' dir='ltr'><strong>quaerendum,</strong></span> <span class='ocrx_word' id='word_1_360' title='bbox 1640 4736 1706 4774; x_wconf 91' lang='lat' dir='ltr'><strong>ne</strong></span> <span class='ocrx_word' id='word_1_361' title='bbox 1733 4718 1868 4776; x_wconf 79' lang='lat' dir='ltr'><strong>forte</strong></span> <span class='ocrx_word' id='word_1_362' title='bbox 1892 4737 1958 4776; x_wconf 78' lang='lat' dir='ltr'><strong>ex</strong></span> 
     </span>
    </p>
   </div>
   <div class='ocr_carea' id='block_1_47' title="bbox 380 4812 1959 4882">
    <p class='ocr_par' dir='ltr' id='par_1_47' title="bbox 380 4812 1959 4882">
     <span class='ocr_line' id='line_1_47' title="bbox 380 4812 1959 4882; baseline 0.003 -18"><span class='ocrx_word' id='word_1_363' title='bbox 380 4812 481 4878; x_wconf 78' lang='lat' dir='ltr'><strong>illis</strong></span> <span class='ocrx_word' id='word_1_364' title='bbox 522 4812 858 4882; x_wconf 87' lang='lat' dir='ltr'><strong>opinionibus</strong></span> <span class='ocrx_word' id='word_1_365' title='bbox 883 4813 1261 4868; x_wconf 85' lang='lat' dir='ltr'><strong>incarnationis</strong></span> <span class='ocrx_word' id='word_1_366' title='bbox 1285 4813 1476 4866; x_wconf 75' lang='lat' dir='ltr'><strong>animze</strong></span> <span class='ocrx_word' id='word_1_367' title='bbox 1504 4812 1733 4882; x_wconf 87' lang='lat' dir='ltr'><strong>aliquam</strong></span> <span class='ocrx_word' id='word_1_368' title='bbox 1769 4819 1959 4876; x_wconf 77' lang='lat' dir='ltr'><strong>tenea-</strong></span> 
     </span>
    </p>
   </div>
   <div class='ocr_carea' id='block_1_48' title="bbox 377 4901 1953 4972">
    <p class='ocr_par' dir='ltr' id='par_1_48' title="bbox 377 4901 1953 4972">
     <span class='ocr_line' id='line_1_48' title="bbox 377 4901 1953 4972; baseline 0.003 -19"><span class='ocrx_word' id='word_1_369' title='bbox 377 4915 498 4972; x_wconf 78' lang='lat' dir='ltr'><strong>mus</strong></span> <span class='ocrx_word' id='word_1_370' title='bbox 544 4901 842 4968; x_wconf 87' lang='lat' dir='ltr'><strong>incautius,</strong></span> <span class='ocrx_word' id='word_1_371' title='bbox 906 4917 1025 4971; x_wconf 75' lang='lat' dir='ltr'><strong>quae</strong></span> <span class='ocrx_word' id='word_1_372' title='bbox 1077 4901 1407 4961; x_wconf 86' lang='lat' dir='ltr'><strong>liberandam</strong></span> <span class='ocrx_word' id='word_1_373' title='bbox 1457 4917 1675 4972; x_wconf 90' lang='lat' dir='ltr'><strong>prorsus</strong></span> <span class='ocrx_word' id='word_1_374' title='bbox 1721 4903 1953 4960; x_wconf 88' lang='lat' dir='ltr'><strong>animam</strong></span> 
     </span>
    </p>
   </div>
   <div class='ocr_carea' id='block_1_49' title="bbox 375 4991 1953 5065">
    <p class='ocr_par' dir='ltr' id='par_1_49' title="bbox 375 4991 1953 5065">
     <span class='ocr_line' id='line_1_49' title="bbox 375 4991 1953 5065; baseline 0.003 -21"><span class='ocrx_word' id='word_1_375' title='bbox 375 4991 579 5065; x_wconf 79' lang='lat' dir='ltr'><strong>parvuli</strong></span> <span class='ocrx_word' id='word_1_376' title='bbox 615 4992 980 5060; x_wconf 82' lang='lat' dir='ltr'><strong>contradicat,</strong></span> <span class='ocrx_word' id='word_1_377' title='bbox 1029 5007 1230 5064; x_wconf 81' lang='lat' dir='ltr'><strong>negans</strong></span> <span class='ocrx_word' id='word_1_378' title='bbox 1257 5008 1374 5048; x_wconf 86' lang='lat' dir='ltr'><strong>eam</strong></span> <span class='ocrx_word' id='word_1_379' title='bbox 1413 5007 1532 5049; x_wconf 88' lang='lat' dir='ltr'><strong>esse</strong></span> <span class='ocrx_word' id='word_1_380' title='bbox 1569 4993 1620 5046; x_wconf 91' lang='lat' dir='ltr'><strong>in</strong></span> <span class='ocrx_word' id='word_1_381' title='bbox 1660 4991 1763 5048; x_wconf 84' lang='lat' dir='ltr'><strong>isto</strong></span> <span class='ocrx_word' id='word_1_382' title='bbox 1793 4995 1953 5049; x_wconf 91' lang='lat' dir='ltr'><strong>malo.</strong></span> 
     </span>
    </p>
   </div>
   <div class='ocr_carea' id='block_1_50' title="bbox 311 5084 1957 5155">
    <p class='ocr_par' dir='ltr' id='par_1_50' title="bbox 311 5084 1957 5155">
     <span class='ocr_line' id='line_1_50' title="bbox 311 5084 1957 5155; baseline 0.001 -15"><span class='ocrx_word' id='word_1_383' title='bbox 311 5134 314 5140; x_wconf 95' lang='lat'><strong>.</strong></span> <span class='ocrx_word' id='word_1_384' title='bbox 378 5085 491 5140; x_wconf 73' lang='lat' dir='ltr'><strong>Hoc</strong></span> <span class='ocrx_word' id='word_1_385' title='bbox 529 5084 686 5155; x_wconf 79' lang='lat' dir='ltr'><strong>igitur</strong></span> <span class='ocrx_word' id='word_1_386' title='bbox 710 5085 1011 5146; x_wconf 82' lang='lat' dir='ltr'><strong>ﬁrmissime</strong></span> <span class='ocrx_word' id='word_1_387' title='bbox 1032 5095 1241 5140; x_wconf 87' lang='lat' dir='ltr'><strong>retento</strong></span> <span class='ocrx_word' id='word_1_388' title='bbox 1260 5127 1273 5148; x_wconf 93' lang='lat'><strong>,</strong></span> <span class='ocrx_word' id='word_1_389' title='bbox 1298 5085 1436 5154; x_wconf 90' lang='lat' dir='ltr'><strong>quod</strong></span> <span class='ocrx_word' id='word_1_390' title='bbox 1458 5085 1630 5140; x_wconf 89' lang='lat' dir='ltr'><strong>anima</strong></span> <span class='ocrx_word' id='word_1_391' title='bbox 1659 5086 1860 5154; x_wconf 85' lang='lat' dir='ltr'><strong>parvuli</strong></span> <span class='ocrx_word' id='word_1_392' title='bbox 1889 5085 1957 5141; x_wconf 88' lang='lat' dir='ltr'><strong>de</strong></span> 
     </span>
    </p>
   </div>
   <div class='ocr_carea' id='block_1_51' title="bbox 378 5175 1954 5246">
    <p class='ocr_par' dir='ltr' id='par_1_51' title="bbox 378 5175 1954 5246">
     <span class='ocr_line' id='line_1_51' title="bbox 378 5175 1954 5246; baseline -0.001 -15"><span class='ocrx_word' id='word_1_393' title='bbox 378 5184 525 5231; x_wconf 89' lang='lat' dir='ltr'><strong>reatu</strong></span> <span class='ocrx_word' id='word_1_394' title='bbox 561 5177 763 5246; x_wconf 84' lang='lat' dir='ltr'><strong>peccati</strong></span> <span class='ocrx_word' id='word_1_395' title='bbox 791 5175 1063 5236; x_wconf 77' lang='lat' dir='ltr'><strong>liberanda</strong></span> <span class='ocrx_word' id='word_1_396' title='bbox 1094 5185 1195 5244; x_wconf 92' lang='lat' dir='ltr'><strong>est,</strong></span> <span class='ocrx_word' id='word_1_397' title='bbox 1222 5193 1326 5231; x_wconf 88' lang='lat' dir='ltr'><strong>nec</strong></span> <span class='ocrx_word' id='word_1_398' title='bbox 1350 5177 1454 5231; x_wconf 88' lang='lat' dir='ltr'><strong>alio</strong></span> <span class='ocrx_word' id='word_1_399' title='bbox 1480 5177 1637 5230; x_wconf 90' lang='lat' dir='ltr'><strong>modo</strong></span> <span class='ocrx_word' id='word_1_400' title='bbox 1663 5176 1954 5245; x_wconf 87' lang='lat' dir='ltr'><strong>liberanda,</strong></span> 
     </span>
    </p>
   </div>
   <div class='ocr_carea' id='block_1_52' title="bbox 378 5267 1952 5339">
    <p class='ocr_par' dir='ltr' id='par_1_52' title="bbox 378 5267 1952 5339">
     <span class='ocr_line' id='line_1_52' title="bbox 378 5267 1952 5339; baseline 0.002 -17"><span class='ocrx_word' id='word_1_401' title='bbox 378 5268 477 5330; x_wconf 86' lang='lat' dir='ltr'><strong>nisi</strong></span> <span class='ocrx_word' id='word_1_402' title='bbox 493 5269 658 5339; x_wconf 86' lang='lat' dir='ltr'><strong>gratia</strong></span> <span class='ocrx_word' id='word_1_403' title='bbox 678 5267 772 5324; x_wconf 90' lang='lat' dir='ltr'><strong>Dei</strong></span> <span class='ocrx_word' id='word_1_404' title='bbox 791 5283 885 5339; x_wconf 86' lang='lat' dir='ltr'><strong>per</strong></span> <span class='ocrx_word' id='word_1_405' title='bbox 901 5267 1080 5324; x_wconf 79' lang='lat' dir='ltr'><strong>Jesum</strong></span> <span class='ocrx_word' id='word_1_406' title='bbox 1095 5267 1365 5330; x_wconf 74' lang='lat' dir='ltr'><strong>Christum</strong></span> <span class='ocrx_word' id='word_1_407' title='bbox 1385 5268 1662 5324; x_wconf 87' lang='lat' dir='ltr'><strong>Dominum</strong></span> <span class='ocrx_word' id='word_1_408' title='bbox 1683 5278 1952 5326; x_wconf 88' lang='lat' dir='ltr'><strong>nostrum:</strong></span> 
     </span>
    </p>
   </div>
   <div class='ocr_carea' id='block_1_53' title="bbox 435 5441 1198 5504">
    <p class='ocr_par' dir='ltr' id='par_1_53' title="bbox 435 5441 1198 5504">
     <span class='ocr_line' id='line_1_53' title="bbox 435 5441 1198 5504; baseline 0.001 -10"><span class='ocrx_word' id='word_1_409' title='bbox 435 5445 460 5478; x_wconf 79' lang='grc'><em>³</em></span> <span class='ocrx_word' id='word_1_410' title='bbox 489 5449 598 5495; x_wconf 65' lang='lat' dir='ltr'><strong>Its.</strong></span> <span class='ocrx_word' id='word_1_411' title='bbox 623 5442 816 5504; x_wconf 87' lang='lat' dir='ltr'><strong>decem,</strong></span> <span class='ocrx_word' id='word_1_412' title='bbox 839 5442 1076 5497; x_wconf 84' lang='lat' dir='ltr'><strong>miserans</strong></span> <span class='ocrx_word' id='word_1_413' title='bbox 1111 5441 1198 5496; x_wconf 78' lang='lat' dir='ltr'><strong>ait.</strong></span> 
     </span>
    </p>
   </div>
   <div class='ocr_carea' id='block_1_54' title="bbox 434 5524 1952 5580">
    <p class='ocr_par' dir='ltr' id='par_1_54' title="bbox 434 5524 1952 5580">
     <span class='ocr_line' id='line_1_54' title="bbox 434 5524 1952 5580; baseline 0.001 -4"><span class='ocrx_word' id='word_1_414' title='bbox 434 5528 456 5547; x_wconf 84' lang='lat'><strong><em>‘</em></strong></span> <span class='ocrx_word' id='word_1_415' title='bbox 491 5526 748 5577; x_wconf 79' lang='lat' dir='ltr'><strong>Emendata</strong></span> <span class='ocrx_word' id='word_1_416' title='bbox 782 5534 860 5580; x_wconf 88' lang='lat' dir='ltr'><strong>est</strong></span> <span class='ocrx_word' id='word_1_417' title='bbox 899 5527 1086 5578; x_wconf 78' lang='lat' dir='ltr'><strong>collatis</strong></span> <span class='ocrx_word' id='word_1_418' title='bbox 1125 5525 1195 5577; x_wconf 89' lang='lat' dir='ltr'><strong>bl.</strong></span> <span class='ocrx_word' id='word_1_419' title='bbox 1227 5541 1274 5578; x_wconf 90' lang='lat' dir='ltr'><strong>c.</strong></span> <span class='ocrx_word' id='word_1_420' title='bbox 1300 5526 1360 5579; x_wconf 70' lang='lat' dir='ltr'><strong>is.</strong></span> <span class='ocrx_word' id='word_1_421' title='bbox 1385 5540 1478 5576; x_wconf 88' lang='lat' dir='ltr'><strong>mr.</strong></span> <span class='ocrx_word' id='word_1_422' title='bbox 1502 5532 1562 5577; x_wconf 89' lang='lat' dir='ltr'><strong>tt.</strong></span> <span class='ocrx_word' id='word_1_423' title='bbox 1589 5539 1668 5577; x_wconf 86' lang='lat' dir='ltr'><strong>vc.</strong></span> <span class='ocrx_word' id='word_1_424' title='bbox 1691 5524 1882 5578; x_wconf 85' lang='lat' dir='ltr'><strong>duobus</strong></span> <span class='ocrx_word' id='word_1_425' title='bbox 1903 5541 1952 5578; x_wconf 77' lang='grc' dir='ltr'><strong>θ.</strong></span> 
     </span>
    </p>
   </div>
   <div class='ocr_carea' id='block_1_55' title="bbox 375 5590 1426 5641">
    <p class='ocr_par' dir='ltr' id='par_1_55' title="bbox 375 5590 1426 5641">
     <span class='ocr_line' id='line_1_55' title="bbox 375 5590 1426 5641; baseline -0.002 -1"><span class='ocrx_word' id='word_1_426' title='bbox 375 5590 562 5641; x_wconf 79' lang='lat' dir='ltr'><strong>duobus</strong></span> <span class='ocrx_word' id='word_1_427' title='bbox 582 5592 658 5640; x_wconf 87' lang='lat' dir='ltr'><strong>sb.</strong></span> <span class='ocrx_word' id='word_1_428' title='bbox 683 5597 790 5639; x_wconf 81' lang='lat' dir='ltr'><strong>octo</strong></span> <span class='ocrx_word' id='word_1_429' title='bbox 811 5605 858 5640; x_wconf 70' lang='grc' dir='ltr'><strong>ν.</strong></span> <span class='ocrx_word' id='word_1_430' title='bbox 886 5597 938 5641; x_wconf 85' lang='lat' dir='ltr'><strong>et</strong></span> <span class='ocrx_word' id='word_1_431' title='bbox 958 5601 1059 5639; x_wconf 65' lang='lat' dir='ltr'><strong>sm.</strong></span> <span class='ocrx_word' id='word_1_432' title='bbox 1088 5590 1195 5640; x_wconf 86' lang='lat' dir='ltr'><strong>Bad.</strong></span> <span class='ocrx_word' id='word_1_433' title='bbox 1219 5597 1294 5638; x_wconf 80' lang='lat' dir='ltr'><strong>Er.</strong></span> <span class='ocrx_word' id='word_1_434' title='bbox 1319 5597 1426 5639; x_wconf 74' lang='lat' dir='ltr'><strong>Lor.</strong></span> 
     </span>
    </p>
   </div>
   <div class='ocr_carea' id='block_1_56' title="bbox 376 5649 1955 5776">
    <p class='ocr_par' dir='ltr' id='par_1_56' title="bbox 376 5649 1955 5776">
     <span class='ocr_line' id='line_1_56' title="bbox 435 5649 1955 5717; baseline 0 -15"><span class='ocrx_word' id='word_1_435' title='bbox 435 5652 508 5715; x_wconf 93' lang='lat' dir='ltr'><strong>(a)</strong></span> <span class='ocrx_word' id='word_1_436' title='bbox 542 5649 662 5700; x_wconf 75' lang='lat' dir='ltr'><strong>Alias</strong></span> <span class='ocrx_word' id='word_1_437' title='bbox 682 5651 743 5700; x_wconf 72' lang='lat'><strong>29</strong></span> <span class='ocrx_word' id='word_1_438' title='bbox 767 5665 779 5701; x_wconf 93' lang='lat'><strong>:</strong></span> <span class='ocrx_word' id='word_1_439' title='bbox 805 5665 916 5716; x_wconf 68' lang='lat' dir='ltr'><strong>qum</strong></span> <span class='ocrx_word' id='word_1_440' title='bbox 938 5660 1103 5717; x_wconf 86' lang='lat' dir='ltr'><strong>autem</strong></span> <span class='ocrx_word' id='word_1_441' title='bbox 1148 5652 1234 5704; x_wconf 79' lang='grc'><strong>167</strong></span> <span class='ocrx_word' id='word_1_442' title='bbox 1261 5659 1385 5715; x_wconf 78' lang='lat' dir='ltr'><strong>erat,</strong></span> <span class='ocrx_word' id='word_1_443' title='bbox 1411 5665 1539 5702; x_wconf 90' lang='lat' dir='ltr'><strong>nunc</strong></span> <span class='ocrx_word' id='word_1_444' title='bbox 1559 5649 1640 5702; x_wconf 79' lang='lat'><strong>89.</strong></span> <span class='ocrx_word' id='word_1_445' title='bbox 1663 5651 1845 5714; x_wconf 77' lang='lat' dir='ltr'><strong>Scripta</strong></span> <span class='ocrx_word' id='word_1_446' title='bbox 1868 5664 1955 5702; x_wconf 88' lang='lat' dir='ltr'><strong>eo-</strong></span> 
     </span>
     <span class='ocr_line' id='line_1_57' title="bbox 376 5713 752 5776; baseline -0.003 -14"><span class='ocrx_word' id='word_1_447' title='bbox 376 5713 490 5765; x_wconf 82' lang='lat' dir='ltr'><strong>dem</strong></span> <span class='ocrx_word' id='word_1_448' title='bbox 512 5721 752 5776; x_wconf 71' lang='lat' dir='ltr'><strong>tenuere.</strong></span> 
     </span>
    </p>
   </div>
   <div class='ocr_carea' id='block_1_57' title="bbox 1569 305 2471 370">
    <p class='ocr_par' dir='ltr' id='par_1_57' title="bbox 1569 305 2471 370">
     <span class='ocr_line' id='line_1_58' title="bbox 1569 305 2471 370; baseline 0.004 -6"><span class='ocrx_word' id='word_1_449' title='bbox 1569 307 2038 364; x_wconf 65' lang='lat' dir='ltr'><strong>EI’ISTOLARUM</strong></span> <span class='ocrx_word' id='word_1_450' title='bbox 2071 305 2348 368; x_wconf 74' lang='lat' dir='ltr'><strong>CLASSiS</strong></span> <span class='ocrx_word' id='word_1_451' title='bbox 2381 311 2471 370; x_wconf 81' lang='lat' dir='ltr'><strong>III.</strong></span> 
     </span>
    </p>
   </div>
   <div class='ocr_carea' id='block_1_58' title="bbox 3561 334 3665 393">
    <p class='ocr_par' dir='ltr' id='par_1_58' title="bbox 3561 334 3665 393">
     <span class='ocr_line' id='line_1_59' title="bbox 3561 334 3665 393; baseline 0.029 -3"><span class='ocrx_word' id='word_1_452' title='bbox 3561 334 3665 393; x_wconf 67' lang='grc'><strong>’154</strong></span> 
     </span>
    </p>
   </div>
   <div class='ocr_carea' id='block_1_59' title="bbox 2096 418 3665 512">
    <p class='ocr_par' dir='ltr' id='par_1_59' title="bbox 2096 418 3665 512">
     <span class='ocr_line' id='line_1_60' title="bbox 2096 418 3665 512; baseline 0.015 -37"><span class='ocrx_word' id='word_1_453' title='bbox 2096 422 2142 476; x_wconf 90' lang='lat' dir='ltr'><strong>si</strong></span> <span class='ocrx_word' id='word_1_454' title='bbox 2181 437 2464 493; x_wconf 84' lang='lat' dir='ltr'><strong>possumus</strong></span> <span class='ocrx_word' id='word_1_455' title='bbox 2500 423 2660 480; x_wconf 88' lang='lat' dir='ltr'><strong>etiam</strong></span> <span class='ocrx_word' id='word_1_456' title='bbox 2704 418 2873 498; x_wconf 83' lang='lat' dir='ltr'><strong>ipsius</strong></span> <span class='ocrx_word' id='word_1_457' title='bbox 2913 431 3039 489; x_wconf 86' lang='lat' dir='ltr'><strong>mali</strong></span> <span class='ocrx_word' id='word_1_458' title='bbox 3067 444 3280 492; x_wconf 80' lang='lat' dir='ltr'><strong>causam</strong></span> <span class='ocrx_word' id='word_1_459' title='bbox 3319 447 3374 494; x_wconf 90' lang='lat' dir='ltr'><strong>et</strong></span> <span class='ocrx_word' id='word_1_460' title='bbox 3410 442 3665 512; x_wconf 81' lang='lat' dir='ltr'><strong>origiem</strong></span> 
     </span>
    </p>
   </div>
   <div class='ocr_carea' id='block_1_60' title="bbox 2095 518 3668 603">
    <p class='ocr_par' dir='ltr' id='par_1_60' title="bbox 2095 518 3668 603">
     <span class='ocr_line' id='line_1_61' title="bbox 2095 518 3668 603; baseline 0.017 -38"><span class='ocrx_word' id='word_1_461' title='bbox 2095 527 2254 603; x_wconf 81' lang='lat' dir='ltr'><strong>nosse</strong></span> <span class='ocrx_word' id='word_1_462' title='bbox 2273 557 2287 577; x_wconf 89' lang='lat'><strong>,</strong></span> <span class='ocrx_word' id='word_1_463' title='bbox 2319 518 2642 588; x_wconf 87' lang='lat' dir='ltr'><strong>vaniloquis,</strong></span> <span class='ocrx_word' id='word_1_464' title='bbox 2665 535 2770 575; x_wconf 90' lang='lat' dir='ltr'><strong>non</strong></span> <span class='ocrx_word' id='word_1_465' title='bbox 2798 521 3244 594; x_wconf 87' lang='lat' dir='ltr'><strong>disputatoribus,</strong></span> <span class='ocrx_word' id='word_1_466' title='bbox 3271 529 3365 584; x_wconf 83' lang='lat' dir='ltr'><strong>sed</strong></span> <span class='ocrx_word' id='word_1_467' title='bbox 3397 532 3668 603; x_wconf 78' lang='lat' dir='ltr'><strong>litigatori-</strong></span> 
     </span>
    </p>
   </div>
   <div class='ocr_carea' id='block_1_61' title="bbox 2094 601 3664 685">
    <p class='ocr_par' dir='ltr' id='par_1_61' title="bbox 2094 601 3664 685">
     <span class='ocr_line' id='line_1_62' title="bbox 2094 601 3664 685; baseline 0.017 -31"><span class='ocrx_word' id='word_1_468' title='bbox 2094 601 2194 656; x_wconf 86' lang='lat' dir='ltr'><strong>bus</strong></span> <span class='ocrx_word' id='word_1_469' title='bbox 2229 607 2461 674; x_wconf 84' lang='lat' dir='ltr'><strong>paratius</strong></span> <span class='ocrx_word' id='word_1_470' title='bbox 2493 607 2902 682; x_wconf 85' lang='lat' dir='ltr'><strong>instructiusque</strong></span> <span class='ocrx_word' id='word_1_471' title='bbox 2928 615 3252 685; x_wconf 88' lang='lat' dir='ltr'><strong>resistimus;</strong></span> <span class='ocrx_word' id='word_1_472' title='bbox 3281 620 3326 674; x_wconf 89' lang='lat' dir='ltr'><strong>si</strong></span> <span class='ocrx_word' id='word_1_473' title='bbox 3350 601 3528 677; x_wconf 84' lang='lat' dir='ltr'><strong>autem</strong></span> <span class='ocrx_word' id='word_1_474' title='bbox 3557 641 3664 681; x_wconf 88' lang='lat' dir='ltr'><strong>non</strong></span> 
     </span>
    </p>
   </div>
   <div class='ocr_carea' id='block_1_62' title="bbox 2092 700 3665 777">
    <p class='ocr_par' dir='ltr' id='par_1_62' title="bbox 2092 700 3665 777">
     <span class='ocr_line' id='line_1_63' title="bbox 2092 700 3665 777; baseline 0.015 -33"><span class='ocrx_word' id='word_1_475' title='bbox 2092 707 2408 761; x_wconf 86' lang='lat' dir='ltr'><strong>possumus,</strong></span> <span class='ocrx_word' id='word_1_476' title='bbox 2452 712 2556 751; x_wconf 92' lang='lat' dir='ltr'><strong>non</strong></span> <span class='ocrx_word' id='word_1_477' title='bbox 2581 700 2701 768; x_wconf 91' lang='lat' dir='ltr'><strong>quia</strong></span> <span class='ocrx_word' id='word_1_478' title='bbox 2730 701 2860 757; x_wconf 88' lang='lat' dir='ltr'><strong>latet</strong></span> <span class='ocrx_word' id='word_1_479' title='bbox 2897 704 3125 768; x_wconf 65' lang='lat' dir='ltr'><strong>miseriae</strong></span> <span class='ocrx_word' id='word_1_480' title='bbox 3154 707 3505 777; x_wconf 80' lang='lat' dir='ltr'><strong>principium,</strong></span> <span class='ocrx_word' id='word_1_481' title='bbox 3545 713 3665 768; x_wconf 87' lang='lat' dir='ltr'><strong>ideo</strong></span> 
     </span>
    </p>
   </div>
   <div class='ocr_carea' id='block_1_63' title="bbox 2093 783 3666 859">
    <p class='ocr_par' dir='ltr' id='par_1_63' title="bbox 2093 783 3666 859">
     <span class='ocr_line' id='line_1_64' title="bbox 2093 783 3666 859; baseline 0.016 -24"><span class='ocrx_word' id='word_1_482' title='bbox 2093 783 2389 852; x_wconf 80' lang='lat' dir='ltr'><strong>pigrescere</strong></span> <span class='ocrx_word' id='word_1_483' title='bbox 2414 787 2791 846; x_wconf 71' lang='lat' dir='ltr'><strong>misericordia:</strong></span> <span class='ocrx_word' id='word_1_484' title='bbox 2815 793 2974 849; x_wconf 89' lang='lat' dir='ltr'><strong>debet</strong></span> <span class='ocrx_word' id='word_1_485' title='bbox 3000 796 3254 852; x_wconf 76' lang='lat' dir='ltr'><strong>officium.</strong></span> <span class='ocrx_word' id='word_1_486' title='bbox 3279 800 3544 857; x_wconf 82' lang='lat' dir='ltr'><strong>Adversus</strong></span> <span class='ocrx_word' id='word_1_487' title='bbox 3571 819 3666 859; x_wconf 85' lang='lat' dir='ltr'><strong>eos</strong></span> 
     </span>
    </p>
   </div>
   <div class='ocr_carea' id='block_1_64' title="bbox 2090 877 3669 961">
    <p class='ocr_par' dir='ltr' id='par_1_64' title="bbox 2090 877 3669 961">
     <span class='ocr_line' id='line_1_65' title="bbox 2090 877 3669 961; baseline 0.017 -34"><span class='ocrx_word' id='word_1_488' title='bbox 2090 885 2267 929; x_wconf 81' lang='lat' dir='ltr'><strong>autem</strong></span> <span class='ocrx_word' id='word_1_489' title='bbox 2312 877 2402 946; x_wconf 92' lang='lat' dir='ltr'><strong>qui</strong></span> <span class='ocrx_word' id='word_1_490' title='bbox 2447 879 2550 933; x_wconf 85' lang='lat' dir='ltr'><strong>sibi</strong></span> <span class='ocrx_word' id='word_1_491' title='bbox 2598 881 2841 948; x_wconf 85' lang='lat' dir='ltr'><strong>videntur</strong></span> <span class='ocrx_word' id='word_1_492' title='bbox 2882 886 3020 951; x_wconf 82' lang='lat' dir='ltr'><strong>scire</strong></span> <span class='ocrx_word' id='word_1_493' title='bbox 3060 890 3202 958; x_wconf 82' lang='lat' dir='ltr'><strong>quod</strong></span> <span class='ocrx_word' id='word_1_494' title='bbox 3243 893 3525 961; x_wconf 77' lang='lat' dir='ltr'><strong>nesciunt,</strong></span> <span class='ocrx_word' id='word_1_495' title='bbox 3561 895 3669 953; x_wconf 80' lang='lat' dir='ltr'><strong>hoc</strong></span> 
     </span>
    </p>
   </div>
   <div class='ocr_carea' id='block_1_65' title="bbox 2093 966 3664 1047">
    <p class='ocr_par' dir='ltr' id='par_1_65' title="bbox 2093 966 3664 1047">
     <span class='ocr_line' id='line_1_66' title="bbox 2093 966 3664 1047; baseline 0.014 -28"><span class='ocrx_word' id='word_1_496' title='bbox 2093 966 2317 1023; x_wconf 89' lang='lat' dir='ltr'><strong>tutiores</strong></span> <span class='ocrx_word' id='word_1_497' title='bbox 2345 985 2558 1036; x_wconf 89' lang='lat' dir='ltr'><strong>sumus,</strong></span> <span class='ocrx_word' id='word_1_498' title='bbox 2584 974 2722 1042; x_wconf 88' lang='lat' dir='ltr'><strong>quod</strong></span> <span class='ocrx_word' id='word_1_499' title='bbox 2751 975 2886 1030; x_wconf 87' lang='lat' dir='ltr'><strong>hanc</strong></span> <span class='ocrx_word' id='word_1_500' title='bbox 2916 978 3264 1047; x_wconf 73' lang='lat' dir='ltr'><strong>ignorantiam</strong></span> <span class='ocrx_word' id='word_1_501' title='bbox 3293 992 3526 1039; x_wconf 84' lang='lat' dir='ltr'><strong>nostram</strong></span> <span class='ocrx_word' id='word_1_502' title='bbox 3555 1001 3664 1041; x_wconf 83' lang='lat' dir='ltr'><strong>non</strong></span> 
     </span>
    </p>
   </div>
   <div class='ocr_carea' id='block_1_66' title="bbox 2090 1055 3660 1142">
    <p class='ocr_par' dir='ltr' id='par_1_66' title="bbox 2090 1055 3660 1142">
     <span class='ocr_line' id='line_1_67' title="bbox 2090 1055 3660 1142; baseline 0.013 -34"><span class='ocrx_word' id='word_1_503' title='bbox 2090 1055 2414 1124; x_wconf 84' lang='lat' dir='ltr'><strong>ignoramus.</strong></span> <span class='ocrx_word' id='word_1_504' title='bbox 2447 1061 2608 1123; x_wconf 83' lang='lat' dir='ltr'><strong>Aliud</strong></span> <span class='ocrx_word' id='word_1_505' title='bbox 2634 1073 2716 1119; x_wconf 88' lang='lat' dir='ltr'><strong>est</strong></span> <span class='ocrx_word' id='word_1_506' title='bbox 2744 1065 2884 1121; x_wconf 89' lang='lat' dir='ltr'><strong>enim</strong></span> <span class='ocrx_word' id='word_1_507' title='bbox 2913 1069 3050 1136; x_wconf 88' lang='lat' dir='ltr'><strong>quod</strong></span> <span class='ocrx_word' id='word_1_508' title='bbox 3083 1072 3288 1127; x_wconf 89' lang='lat' dir='ltr'><strong>nescire</strong></span> <span class='ocrx_word' id='word_1_509' title='bbox 3316 1073 3513 1128; x_wconf 91' lang='lat' dir='ltr'><strong>malum</strong></span> <span class='ocrx_word' id='word_1_510' title='bbox 3545 1085 3660 1142; x_wconf 91' lang='lat' dir='ltr'><strong>est;</strong></span> 
     </span>
    </p>
   </div>
   <div class='ocr_carea' id='block_1_67' title="bbox 2087 1146 3662 1232">
    <p class='ocr_par' dir='ltr' id='par_1_67' title="bbox 2087 1146 3662 1232">
     <span class='ocr_line' id='line_1_68' title="bbox 2087 1146 3662 1232; baseline 0.009 -30"><span class='ocrx_word' id='word_1_511' title='bbox 2087 1146 2228 1202; x_wconf 84' lang='lat' dir='ltr'><strong>aliud</strong></span> <span class='ocrx_word' id='word_1_512' title='bbox 2257 1149 2398 1218; x_wconf 90' lang='lat' dir='ltr'><strong>quod</strong></span> <span class='ocrx_word' id='word_1_513' title='bbox 2443 1152 2564 1204; x_wconf 87' lang='lat' dir='ltr'><strong>sciri</strong></span> <span class='ocrx_word' id='word_1_514' title='bbox 2605 1154 2688 1207; x_wconf 85' lang='lat' dir='ltr'><strong>vel</strong></span> <span class='ocrx_word' id='word_1_515' title='bbox 2732 1170 2837 1208; x_wconf 92' lang='lat' dir='ltr'><strong>non</strong></span> <span class='ocrx_word' id='word_1_516' title='bbox 2881 1165 3089 1226; x_wconf 88' lang='lat' dir='ltr'><strong>potest,</strong></span> <span class='ocrx_word' id='word_1_517' title='bbox 3134 1160 3216 1214; x_wconf 83' lang='lat' dir='ltr'><strong>vel</strong></span> <span class='ocrx_word' id='word_1_518' title='bbox 3257 1176 3360 1216; x_wconf 92' lang='lat' dir='ltr'><strong>non</strong></span> <span class='ocrx_word' id='word_1_519' title='bbox 3400 1177 3533 1232; x_wconf 90' lang='lat' dir='ltr'><strong>opus</strong></span> <span class='ocrx_word' id='word_1_520' title='bbox 3557 1175 3662 1231; x_wconf 89' lang='lat' dir='ltr'><strong>est,</strong></span> 
     </span>
    </p>
   </div>
   <div class='ocr_carea' id='block_1_68' title="bbox 2086 1237 3664 1314">
    <p class='ocr_par' dir='ltr' id='par_1_68' title="bbox 2086 1237 3664 1314">
     <span class='ocr_line' id='line_1_69' title="bbox 2086 1237 3664 1314; baseline 0.012 -24"><span class='ocrx_word' id='word_1_521' title='bbox 2086 1237 2172 1290; x_wconf 79' lang='lat' dir='ltr'><strong>vel</strong></span> <span class='ocrx_word' id='word_1_522' title='bbox 2211 1238 2278 1293; x_wconf 88' lang='lat' dir='ltr'><strong>ad</strong></span> <span class='ocrx_word' id='word_1_523' title='bbox 2326 1240 2488 1294; x_wconf 87' lang='lat' dir='ltr'><strong>vitam</strong></span> <span class='ocrx_word' id='word_1_524' title='bbox 2533 1258 2689 1312; x_wconf 89' lang='lat' dir='ltr'><strong>quam</strong></span> <span class='ocrx_word' id='word_1_525' title='bbox 2728 1247 3016 1314; x_wconf 72' lang='lat' dir='ltr'><strong>qumrimus</strong></span> <span class='ocrx_word' id='word_1_526' title='bbox 3060 1248 3370 1309; x_wconf 74' lang='lat' dir='ltr'><strong>indiﬂ‘erens</strong></span> <span class='ocrx_word' id='word_1_527' title='bbox 3403 1263 3484 1307; x_wconf 90' lang='lat' dir='ltr'><strong>est</strong></span> <span class='ocrx_word' id='word_1_528' title='bbox 3515 1271 3528 1306; x_wconf 87' lang='lat'><strong>:</strong></span> <span class='ocrx_word' id='word_1_529' title='bbox 3563 1253 3664 1309; x_wconf 88' lang='lat' dir='ltr'><strong>hoc</strong></span> 
     </span>
    </p>
   </div>
   <div class='ocr_carea' id='block_1_69' title="bbox 2085 1333 3653 1412">
    <p class='ocr_par' dir='ltr' id='par_1_69' title="bbox 2085 1333 3653 1412">
     <span class='ocr_line' id='line_1_70' title="bbox 2085 1333 3653 1412; baseline 0.011 -30"><span class='ocrx_word' id='word_1_530' title='bbox 2085 1344 2211 1387; x_wconf 85' lang='lat' dir='ltr'><strong>vero</strong></span> <span class='ocrx_word' id='word_1_531' title='bbox 2247 1333 2385 1400; x_wconf 87' lang='lat' dir='ltr'><strong>quod</strong></span> <span class='ocrx_word' id='word_1_532' title='bbox 2412 1333 2480 1387; x_wconf 92' lang='lat' dir='ltr'><strong>de</strong></span> <span class='ocrx_word' id='word_1_533' title='bbox 2508 1333 2719 1389; x_wconf 87' lang='lat' dir='ltr'><strong>Litteris</strong></span> <span class='ocrx_word' id='word_1_534' title='bbox 2753 1339 2975 1405; x_wconf 88' lang='lat' dir='ltr'><strong>apostoli</strong></span> <span class='ocrx_word' id='word_1_535' title='bbox 3015 1340 3199 1396; x_wconf 75' lang='lat' dir='ltr'><strong>Jacobi</strong></span> <span class='ocrx_word' id='word_1_536' title='bbox 3241 1358 3382 1396; x_wconf 88' lang='lat' dir='ltr'><strong>nunc</strong></span> <span class='ocrx_word' id='word_1_537' title='bbox 3420 1345 3653 1412; x_wconf 86' lang='lat' dir='ltr'><strong>requiro,</strong></span> 
     </span>
    </p>
   </div>
   <div class='ocr_carea' id='block_1_70' title="bbox 2084 1420 3656 1501">
    <p class='ocr_par' dir='ltr' id='par_1_70' title="bbox 2084 1420 3656 1501">
     <span class='ocr_line' id='line_1_71' title="bbox 2084 1420 3656 1501; baseline 0.01 -27"><span class='ocrx_word' id='word_1_538' title='bbox 2084 1420 2135 1474; x_wconf 92' lang='lat' dir='ltr'><strong>in</strong></span> <span class='ocrx_word' id='word_1_539' title='bbox 2160 1422 2256 1476; x_wconf 89' lang='lat' dir='ltr'><strong>hac</strong></span> <span class='ocrx_word' id='word_1_540' title='bbox 2285 1423 2394 1492; x_wconf 88' lang='lat' dir='ltr'><strong>ipsa</strong></span> <span class='ocrx_word' id='word_1_541' title='bbox 2432 1440 2534 1495; x_wconf 89' lang='lat' dir='ltr'><strong>qua</strong></span> <span class='ocrx_word' id='word_1_542' title='bbox 2566 1426 2824 1494; x_wconf 84' lang='lat' dir='ltr'><strong>vivimus,</strong></span> <span class='ocrx_word' id='word_1_543' title='bbox 2867 1438 2922 1483; x_wconf 91' lang='lat' dir='ltr'><strong>et</strong></span> <span class='ocrx_word' id='word_1_544' title='bbox 2951 1440 3008 1483; x_wconf 90' lang='lat' dir='ltr'><strong>ut</strong></span> <span class='ocrx_word' id='word_1_545' title='bbox 3030 1447 3241 1501; x_wconf 84' lang='lat' dir='ltr'><strong>semper</strong></span> <span class='ocrx_word' id='word_1_546' title='bbox 3278 1434 3518 1490; x_wconf 84' lang='lat' dir='ltr'><strong>vivamus</strong></span> <span class='ocrx_word' id='word_1_547' title='bbox 3546 1436 3656 1490; x_wconf 89' lang='lat' dir='ltr'><strong>Deo</strong></span> 
     </span>
    </p>
   </div>
   <div class='ocr_carea' id='block_1_71' title="bbox 2084 1511 3130 1588">
    <p class='ocr_par' dir='ltr' id='par_1_71' title="bbox 2084 1511 3130 1588">
     <span class='ocr_line' id='line_1_72' title="bbox 2084 1511 3130 1588; baseline 0.009 -25"><span class='ocrx_word' id='word_1_548' title='bbox 2084 1511 2294 1580; x_wconf 85' lang='lat' dir='ltr'><strong>placere</strong></span> <span class='ocrx_word' id='word_1_549' title='bbox 2322 1514 2616 1588; x_wconf 83' lang='lat' dir='ltr'><strong>studemus,</strong></span> <span class='ocrx_word' id='word_1_550' title='bbox 2641 1520 2848 1572; x_wconf 88' lang='lat' dir='ltr'><strong>actione</strong></span> <span class='ocrx_word' id='word_1_551' title='bbox 2871 1529 3130 1574; x_wconf 83' lang='lat' dir='ltr'><strong>versatur.</strong></span> 
     </span>
    </p>
   </div>
   <div class='ocr_carea' id='block_1_72' title="bbox 2153 1604 3654 1681">
    <p class='ocr_par' dir='ltr' id='par_1_72' title="bbox 2153 1604 3654 1681">
     <span class='ocr_line' id='line_1_73' title="bbox 2153 1604 3654 1681; baseline 0.007 -23"><span class='ocrx_word' id='word_1_552' title='bbox 2153 1604 2208 1658; x_wconf 71' lang='grc' dir='ltr'><strong>ὅ.</strong></span> <span class='ocrx_word' id='word_1_553' title='bbox 2234 1605 2510 1670; x_wconf 90' lang='lat' dir='ltr'><strong>Quomodo</strong></span> <span class='ocrx_word' id='word_1_554' title='bbox 2548 1606 2711 1676; x_wconf 78' lang='lat' dir='ltr'><strong>igitur</strong></span> <span class='ocrx_word' id='word_1_555' title='bbox 2753 1608 3148 1681; x_wconf 81' lang='lat' dir='ltr'><strong>intelligendum</strong></span> <span class='ocrx_word' id='word_1_556' title='bbox 3177 1619 3298 1677; x_wconf 88' lang='lat' dir='ltr'><strong>est,</strong></span> <span class='ocrx_word' id='word_1_557' title='bbox 3328 1613 3552 1668; x_wconf 88' lang='lat' dir='ltr'><strong>obsecro</strong></span> <span class='ocrx_word' id='word_1_558' title='bbox 3580 1621 3654 1679; x_wconf 89' lang='lat' dir='ltr'><strong>te,</strong></span> 
     </span>
    </p>
   </div>
   <div class='ocr_carea' id='block_1_73' title="bbox 2085 1693 3657 1769">
    <p class='ocr_par' dir='ltr' id='par_1_73' title="bbox 2085 1693 3657 1769">
     <span class='ocr_line' id='line_1_74' title="bbox 2085 1693 3657 1769; baseline 0.008 -24"><span class='ocrx_word' id='word_1_559' title='bbox 2085 1693 2393 1764; x_wconf 81' lang='lat' dir='ltr'><strong>Quicumque</strong></span> <span class='ocrx_word' id='word_1_560' title='bbox 2421 1705 2576 1749; x_wconf 89' lang='lat' dir='ltr'><strong>totam</strong></span> <span class='ocrx_word' id='word_1_561' title='bbox 2623 1695 2804 1769; x_wconf 83' lang='lat' dir='ltr'><strong>Legem</strong></span> <span class='ocrx_word' id='word_1_562' title='bbox 2830 1700 3130 1767; x_wconf 81' lang='lat' dir='ltr'><strong>servaverit,</strong></span> <span class='ocrx_word' id='word_1_563' title='bbox 3160 1699 3388 1766; x_wconf 71' lang='lat' dir='ltr'><strong>oﬂ&#39;endat</strong></span> <span class='ocrx_word' id='word_1_564' title='bbox 3409 1712 3576 1756; x_wconf 86' lang='lat' dir='ltr'><strong>autem</strong></span> <span class='ocrx_word' id='word_1_565' title='bbox 3603 1706 3657 1758; x_wconf 76' lang='lat' dir='ltr'><strong>in</strong></span> 
     </span>
    </p>
   </div>
   <div class='ocr_carea' id='block_1_74' title="bbox 2079 1788 3654 1861">
    <p class='ocr_par' dir='ltr' id='par_1_74' title="bbox 2079 1788 3654 1861">
     <span class='ocr_line' id='line_1_75' title="bbox 2079 1788 3654 1861; baseline 0.005 -21"><span class='ocrx_word' id='word_1_566' title='bbox 2079 1800 2210 1848; x_wconf 84' lang='lat' dir='ltr'><strong>uno,</strong></span> <span class='ocrx_word' id='word_1_567' title='bbox 2243 1788 2410 1856; x_wconf 81' lang='lat' dir='ltr'><strong>factus</strong></span> <span class='ocrx_word' id='word_1_568' title='bbox 2433 1797 2506 1847; x_wconf 87' lang='lat' dir='ltr'><strong>est</strong></span> <span class='ocrx_word' id='word_1_569' title='bbox 2531 1789 2753 1846; x_wconf 87' lang='lat' dir='ltr'><strong>omnium</strong></span> <span class='ocrx_word' id='word_1_570' title='bbox 2774 1793 2929 1846; x_wconf 83' lang='lat' dir='ltr'><strong>reus?</strong></span> <span class='ocrx_word' id='word_1_571' title='bbox 2955 1791 3100 1853; x_wconf 84' lang='lat' dir='ltr'><strong>Itane</strong></span> <span class='ocrx_word' id='word_1_572' title='bbox 3114 1793 3203 1861; x_wconf 91' lang='lat' dir='ltr'><strong>qui</strong></span> <span class='ocrx_word' id='word_1_573' title='bbox 3228 1793 3420 1848; x_wconf 89' lang='lat' dir='ltr'><strong>furtum</strong></span> <span class='ocrx_word' id='word_1_574' title='bbox 3449 1792 3654 1859; x_wconf 76' lang='lat' dir='ltr'><strong>fecerit,</strong></span> 
     </span>
    </p>
   </div>
   <div class='ocr_carea' id='block_1_75' title="bbox 2079 1875 3652 1952">
    <p class='ocr_par' dir='ltr' id='par_1_75' title="bbox 2079 1875 3652 1952">
     <span class='ocr_line' id='line_1_76' title="bbox 2079 1875 3652 1952; baseline 0.006 -24"><span class='ocrx_word' id='word_1_575' title='bbox 2079 1875 2186 1928; x_wconf 92' lang='lat' dir='ltr'><strong>imo</strong></span> <span class='ocrx_word' id='word_1_576' title='bbox 2215 1891 2339 1929; x_wconf 80' lang='lat' dir='ltr'><strong>vero</strong></span> <span class='ocrx_word' id='word_1_577' title='bbox 2359 1876 2449 1951; x_wconf 90' lang='lat' dir='ltr'><strong>qui</strong></span> <span class='ocrx_word' id='word_1_578' title='bbox 2479 1877 2676 1932; x_wconf 81' lang='lat' dir='ltr'><strong>dixerit</strong></span> <span class='ocrx_word' id='word_1_579' title='bbox 2702 1879 2883 1944; x_wconf 76' lang='lat' dir='ltr'><strong>diviti,</strong></span> <span class='ocrx_word' id='word_1_580' title='bbox 2912 1880 3045 1942; x_wconf 83' lang='lat' dir='ltr'><strong>Sede</strong></span> <span class='ocrx_word' id='word_1_581' title='bbox 3068 1881 3182 1946; x_wconf 79' lang='lat' dir='ltr'><strong>hic,</strong></span> <span class='ocrx_word' id='word_1_582' title='bbox 3204 1883 3424 1952; x_wconf 85' lang='lat' dir='ltr'><strong>pauperi</strong></span> <span class='ocrx_word' id='word_1_583' title='bbox 3452 1894 3652 1950; x_wconf 85' lang='lat' dir='ltr'><strong>autem,</strong></span> 
     </span>
    </p>
   </div>
   <div class='ocr_carea' id='block_1_76' title="bbox 2082 1965 3656 2045">
    <p class='ocr_par' dir='ltr' id='par_1_76' title="bbox 2082 1965 3656 2045">
     <span class='ocr_line' id='line_1_77' title="bbox 2082 1965 3656 2045; baseline 0.006 -25"><span class='ocrx_word' id='word_1_584' title='bbox 2082 1965 2157 2024; x_wconf 80' lang='lat' dir='ltr'><strong>Tu</strong></span> <span class='ocrx_word' id='word_1_585' title='bbox 2197 1979 2276 2024; x_wconf 87' lang='lat' dir='ltr'><strong>sta</strong></span> <span class='ocrx_word' id='word_1_586' title='bbox 2301 1969 2438 2033; x_wconf 84' lang='lat' dir='ltr'><strong>illic,</strong></span> <span class='ocrx_word' id='word_1_587' title='bbox 2480 1978 2535 2023; x_wconf 91' lang='lat' dir='ltr'><strong>et</strong></span> <span class='ocrx_word' id='word_1_588' title='bbox 2580 1969 2885 2038; x_wconf 88' lang='lat' dir='ltr'><strong>homicidii,</strong></span> <span class='ocrx_word' id='word_1_589' title='bbox 2929 1981 2981 2027; x_wconf 91' lang='lat' dir='ltr'><strong>et</strong></span> <span class='ocrx_word' id='word_1_590' title='bbox 3005 1973 3269 2036; x_wconf 85' lang='lat' dir='ltr'><strong>adulterii,</strong></span> <span class='ocrx_word' id='word_1_591' title='bbox 3309 1982 3364 2030; x_wconf 85' lang='lat' dir='ltr'><strong>et</strong></span> <span class='ocrx_word' id='word_1_592' title='bbox 3397 1975 3656 2045; x_wconf 83' lang='lat' dir='ltr'><strong>sacrilegii</strong></span> 
     </span>
    </p>
   </div>
   <div class='ocr_carea' id='block_1_77' title="bbox 2078 2060 3657 2134">
    <p class='ocr_par' dir='ltr' id='par_1_77' title="bbox 2078 2060 3657 2134">
     <span class='ocr_line' id='line_1_78' title="bbox 2078 2060 3657 2134; baseline 0.004 -21"><span class='ocrx_word' id='word_1_593' title='bbox 2078 2074 2205 2119; x_wconf 87' lang='lat' dir='ltr'><strong>reus</strong></span> <span class='ocrx_word' id='word_1_594' title='bbox 2227 2061 2341 2114; x_wconf 88' lang='lat' dir='ltr'><strong>est?</strong></span> <span class='ocrx_word' id='word_1_595' title='bbox 2367 2060 2520 2128; x_wconf 88' lang='lat' dir='ltr'><strong>Quod</strong></span> <span class='ocrx_word' id='word_1_596' title='bbox 2545 2061 2588 2115; x_wconf 88' lang='lat' dir='ltr'><strong>si</strong></span> <span class='ocrx_word' id='word_1_597' title='bbox 2617 2077 2720 2116; x_wconf 91' lang='lat' dir='ltr'><strong>non</strong></span> <span class='ocrx_word' id='word_1_598' title='bbox 2750 2072 2852 2127; x_wconf 89' lang='lat' dir='ltr'><strong>est,</strong></span> <span class='ocrx_word' id='word_1_599' title='bbox 2877 2063 3144 2132; x_wconf 90' lang='lat' dir='ltr'><strong>quomodo</strong></span> <span class='ocrx_word' id='word_1_600' title='bbox 3168 2065 3257 2134; x_wconf 88' lang='lat' dir='ltr'><strong>qui</strong></span> <span class='ocrx_word' id='word_1_601' title='bbox 3283 2066 3333 2119; x_wconf 91' lang='lat' dir='ltr'><strong>in</strong></span> <span class='ocrx_word' id='word_1_602' title='bbox 3366 2080 3471 2120; x_wconf 91' lang='lat' dir='ltr'><strong>uno</strong></span> <span class='ocrx_word' id='word_1_603' title='bbox 3490 2065 3657 2120; x_wconf 80' lang='lat' dir='ltr'><strong>oll‘en-</strong></span> 
     </span>
    </p>
   </div>
   <div class='ocr_carea' id='block_1_78' title="bbox 2076 2149 3659 2226">
    <p class='ocr_par' dir='ltr' id='par_1_78' title="bbox 2076 2149 3659 2226">
     <span class='ocr_line' id='line_1_79' title="bbox 2076 2149 3659 2226; baseline 0.005 -22"><span class='ocrx_word' id='word_1_604' title='bbox 2076 2149 2168 2204; x_wconf 91' lang='lat' dir='ltr'><strong>dat</strong></span> <span class='ocrx_word' id='word_1_605' title='bbox 2200 2149 2369 2214; x_wconf 88' lang='lat' dir='ltr'><strong>factus</strong></span> <span class='ocrx_word' id='word_1_606' title='bbox 2398 2160 2481 2206; x_wconf 91' lang='lat' dir='ltr'><strong>est</strong></span> <span class='ocrx_word' id='word_1_607' title='bbox 2523 2152 2758 2208; x_wconf 89' lang='lat' dir='ltr'><strong>omnium</strong></span> <span class='ocrx_word' id='word_1_608' title='bbox 2799 2155 2960 2209; x_wconf 86' lang='lat' dir='ltr'><strong>reus?</strong></span> <span class='ocrx_word' id='word_1_609' title='bbox 3002 2171 3069 2208; x_wconf 90' lang='lat' dir='ltr'><strong>an</strong></span> <span class='ocrx_word' id='word_1_610' title='bbox 3098 2157 3224 2220; x_wconf 84' lang='lat' dir='ltr'><strong>illud</strong></span> <span class='ocrx_word' id='word_1_611' title='bbox 3255 2157 3394 2226; x_wconf 86' lang='lat' dir='ltr'><strong>quod</strong></span> <span class='ocrx_word' id='word_1_612' title='bbox 3429 2157 3562 2211; x_wconf 81' lang='lat' dir='ltr'><strong>dixit</strong></span> <span class='ocrx_word' id='word_1_613' title='bbox 3589 2157 3659 2218; x_wconf 81' lang='lat' dir='ltr'><strong>de</strong></span> 
     </span>
    </p>
   </div>
   <div class='ocr_carea' id='block_1_79' title="bbox 2077 2241 3658 2316">
    <p class='ocr_par' dir='ltr' id='par_1_79' title="bbox 2077 2241 3658 2316">
     <span class='ocr_line' id='line_1_80' title="bbox 2077 2241 3658 2316; baseline 0.004 -22"><span class='ocrx_word' id='word_1_614' title='bbox 2077 2241 2238 2295; x_wconf 64' lang='lat' dir='ltr'><strong>divite</strong></span> <span class='ocrx_word' id='word_1_615' title='bbox 2263 2251 2317 2296; x_wconf 89' lang='lat' dir='ltr'><strong>et</strong></span> <span class='ocrx_word' id='word_1_616' title='bbox 2339 2257 2568 2310; x_wconf 85' lang='lat' dir='ltr'><strong>paupere</strong></span> <span class='ocrx_word' id='word_1_617' title='bbox 2597 2244 2663 2296; x_wconf 88' lang='lat' dir='ltr'><strong>ad</strong></span> <span class='ocrx_word' id='word_1_618' title='bbox 2696 2245 2793 2300; x_wconf 89' lang='lat' dir='ltr'><strong>ista</strong></span> <span class='ocrx_word' id='word_1_619' title='bbox 2822 2260 2927 2310; x_wconf 78' lang='lat' dir='ltr'><strong>non</strong></span> <span class='ocrx_word' id='word_1_620' title='bbox 2956 2246 3206 2313; x_wconf 87' lang='lat' dir='ltr'><strong>pertinet,</strong></span> <span class='ocrx_word' id='word_1_621' title='bbox 3228 2261 3450 2316; x_wconf 84' lang='lat' dir='ltr'><strong>quorum</strong></span> <span class='ocrx_word' id='word_1_622' title='bbox 3471 2248 3516 2302; x_wconf 89' lang='lat' dir='ltr'><strong>si</strong></span> <span class='ocrx_word' id='word_1_623' title='bbox 3535 2247 3658 2316; x_wconf 85' lang='lat' dir='ltr'><strong>quis</strong></span> 
     </span>
    </p>
   </div>
   <div class='ocr_carea' id='block_1_80' title="bbox 2076 2331 3655 2398">
    <p class='ocr_par' dir='ltr' id='par_1_80' title="bbox 2076 2331 3655 2398">
     <span class='ocr_line' id='line_1_81' title="bbox 2076 2331 3655 2398; baseline 0.002 -11"><span class='ocrx_word' id='word_1_624' title='bbox 2076 2331 2128 2387; x_wconf 88' lang='lat' dir='ltr'><strong>in</strong></span> <span class='ocrx_word' id='word_1_625' title='bbox 2157 2333 2571 2393; x_wconf 59' lang='lat' dir='ltr'><strong>uno&#39;olicnderit</strong></span> <span class='ocrx_word' id='word_1_626' title='bbox 2592 2375 2607 2398; x_wconf 95' lang='lat'><strong>,</strong></span> <span class='ocrx_word' id='word_1_627' title='bbox 2637 2335 2726 2388; x_wconf 88' lang='lat' dir='ltr'><strong>lict</strong></span> <span class='ocrx_word' id='word_1_628' title='bbox 2744 2336 2978 2388; x_wconf 87' lang='lat' dir='ltr'><strong>omnium</strong></span> <span class='ocrx_word' id='word_1_629' title='bbox 3007 2336 3160 2390; x_wconf 85' lang='lat' dir='ltr'><strong>reus?</strong></span> <span class='ocrx_word' id='word_1_630' title='bbox 3185 2336 3289 2391; x_wconf 88' lang='lat' dir='ltr'><strong>Sed</strong></span> <span class='ocrx_word' id='word_1_631' title='bbox 3315 2337 3655 2392; x_wconf 86' lang='lat' dir='ltr'><strong>recolendum</strong></span> 
     </span>
    </p>
   </div>
   <div class='ocr_carea' id='block_1_81' title="bbox 2076 2425 3655 2497">
    <p class='ocr_par' dir='ltr' id='par_1_81' title="bbox 2076 2425 3655 2497">
     <span class='ocr_line' id='line_1_82' title="bbox 2076 2425 3655 2497; baseline 0.003 -20"><span class='ocrx_word' id='word_1_632' title='bbox 2076 2433 2160 2478; x_wconf 88' lang='lat' dir='ltr'><strong>est</strong></span> <span class='ocrx_word' id='word_1_633' title='bbox 2187 2425 2330 2479; x_wconf 89' lang='lat' dir='ltr'><strong>unde</strong></span> <span class='ocrx_word' id='word_1_634' title='bbox 2350 2425 2557 2479; x_wconf 89' lang='lat' dir='ltr'><strong>venerit</strong></span> <span class='ocrx_word' id='word_1_635' title='bbox 2587 2425 2672 2480; x_wconf 88' lang='lat' dir='ltr'><strong>illa</strong></span> <span class='ocrx_word' id='word_1_636' title='bbox 2702 2427 2986 2496; x_wconf 89' lang='lat' dir='ltr'><strong>sententia,</strong></span> <span class='ocrx_word' id='word_1_637' title='bbox 3009 2435 3064 2482; x_wconf 92' lang='lat' dir='ltr'><strong>et</strong></span> <span class='ocrx_word' id='word_1_638' title='bbox 3082 2443 3200 2496; x_wconf 73' lang='lat' dir='ltr'><strong>qua:</strong></span> <span class='ocrx_word' id='word_1_639' title='bbox 3221 2429 3362 2482; x_wconf 89' lang='lat' dir='ltr'><strong>illam</strong></span> <span class='ocrx_word' id='word_1_640' title='bbox 3383 2429 3655 2497; x_wconf 86' lang='lat' dir='ltr'><strong>superiora</strong></span> 
     </span>
    </p>
   </div>
   <div class='ocr_carea' id='block_1_82' title="bbox 2077 2515 3656 2586">
    <p class='ocr_par' dir='ltr' id='par_1_82' title="bbox 2077 2515 3656 2586">
     <span class='ocr_line' id='line_1_83' title="bbox 2077 2515 3656 2586; baseline 0.003 -19"><span class='ocrx_word' id='word_1_641' title='bbox 2077 2516 2414 2582; x_wconf 84' lang='lat' dir='ltr'><strong>pepereriut,</strong></span> <span class='ocrx_word' id='word_1_642' title='bbox 2459 2515 2755 2585; x_wconf 82' lang='lat' dir='ltr'><strong>quibusque</strong></span> <span class='ocrx_word' id='word_1_643' title='bbox 2793 2530 3030 2571; x_wconf 76' lang='lat' dir='ltr'><strong>connexa</strong></span> <span class='ocrx_word' id='word_1_644' title='bbox 3075 2516 3388 2586; x_wconf 88' lang='lat' dir='ltr'><strong>dependeat.</strong></span> <span class='ocrx_word' id='word_1_645' title='bbox 3443 2515 3656 2571; x_wconf 84' lang='lat' dir='ltr'><strong>Fratres</strong></span> 
     </span>
    </p>
   </div>
   <div class='ocr_carea' id='block_1_83' title="bbox 2075 2605 3653 2677">
    <p class='ocr_par' dir='ltr' id='par_1_83' title="bbox 2075 2605 3653 2677">
     <span class='ocr_line' id='line_1_84' title="bbox 2075 2605 3653 2677; baseline 0.003 -22"><span class='ocrx_word' id='word_1_646' title='bbox 2075 2605 2199 2666; x_wconf 86' lang='lat' dir='ltr'><strong>mei,</strong></span> <span class='ocrx_word' id='word_1_647' title='bbox 2228 2605 2381 2658; x_wconf 84' lang='lat' dir='ltr'><strong>nolite</strong></span> <span class='ocrx_word' id='word_1_648' title='bbox 2400 2645 2416 2670; x_wconf 94' lang='lat'><strong>,</strong></span> <span class='ocrx_word' id='word_1_649' title='bbox 2461 2605 2662 2674; x_wconf 89' lang='lat' dir='ltr'><strong>inquit,</strong></span> <span class='ocrx_word' id='word_1_650' title='bbox 2701 2606 2755 2659; x_wconf 90' lang='lat' dir='ltr'><strong>in</strong></span> <span class='ocrx_word' id='word_1_651' title='bbox 2785 2622 3118 2676; x_wconf 81' lang='lat' dir='ltr'><strong>personarum</strong></span> <span class='ocrx_word' id='word_1_652' title='bbox 3141 2608 3432 2677; x_wconf 84' lang='lat' dir='ltr'><strong>acceptione</strong></span> <span class='ocrx_word' id='word_1_653' title='bbox 3468 2607 3653 2661; x_wconf 80' lang='lat' dir='ltr'><strong>habere</strong></span> 
     </span>
    </p>
   </div>
   <div class='ocr_carea' id='block_1_84' title="bbox 2074 2695 3653 2768">
    <p class='ocr_par' dir='ltr' id='par_1_84' title="bbox 2074 2695 3653 2768">
     <span class='ocr_line' id='line_1_85' title="bbox 2074 2695 3653 2768; baseline 0.004 -20"><span class='ocrx_word' id='word_1_654' title='bbox 2074 2695 2227 2764; x_wconf 78' lang='lat' dir='ltr'><strong>[idem</strong></span> <span class='ocrx_word' id='word_1_655' title='bbox 2254 2695 2464 2749; x_wconf 84' lang='lat' dir='ltr'><strong>Domini</strong></span> <span class='ocrx_word' id='word_1_656' title='bbox 2494 2698 2652 2750; x_wconf 81' lang='lat' dir='ltr'><strong>nostri</strong></span> <span class='ocrx_word' id='word_1_657' title='bbox 2677 2696 2801 2752; x_wconf 77' lang='lat' dir='ltr'><strong>Iesu</strong></span> <span class='ocrx_word' id='word_1_658' title='bbox 2828 2696 3014 2751; x_wconf 81' lang='lat' dir='ltr'><strong>Christi</strong></span> <span class='ocrx_word' id='word_1_659' title='bbox 3044 2698 3237 2768; x_wconf 72' lang='lat' dir='ltr'><strong>gloriae.</strong></span> <span class='ocrx_word' id='word_1_660' title='bbox 3267 2698 3470 2754; x_wconf 84' lang='lat' dir='ltr'><strong>Etenim</strong></span> <span class='ocrx_word' id='word_1_661' title='bbox 3495 2699 3541 2754; x_wconf 83' lang='lat' dir='ltr'><strong>si</strong></span> <span class='ocrx_word' id='word_1_662' title='bbox 3569 2699 3653 2754; x_wconf 88' lang='lat' dir='ltr'><strong>in-</strong></span> 
     </span>
    </p>
   </div>
   <div class='ocr_carea' id='block_1_85' title="bbox 2075 2787 3654 2848">
    <p class='ocr_par' dir='ltr' id='par_1_85' title="bbox 2075 2787 3654 2848">
     <span class='ocr_line' id='line_1_86' title="bbox 2075 2787 3654 2848; baseline 0.002 -9"><span class='ocrx_word' id='word_1_663' title='bbox 2075 2787 2263 2840; x_wconf 83' lang='lat' dir='ltr'><strong>troierit</strong></span> <span class='ocrx_word' id='word_1_664' title='bbox 2300 2788 2351 2839; x_wconf 90' lang='lat' dir='ltr'><strong>in</strong></span> <span class='ocrx_word' id='word_1_665' title='bbox 2376 2798 2670 2848; x_wconf 84' lang='lat' dir='ltr'><strong>conventum</strong></span> <span class='ocrx_word' id='word_1_666' title='bbox 2700 2798 2916 2848; x_wconf 82' lang='lat' dir='ltr'><strong>vestrum</strong></span> <span class='ocrx_word' id='word_1_667' title='bbox 2948 2789 3022 2842; x_wconf 89' lang='lat' dir='ltr'><strong>vir</strong></span> <span class='ocrx_word' id='word_1_668' title='bbox 3044 2787 3290 2846; x_wconf 80' lang='lat' dir='ltr'><strong>annulum</strong></span> <span class='ocrx_word' id='word_1_669' title='bbox 3319 2805 3529 2842; x_wconf 87' lang='lat' dir='ltr'><strong>aureum</strong></span> <span class='ocrx_word' id='word_1_670' title='bbox 3557 2788 3654 2842; x_wconf 82' lang='lat' dir='ltr'><strong>Ita-</strong></span> 
     </span>
    </p>
   </div>
   <div class='ocr_carea' id='block_1_86' title="bbox 2073 2861 3654 2948">
    <p class='ocr_par' dir='ltr' id='par_1_86' title="bbox 2073 2861 3654 2948">
     <span class='ocr_line' id='line_1_87' title="bbox 2073 2861 3654 2948; baseline 0.003 -18"><span class='ocrx_word' id='word_1_671' title='bbox 2073 2877 2190 2946; x_wconf 82' lang='lat' dir='ltr'><strong>bens</strong></span> <span class='ocrx_word' id='word_1_672' title='bbox 2238 2877 2291 2928; x_wconf 88' lang='lat' dir='ltr'><strong>in</strong></span> <span class='ocrx_word' id='word_1_673' title='bbox 2338 2886 2467 2934; x_wconf 81' lang='lat' dir='ltr'><strong>veste</strong></span> <span class='ocrx_word' id='word_1_674' title='bbox 2508 2876 2726 2931; x_wconf 88' lang='lat' dir='ltr'><strong>candida</strong></span> <span class='ocrx_word' id='word_1_675' title='bbox 2753 2917 2767 2942; x_wconf 91' lang='lat'><strong>,</strong></span> <span class='ocrx_word' id='word_1_676' title='bbox 2812 2878 3056 2931; x_wconf 70' lang='lat' dir='ltr'><strong>introierit</strong></span> <span class='ocrx_word' id='word_1_677' title='bbox 3092 2861 3260 2932; x_wconf 79' lang='lat' dir='ltr'><strong>autem</strong></span> <span class='ocrx_word' id='word_1_678' title='bbox 3294 2887 3341 2931; x_wconf 87' lang='lat' dir='ltr'><strong>et</strong></span> <span class='ocrx_word' id='word_1_679' title='bbox 3375 2895 3566 2948; x_wconf 84' lang='lat' dir='ltr'><strong>pauper</strong></span> <span class='ocrx_word' id='word_1_680' title='bbox 3600 2881 3654 2934; x_wconf 83' lang='lat' dir='ltr'><strong>in</strong></span> 
     </span>
    </p>
   </div>
   <div class='ocr_carea' id='block_1_87' title="bbox 2071 2966 3655 3038">
    <p class='ocr_par' dir='ltr' id='par_1_87' title="bbox 2071 2966 3655 3038">
     <span class='ocr_line' id='line_1_88' title="bbox 2071 2966 3655 3038; baseline 0.002 -18"><span class='ocrx_word' id='word_1_681' title='bbox 2071 2966 2277 3020; x_wconf 84' lang='lat' dir='ltr'><strong>sordido</strong></span> <span class='ocrx_word' id='word_1_682' title='bbox 2303 2967 2496 3032; x_wconf 81' lang='lat' dir='ltr'><strong>habitu,</strong></span> <span class='ocrx_word' id='word_1_683' title='bbox 2527 2978 2572 3020; x_wconf 87' lang='lat' dir='ltr'><strong>et</strong></span> <span class='ocrx_word' id='word_1_684' title='bbox 2592 2968 2862 3022; x_wconf 87' lang='lat' dir='ltr'><strong>intendatis</strong></span> <span class='ocrx_word' id='word_1_685' title='bbox 2881 2969 2931 3020; x_wconf 91' lang='lat' dir='ltr'><strong>in</strong></span> <span class='ocrx_word' id='word_1_686' title='bbox 2957 2985 3068 3022; x_wconf 77' lang='lat' dir='ltr'><strong>eum</strong></span> <span class='ocrx_word' id='word_1_687' title='bbox 3096 2969 3182 3038; x_wconf 88' lang='lat' dir='ltr'><strong>qui</strong></span> <span class='ocrx_word' id='word_1_688' title='bbox 3201 2969 3406 3022; x_wconf 88' lang='lat' dir='ltr'><strong>indutus</strong></span> <span class='ocrx_word' id='word_1_689' title='bbox 3435 2978 3506 3023; x_wconf 88' lang='lat' dir='ltr'><strong>est</strong></span> <span class='ocrx_word' id='word_1_690' title='bbox 3525 2979 3655 3024; x_wconf 85' lang='lat' dir='ltr'><strong>veste</strong></span> 
     </span>
    </p>
   </div>
   <div class='ocr_carea' id='block_1_88' title="bbox 2072 3058 3652 3130">
    <p class='ocr_par' dir='ltr' id='par_1_88' title="bbox 2072 3058 3652 3130">
     <span class='ocr_line' id='line_1_89' title="bbox 2072 3058 3652 3130; baseline 0.003 -21"><span class='ocrx_word' id='word_1_691' title='bbox 2072 3059 2338 3125; x_wconf 80' lang='lat' dir='ltr'><strong>prwclara,</strong></span> <span class='ocrx_word' id='word_1_692' title='bbox 2370 3069 2414 3111; x_wconf 90' lang='lat' dir='ltr'><strong>et</strong></span> <span class='ocrx_word' id='word_1_693' title='bbox 2437 3060 2615 3111; x_wconf 77' lang='lat' dir='ltr'><strong>dicatis</strong></span> <span class='ocrx_word' id='word_1_694' title='bbox 2637 3059 2702 3121; x_wconf 85' lang='lat' dir='ltr'><strong>ei,</strong></span> <span class='ocrx_word' id='word_1_695' title='bbox 2733 3058 2811 3113; x_wconf 87' lang='lat' dir='ltr'><strong>Tu</strong></span> <span class='ocrx_word' id='word_1_696' title='bbox 2831 3059 2948 3113; x_wconf 69' lang='lat' dir='ltr'><strong>sede</strong></span> <span class='ocrx_word' id='word_1_697' title='bbox 2970 3059 3050 3111; x_wconf 83' lang='lat' dir='ltr'><strong>hic</strong></span> <span class='ocrx_word' id='word_1_698' title='bbox 3078 3059 3228 3122; x_wconf 84' lang='lat' dir='ltr'><strong>bene;</strong></span> <span class='ocrx_word' id='word_1_699' title='bbox 3257 3060 3470 3130; x_wconf 80' lang='lat' dir='ltr'><strong>pauperi</strong></span> <span class='ocrx_word' id='word_1_700' title='bbox 3487 3067 3652 3113; x_wconf 86' lang='lat' dir='ltr'><strong>autem</strong></span> 
     </span>
    </p>
   </div>
   <div class='ocr_carea' id='block_1_89' title="bbox 2072 3147 3648 3219">
    <p class='ocr_par' dir='ltr' id='par_1_89' title="bbox 2072 3147 3648 3219">
     <span class='ocr_line' id='line_1_90' title="bbox 2072 3147 3648 3219; baseline -0.001 -17"><span class='ocrx_word' id='word_1_701' title='bbox 2072 3149 2269 3212; x_wconf 76' lang='lat' dir='ltr'><strong>dicatis,</strong></span> <span class='ocrx_word' id='word_1_702' title='bbox 2301 3148 2376 3201; x_wconf 88' lang='lat' dir='ltr'><strong>Tu</strong></span> <span class='ocrx_word' id='word_1_703' title='bbox 2397 3158 2474 3202; x_wconf 89' lang='lat' dir='ltr'><strong>sta</strong></span> <span class='ocrx_word' id='word_1_704' title='bbox 2496 3149 2620 3212; x_wconf 86' lang='lat' dir='ltr'><strong>illic,</strong></span> <span class='ocrx_word' id='word_1_705' title='bbox 2645 3158 2751 3214; x_wconf 86' lang='lat' dir='ltr'><strong>aut,</strong></span> <span class='ocrx_word' id='word_1_706' title='bbox 2785 3147 2919 3208; x_wconf 82' lang='lat' dir='ltr'><strong>Sede</strong></span> <span class='ocrx_word' id='word_1_707' title='bbox 2941 3147 3029 3202; x_wconf 86' lang='lat' dir='ltr'><strong>sub</strong></span> <span class='ocrx_word' id='word_1_708' title='bbox 3055 3148 3269 3204; x_wconf 82' lang='lat' dir='ltr'><strong>scabello</strong></span> <span class='ocrx_word' id='word_1_709' title='bbox 3289 3148 3480 3219; x_wconf 82' lang='lat' dir='ltr'><strong>pedum</strong></span> <span class='ocrx_word' id='word_1_710' title='bbox 3508 3164 3648 3200; x_wconf 80' lang='lat' dir='ltr'><strong>meo-</strong></span> 
     </span>
    </p>
   </div>
   <div class='ocr_carea' id='block_1_90' title="bbox 2070 3236 3652 3308">
    <p class='ocr_par' dir='ltr' id='par_1_90' title="bbox 2070 3236 3652 3308">
     <span class='ocr_line' id='line_1_91' title="bbox 2070 3236 3652 3308; baseline -0.001 -16"><span class='ocrx_word' id='word_1_711' title='bbox 2070 3255 2184 3292; x_wconf 90' lang='lat' dir='ltr'><strong>rum</strong></span> <span class='ocrx_word' id='word_1_712' title='bbox 2212 3253 2232 3293; x_wconf 89' lang='lat'><strong><em>:</em></strong></span> <span class='ocrx_word' id='word_1_713' title='bbox 2256 3255 2421 3292; x_wconf 85' lang='lat' dir='ltr'><strong>nonne</strong></span> <span class='ocrx_word' id='word_1_714' title='bbox 2452 3239 2694 3306; x_wconf 87' lang='lat' dir='ltr'><strong>judicatis</strong></span> <span class='ocrx_word' id='word_1_715' title='bbox 2724 3236 2863 3307; x_wconf 88' lang='lat' dir='ltr'><strong>apud</strong></span> <span class='ocrx_word' id='word_1_716' title='bbox 2899 3238 3256 3307; x_wconf 88' lang='lat' dir='ltr'><strong>vosmetipsos,</strong></span> <span class='ocrx_word' id='word_1_717' title='bbox 3298 3246 3346 3290; x_wconf 89' lang='lat' dir='ltr'><strong>et</strong></span> <span class='ocrx_word' id='word_1_718' title='bbox 3380 3237 3504 3308; x_wconf 78' lang='lat' dir='ltr'><strong>facti</strong></span> <span class='ocrx_word' id='word_1_719' title='bbox 3530 3237 3652 3291; x_wconf 84' lang='lat' dir='ltr'><strong>estis</strong></span> 
     </span>
    </p>
   </div>
   <div class='ocr_carea' id='block_1_91' title="bbox 2063 3325 3652 3401">
    <p class='ocr_par' dir='ltr' id='par_1_91' title="bbox 2063 3325 3652 3401">
     <span class='ocr_line' id='line_1_92' title="bbox 2063 3325 3652 3401; baseline 0 -21"><span class='ocrx_word' id='word_1_720' title='bbox 2063 3328 2263 3401; x_wconf 77' lang='lat' dir='ltr'><strong>judices</strong></span> <span class='ocrx_word' id='word_1_721' title='bbox 2302 3328 2661 3399; x_wconf 87' lang='lat' dir='ltr'><strong>cogitationum</strong></span> <span class='ocrx_word' id='word_1_722' title='bbox 2708 3327 3030 3396; x_wconf 85' lang='lat' dir='ltr'><strong>iniquarum?</strong></span> <span class='ocrx_word' id='word_1_723' title='bbox 3075 3325 3257 3386; x_wconf 83' lang='lat' dir='ltr'><strong>Audite</strong></span> <span class='ocrx_word' id='word_1_724' title='bbox 3281 3368 3297 3392; x_wconf 93' lang='lat'><strong>,</strong></span> <span class='ocrx_word' id='word_1_725' title='bbox 3339 3331 3518 3399; x_wconf 78' lang='lat' dir='ltr'><strong>fratres</strong></span> <span class='ocrx_word' id='word_1_726' title='bbox 3553 3327 3652 3380; x_wconf 87' lang='lat' dir='ltr'><strong>mei</strong></span> 
     </span>
    </p>
   </div>
   <div class='ocr_carea' id='block_1_92' title="bbox 2070 3416 3646 3487">
    <p class='ocr_par' dir='ltr' id='par_1_92' title="bbox 2070 3416 3646 3487">
     <span class='ocr_line' id='line_1_93' title="bbox 2070 3416 3646 3487; baseline 0 -17"><span class='ocrx_word' id='word_1_727' title='bbox 2070 3417 2406 3482; x_wconf 83' lang='lat' dir='ltr'><strong>dilectissimi;</strong></span> <span class='ocrx_word' id='word_1_728' title='bbox 2436 3433 2600 3470; x_wconf 85' lang='lat' dir='ltr'><strong>nonne</strong></span> <span class='ocrx_word' id='word_1_729' title='bbox 2629 3416 2765 3469; x_wconf 84' lang='lat' dir='ltr'><strong>Deus</strong></span> <span class='ocrx_word' id='word_1_730' title='bbox 2792 3417 2937 3487; x_wconf 85' lang='lat' dir='ltr'><strong>elegit</strong></span> <span class='ocrx_word' id='word_1_731' title='bbox 2961 3433 3204 3487; x_wconf 86' lang='lat' dir='ltr'><strong>pauperes</strong></span> <span class='ocrx_word' id='word_1_732' title='bbox 3233 3417 3285 3470; x_wconf 92' lang='lat' dir='ltr'><strong>in</strong></span> <span class='ocrx_word' id='word_1_733' title='bbox 3314 3419 3407 3470; x_wconf 76' lang='lat' dir='ltr'><strong>hoc</strong></span> <span class='ocrx_word' id='word_1_734' title='bbox 3437 3417 3646 3480; x_wconf 86' lang='lat' dir='ltr'><strong>mundo,</strong></span> 
     </span>
    </p>
   </div>
   <div class='ocr_carea' id='block_1_93' title="bbox 2069 3505 3650 3576">
    <p class='ocr_par' dir='ltr' id='par_1_93' title="bbox 2069 3505 3650 3576">
     <span class='ocr_line' id='line_1_94' title="bbox 2069 3505 3650 3576; baseline 0.001 -18"><span class='ocrx_word' id='word_1_735' title='bbox 2069 3507 2246 3559; x_wconf 85' lang='lat' dir='ltr'><strong>divites</strong></span> <span class='ocrx_word' id='word_1_736' title='bbox 2289 3507 2340 3559; x_wconf 90' lang='lat' dir='ltr'><strong>in</strong></span> <span class='ocrx_word' id='word_1_737' title='bbox 2369 3506 2501 3574; x_wconf 78' lang='lat' dir='ltr'><strong>ﬁde,</strong></span> <span class='ocrx_word' id='word_1_738' title='bbox 2543 3516 2588 3559; x_wconf 90' lang='lat' dir='ltr'><strong>et</strong></span> <span class='ocrx_word' id='word_1_739' title='bbox 2613 3505 2838 3559; x_wconf 78' lang='lat' dir='ltr'><strong>Ita&#39;rcdes</strong></span> <span class='ocrx_word' id='word_1_740' title='bbox 2865 3506 3003 3575; x_wconf 87' lang='lat' dir='ltr'><strong>regni</strong></span> <span class='ocrx_word' id='word_1_741' title='bbox 3033 3507 3167 3575; x_wconf 88' lang='lat' dir='ltr'><strong>quod</strong></span> <span class='ocrx_word' id='word_1_742' title='bbox 3194 3507 3476 3576; x_wconf 85' lang='lat' dir='ltr'><strong>repromisit</strong></span> <span class='ocrx_word' id='word_1_743' title='bbox 3515 3506 3650 3560; x_wconf 86' lang='lat' dir='ltr'><strong>Deus</strong></span> 
     </span>
    </p>
   </div>
   <div class='ocr_carea' id='block_1_94' title="bbox 2068 3596 3651 3668">
    <p class='ocr_par' dir='ltr' id='par_1_94' title="bbox 2068 3596 3651 3668">
     <span class='ocr_line' id='line_1_95' title="bbox 2068 3596 3651 3668; baseline 0 -17"><span class='ocrx_word' id='word_1_744' title='bbox 2068 3598 2386 3668; x_wconf 76' lang='lat' dir='ltr'><strong>diligentibus</strong></span> <span class='ocrx_word' id='word_1_745' title='bbox 2403 3615 2458 3652; x_wconf 88' lang='lat' dir='ltr'><strong>se</strong></span> <span class='ocrx_word' id='word_1_746' title='bbox 2475 3599 2501 3651; x_wconf 68' lang='grc' dir='ltr'><strong><em>Ρ</em></strong></span> <span class='ocrx_word' id='word_1_747' title='bbox 2533 3596 2633 3651; x_wconf 84' lang='lat' dir='ltr'><strong>Vos</strong></span> <span class='ocrx_word' id='word_1_748' title='bbox 2658 3607 2820 3651; x_wconf 87' lang='lat' dir='ltr'><strong>autem</strong></span> <span class='ocrx_word' id='word_1_749' title='bbox 2843 3598 3185 3652; x_wconf 75' lang='lat' dir='ltr'><strong>exhonorastis</strong></span> <span class='ocrx_word' id='word_1_750' title='bbox 3206 3613 3512 3668; x_wconf 86' lang='lat' dir='ltr'><strong>pauperem:</strong></span> <span class='ocrx_word' id='word_1_751' title='bbox 3530 3612 3651 3668; x_wconf 91' lang='lat' dir='ltr'><strong>pro-</strong></span> 
     </span>
    </p>
   </div>
   <div class='ocr_carea' id='block_1_95' title="bbox 2069 3687 3650 3757">
    <p class='ocr_par' dir='ltr' id='par_1_95' title="bbox 2069 3687 3650 3757">
     <span class='ocr_line' id='line_1_96' title="bbox 2069 3687 3650 3757; baseline -0.001 -15"><span class='ocrx_word' id='word_1_752' title='bbox 2069 3697 2186 3757; x_wconf 78' lang='lat' dir='ltr'><strong>pter</strong></span> <span class='ocrx_word' id='word_1_753' title='bbox 2213 3687 2360 3742; x_wconf 89' lang='lat' dir='ltr'><strong>illum</strong></span> <span class='ocrx_word' id='word_1_754' title='bbox 2391 3687 2595 3742; x_wconf 83' lang='lat' dir='ltr'><strong>scilicet</strong></span> <span class='ocrx_word' id='word_1_755' title='bbox 2621 3688 2704 3742; x_wconf 90' lang='lat' dir='ltr'><strong>cui</strong></span> <span class='ocrx_word' id='word_1_756' title='bbox 2734 3687 2930 3741; x_wconf 88' lang='lat' dir='ltr'><strong>dictum</strong></span> <span class='ocrx_word' id='word_1_757' title='bbox 2962 3698 3073 3753; x_wconf 90' lang='lat' dir='ltr'><strong>est,</strong></span> <span class='ocrx_word' id='word_1_758' title='bbox 3103 3687 3197 3742; x_wconf 89' lang='lat' dir='ltr'><strong>Sta</strong></span> <span class='ocrx_word' id='word_1_759' title='bbox 3222 3688 3363 3752; x_wconf 89' lang='lat' dir='ltr'><strong>illic;</strong></span> <span class='ocrx_word' id='word_1_760' title='bbox 3405 3703 3525 3741; x_wconf 90' lang='lat' dir='ltr'><strong>cum</strong></span> <span class='ocrx_word' id='word_1_761' title='bbox 3558 3687 3650 3742; x_wconf 53' lang='lat' dir='ltr'><strong>ha.</strong></span> 
     </span>
    </p>
   </div>
   <div class='ocr_carea' id='block_1_96' title="bbox 2068 3781 3640 3848">
    <p class='ocr_par' dir='ltr' id='par_1_96' title="bbox 2068 3781 3640 3848">
     <span class='ocr_line' id='line_1_97' title="bbox 2068 3781 3640 3848; baseline 0.002 -12"><span class='ocrx_word' id='word_1_762' title='bbox 2068 3781 2209 3836; x_wconf 85' lang='lat' dir='ltr'><strong>benti</strong></span> <span class='ocrx_word' id='word_1_763' title='bbox 2240 3781 2492 3836; x_wconf 90' lang='lat' dir='ltr'><strong>annulum</strong></span> <span class='ocrx_word' id='word_1_764' title='bbox 2517 3797 2734 3836; x_wconf 91' lang='lat' dir='ltr'><strong>aureum</strong></span> <span class='ocrx_word' id='word_1_765' title='bbox 2761 3783 2955 3838; x_wconf 88' lang='lat' dir='ltr'><strong>dictum</strong></span> <span class='ocrx_word' id='word_1_766' title='bbox 2975 3791 3139 3848; x_wconf 87' lang='lat' dir='ltr'><strong>esset,</strong></span> <span class='ocrx_word' id='word_1_767' title='bbox 3165 3781 3241 3837; x_wconf 82' lang='lat' dir='ltr'><strong>Tu</strong></span> <span class='ocrx_word' id='word_1_768' title='bbox 3263 3783 3378 3836; x_wconf 84' lang='lat' dir='ltr'><strong>sede</strong></span> <span class='ocrx_word' id='word_1_769' title='bbox 3401 3783 3483 3836; x_wconf 75' lang='lat' dir='ltr'><strong>ltic</strong></span> <span class='ocrx_word' id='word_1_770' title='bbox 3508 3785 3640 3839; x_wconf 87' lang='lat' dir='ltr'><strong>bene.</strong></span> 
     </span>
    </p>
   </div>
   <div class='ocr_carea' id='block_1_97' title="bbox 2067 3873 3647 3944">
    <p class='ocr_par' dir='ltr' id='par_1_97' title="bbox 2067 3873 3647 3944">
     <span class='ocr_line' id='line_1_98' title="bbox 2067 3873 3647 3944; baseline 0.001 -16"><span class='ocrx_word' id='word_1_771' title='bbox 2067 3876 2145 3928; x_wconf 85' lang='lat' dir='ltr'><strong>Ac</strong></span> <span class='ocrx_word' id='word_1_772' title='bbox 2175 3873 2368 3928; x_wconf 83' lang='lat' dir='ltr'><strong>deinde</strong></span> <span class='ocrx_word' id='word_1_773' title='bbox 2395 3875 2656 3944; x_wconf 85' lang='lat' dir='ltr'><strong>sequitur,</strong></span> <span class='ocrx_word' id='word_1_774' title='bbox 2685 3874 2928 3929; x_wconf 88' lang='lat' dir='ltr'><strong>eamdem</strong></span> <span class='ocrx_word' id='word_1_775' title='bbox 2956 3875 3120 3943; x_wconf 85' lang='lat' dir='ltr'><strong>ipsam</strong></span> <span class='ocrx_word' id='word_1_776' title='bbox 3145 3876 3461 3929; x_wconf 78' lang='lat' dir='ltr'><strong>sententiam</strong></span> <span class='ocrx_word' id='word_1_777' title='bbox 3491 3875 3647 3930; x_wconf 81' lang='lat' dir='ltr'><strong>latius</strong></span> 
     </span>
    </p>
   </div>
   <div class='ocr_carea' id='block_1_98' title="bbox 2067 3963 3653 4036">
    <p class='ocr_par' dir='ltr' id='par_1_98' title="bbox 2067 3963 3653 4036">
     <span class='ocr_line' id='line_1_99' title="bbox 2067 3963 3653 4036; baseline 0.003 -21"><span class='ocrx_word' id='word_1_778' title='bbox 2067 3979 2289 4019; x_wconf 76' lang='lat' dir='ltr'><strong>versans</strong></span> <span class='ocrx_word' id='word_1_779' title='bbox 2326 3971 2380 4018; x_wconf 86' lang='lat' dir='ltr'><strong>ct</strong></span> <span class='ocrx_word' id='word_1_780' title='bbox 2413 3965 2686 4032; x_wconf 77' lang='lat' dir='ltr'><strong>explicans</strong></span> <span class='ocrx_word' id='word_1_781' title='bbox 2715 3981 2730 4018; x_wconf 90' lang='lat'><strong>:</strong></span> <span class='ocrx_word' id='word_1_782' title='bbox 2765 3963 2951 4017; x_wconf 88' lang='lat' dir='ltr'><strong>Nonne</strong></span> <span class='ocrx_word' id='word_1_783' title='bbox 2969 4005 2984 4027; x_wconf 95' lang='lat'><strong>,</strong></span> <span class='ocrx_word' id='word_1_784' title='bbox 3012 3965 3212 4033; x_wconf 90' lang='lat' dir='ltr'><strong>inquit,</strong></span> <span class='ocrx_word' id='word_1_785' title='bbox 3240 3966 3415 4019; x_wconf 88' lang='lat' dir='ltr'><strong>divites</strong></span> <span class='ocrx_word' id='word_1_786' title='bbox 3439 3982 3531 4036; x_wconf 85' lang='lat' dir='ltr'><strong>per</strong></span> <span class='ocrx_word' id='word_1_787' title='bbox 3557 3983 3653 4036; x_wconf 57' lang='lat' dir='ltr'><strong>po»</strong></span> 
     </span>
    </p>
   </div>
   <div class='ocr_carea' id='block_1_99' title="bbox 2065 4053 3648 4124">
    <p class='ocr_par' dir='ltr' id='par_1_99' title="bbox 2065 4053 3648 4124">
     <span class='ocr_line' id='line_1_100' title="bbox 2065 4053 3648 4124; baseline 0.001 -18"><span class='ocrx_word' id='word_1_788' title='bbox 2065 4053 2271 4106; x_wconf 85' lang='lat' dir='ltr'><strong>tentiam</strong></span> <span class='ocrx_word' id='word_1_789' title='bbox 2308 4054 2597 4124; x_wconf 85' lang='lat' dir='ltr'><strong>apprimunt</strong></span> <span class='ocrx_word' id='word_1_790' title='bbox 2626 4068 2712 4107; x_wconf 87' lang='lat' dir='ltr'><strong>vos</strong></span> <span class='ocrx_word' id='word_1_791' title='bbox 2735 4093 2751 4117; x_wconf 94' lang='lat'><strong>,</strong></span> <span class='ocrx_word' id='word_1_792' title='bbox 2791 4061 2837 4107; x_wconf 86' lang='lat' dir='ltr'><strong>et</strong></span> <span class='ocrx_word' id='word_1_793' title='bbox 2875 4054 3081 4106; x_wconf 85' lang='lat' dir='ltr'><strong>trahunt</strong></span> <span class='ocrx_word' id='word_1_794' title='bbox 3116 4056 3183 4106; x_wconf 84' lang='lat' dir='ltr'><strong>ad</strong></span> <span class='ocrx_word' id='word_1_795' title='bbox 3214 4055 3451 4123; x_wconf 84' lang='lat' dir='ltr'><strong>judicia?</strong></span> <span class='ocrx_word' id='word_1_796' title='bbox 3482 4072 3648 4109; x_wconf 87' lang='lat' dir='ltr'><strong>nonne</strong></span> 
     </span>
    </p>
   </div>
   <div class='ocr_carea' id='block_1_100' title="bbox 2063 4143 3647 4215">
    <p class='ocr_par' dir='ltr' id='par_1_100' title="bbox 2063 4143 3647 4215">
     <span class='ocr_line' id='line_1_101' title="bbox 2063 4143 3647 4215; baseline 0.003 -19"><span class='ocrx_word' id='word_1_797' title='bbox 2063 4143 2162 4213; x_wconf 81' lang='lat' dir='ltr'><strong>ipsi</strong></span> <span class='ocrx_word' id='word_1_798' title='bbox 2203 4144 2548 4212; x_wconf 77' lang='lat' dir='ltr'><strong>blaspltemant</strong></span> <span class='ocrx_word' id='word_1_799' title='bbox 2593 4145 2776 4198; x_wconf 85' lang='lat' dir='ltr'><strong>bonum</strong></span> <span class='ocrx_word' id='word_1_800' title='bbox 2824 4160 3038 4210; x_wconf 84' lang='lat' dir='ltr'><strong>nomen,</strong></span> <span class='ocrx_word' id='word_1_801' title='bbox 3079 4146 3215 4215; x_wconf 77' lang='lat' dir='ltr'><strong>quod</strong></span> <span class='ocrx_word' id='word_1_802' title='bbox 3261 4147 3543 4198; x_wconf 80' lang='lat' dir='ltr'><strong>invocatum</strong></span> <span class='ocrx_word' id='word_1_803' title='bbox 3575 4157 3647 4201; x_wconf 87' lang='lat' dir='ltr'><strong>est</strong></span> 
     </span>
    </p>
   </div>
   <div class='ocr_carea' id='block_1_101' title="bbox 2064 4234 3645 4306">
    <p class='ocr_par' dir='ltr' id='par_1_101' title="bbox 2064 4234 3645 4306">
     <span class='ocr_line' id='line_1_102' title="bbox 2064 4234 3645 4306; baseline 0.003 -20"><span class='ocrx_word' id='word_1_804' title='bbox 2064 4249 2216 4302; x_wconf 86' lang='lat' dir='ltr'><strong>super</strong></span> <span class='ocrx_word' id='word_1_805' title='bbox 2252 4249 2336 4287; x_wconf 85' lang='lat' dir='ltr'><strong>vos</strong></span> <span class='ocrx_word' id='word_1_806' title='bbox 2354 4235 2380 4288; x_wconf 81' lang='lat'><strong><em>?</em></strong></span> <span class='ocrx_word' id='word_1_807' title='bbox 2409 4234 2470 4288; x_wconf 88' lang='lat' dir='ltr'><strong>Si</strong></span> <span class='ocrx_word' id='word_1_808' title='bbox 2502 4234 2705 4302; x_wconf 86' lang='lat' dir='ltr'><strong>quidem</strong></span> <span class='ocrx_word' id='word_1_809' title='bbox 2747 4234 2905 4304; x_wconf 87' lang='lat' dir='ltr'><strong>legem</strong></span> <span class='ocrx_word' id='word_1_810' title='bbox 2934 4235 3176 4304; x_wconf 79' lang='lat' dir='ltr'><strong>perﬁcitis</strong></span> <span class='ocrx_word' id='word_1_811' title='bbox 3199 4236 3436 4306; x_wconf 85' lang='lat' dir='ltr'><strong>regalem,</strong></span> <span class='ocrx_word' id='word_1_812' title='bbox 3467 4253 3645 4290; x_wconf 85' lang='lat' dir='ltr'><strong>secun—</strong></span> 
     </span>
    </p>
   </div>
   <div class='ocr_carea' id='block_1_102' title="bbox 2064 4323 3638 4396">
    <p class='ocr_par' dir='ltr' id='par_1_102' title="bbox 2064 4323 3638 4396">
     <span class='ocr_line' id='line_1_103' title="bbox 2064 4323 3638 4396; baseline 0 -18"><span class='ocrx_word' id='word_1_813' title='bbox 2064 4324 2185 4378; x_wconf 88' lang='lat' dir='ltr'><strong>dum</strong></span> <span class='ocrx_word' id='word_1_814' title='bbox 2209 4324 2547 4392; x_wconf 87' lang='lat' dir='ltr'><strong>Scripturam,</strong></span> <span class='ocrx_word' id='word_1_815' title='bbox 2579 4323 2771 4394; x_wconf 84' lang='lat' dir='ltr'><strong>Diliges</strong></span> <span class='ocrx_word' id='word_1_816' title='bbox 2794 4325 3079 4392; x_wconf 73' lang='lat' dir='ltr'><strong>proximum</strong></span> <span class='ocrx_word' id='word_1_817' title='bbox 3099 4335 3238 4379; x_wconf 86' lang='lat' dir='ltr'><strong>tuum</strong></span> <span class='ocrx_word' id='word_1_818' title='bbox 3257 4326 3384 4380; x_wconf 88' lang='lat' dir='ltr'><strong>sicut</strong></span> <span class='ocrx_word' id='word_1_819' title='bbox 3408 4326 3638 4396; x_wconf 85' lang='lat' dir='ltr'><strong>teipsum,</strong></span> 
     </span>
    </p>
   </div>
   <div class='ocr_carea' id='block_1_103' title="bbox 2063 4414 3646 4492">
    <p class='ocr_par' dir='ltr' id='par_1_103' title="bbox 2063 4414 3646 4492">
     <span class='ocr_line' id='line_1_104' title="bbox 2063 4414 3646 4492; baseline 0 -22"><span class='ocrx_word' id='word_1_820' title='bbox 2063 4414 2182 4471; x_wconf 82' lang='lat' dir='ltr'><strong>bene</strong></span> <span class='ocrx_word' id='word_1_821' title='bbox 2211 4414 2378 4486; x_wconf 77' lang='lat' dir='ltr'><strong>facitis</strong></span> <span class='ocrx_word' id='word_1_822' title='bbox 2404 4430 2424 4469; x_wconf 85' lang='lat'><strong>.&#39;</strong></span> <span class='ocrx_word' id='word_1_823' title='bbox 2447 4415 2492 4469; x_wconf 83' lang='lat' dir='ltr'><strong>si</strong></span> <span class='ocrx_word' id='word_1_824' title='bbox 2519 4424 2683 4468; x_wconf 89' lang='lat' dir='ltr'><strong>autem</strong></span> <span class='ocrx_word' id='word_1_825' title='bbox 2707 4432 2947 4486; x_wconf 86' lang='lat' dir='ltr'><strong>personas</strong></span> <span class='ocrx_word' id='word_1_826' title='bbox 2975 4416 3220 4486; x_wconf 84' lang='lat' dir='ltr'><strong>accipitis,</strong></span> <span class='ocrx_word' id='word_1_827' title='bbox 3253 4427 3506 4492; x_wconf 75' lang='lat' dir='ltr'><strong>peccatum</strong></span> <span class='ocrx_word' id='word_1_828' title='bbox 3533 4433 3646 4489; x_wconf 86' lang='lat' dir='ltr'><strong>ope-</strong></span> 
     </span>
    </p>
   </div>
   <div class='ocr_carea' id='block_1_104' title="bbox 2061 4506 3640 4580">
    <p class='ocr_par' dir='ltr' id='par_1_104' title="bbox 2061 4506 3640 4580">
     <span class='ocr_line' id='line_1_105' title="bbox 2061 4506 3640 4580; baseline 0.004 -21"><span class='ocrx_word' id='word_1_829' title='bbox 2061 4507 2280 4572; x_wconf 88' lang='lat' dir='ltr'><strong>ramini,</strong></span> <span class='ocrx_word' id='word_1_830' title='bbox 2327 4506 2584 4579; x_wconf 87' lang='lat' dir='ltr'><strong>redarguti</strong></span> <span class='ocrx_word' id='word_1_831' title='bbox 2625 4524 2658 4560; x_wconf 92' lang='lat' dir='ltr'><strong>a</strong></span> <span class='ocrx_word' id='word_1_832' title='bbox 2701 4508 2808 4578; x_wconf 86' lang='lat' dir='ltr'><strong>lege</strong></span> <span class='ocrx_word' id='word_1_833' title='bbox 2853 4508 2995 4578; x_wconf 88' lang='lat' dir='ltr'><strong>quasi</strong></span> <span class='ocrx_word' id='word_1_834' title='bbox 3041 4518 3449 4580; x_wconf 84' lang='lat' dir='ltr'><strong>transgressores.</strong></span> <span class='ocrx_word' id='word_1_835' title='bbox 3505 4510 3640 4567; x_wconf 83' lang='lat' dir='ltr'><strong>Vide</strong></span> 
     </span>
    </p>
   </div>
   <div class='ocr_carea' id='block_1_105' title="bbox 2062 4599 3644 4671">
    <p class='ocr_par' dir='ltr' id='par_1_105' title="bbox 2062 4599 3644 4671">
     <span class='ocr_line' id='line_1_106' title="bbox 2062 4599 3644 4671; baseline 0.004 -21"><span class='ocrx_word' id='word_1_836' title='bbox 2062 4599 2506 4668; x_wconf 87' lang='lat' dir='ltr'><strong>quemadmodum</strong></span> <span class='ocrx_word' id='word_1_837' title='bbox 2535 4608 2955 4670; x_wconf 87' lang='lat' dir='ltr'><strong>transgressores</strong></span> <span class='ocrx_word' id='word_1_838' title='bbox 2987 4600 3115 4670; x_wconf 81' lang='lat' dir='ltr'><strong>legis</strong></span> <span class='ocrx_word' id='word_1_839' title='bbox 3147 4601 3411 4669; x_wconf 88' lang='lat' dir='ltr'><strong>appellat,</strong></span> <span class='ocrx_word' id='word_1_840' title='bbox 3443 4601 3533 4671; x_wconf 89' lang='lat' dir='ltr'><strong>qui</strong></span> <span class='ocrx_word' id='word_1_841' title='bbox 3560 4601 3644 4656; x_wconf 87' lang='lat' dir='ltr'><strong>di-</strong></span> 
     </span>
    </p>
   </div>
   <div class='ocr_carea' id='block_1_106' title="bbox 2061 4689 3644 4759">
    <p class='ocr_par' dir='ltr' id='par_1_106' title="bbox 2061 4689 3644 4759">
     <span class='ocr_line' id='line_1_107' title="bbox 2061 4689 3644 4759; baseline 0.001 -14"><span class='ocrx_word' id='word_1_842' title='bbox 2061 4699 2188 4745; x_wconf 87' lang='lat' dir='ltr'><strong>cunt</strong></span> <span class='ocrx_word' id='word_1_843' title='bbox 2215 4691 2360 4744; x_wconf 71' lang='lat' dir='ltr'><strong>diviti</strong></span> <span class='ocrx_word' id='word_1_844' title='bbox 2384 4730 2400 4754; x_wconf 93' lang='lat'><strong>,</strong></span> <span class='ocrx_word' id='word_1_845' title='bbox 2429 4690 2565 4745; x_wconf 84' lang='lat' dir='ltr'><strong>Sede</strong></span> <span class='ocrx_word' id='word_1_846' title='bbox 2584 4691 2666 4743; x_wconf 81' lang='lat' dir='ltr'><strong>hic</strong></span> <span class='ocrx_word' id='word_1_847' title='bbox 2687 4731 2701 4752; x_wconf 91' lang='lat'><strong>,</strong></span> <span class='ocrx_word' id='word_1_848' title='bbox 2731 4701 2784 4745; x_wconf 90' lang='lat' dir='ltr'><strong>et</strong></span> <span class='ocrx_word' id='word_1_849' title='bbox 2813 4691 3060 4759; x_wconf 87' lang='lat' dir='ltr'><strong>pauperi,</strong></span> <span class='ocrx_word' id='word_1_850' title='bbox 3095 4690 3190 4746; x_wconf 88' lang='lat' dir='ltr'><strong>Sta</strong></span> <span class='ocrx_word' id='word_1_851' title='bbox 3217 4691 3339 4745; x_wconf 90' lang='lat' dir='ltr'><strong>illic.</strong></span> <span class='ocrx_word' id='word_1_852' title='bbox 3382 4689 3544 4756; x_wconf 88' lang='lat' dir='ltr'><strong>Vide,</strong></span> <span class='ocrx_word' id='word_1_853' title='bbox 3573 4707 3644 4748; x_wconf 86' lang='lat' dir='ltr'><strong>ne</strong></span> 
     </span>
    </p>
   </div>
   <div class='ocr_carea' id='block_1_107' title="bbox 2061 4778 3645 4850">
    <p class='ocr_par' dir='ltr' id='par_1_107' title="bbox 2061 4778 3645 4850">
     <span class='ocr_line' id='line_1_108' title="bbox 2061 4778 3645 4850; baseline 0.001 -18"><span class='ocrx_word' id='word_1_854' title='bbox 2061 4788 2310 4850; x_wconf 86' lang='lat' dir='ltr'><strong>putarent</strong></span> <span class='ocrx_word' id='word_1_855' title='bbox 2353 4778 2751 4848; x_wconf 88' lang='lat' dir='ltr'><strong>contemptibile</strong></span> <span class='ocrx_word' id='word_1_856' title='bbox 2779 4793 2900 4835; x_wconf 89' lang='lat' dir='ltr'><strong>esse</strong></span> <span class='ocrx_word' id='word_1_857' title='bbox 2939 4787 3209 4849; x_wconf 88' lang='lat' dir='ltr'><strong>peccatum</strong></span> <span class='ocrx_word' id='word_1_858' title='bbox 3240 4780 3290 4832; x_wconf 90' lang='lat' dir='ltr'><strong>in</strong></span> <span class='ocrx_word' id='word_1_859' title='bbox 3324 4779 3422 4834; x_wconf 88' lang='lat' dir='ltr'><strong>hac</strong></span> <span class='ocrx_word' id='word_1_860' title='bbox 3449 4795 3552 4833; x_wconf 90' lang='lat' dir='ltr'><strong>una</strong></span> <span class='ocrx_word' id='word_1_861' title='bbox 3583 4796 3645 4834; x_wconf 90' lang='lat' dir='ltr'><strong>re</strong></span> 
     </span>
    </p>
   </div>
   <div class='ocr_carea' id='block_1_108' title="bbox 2061 4869 3644 4942">
    <p class='ocr_par' dir='ltr' id='par_1_108' title="bbox 2061 4869 3644 4942">
     <span class='ocr_line' id='line_1_109' title="bbox 2061 4869 3644 4942; baseline -0.001 -17"><span class='ocrx_word' id='word_1_862' title='bbox 2061 4870 2228 4942; x_wconf 86' lang='lat' dir='ltr'><strong>legem</strong></span> <span class='ocrx_word' id='word_1_863' title='bbox 2254 4869 2570 4941; x_wconf 86' lang='lat' dir='ltr'><strong>transgredi,</strong></span> <span class='ocrx_word' id='word_1_864' title='bbox 2602 4879 2814 4924; x_wconf 89' lang='lat' dir='ltr'><strong>secutus</strong></span> <span class='ocrx_word' id='word_1_865' title='bbox 2842 4869 3102 4939; x_wconf 80' lang='lat' dir='ltr'><strong>adjunxit,</strong></span> <span class='ocrx_word' id='word_1_866' title='bbox 3135 4869 3449 4940; x_wconf 83' lang='lat' dir='ltr'><strong>Quicumque</strong></span> <span class='ocrx_word' id='word_1_867' title='bbox 3473 4879 3644 4924; x_wconf 85' lang='lat' dir='ltr'><strong>autem</strong></span> 
     </span>
    </p>
   </div>
   <div class='ocr_carea' id='block_1_109' title="bbox 2060 4958 3643 5034">
    <p class='ocr_par' dir='ltr' id='par_1_109' title="bbox 2060 4958 3643 5034">
     <span class='ocr_line' id='line_1_110' title="bbox 2060 4958 3643 5034; baseline -0.002 -18"><span class='ocrx_word' id='word_1_868' title='bbox 2060 4970 2215 5016; x_wconf 88' lang='lat' dir='ltr'><strong>totam</strong></span> <span class='ocrx_word' id='word_1_869' title='bbox 2237 4962 2398 5034; x_wconf 80' lang='lat' dir='ltr'><strong>tegent</strong></span> <span class='ocrx_word' id='word_1_870' title='bbox 2431 4961 2730 5028; x_wconf 76' lang='lat' dir='ltr'><strong>servaverit,</strong></span> <span class='ocrx_word' id='word_1_871' title='bbox 2785 4958 3010 5027; x_wconf 72' lang='lat' dir='ltr'><strong>oﬂ&#39;endat</strong></span> <span class='ocrx_word' id='word_1_872' title='bbox 3038 4969 3202 5014; x_wconf 87' lang='lat' dir='ltr'><strong>autem</strong></span> <span class='ocrx_word' id='word_1_873' title='bbox 3228 4960 3280 5014; x_wconf 90' lang='lat' dir='ltr'><strong>in</strong></span> <span class='ocrx_word' id='word_1_874' title='bbox 3305 4976 3436 5027; x_wconf 85' lang='lat' dir='ltr'><strong>uno,</strong></span> <span class='ocrx_word' id='word_1_875' title='bbox 3473 4963 3643 5032; x_wconf 76' lang='lat' dir='ltr'><strong>factus</strong></span> 
     </span>
    </p>
   </div>
   <div class='ocr_carea' id='block_1_110' title="bbox 2059 5051 3639 5119">
    <p class='ocr_par' dir='ltr' id='par_1_110' title="bbox 2059 5051 3639 5119">
     <span class='ocr_line' id='line_1_111' title="bbox 2059 5051 3639 5119; baseline -0.002 -10"><span class='ocrx_word' id='word_1_876' title='bbox 2059 5065 2134 5110; x_wconf 82' lang='lat' dir='ltr'><strong>est</strong></span> <span class='ocrx_word' id='word_1_877' title='bbox 2177 5055 2401 5109; x_wconf 89' lang='lat' dir='ltr'><strong>omnium</strong></span> <span class='ocrx_word' id='word_1_878' title='bbox 2435 5070 2570 5107; x_wconf 87' lang='lat' dir='ltr'><strong>reus.</strong></span> <span class='ocrx_word' id='word_1_879' title='bbox 2619 5053 2720 5119; x_wconf 75' lang='lat' dir='ltr'><strong>Qui</strong></span> <span class='ocrx_word' id='word_1_880' title='bbox 2763 5053 2896 5107; x_wconf 81' lang='lat' dir='ltr'><strong>enim</strong></span> <span class='ocrx_word' id='word_1_881' title='bbox 2930 5052 3089 5117; x_wconf 62' lang='lat' dir='ltr'><strong>dixit,</strong></span> <span class='ocrx_word' id='word_1_882' title='bbox 3134 5051 3256 5107; x_wconf 88' lang='lat' dir='ltr'><strong>Non</strong></span> <span class='ocrx_word' id='word_1_883' title='bbox 3295 5052 3639 5118; x_wconf 69' lang='lat' dir='ltr'><strong>miraberis,</strong></span> 
     </span>
    </p>
   </div>
   <div class='ocr_carea' id='block_1_111' title="bbox 2059 5143 3641 5215">
    <p class='ocr_par' dir='ltr' id='par_1_111' title="bbox 2059 5143 3641 5215">
     <span class='ocr_line' id='line_1_112' title="bbox 2059 5143 3641 5215; baseline -0.004 -11"><span class='ocrx_word' id='word_1_884' title='bbox 2059 5151 2186 5204; x_wconf 70' lang='lat' dir='ltr'><strong>dixit</strong></span> <span class='ocrx_word' id='word_1_885' title='bbox 2213 5159 2294 5215; x_wconf 86' lang='lat' dir='ltr'><strong>et,</strong></span> <span class='ocrx_word' id='word_1_886' title='bbox 2331 5146 2451 5202; x_wconf 84' lang='lat' dir='ltr'><strong>Non</strong></span> <span class='ocrx_word' id='word_1_887' title='bbox 2478 5146 2693 5202; x_wconf 85' lang='lat' dir='ltr'><strong>occides.</strong></span> <span class='ocrx_word' id='word_1_888' title='bbox 2747 5145 2896 5213; x_wconf 85' lang='lat' dir='ltr'><strong>Quod</strong></span> <span class='ocrx_word' id='word_1_889' title='bbox 2925 5146 2970 5201; x_wconf 88' lang='lat' dir='ltr'><strong>si</strong></span> <span class='ocrx_word' id='word_1_890' title='bbox 2994 5162 3095 5200; x_wconf 90' lang='lat' dir='ltr'><strong>non</strong></span> <span class='ocrx_word' id='word_1_891' title='bbox 3127 5145 3351 5212; x_wconf 86' lang='lat' dir='ltr'><strong>occides,</strong></span> <span class='ocrx_word' id='word_1_892' title='bbox 3379 5143 3641 5199; x_wconf 72' lang='lat' dir='ltr'><strong>mtecltaris</strong></span> 
     </span>
    </p>
   </div>
   <div class='ocr_carea' id='block_1_112' title="bbox 2057 5233 3639 5309">
    <p class='ocr_par' dir='ltr' id='par_1_112' title="bbox 2057 5233 3639 5309">
     <span class='ocr_line' id='line_1_113' title="bbox 2057 5233 3639 5309; baseline -0.003 -14"><span class='ocrx_word' id='word_1_893' title='bbox 2057 5250 2265 5304; x_wconf 86' lang='lat' dir='ltr'><strong>autem,</strong></span> <span class='ocrx_word' id='word_1_894' title='bbox 2305 5243 2468 5309; x_wconf 78' lang='lat' dir='ltr'><strong>factus</strong></span> <span class='ocrx_word' id='word_1_895' title='bbox 2491 5253 2543 5290; x_wconf 83' lang='lat' dir='ltr'><strong>es</strong></span> <span class='ocrx_word' id='word_1_896' title='bbox 2585 5246 2923 5309; x_wconf 84' lang='lat' dir='ltr'><strong>transgressor</strong></span> <span class='ocrx_word' id='word_1_897' title='bbox 2961 5235 3087 5307; x_wconf 83' lang='lat' dir='ltr'><strong>legis</strong></span> <span class='ocrx_word' id='word_1_898' title='bbox 3115 5252 3135 5290; x_wconf 83' lang='lat'><strong>.&#39;</strong></span> <span class='ocrx_word' id='word_1_899' title='bbox 3166 5248 3381 5306; x_wconf 90' lang='lat' dir='ltr'><strong>propter</strong></span> <span class='ocrx_word' id='word_1_900' title='bbox 3406 5235 3457 5290; x_wconf 90' lang='lat' dir='ltr'><strong>id</strong></span> <span class='ocrx_word' id='word_1_901' title='bbox 3497 5233 3639 5305; x_wconf 89' lang='lat' dir='ltr'><strong>quod</strong></span> 
     </span>
    </p>
   </div>
   <div class='ocr_carea' id='block_1_113' title="bbox 2059 5324 3641 5399">
    <p class='ocr_par' dir='ltr' id='par_1_113' title="bbox 2059 5324 3641 5399">
     <span class='ocr_line' id='line_1_114' title="bbox 2059 5324 3641 5399; baseline -0.004 -14"><span class='ocrx_word' id='word_1_902' title='bbox 2059 5330 2268 5386; x_wconf 78' lang='lat' dir='ltr'><strong>dixerat</strong></span> <span class='ocrx_word' id='word_1_903' title='bbox 2288 5370 2306 5390; x_wconf 87' lang='lat'><strong>,</strong></span> <span class='ocrx_word' id='word_1_904' title='bbox 2337 5327 2594 5397; x_wconf 86' lang='lat' dir='ltr'><strong>redarguti</strong></span> <span class='ocrx_word' id='word_1_905' title='bbox 2621 5345 2653 5380; x_wconf 89' lang='lat' dir='ltr'><strong>a</strong></span> <span class='ocrx_word' id='word_1_906' title='bbox 2681 5328 2788 5399; x_wconf 84' lang='lat' dir='ltr'><strong>lege</strong></span> <span class='ocrx_word' id='word_1_907' title='bbox 2809 5367 2826 5394; x_wconf 92' lang='lat'><strong>,</strong></span> <span class='ocrx_word' id='word_1_908' title='bbox 2855 5327 3004 5398; x_wconf 82' lang='lat' dir='ltr'><strong>quasi</strong></span> <span class='ocrx_word' id='word_1_909' title='bbox 3047 5337 3460 5397; x_wconf 81' lang='lat' dir='ltr'><strong>transgressores.</strong></span> <span class='ocrx_word' id='word_1_910' title='bbox 3510 5324 3641 5392; x_wconf 61' lang='lat' dir='ltr'><strong>Quae</strong></span> 
     </span>
    </p>
   </div>
   <div class='ocr_carea' id='block_1_114' title="bbox 2057 5416 3640 5491">
    <p class='ocr_par' dir='ltr' id='par_1_114' title="bbox 2057 5416 3640 5491">
     <span class='ocr_line' id='line_1_115' title="bbox 2057 5416 3640 5491; baseline -0.005 -14"><span class='ocrx_word' id='word_1_911' title='bbox 2057 5438 2178 5478; x_wconf 84' lang='lat' dir='ltr'><strong>cum</strong></span> <span class='ocrx_word' id='word_1_912' title='bbox 2195 5423 2276 5476; x_wconf 76' lang='lat' dir='ltr'><strong>ita</strong></span> <span class='ocrx_word' id='word_1_913' title='bbox 2315 5421 2456 5486; x_wconf 84' lang='lat' dir='ltr'><strong>sint,</strong></span> <span class='ocrx_word' id='word_1_914' title='bbox 2486 5435 2820 5491; x_wconf 82' lang='lat' dir='ltr'><strong>consequens</strong></span> <span class='ocrx_word' id='word_1_915' title='bbox 2853 5419 3062 5475; x_wconf 84' lang='lat' dir='ltr'><strong>videtur</strong></span> <span class='ocrx_word' id='word_1_916' title='bbox 3091 5419 3215 5488; x_wconf 90' lang='lat' dir='ltr'><strong>(nisi</strong></span> <span class='ocrx_word' id='word_1_917' title='bbox 3239 5419 3342 5473; x_wconf 89' lang='lat' dir='ltr'><strong>alio</strong></span> <span class='ocrx_word' id='word_1_918' title='bbox 3367 5417 3527 5474; x_wconf 90' lang='lat' dir='ltr'><strong>modo</strong></span> <span class='ocrx_word' id='word_1_919' title='bbox 3555 5416 3640 5470; x_wconf 91' lang='lat' dir='ltr'><strong>in-</strong></span> 
     </span>
    </p>
   </div>
   <div class='ocr_carea' id='block_1_115' title="bbox 2059 5509 3636 5588">
    <p class='ocr_par' dir='ltr' id='par_1_115' title="bbox 2059 5509 3636 5588">
     <span class='ocr_line' id='line_1_116' title="bbox 2059 5509 3636 5588; baseline -0.006 -16"><span class='ocrx_word' id='word_1_920' title='bbox 2059 5517 2402 5588; x_wconf 81' lang='lat' dir='ltr'><strong>telligendum</strong></span> <span class='ocrx_word' id='word_1_921' title='bbox 2427 5513 2761 5587; x_wconf 87' lang='lat' dir='ltr'><strong>ostendatur)</strong></span> <span class='ocrx_word' id='word_1_922' title='bbox 2783 5523 2840 5568; x_wconf 90' lang='lat' dir='ltr'><strong>nt</strong></span> <span class='ocrx_word' id='word_1_923' title='bbox 2865 5514 2957 5584; x_wconf 76' lang='lat' dir='ltr'><strong>qui</strong></span> <span class='ocrx_word' id='word_1_924' title='bbox 2973 5513 3169 5570; x_wconf 75' lang='lat' dir='ltr'><strong>dixerit</strong></span> <span class='ocrx_word' id='word_1_925' title='bbox 3187 5513 3355 5579; x_wconf 88' lang='lat' dir='ltr'><strong>diviti,</strong></span> <span class='ocrx_word' id='word_1_926' title='bbox 3375 5510 3515 5568; x_wconf 85' lang='lat' dir='ltr'><strong>Sede</strong></span> <span class='ocrx_word' id='word_1_927' title='bbox 3533 5509 3636 5577; x_wconf 83' lang='lat' dir='ltr'><strong>hic,</strong></span> 
     </span>
    </p>
   </div>
   <div class='ocr_carea' id='block_1_116' title="bbox 2058 5600 3636 5681">
    <p class='ocr_par' dir='ltr' id='par_1_116' title="bbox 2058 5600 3636 5681">
     <span class='ocr_line' id='line_1_117' title="bbox 2058 5600 3636 5681; baseline -0.004 -16"><span class='ocrx_word' id='word_1_928' title='bbox 2058 5621 2110 5665; x_wconf 92' lang='lat' dir='ltr'><strong>et</strong></span> <span class='ocrx_word' id='word_1_929' title='bbox 2141 5611 2399 5681; x_wconf 89' lang='lat' dir='ltr'><strong>pauperi,</strong></span> <span class='ocrx_word' id='word_1_930' title='bbox 2433 5609 2530 5665; x_wconf 89' lang='lat' dir='ltr'><strong>Sta</strong></span> <span class='ocrx_word' id='word_1_931' title='bbox 2571 5608 2712 5672; x_wconf 84' lang='lat' dir='ltr'><strong>illic,</strong></span> <span class='ocrx_word' id='word_1_932' title='bbox 2752 5606 2877 5663; x_wconf 85' lang='lat' dir='ltr'><strong>huic</strong></span> <span class='ocrx_word' id='word_1_933' title='bbox 2903 5622 3006 5660; x_wconf 87' lang='lat' dir='ltr'><strong>non</strong></span> <span class='ocrx_word' id='word_1_934' title='bbox 3047 5606 3304 5661; x_wconf 89' lang='lat' dir='ltr'><strong>honorem</strong></span> <span class='ocrx_word' id='word_1_935' title='bbox 3329 5647 3344 5672; x_wconf 93' lang='lat'><strong>,</strong></span> <span class='ocrx_word' id='word_1_936' title='bbox 3377 5620 3534 5676; x_wconf 87' lang='lat' dir='ltr'><strong>quem</strong></span> <span class='ocrx_word' id='word_1_937' title='bbox 3562 5600 3636 5658; x_wconf 83' lang='lat' dir='ltr'><strong>illi</strong></span> 
     </span>
    </p>
   </div>
   <div class='ocr_carea' id='block_1_117' title="bbox 2059 5695 3635 5772">
    <p class='ocr_par' dir='ltr' id='par_1_117' title="bbox 2059 5695 3635 5772">
     <span class='ocr_line' id='line_1_118' title="bbox 2059 5695 3635 5772; baseline -0.008 -12"><span class='ocrx_word' id='word_1_938' title='bbox 2059 5704 2341 5772; x_wconf 72' lang='lat' dir='ltr'><strong>deferens,</strong></span> <span class='ocrx_word' id='word_1_939' title='bbox 2369 5711 2422 5758; x_wconf 89' lang='lat' dir='ltr'><strong>et</strong></span> <span class='ocrx_word' id='word_1_940' title='bbox 2453 5699 2754 5764; x_wconf 84' lang='lat' dir='ltr'><strong>idololatra,</strong></span> <span class='ocrx_word' id='word_1_941' title='bbox 2806 5707 2860 5755; x_wconf 91' lang='lat' dir='ltr'><strong>ct</strong></span> <span class='ocrx_word' id='word_1_942' title='bbox 2892 5698 3266 5769; x_wconf 85' lang='lat' dir='ltr'><strong>blasphemus,</strong></span> <span class='ocrx_word' id='word_1_943' title='bbox 3307 5706 3363 5754; x_wconf 86' lang='lat' dir='ltr'><strong>et</strong></span> <span class='ocrx_word' id='word_1_944' title='bbox 3402 5695 3635 5760; x_wconf 82' lang='lat' dir='ltr'><strong>adulter,</strong></span> 
     </span>
    </p>
   </div>
  </div>
