4154 6354
475 318 581 374 ’1-35

475 441 532 488 ει
565 419 827 486 homicida
848 469 863 494 ,
898 434 953 483 et
990 439 1090 492 ne,
1129 412 1278 493 (quod
1303 423 1514 492 longum
1544 429 1651 487 est,
1686 432 1874 477 cuncta
1900 437 2052 478 coma

474 533 768 578 memorem
792 559 809 586 ,
848 532 972 572 reus
1013 514 1250 570 omnium
1291 513 1573 569 criminum
1600 511 1918 581 judieaudus
1945 514 2009 567 sit
2037 531 2051 568 :

475 609 750 668 offendens
776 607 972 678 quippe
994 607 1048 660 in
1074 622 1177 659 uno
1193 647 1208 669 ,
1239 605 1401 674 factus
1425 614 1501 658 est
1525 605 1747 658 omnium
1773 620 1910 657 reus.

544 697 767 755 CAPUT
804 695 868 750 ll.
904 725 977 736 —
1000 695 1056 749 4.
1083 695 1156 748 At
1182 694 1325 749 enim
1355 693 1444 764 qui
1474 709 1631 746 unam
1665 693 1916 748 virtutem
1962 693 2055 747 ba-

475 793 600 857 bet,
644 804 830 846 omnes
858 787 1048 853 habet;
1095 794 1148 841 et
1187 785 1276 856 qui
1314 800 1471 839 unam
1504 799 1606 860 non
1635 784 1825 850 habet,
1853 783 2054 839 nullam

477 874 672 938 habet?
710 880 821 934 Hoc
844 879 891 933 si
921 891 1100 933 verum
1129 884 1240 939 est,
1277 874 1622 929 confirmatur
1646 874 1744 928 ista
1771 874 2052 929 sententia.

477 975 581 1032 Sed
606 987 704 1044 ego
732 987 849 1028 eam
888 969 1081 1039 exponi
1118 968 1275 1033 volo,
1316 982 1420 1022 non
1445 967 1778 1041 confirmari;
1820 981 1936 1036 quze
1965 981 2058 1035 per

479 1065 710 1134 seipsam
740 1059 880 1131 apud
908 1073 1007 1114 nos
1027 1059 1279 1114 omnibus
1305 1057 1740 1127 philosophorum
1777 1050 2058 1110 auctorita-

477 1155 618 1211 tibus
661 1152 866 1208 firmior
911 1160 1012 1206 est.
1059 1151 1125 1205 Et
1161 1148 1290 1203 illud
1327 1149 1539 1218 quidem
1581 1148 1648 1202 de
1693 1148 1972 1226 virtutibus
2005 1155 2058 1202 et

479 1245 624 1300 vitiis
647 1286 663 1312 ,
710 1243 755 1299 si
795 1241 1056 1297 veraciter
1095 1239 1326 1305 dicitur,
1374 1253 1478 1293 non
1516 1249 1597 1292 est
1640 1252 1972 1316 consequens
2001 1246 2058 1292 ut

477 1342 696 1406 propter
736 1333 840 1387 hoc
871 1331 1050 1386 omnia
1080 1340 1294 1399 peccata
1323 1330 1430 1384 sint
1465 1329 1632 1398 paria.
1676 1328 1806 1382 Nam
1836 1328 1959 1382 illud
1989 1327 2057 1406 de

478 1422 927 1494 inseparabilitate
961 1421 1238 1485 virtutum,
1269 1419 1370 1475 etsi
1416 1418 1633 1474 forsitan
1669 1418 1847 1493 fallor,
1881 1427 2056 1474 tamen

479 1516 525 1570 si
557 1529 740 1570 verum
771 1513 1023 1578 memini,
1045 1511 1184 1581 quod
1216 1511 1301 1564 vix
1330 1511 1580 1576 memini,
1613 1511 1858 1565 omnibus
1883 1510 2057 1580 philo-

479 1603 664 1673 sophis
691 1602 915 1673 placuit,
960 1602 1049 1671 qui
1075 1593 1287 1656 easdem
1325 1601 1546 1654 virtutes
1568 1600 1784 1670 agendae
1811 1601 1932 1654 vitae
1958 1615 2057 1656 ne-

479 1692 741 1748 cessarias
766 1707 884 1747 esse
915 1680 1180 1746 dixerunt.
1224 1691 1335 1744 Hoc
1358 1698 1532 1744 autem
1561 1691 1625 1744 de
1653 1691 1911 1760 parilitate
1935 1676 2059 1761 pec?-

481 1793 719 1840 calorum
740 1827 754 1852 ,
782 1784 881 1839 soli
908 1782 1072 1839 Stoici
1107 1784 1220 1838 ausi
1246 1792 1369 1838 sunt
1395 1782 1697 1852 disputare,
1728 1791 1910 1837 contra
1939 1796 2059 1836 om-

482 1890 605 1930 nem
634 1889 848 1930 sensum
875 1875 1084 1944 generis
1108 1874 1326 1928 humani
1351 1892 1364 1928 :
1392 1888 1549 1944 quam
1570 1889 1754 1929 eorum
1774 1874 2058 1952 vanitatem

483 1968 536 2023 in
564 1967 842 2023 Joviniano
888 1967 979 2021 illo
1021 1966 1112 2036 qui
1147 1967 1198 2020 in
1240 1966 1341 2021 hac
1382 1967 1642 2020 sententia
1679 1965 1885 2021 Stoicus
1921 1973 2056 2032 erat,

483 2059 536 2114 in
565 2059 886 2128 aucupandis
909 2067 1084 2113 autem
1115 2067 1168 2112 et
1191 2056 1527 2112 defensandis
1555 2057 1910 2132 voluptatibus
1939 2057 2062 2133 Epi-

482 2165 707 2217 cureus,
734 2150 799 2204 de
825 2149 1114 2219 Scripturis
1139 2150 1337 2204 sanctis
1375 2149 1756 2206 dilucidissime
1785 2150 2061 2204 convicisti

485 2239 726 2310 (Hieron.
757 2238 843 2292 lib.
873 2238 908 2291 2
934 2247 1068 2291 cont.
1112 2238 1332 2310 Jovin.).
1373 2238 1433 2293 In
1473 2256 1574 2310 qua
1619 2248 1706 2292 tua
1748 2239 2061 2316 suavissima

483 2339 539 2383 et
583 2328 987 2397 praeclarissima
1031 2327 1396 2395 disputatione,
1431 2330 1559 2384 satis
1603 2329 1874 2383 evidenter
1903 2343 2065 2397 appa-

485 2411 620 2494 ruit,
643 2437 748 2494 non
776 2421 1035 2490 placuisse
1055 2421 1360 2475 auctoribus
1387 2423 1600 2485 nostris,
1631 2422 1714 2475 vel
1745 2421 1841 2490 ipsi
1864 2417 2060 2490 potius,

485 2525 604 2578 quae
625 2493 725 2578 per
766 2525 857 2564 eos
899 2510 1072 2564 locuta
1115 2517 1228 2574 est,
1277 2511 1521 2576 veritati,
1563 2511 1740 2585 omnia
1771 2511 1913 2580 paria
1945 2524 2064 2585 esse

485 2607 722 2669 peccata.
769 2598 1045 2665 Quomodo
1088 2599 1401 2677 atttem’ficri
1432 2602 1598 2670 possit
1639 2609 1696 2654 ut
1723 2601 1927 2654 etiamsi
1964 2601 2064 2679 hoc

486 2691 553 2744 de
589 2690 870 2746 virtutibus
914 2707 1093 2746 verum
1139 2701 1252 2757 est,
1303 2708 1408 2746 non
1454 2701 1631 2746 tamen
1671 2693 1790 2748 ideo
1815 2708 2065 2769 cogamur

489 2780 645 2844 fateri
695 2783 1047 2852 :equalitatem
1093 2783 1330 2859 omnium
1384 2792 1757 2860 peccatorum,
1809 2795 2063 2854 quantum

489 2887 702 2942 possum
726 2913 741 2936 ,
792 2872 1072 2941 adjuvante
1117 2873 1339 2926 Domino
1374 2874 1581 2941 aperire
1611 2873 1891 2927 conabor:
1924 2874 2064 2942 quod

489 2958 536 3017 si
563 2962 787 3017 effecero
812 3001 827 3027 ,
867 2962 1224 3032 approbabis;
1271 2962 1510 3037 ubivero
1532 2977 1705 3017 causa:
1731 2962 1970 3028 defuere,
2010 2972 2066 3016 tu

489 3069 550 3122 su
557 3053 777 3124 pplebis.
931 3047 933 3049 ’

562 3145 614 3198 5.
645 3142 803 3198 Certe
838 3143 962 3198 hinc
988 3143 1340 3212 persuadent,
1385 3147 1472 3214 qui
1504 3159 1663 3198 unam
1693 3145 1937 3198 virtutem
1967 3144 2065 3197 ba-

491 3232 663 3298 buerit
678 3232 874 3288 habere
895 3247 1098 3297 omnes,
1120 3242 1173 3288 et
1187 3247 1371 3287 omnes
1391 3234 1574 3287 deesse
1595 3233 1678 3287 cui
1702 3250 1798 3286 una
1819 3232 2065 3301 defuerit,

491 3324 632 3394 quod
663 3324 937 3394 prudentia
967 3365 981 3389 ,
1012 3340 1111 3379 nec
1139 3325 1319 3394 ignava
1339 3366 1353 3390 ,
1388 3339 1485 3378 nec
1513 3324 1726 3392 injusta,
1757 3339 1852 3378 nec
1879 3325 2071 3378 intent-

493 3410 691 3485 perans
735 3423 907 3484 potest
954 3430 1075 3470 esse
1102 3433 1115 3469 :
1144 3431 1266 3468 nam
1313 3416 1356 3468 si
1401 3415 1599 3486 aliquid
1653 3417 1840 3469 horum
1886 3415 2065 3478 fuerit,

493 3504 772 3574 prudentia
798 3521 902 3558 non
928 3506 1046 3559 erit.
1079 3506 1243 3559 Porro
1268 3508 1310 3559 si
1339 3491 1617 3578 prudentia
1647 3514 1770 3559 tunc
1790 3508 1918 3570 erit,
1949 3506 1992 3560 si
2016 3513 2071 3559 et

495 3595 649 3649 fortis
672 3637 686 3659 ,
716 3606 769 3649 et
793 3594 953 3665 justa,
983 3605 1036 3667 et
1066 3604 1367 3665 temperans
1396 3597 1484 3663 sit,
1514 3597 1748 3665 profecto
1778 3596 1863 3649 ubi
1891 3595 2066 3660 fuerit,

497 3701 674 3740 secum
709 3675 866 3740 habet
890 3695 1128 3740 caeteras.
1155 3686 1244 3742 Sic
1263 3695 1316 3741 et
1343 3686 1594 3740 fortitudo
1622 3672 1927 3757 imprudens
1952 3700 2071 3741 esse

498 3791 604 3831 non
636 3783 849 3844 potest,
889 3776 973 3830 vel
1012 3778 1368 3846 intemperans
1392 3817 1407 3842 ,
1453 3777 1537 3830 vel
1569 3767 1758 3844 injusta
1792 3795 1804 3830 :
1831 3777 1907 3830 sic
1935 3787 2068 3830 tcm-

498 3865 734 3935 perantia
777 3881 995 3921 necesse
1020 3875 1101 3921 est
1121 3877 1176 3921 ut
1203 3866 1454 3936 prudens,
1498 3867 1647 3920 fortis
1666 3907 1681 3932 ,
1710 3875 1762 3921 ct
1785 3868 1924 3936 justa
1955 3867 2023 3920 sit
2049 3858 2066 3922 i:

498 3957 576 4008 sic
598 3957 799 4024 justitia
823 3972 927 4010 non
953 3963 1054 4022 est,
1101 3957 1202 4010 nisi
1237 3957 1305 4010 sit
1331 3956 1564 4025 prudens
1588 3998 1600 4021 ,
1639 3956 1789 4011 fortis
1809 3999 1823 4024 ,
1850 3965 1904 4012 et
1931 3958 2067 4011 tem;

497 4061 707 4114 perans.
737 4045 810 4100 lta
830 4047 918 4101 ubi
944 4062 1070 4101 vera
1091 4056 1171 4100 est
1193 4047 1366 4116 aliqua
1383 4063 1585 4112 earum,
1615 4055 1669 4102 et
1688 4048 1805 4102 aliae
1827 4048 2074 4102 similiter

499 4146 622 4192 sunt
644 4154 659 4203 ;
688 4138 775 4191 ubi
802 4147 976 4191 autem
997 4137 1112 4191 aliae
1128 4137 1336 4201 desunt,
1355 4152 1480 4192 vera
1509 4137 1595 4190 illa
1615 4152 1718 4192 non
1736 4147 1838 4206 est,
1864 4138 2072 4192 etiamsi

497 4228 673 4298 aliquo
700 4227 857 4282 modo
883 4228 1070 4281 similis
1098 4243 1218 4282 esse
1244 4227 1498 4283 videatur.

569 4318 621 4372 6.
653 4318 785 4373 Sunt
825 4319 965 4372 enim
991 4360 1006 4382 ,
1047 4328 1104 4372 ut
1151 4321 1290 4386 scis,
1341 4320 1580 4390 quaedam
1625 4322 1748 4375 vitia
1793 4322 2073 4378 virtutibus

499 4415 680 4476 aperta
701 4407 1018 4463 discretione
1046 4410 1329 4476 contraria,
1359 4418 1418 4464 ut
1458 4411 1809 4481 imprudentia
1837 4414 2072 4482 prudens

500 4498 609 4550 tite.
637 4496 774 4551 Sunt
796 4506 968 4551 autem
991 4498 1229 4568 quaedam
1257 4507 1455 4553 tantum
1480 4502 1601 4570 quia
1631 4502 1752 4556 vitia
1779 4512 1922 4570 sunt,
1953 4504 2073 4560 ideo

501 4588 764 4643 contraria
790 4629 804 4653 ,
849 4589 1072 4658 quadam
1116 4599 1292 4646 tamen
1341 4593 1518 4661 specie
1551 4593 1721 4649 fallaci
1749 4596 1976 4661 similia,
2019 4609 2075 4652 ut

425 4701 433 4753 ς
502 4679 673 4735 eidem
701 4679 1010 4750 prudentiae,
1042 4698 1146 4736 non
1175 4683 1542 4753 imprudentia,
1570 4685 1666 4740 scd
1690 4687 1901 4741 astutia.
1925 4688 2076 4744 Nunc

501 4769 644 4824 enim
676 4785 792 4825 eam
822 4770 942 4826 dico
969 4772 1214 4826 astutiam
1236 4813 1250 4838 ,
1296 4788 1414 4843 qua:
1452 4775 1694 4829 usitatius
1722 4776 1771 4829 itt
1796 4777 2076 4834 malitiosis

503 4860 722 4930 intelligi
750 4869 804 4916 et
831 4861 1006 4915 vocari
1037 4862 1199 4928 solet;
1243 4879 1348 4918 non
1377 4865 1511 4919 sicut
1538 4875 1716 4920 nostra
1757 4868 1896 4938 loqui
1925 4869 2074 4924 Scri-

503 4960 658 5020 ptura
693 4951 994 5015 consuevit,
1025 4967 1143 5020 quae
1171 4967 1314 5023 saepe
1345 4957 1590 5010 astutiam
1628 4956 1680 5011 in
1721 4958 1860 5013 bono
1891 4961 2073 5028 ponit:

505 5043 666 5108 unde,
694 5041 863 5096 Estote
885 5043 1035 5096 astuti
1055 5051 1378 5115 utserpeutes
1399 5045 1609 5117 (Matth.
1633 5065 1687 5116 x,
1715 5049 1801 5120 16)
1819 5067 1832 5116 ;
1850 5060 1902 5105 ει
1923 5051 2071 5117 illud,

508 5135 576 5191 Ut
596 5147 642 5189 et
667 5135 1006 5190 innocentibus
1030 5136 1112 5191 det
1129 5139 1366 5192 astutiam
1390 5139 1566 5211 (Prov.
1586 5159 1625 5209 ι,
1657 5144 1732 5212 4).
1760 5145 2071 5215 Quanquam

502 5234 560 5281 et
584 5225 720 5296 apud
761 5227 880 5281 illos
920 5227 1175 5282 Romana:
1219 5229 1411 5300 lingua:
1448 5231 1831 5290 disertissimus
1859 5237 2072 5304 dixerit,

507 5309 560 5364 Ν
565 5327 685 5380 eque
707 5311 781 5365 illi
809 5320 973 5364 tamen
991 5311 1058 5364 ad
1078 5313 1348 5368 cavendum
1371 5315 1538 5382 dolus,
1565 5327 1651 5371 aut
1670 5320 1853 5372 astutia
1873 5320 2078 5374 deerant

507 5399 770 5473 (Sallust,
791 5402 852 5456 de
871 5400 1012 5456 Bello
1033 5402 1263 5476 Catilin.)
1279 5444 1294 5472 ,
1322 5406 1566 5461 astutiam
1590 5422 1789 5476 ponens
1815 5409 1866 5462 in
1893 5410 2034 5464 bono
2059 5427 2072 5464 :

506 5493 600 5545 scd
630 5492 766 5560 apud
802 5492 922 5548 illos
948 5493 1278 5550 rarissimum
1296 5537 1311 5562 ,
1342 5496 1479 5566 apud
1511 5506 1721 5552 nostros
1754 5498 2077 5570 frequentis-

507 5582 700 5637 simum
737 5591 837 5639 est.
875 5584 1112 5658 Itemque
1134 5588 1184 5642 in
1211 5589 1451 5658 parttbus
1476 5571 1836 5660 temperantia:
1858 5635 1874 5661 ,
1918 5610 2076 5665 aper-

510 5673 713 5734 tissime
757 5681 1016 5735 cuntraria
1057 5693 1137 5741 est
1178 5684 1366 5741 effusio
1415 5686 1752 5755 parcimonia:
1793 5709 1805 5746 :
1843 5707 1904 5748 ea
1952 5707 2078 5748 vero

1699 307 1754 362 S.
1795 308 2156 366 AUGUSTINI
2197 308 2500 365 EPISCOPI

2156 438 2272 494 qua:
2302 425 2557 480 tenacitas
2599 425 2703 480 dici
2748 425 2903 495 vulgo
2939 426 3074 482 solet
3103 468 3116 492 ,
3159 427 3345 484 vitium
3375 429 3592 500 quidem
3622 431 3728 502 eSt,

2157 523 2330 570 tamen
2351 516 2686 586 parcimonite
2705 517 2896 582 simile,
2921 531 3024 572 non
3049 527 3256 586 natura,
3279 519 3374 576 sed
3401 521 3731 579 fallacissima

2155 605 2351 672 specie.
2393 604 2522 660 Item
2560 605 2988 663 dissimilitudine
3032 610 3305 665 manifesta
3347 613 3613 667 contraria
3651 623 3736 670 est

2157 695 2409 764 iniustitia
2437 696 2656 766 iustitia:
2684 714 2698 750 :
2725 698 2860 753 solet
2885 708 3060 753 autem
3084 701 3234 770 quasi
3259 700 3454 757 imitari
3475 705 3734 773 justitiam

2157 785 2460 841 vindicandi
2491 802 2549 842 se
2574 787 2739 842 libido
2761 830 2776 855 ,
2807 789 2899 844 sed
2924 790 3106 844 vitium
3137 799 3237 845 est.
3285 791 3493 862 Ignavia
3527 794 3737 850 fortitu-

2158 875 2268 930 dini
2312 877 2588 947 perspicue
2617 879 2879 933 contraria
2907 889 2986 941 est
3018 899 3030 934 :
3062 873 3254 936 duritia
3282 899 3412 938 vero
3442 885 3606 940 distat
3638 902 3737 941 na-

2159 974 2296 1032 tura,
2324 965 2457 1020 fallit
2480 966 2836 1022 similitudine.
2864 967 3189 1037 Constantia,
3219 986 3341 1040 pars
3359 973 3600 1043 qumdam
3628 975 3740 1030 vir—

2129 1055 2283 1109 ‘tutis
2312 1063 2427 1122 est;
2477 1055 2544 1110 ab
2588 1055 2706 1123 hac,
2757 1057 3107 1114 inconstantia
3154 1060 3308 1131 longe
3356 1062 3642 1131 abhorret,
3682 1077 3740 1120 et

2159 1144 2374 1200 indubie
2419 1147 2743 1201 contrasistit
2773 1164 2787 1202 :
2817 1149 3109 1219 pertinacia
3139 1165 3266 1206 vero
3308 1155 3600 1207 constantia
3634 1154 3736 1209 dici

2161 1235 2410 1304 affectat,
2442 1245 2495 1292 et
2521 1253 2625 1292 non
2654 1246 2771 1304 est;
2812 1239 2932 1308 quia
2963 1240 3049 1294 illa
3071 1250 3154 1296 est
3175 1241 3362 1307 virtus,
3397 1243 3498 1299 hoc
3529 1246 3736 1301 vitium.

2231 1325 2283 1379 7.
2319 1325 2383 1381 Ut
2421 1341 2548 1397 ergo
2585 1343 2692 1382 non
2731 1329 2918 1382 iterum
2961 1330 3148 1385 eadem
3190 1345 3610 1390 commemorare
3648 1352 3743 1390 ne-

2159 1430 2309 1471 cesse
2338 1417 2440 1483 sit,
2468 1419 2693 1485 exempli
2724 1419 2888 1488 gratia
2921 1435 3177 1489 ponamus
3202 1421 3568 1491 aliquid—unde
3615 1441 3742 1494 pos-

2160 1506 2267 1561 sint
2289 1515 2478 1561 emtera
2525 1508 2761 1578 intelligi.
2801 1508 3023 1565 Catilina
3046 1551 3060 1576 ,
3090 1520 3147 1567 ut
3172 1511 3242 1568 de
3284 1513 3377 1567 illo
3417 1517 3744 1585 scripserunt

2161 1598 2250 1667 qui
2277 1614 2432 1666 nosse
2473 1608 2790 1669 potuerunt,
2817 1600 3010 1672 frigus,
3038 1603 3180 1657 sitim
3201 1646 3216 1670 ,
3253 1603 3450 1660 famem
3481 1607 3618 1661 ferre
3645 1624 3742 1675 po-

2163 1698 2329 1756 temt,
2353 1700 2569 1760 eratque
2599 1692 2805 1761 patiens
2827 1692 3016 1748 inedia:
3035 1733 3051 1761 ,
3077 1694 3272 1774 algoris
3291 1737 3306 1760 ,
3333 1696 3553 1765 vigilizr,
3581 1713 3747 1766 supra

2161 1798 2318 1852 quam
2346 1783 2589 1852 cuiquam
2613 1783 2865 1842 credibile
2891 1793 2994 1853 est,
3023 1800 3085 1840 ac
3112 1801 3206 1854 per
3233 1786 3334 1840 hoc
3363 1795 3415 1842 et
3443 1787 3540 1841 sibi
3562 1797 3616 1842 et
3633 1790 3746 1843 suis

2162 1887 2347 1942 magna
2392 1873 2642 1941 prreditus
2686 1873 2992 1930 fortitudine
3051 1875 3327 1930 videbatur
3373 1876 3655 1945 (Sallust,
3680 1880 3747 1934 de

2161 1961 2307 2018 Bello
2347 1962 2602 2036 Catilin.).
2628 1964 2734 2020 Sed
2764 1965 2884 2020 haec
2913 1965 3164 2020 fortitudo
3190 1966 3422 2036 prudens
3450 1983 3557 2022 non
3595 1979 3741 2032 erat;

2163 2054 2301 2108 mala
2327 2056 2468 2108 enim
2501 2070 2596 2124 pro
2622 2056 2775 2112 bonis
2817 2056 3080 2126 eligebat:
3116 2067 3419 2127 temperans
3446 2075 3551 2113 non
3595 2071 3743 2125 erat;

2163 2145 2479 2216 corruptelis
2519 2146 2660 2201 enim
2702 2146 3022 2215 turpissimis
3059 2145 3360 2204 ftedabatur
3416 2149 3598 2218 :justa
3640 2166 3746 2204 non

2164 2245 2312 2302 erat;
2347 2251 2467 2298 nam
2497 2239 2932 2306 contrapatriam
2957 2241 3345 2307 conjuraverat.
3393 2241 3457 2294 Et
3499 2241 3616 2297 ideo
3649 2258 3748 2300 nec

2165 2325 2420 2380 fortitudo
2447 2337 2594 2393 erat;
2646 2329 2739 2384 sed
2766 2329 2959 2384 duritia
2997 2330 3151 2401 sibi,_
3179 2339 3236 2385 ut
3278 2333 3470 2386 stultos
3512 2331 3744 2401 falleret,

2166 2433 2363 2472 nomen
2402 2417 2726 2474 fortitudinis
2755 2419 3070 2489 imponebat.
3101 2439 3114 2476 :
3148 2437 3270 2477 nam
3301 2422 3344 2476 si
3377 2421 3630 2477 fortitudo
3659 2438 3749 2478 es-

2166 2516 2280 2571 set,
2322 2522 2426 2562 non
2463 2508 2678 2573 vitium,
2728 2509 2843 2566 sed...
2866 2509 3041 2568 virtus.
3070 2519 3248 2576 esset;
3281 2510 3326 2566 si
3367 2520 3544 2565 autem
3582 2512 3750 2567 virtus

2167 2606 2337 2662 esset,
2367 2613 2395 2650 a
2424 2598 2646 2674 caeteris
2688 2598 2970 2653 virtutibus
3015 2609 3262 2669 tauquam
3311 2600 3750 2671 iuseparabilibus

2167 2687 2446 2751 comitibus
2474 2703 2739 2757 nunquam
2766 2688 3176 2758 relinqueretur.
3549 2700 3552 2704 ί

2239 2777 2294 2837 8.
2323 2777 2656 2847 Quapropter
2681 2778 2808 2835 dum
2837 2780 3092 2848 quaeritur
3115 2779 3275 2834 etiam
3302 2779 3370 2834 de
3407 2780 3547 2835 vitiis
3573 2788 3750 2836 utrum

2168 2867 2281 2935 ipsa
2316 2868 2560 2924 similiter
2588 2869 2776 2925 omnia.
2809 2870 2950 2934 sint,
2991 2869 3080 2924 ubi
3123 2886 3285 2925 unum
3320 2871 3454 2936 erit;
3487 2879 3578 2925 aut
3602 2872 3750 2928 nulla

2169 2957 2273 3011 sint
2292 2999 2306 3021 ,
2330 2957 2416 3012 ubi
2440 2974 2604 3012 unum
2631 2974 2736 3012 non
2762 2959 2898 3024 erit;
2927 2960 3249 3016 laboriosum
3269 2970 3351 3016 est
3377 2961 3428 3016 id
3447 2961 3748 3030 ostendere,

2168 3056 2448 3116 pmpterea
2475 3048 2594 3118 quia
2626 3049 2716 3109 uni
2740 3050 2930 3108 virtuti.
2945 3050 3050 3104 duo
3077 3051 3204 3110 vitia
3233 3052 3427 3120 opponi
3455 3051 3663 3118 solent,
3697 3063 3753 3107 et

2170 3137 2309 3205 quod
2347 3148 2529 3206 aperte
2565 3141 2886 3193 contrarium
2914 3149 2994 3194 est
3014 3183 3028 3207 ,
3060 3150 3114 3195 et
3137 3141 3277 3211 quod
3303 3142 3481 3212 specie
3505 3143 3750 3197 similitu-

2170 3227 2308 3287 dinis
2331 3228 2694 3282 adumbratur.
2720 3228 2872 3285 Unde
2898 3230 2984 3284 illa
3014 3229 3252 3286 Catilinae
3281 3232 3322 3297 ¹,
3350 3233 3472 3301 quia
3501 3231 3752 3287 fortitudo

2173 3333 2279 3372 non
2317 3327 2463 3384 erat,
2508 3335 2625 3388 quae
2651 3327 2823 3384 esset,
2854 3335 2975 3374 cum
3018 3335 3198 3374 secum
3227 3321 3445 3376 virtutes
3472 3321 3602 3375 alias
3644 3336 3750 3376 non

2174 3407 2432 3474 habebat,
2461 3409 2664 3463 facilius
2696 3408 3164 3479 videbatur:quod
3189 3426 3317 3465 vero
3345 3411 3544 3482 ignavia
3569 3410 3749 3479 fuerit,

2174 3498 2260 3553 ubi
2289 3499 2594 3554 exercitatio
2613 3500 2870 3569 quaslibet
2903 3501 3240 3570 gravissimas
3265 3501 3533 3558 molestias
3560 3517 3754 3573 perpe-

2175 3590 2339 3652 tiendi
2369 3599 2527 3660 atque
2565 3591 2858 3658 tolerandi,
2903 3607 3059 3660 supra
3089 3607 3248 3661 quam
3295 3592 3537 3661 cuiquam
3578 3593 3753 3648 credi.

2173 3679 2278 3735 bile
2301 3689 2382 3736 est
2400 3721 2415 3746 ,
2458 3680 2580 3742 fuit,
2609 3697 2748 3752 εῖδει-ε
2774 3682 3079 3751 persuaderi
3110 3691 3301 3751 potest.
3331 3683 3435 3738 Sed
3463 3682 3596 3740 forte
3623 3699 3751 3739 acu.

2173 3771 2279 3828 tius
2322 3772 2677 3839 intuentibus,
2720 3774 2924 3843 ignavia
2960 3783 3176 3843 apparet
3219 3775 3329 3844 ipsa
3375 3775 3591 3841 duritia;
3628 3777 3752 3846 quia

2175 3861 2411 3918 laborem
2455 3862 2714 3917 bonorum
2759 3863 3053 3926 studiorum
3083 3864 3275 3934 quibus
3303 3880 3424 3920 vera
3464 3866 3754 3935 acquiritut:

2175 3950 2424 4005 fortitudo
2443 3952 2811 4024 ,pvneglexerat.
2836 3953 3207 4008 Verumtamen
3229 3955 3351 4024 quia
3378 3964 3501 4025 sunt
3523 3955 3752 4012 audaces

2176 4043 2264 4112 qui
2293 4043 2458 4119 timidi
2484 4059 2584 4097 non
2609 4055 2759 4110 sunt,
2789 4055 2837 4099 et
2865 4060 3050 4100 rursus
3077 4045 3246 4100 timidi
3271 4046 3461 4116 quibus
3484 4046 3635 4101 abest
3658 4063 3750 4102 au—

2176 4131 2320 4186 dacia
2342 4173 2356 4198 ,
2387 4149 2506 4188 cum
2534 4135 2905 4204 situtrutnque
2931 4135 3148 4200 vitium;
3195 4135 3440 4204 quoniam
3487 4137 3581 4205 qui
3629 4152 3756 4205 vera

2178 4224 2548 4294 virtutefortis
2583 4233 2696 4291 est,
2723 4240 2822 4288 nec
2860 4234 3056 4280 temere
3097 4225 3291 4290 audet,
3337 4241 3434 4280 nec
3459 4225 3752 4282 inconsulte

2177 4315 2359 4381 timet;
2385 4315 2622 4386 cogimur
2648 4315 2796 4370 fateri
2829 4316 2954 4369 vitia
2978 4316 3128 4385 plura
3154 4331 3272 4371 esse
3297 4317 3594 4372 virtutibus.

2248 4406 2301 4460 9.
2339 4405 2488 4461 Unde
2528 4405 2810 4476 aliquando
2836 4405 3020 4459 vitium
3043 4406 3186 4459 vitio
3215 4407 3442 4472 tollitur;
3476 4414 3533 4460 ut
3570 4421 3754 4463 amore

2179 4495 2380 4562 laudis,
2407 4511 2558 4550 amor
2589 4497 2824 4565 pecuniae
2871 4514 2886 4550 :
2936 4495 3217 4565 aliquando
3260 4512 3423 4551 unum
3468 4497 3644 4565 cedit,
3694 4507 3755 4554 ut

2178 4586 2328 4654 plura
2371 4585 2686 4652 succedant;
2727 4584 2874 4639 velut
2910 4585 3000 4654 qui
3026 4581 3268 4640 ebriosus
3295 4585 3478 4652 fuerit,
3507 4589 3552 4640 si
3579 4586 3752 4641 modi-

2178 4691 2298 4733 cum
2323 4675 2542 4741 biberit,
2572 4683 2626 4728 et
2664 4673 2999 4729 tenacitatem
3024 4683 3077 4728 et
3101 4675 3442 4730 ambitionem
3483 4675 3752 4732 didicerit.

2180 4767 2406 4823 Possunt
2450 4766 2626 4834 itaque
2660 4763 2786 4821 vitia
2825 4765 2986 4819 etiam
3023 4763 3215 4820 cedere
3242 4765 3386 4821 vitiis
3425 4767 3757 4822 succedenti-

2178 4857 2310 4924 bus,
2342 4871 2443 4911 non
2472 4855 2786 4920 virtutibus;
2814 4863 2868 4909 et
2914 4854 3042 4919 ideo,
3066 4855 3215 4924 plura
3246 4866 3388 4910 sunt.
3419 4855 3598 4911 Virtus
3625 4871 3756 4916 vero

2177 4965 2282 5019 quo
2311 4963 2409 5002 una
2439 4947 2673 5017 ingressa
2703 4945 2896 5013 fuerit,
2928 4948 3174 5016 quoniam
3201 4963 3380 5003 secum
3408 4957 3628 5002 creteras
3653 4947 3757 5010 due

2178 5041 2283 5108 cit,
2312 5039 2546 5111 profecto
2574 5039 2699 5094 vitia
2727 5039 2917 5094 cedent
2939 5040 3114 5096 omnia
3142 5056 3484 5112 quzecumque
3509 5042 3753 5099 inerant:

2179 5147 2284 5184 non
2313 5129 2454 5184 enim
2477 5129 2650 5183 omnia
2680 5130 2918 5197 inerant,
2952 5128 3044 5184 sed
3067 5129 3352 5200 aliquando
3383 5131 3597 5185 totidem
3617 5173 3634 5195 ,
3661 5131 3758 5192 alia

2179 5219 2389 5291 quando
2420 5219 2567 5289 plura
2595 5217 2932 5289 paucioribus
2951 5260 2968 5287 ,
2997 5219 3081 5275 vel
3108 5221 3354 5290 pauciora
3376 5220 3616 5291 pluribus
3645 5235 3759 5286 suos.

2181 5309 2458 5365 cedebant.

2253 5398 2474 5454 CAPUT
2503 5397 2588 5482 ill.
2609 5429 2679 5438 —
2701 5397 2786 5454 10.
2816 5398 2940 5454 Haec
2965 5408 3142 5454 utrum
3170 5400 3240 5455 ita
3273 5415 3333 5456 se
3370 5400 3616 5467 habeant,
3639 5401 3760 5456 dili-

2180 5493 2390 5563 gentius
2409 5488 2774 5561 inquirendum
2796 5497 2896 5544 est.
2925 5488 3038 5544 Non
3069 5491 3211 5545 enim
3233 5501 3288 5547 et
3315 5492 3412 5546 ista
3438 5491 3612 5547 divina
3638 5506 3760 5546 seu-

2184 5586 2344 5640 teutia
2391 5593 2506 5651 est,
2539 5599 2640 5653 qua
2683 5583 2892 5649 dicitur,
2938 5583 3038 5650 Qui
3078 5601 3234 5639 unam
3279 5586 3526 5642 virtutem
3562 5586 3749 5646 habue‘

2252 5704 2268 5735 ι
2303 5708 2408 5752 uss.
2431 5700 2527 5750 duo
2550 5712 2562 5750 :
2593 5695 2680 5750 Illa
2714 5696 2930 5752 Catilina:
2951 5698 3149 5763 duritia,
3174 5700 3286 5765 quia
3306 5701 3553 5767 fortituao,
3579 5709 3676 5754 etc.
