4154 6354
362 358 464 412 757

363 484 430 529 ιιι
451 515 464 539 ,
493 487 679 527 omnes
710 471 899 533 habet;
924 470 1077 539 eique
1105 468 1245 522 nulla
1268 467 1422 531 inest,
1448 468 1532 521 cui
1556 483 1657 521 una
1683 467 1909 521 defuerit
1933 484 1945 519 :

362 571 457 626 sed
487 568 789 623 hominibus
830 565 931 620 hoc
968 564 1138 618 visum
1168 571 1247 616 est
1268 604 1282 627 ,
1315 559 1540 614 multum
1566 559 1776 628 quidem
1806 559 1951 627 inge-

364 661 530 715 niosis
548 701 564 727 ,
588 655 841 713 studiosis
864 697 877 721 ,
907 654 999 710 sed
1026 663 1201 707 tamen
1224 651 1545 706 hominibus.
1575 650 1684 717 Ego
1710 663 1836 701 vero
1857 662 1951 701 ne-

364 753 477 807 scio
505 748 953 821 quemadmodum
994 747 1164 800 dicam
1187 785 1200 809 ,
1250 760 1356 797 non
1403 742 1532 796 dico‘
1551 742 1722 795 virum
1745 783 1759 806 ,
1787 756 1817 794 a
1847 754 1952 810 quo

364 842 701 899 denominata
744 839 934 893 dicitur
974 836 1141 890 virtus
1162 875 1177 897 ,
1220 834 1313 888 sed
1343 834 1502 887 etiam
1532 831 1808 885 mulierem
1836 844 1953 899 qua:

364 934 481 988 viro
510 947 607 987 suo
631 938 807 986 servat
835 930 934 983 tori
966 928 1119 982 fidem
1140 968 1153 991 ,
1182 927 1225 980 si
1258 925 1359 978 hoc
1388 923 1542 978 faciat
1573 930 1785 991 propter
1816 936 1953 990 prm-

364 1035 576 1096 ceptum
607 1033 659 1079 et
688 1023 1001 1094 promissum
1022 1020 1117 1073 Dei
1140 1061 1154 1085 ,
1182 1018 1337 1088 eique
1365 1018 1380 1048 ¹
1412 1015 1651 1085 primitus
1672 1014 1739 1067 sit
1762 1013 1951 1079 fidelis,

365 1133 471 1172 non
521 1116 718 1170 habere
762 1111 1102 1183 pudicitiam,
1144 1118 1236 1163 aut
1280 1108 1582 1177 pudicitiam
1632 1105 1828 1158 nullam
1873 1102 1954 1157 vel

369 1221 586 1279 parvam
614 1218 732 1259 esse
758 1203 1004 1256 virtutem
1032 1217 1047 1263 ;
1080 1200 1155 1253 sic
1194 1208 1249 1254 et
1278 1198 1523 1253 maritum
1555 1196 1644 1265 qui
1675 1196 1775 1249 hoc
1816 1194 1965 1248 idem»

366 1304 543 1351 servat
569 1295 719 1349 uxori
759 1311 773 1349 :
820 1301 874 1347 et
909 1302 1082 1346 tamen
1124 1299 1248 1345 sunt
1294 1286 1505 1358 plurimi
1535 1287 1699 1352 tales,
1732 1298 1955 1355 quorum

288 1362 305 1425 κ’
368 1391 487 1444 sine
514 1389 693 1458 aliquo
724 1395 940 1456 peccato
965 1400 1083 1438 esse
1107 1382 1373 1436 neminem
1400 1380 1621 1434 dixerim
1648 1422 1661 1445 ,
1689 1388 1743 1432 et
1778 1378 1959 1446 utique

367 1479 498 1534 illud
546 1477 927 1547 qualecumque
970 1483 1243 1543 peccatum
1288 1487 1354 1525 ex
1396 1470 1573 1539 aliquo
1616 1468 1743 1521 vitio
1793 1466 1953 1521 venit.

368 1572 519 1627 Unde
546 1570 792 1641 pudicitia
816 1567 1109 1637 coniugalis
1131 1565 1181 1619 in
1208 1564 1338 1618 viris
1360 1562 1673 1631 feminisque
1699 1559 1958 1629 religiosis

366 1678 487 1717 cum
521 1661 700 1732 procul
735 1659 899 1714 dubio
929 1658 1094 1710 virtus
1121 1656 1224 1721 sit,
1254 1670 1358 1708 non
1391 1654 1532 1708 enim
1563 1662 1651 1706 aut
1678 1651 1841 1715 nihil,
1872 1660 1962 1706 aut

369 1754 553 1807 vitium
592 1759 707 1818 est,
737 1765 840 1804 non
883 1758 1056 1802 tamen
1086 1762 1266 1800 secum
1309 1744 1465 1799 habet
1492 1759 1676 1797 omnes
1714 1743 1955 1797 virtutes.

368 1844 500 1899 Nam
541 1844 586 1898 si
624 1855 811 1896 omnes
849 1839 919 1894 ibi
960 1846 1168 1904 essent,
1217 1836 1418 1890 nullum
1466 1842 1608 1890 esset
1649 1834 1870 1898 vitium;
1914 1832 1960 1887 si

372 1937 576 1991 nullum
605 1934 790 1988 vitium
812 1972 826 1997 ,
868 1931 1068 1986 nullum
1098 1928 1316 1983 omnino
1343 1935 1615 1997 peccatum
1655 1942 1668 1978 :
1710 1926 1828 1994 quis
1866 1940 1961 1978 au-

371 2036 478 2082 tem
508 2027 621 2079 sine
650 2024 828 2093 aliquo
856 2020 1112 2091 peccato?
1140 2020 1258 2088 quis
1289 2032 1414 2087 ergo
1444 2016 1559 2071 sine
1584 2016 1760 2086 aliquo
1794 2014 1923 2069 vitio
1942 2056 1957 2079 ,

372 2116 426 2171 id
452 2128 531 2171 est
557 2113 741 2169 fomite
766 2111 1025 2182 quodam,
1062 2110 1145 2163 vel
1179 2108 1329 2178 quasi
1367 2106 1545 2161 radice
1574 2106 1808 2176 peccati,
1841 2119 1960 2158 cum

371 2206 568 2260 clamet
591 2204 679 2273 qui
705 2216 861 2272 supra
883 2210 1069 2271 pectus
1097 2198 1309 2252 Domini
1339 2196 1713 2257 recumbebat,
1736 2195 1794 2249 Si
1820 2194 1961 2247 dixe-

372 2294 531 2350 rimus
567 2294 685 2363 quia
732 2300 988 2363 peccatum
1032 2306 1132 2343 non
1169 2288 1407 2342 habemus
1428 2330 1442 2354 ,
1475 2304 1564 2341 nos
1593 2288 1728 2357 ipsos
1769 2284 1959 2353 decipi-

373 2403 485 2439 mus
507 2427 521 2452 ,
550 2394 595 2439 et
618 2384 798 2438 veritus
823 2382 876 2435 in
903 2380 1043 2434 nobis
1066 2396 1164 2433 non
1191 2388 1259 2433 est
1288 2378 1333 2449 (Ι
1356 2376 1514 2431 Joan.
1552 2378 1576 2430 l
1602 2417 1617 2443 ,
1654 2376 1747 2447 8)?
1782 2375 1961 2443 Neque

375 2478 478 2533 hoc
515 2476 653 2545 apud
699 2484 751 2530 te
789 2473 987 2529 diutius
1012 2471 1273 2543 agendum
1305 2478 1419 2534 est;
1451 2468 1543 2523 sed
1590 2475 1804 2537 propter
1827 2465 1961 2519 alios

376 2570 467 2640 qui
493 2568 630 2623 forte
656 2569 756 2621 hoc
785 2565 1041 2635 legerint,
1068 2564 1205 2618 dico.
1228 2560 1359 2616 Nam
1384 2569 1438 2614 tu
1461 2559 1672 2629 quidem
1700 2556 1960 2611 iu‘eodem

376 2661 493 2731 ipso
512 2674 673 2729 Opere
699 2655 976 2727 splendido
1004 2663 1186 2710 contra
1203 2652 1535 2707 Jovinianum
1558 2648 1690 2721 (Lib.
1716 2646 1774 2719 ιι)
1801 2650 1959 2701 etiam

375 2752 478 2806 hoc
492 2750 557 2804 de
578 2746 866 2818 Scripturis
885 2746 1081 2801 sanctis
1097 2744 1381 2814 diligenter
1396 2740 1632 2812 probasti
1655 2758 1666 2793 :
1686 2740 1774 2794 ubi
1800 2739 1959 2793 etiam

376 2859 443 2899 ex
484 2845 583 2896 hac
613 2842 724 2910 ipsa
761 2839 995 2910 Epistola
1017 2879 1031 2903 ,
1060 2836 1211 2905 cujus
1236 2834 1393 2889 verba
1422 2842 1546 2888 sunt
1573 2844 1793 2902 quorum
1822 2845 1961 2885 nunc

376 2936 697 2991 intellectum
739 2932 1084 3002 requirimus,
1126 2928 1345 2998 posuisti
1386 2926 1526 2996 quod
1566 2925 1816 2994 scriptum
1848 2933 1956 2990 est,

376 3030 445 3080 In
472 3025 642 3078 multis
668 3023 799 3078 enim
823 3020 1125 3088 offendimus
1153 3035 1322 3073 omnes
1368 3014 1567 3089 (Jacobi
1607 3032 1696 3080 tu,
1736 3016 1815 3086 2).
1845 3014 1959 3069 Non

377 3118 518 3172 enim
545 3117 645 3180 ait,
675 3113 951 3168 Oll'euditis
970 3153 984 3179 ,
1012 3111 1107 3167 sed
1137 3110 1439 3176 o/fendimus
1458 3151 1472 3176 ,
1514 3124 1633 3163 cum
1657 3107 1851 3162 Christi
1877 3109 1959 3163 lo-

376 3216 627 3276 queretur
651 3203 920 3274 apostolus
954 3220 967 3255 :
1001 3212 1050 3255 et
1078 3216 1198 3255 cum
1228 3200 1328 3254 hoc
1356 3200 1471 3255 loco
1511 3199 1683 3264 dicat,
1717 3198 1959 3262 Quicum-

376 3315 472 3369 que
512 3307 678 3351 autem
720 3305 874 3348 totam
918 3293 1075 3363 legem
1115 3291 1411 3356 servaverit,
1454 3288 1676 3356 o/fcndat
1706 3299 1871 3341 autem
1906 3288 1959 3340 in

376 3406 512 3453 uno,
541 3392 703 3459 factus
741 3396 809 3440 est
834 3386 1057 3438 onmium
1094 3399 1245 3447 reus;
1278 3382 1346 3436 ibi
1378 3398 1481 3435 non
1516 3382 1567 3435 in
1612 3397 1715 3434 uno
1738 3423 1751 3445 ,
1789 3380 1879 3435 sed
1905 3381 1960 3434 in

376 3482 585 3544 multis;
612 3494 710 3535 nec
734 3477 988 3549 quosdam
1012 3517 1026 3543 ,
1058 3474 1149 3531 sed
1177 3491 1347 3529 omnes
1367 3473 1495 3529 dicit
1519 3473 1805 3528 ollendcre.

452 3571 539 3624 ll.
572 3569 726 3624 Absit
753 3577 930 3623 autem
973 3578 1031 3621 ut
1076 3568 1352 3636 quisquam
1383 3562 1551 3619 fidelis
1575 3564 1841 3618 existimet
1883 3572 1960 3617 tot

377 3661 540 3714 millia
569 3675 846 3716 servorum
887 3658 1123 3722 Christi,
1154 3658 1244 3728 qui
1286 3658 1543 3711 veraciter
1568 3657 1750 3711 dicunt
1776 3672 1833 3710 se
1860 3655 1957 3709 ha-

378 3751 504 3807 bere
526 3763 798 3822 peccatum
817 3792 833 3817 ,
862 3766 927 3805 ne
951 3750 1154 3819 "scipsos
1184 3750 1479 3818 decipiant,
1509 3758 1563 3803 et
1588 3750 1781 3803 veritas
1808 3749 1859 3801 in
1880 3748 1958 3802 eis

377 3858 483 3897 non
519 3843 614 3907 sit,
648 3842 843 3897 nullam
877 3842 1070 3897 habere
1101 3842 1379 3906 virtutem,
1412 3856 1532 3895 cum
1570 3841 1737 3894 virtus
1768 3856 1957 3910 magna

376 3935 447 3989 sit
487 3934 785 4004 sapientia:
818 3933 945 3986 dixit
983 3942 1157 3986 autem
1181 3973 1196 3996 ,
1239 3932 1348 3999 ipsa
1392 3931 1679 4000 sapientia,
1731 3932 1953 3996 homini,

377 4026 509 4080 Ecce
536 4028 694 4098 pietas
738 4035 808 4081 est
847 4025 1093 4095 sapientia
1123 4022 1241 4094 (Job
1273 4039 1473 4084 xxvm,
1502 4022 1599 4088 28,
1629 4040 1727 4076 sec.
1758 4023 1953 4094 LXX).

376 4118 531 4171 Absit
555 4131 681 4186 ergo
702 4126 759 4170 ut
788 4114 1027 4169 dicamus
1057 4122 1134 4167 tot
1158 4128 1220 4167 ac
1242 4122 1414 4166 tantos
1436 4113 1618 4167 lideles
1643 4122 1695 4167 et
1729 4113 1842 4181 pios
1864 4114 1958 4165 ho-

375 4207 550 4260 mines
593 4205 687 4259 Dei
730 4220 833 4258 non
881 4203 1076 4256 habere
1122 4203 1407 4271 pietatem,
1450 4217 1609 4271 quam
1657 4201 1828 4255 Crwci
1875 4201 1957 4255 vel

374 4304 611 4353 εὐσέϐειαν
629 4338 645 4365 ,
675 4296 761 4351 vel
801 4294 1103 4366 expressius
1125 4302 1180 4347 et
1210 4293 1418 4362 plenius
1448 4301 1699 4346 θεοσέϐειαν
1730 4302 1914 4346 vocant
1942 4310 1954 4344 :

376 4389 503 4460 quid
531 4396 706 4443 autem
745 4395 826 4443 est
864 4387 1064 4456 pictas,
1108 4384 1209 4438 nisi
1249 4383 1341 4437 Dei
1372 4382 1583 4437 cultus?
1624 4392 1677 4437 et
1705 4382 1843 4437 unde
1872 4382 1960 4437 ille

377 4482 588 4545 colitur,
618 4480 719 4534 nisi
748 4477 1043 4534 charitalc?
1073 4476 1311 4530 Charitas
1341 4475 1497 4543 igitur
1531 4474 1597 4529 de
1625 4475 1785 4529 corde
1826 4490 1959 4544 puro

378 4582 436 4630 et
463 4573 782 4628 conscientia
821 4571 959 4626 bona
999 4578 1051 4625 et
1092 4568 1195 4623 fide
1223 4584 1329 4621 non
1357 4568 1504 4633 licta,
1541 4583 1727 4637 magna
1759 4576 1813 4621 et
1836 4584 1958 4622 vera

381 4666 549 4718 virtus
577 4672 693 4729 est,
720 4663 841 4732 quia
871 4661 986 4733 ipsa
1027 4668 1109 4715 est
1152 4668 1205 4714 et
1237 4658 1357 4712 linis
1387 4660 1634 4728 prmcepti
1665 4657 1707 4730 (l
1734 4658 1863 4711 Tim.
1890 4661 1912 4712 1
1940 4701 1956 4724 ,

381 4758 456 4827 5).
498 4757 682 4811 Merito
706 4754 845 4809 dicta
870 4754 1119 4824 estfortis
1156 4753 1283 4807 sicut
1323 4768 1455 4805 mors
1482 4750 1649 4822 (Cant.
1686 4766 1813 4815 vm,
1855 4751 1909 4820 6)
1943 4768 1955 4803 :

385 4850 493 4905 sive
517 4847 636 4918 quia
678 4861 834 4901 nemo
870 4860 987 4901 eam
1022 4844 1184 4899 vincit
1204 4885 1219 4910 ,
1249 4843 1385 4897 sicut
1412 4852 1673 4907 mortem;
1702 4843 1814 4895 sive
1839 4842 1959 4911 quia

388 4940 434 4998 ἰι
476 4940 574 4994 hac
600 4940 704 4993 vita
730 4953 894 5009 usque
920 4936 987 4991 ad
1028 4944 1253 4991 mortem
1279 4943 1361 4989 est
1386 4950 1629 4989 mensura
1656 4934 1958 4998 charitatis,

385 5033 518 5088 sicut
541 5032 796 5085 Dominus
827 5030 935 5092 ait;
967 5026 1217 5095 Majorem
1255 5027 1351 5080 hac
1383 5026 1675 5078 charilatem
1702 5041 1845 5078 nemo
1870 5025 1963 5077 lia-

385 5124 492 5189 bet,
516 5140 668 5193 quam
704 5132 756 5175 ut
793 5121 1013 5173 animum
1039 5135 1183 5173 suam
1222 5127 1375 5188 ponat
1405 5118 1514 5188 quis
1538 5134 1630 5187 pro
1659 5117 1833 5170 amicis
1859 5117 1962 5170 suis

385 5215 564 5285 (Joan.
594 5230 687 5279 xv,
721 5215 842 5282 1‘5);
874 5213 986 5267 sive
1023 5212 1218 5281 potius,
1249 5211 1369 5278 quia
1399 5211 1535 5266 sicut
1561 5226 1705 5264 mors
1732 5210 1961 5264 animam

385 5305 567 5359 avellit
589 5321 618 5360 a
648 5304 891 5361 sensibus
915 5302 1127 5365 carnis,
1159 5302 1237 5356 sic
1271 5296 1501 5356 citat-has
1527 5316 1555 5353 a
1586 5302 1965 5371 concupiscen-

387 5397 476 5454 tiis
502 5397 817 5453 carnalibus.
854 5396 987 5451 lluic
1022 5394 1286 5450 subservit
1309 5394 1527 5448 scientia
1551 5435 1564 5459 ,
1594 5410 1715 5448 cum
1744 5404 1826 5449 est
1864 5396 1965 5449 uti-

388 5489 488 5556 lis;
531 5507 649 5545 nam
694 5491 809 5544 sine
856 5490 943 5543 illa
974 5488 1120 5542 inllat
1147 5486 1190 5559 (l
1221 5485 1336 5542 Cor.
1370 5502 1489 5553 vnt,
1528 5487 1577 5557 l)
1610 5504 1623 5541 :
1667 5488 1807 5556 quod
1839 5502 1965 5541 vero

452 5645 469 5674 ¹
505 5643 638 5706 add,
659 5648 706 5706 et
728 5654 836 5706 qua:
856 5640 1095 5706 primitus.
1115 5640 1206 5689 Sed
1228 5639 1403 5706 melius
1422 5640 1696 5706 Mss._Casal.
1723 5646 1775 5706 et
1800 5641 1964 5706 vatio”

387 5716 528 5767 etque,
545 5700 795 5767 pgimitus;
818 5700 913 5767 vel,
929 5703 999 5750 uti
1021 5702 1203 5752 habent
1224 5700 1305 5753 alii
1328 5709 1431 5753 tres
1442 5702 1606 5763 \‘atlc.,
1625 5707 1673 5752 et
1694 5700 1774 5751 cui
1794 5700 1963 5765 primi-

390 5763 465 5817 tus
486 5763 743 5828 sit/ﬁdelis,
761 5763 947 5815 Scilicet
968 5770 1082 5812 Deo.

1558 349 2029 408 EPISTOLARUll
2069 351 2343 410 CLASSIS
2383 354 2463 409 Ill.

3536 354 3636 420 758

2058 468 2144 521 illa
2171 469 2481 526 aediﬁcando
2521 472 2854 542 impleverit,
2896 474 3025 528 nihil
3067 475 3137 529 ibi
3177 476 3275 529 ista
3306 476 3459 533 inane
3485 480 3627 549 quod

2060 560 2234 625 inflet,
2272 563 2519 617 inveniet.
2565 564 2761 619 Utilem
2807 580 2964 634 porro
3010 568 3282 621 scientiam
3330 568 3634 625 definiendo

2057 651 2395 716 monstravit,
2428 653 2515 706 ubi
2555 670 2673 707 cum
2704 655 2953 719 dixisset,
2988 656 3113 711 Ecce
3150 658 3307 728 pietas
3337 668 3407 711 est
3430 660 3633 727 sapien-

2059 740 2166 806 tia;
2190 742 2440 797 continuo
2467 742 2735 813 subjuuxit
2754 787 2767 810 ,
2798 746 3054 801 Abstinere
3072 765 3185 801 vero
3206 765 3237 801 a
3262 749 3439 816 malis,
3472 750 3637 803 scien-

2060 832 2129 884 tia
2152 838 2239 886 est.
2271 831 2379 887 Cur
2402 849 2529 902 ergo
2558 850 2662 889 non
2684 836 2934 903 dicimus,
2967 840 3055 907 qui
3094 839 3231 893 hanc
3264 841 3513 895 virtutem
3542 840 3638 895 ha-

2060 922 2182 989 bet,
2215 924 2408 978 habere
2434 941 2657 991 omnes;
2690 942 2808 981 cum
2838 929 3107 997 plenitudo
3149 930 3277 999 legis
3316 932 3385 985 sit
3408 930 3639 984 charitas

2062 1008 2235 1083 (Rom.
2274 1030 2403 1081 xm,
2446 1016 2576 1087 10)?
2618 1018 2699 1071 An
2749 1030 2947 1087 quanto
2984 1020 3149 1090 magis
3178 1029 3259 1073 est
3299 1021 3351 1074 in
3392 1020 3638 1085 homine,

2062 1112 2208 1158 tanto
2238 1105 2403 1174 magis
2429 1115 2509 1160 est
2536 1106 2727 1162 virtute
2771 1108 3056 1176 prmditus:
3091 1120 3285 1179 quanto
3322 1118 3499 1165 autem
3541 1110 3613 1164 mi

2063 1210 2161 1249 nus
2185 1237 2199 1260 ,
2235 1206 2379 1249 tanto
2418 1198 2592 1251 minus
2621 1198 2761 1252 inest
2802 1200 2849 1253 ei
2891 1200 3085 1264 virtus;
3133 1203 3251 1270 quia
3285 1202 3394 1271 ipsa
3424 1213 3506 1256 est
3531 1204 3651 1257 vir-v

2063 1294 2148 1341 tus
2182 1305 2195 1340 :
2227 1297 2281 1342 et
2309 1297 2503 1357 quanto
2540 1290 2713 1342 llllllllS
2754 1290 2889 1343 inest
2918 1292 3111 1355 virtus,
3161 1300 3305 1347 tanto
3350 1294 3515 1363 magis
3561 1302 3641 1348 est

2063 1378 2284 1431 vitium?
2313 1378 2408 1433 Ubi
2438 1394 2565 1447 ergo
2594 1379 2677 1433 illa
2718 1380 2868 1449 plena
2899 1388 2951 1433 et
2990 1382 3219 1449 perfecta
3254 1382 3386 1449 erit,
3420 1382 3550 1436 nihil
3576 1397 3639 1438 ex

2063 1470 2190 1522 vitio
2220 1469 2533 1526 remanebit.

2138 1561 2222 1615 12.
2261 1562 2490 1617 Proinde
2528 1563 2657 1615 mihi
2686 1562 2929 1616 videntur
2964 1562 3126 1617 Stoici
3154 1563 3291 1630 falli,
3323 1564 3444 1634 quia
3475 1564 3639 1634 proﬁ-

2063 1651 2291 1707 cientem
2321 1652 2593 1707 hominem
2624 1652 2676 1707 in
2706 1653 2961 1721 sapientia
2990 1654 3174 1707 nolunt
3199 1655 3413 1709 omnino
3440 1656 3639 1710 habere

2064 1744 2411 1813 sapientiam;
2442 1746 2535 1800 sed
2572 1753 2697 1799 tunc
2739 1745 2932 1799 habere
2957 1761 3076 1799 cum
3107 1746 3159 1799 in
3189 1760 3252 1799 ea
3280 1746 3496 1799 omnino
3522 1762 3642 1816 per-

2066 1833 2234 1888 fectus
2262 1834 2416 1888 fuerit
2450 1852 2462 1888 :
2505 1850 2609 1889 non
2631 1836 2752 1905 quia
2780 1836 2921 1889 illum
2954 1843 3257 1905 provectum
3284 1839 3507 1906 negant;
3550 1833 3643 1891 sed

2065 1925 2166 1979 nisi
2189 1941 2253 1979 ex
2282 1925 2542 1994 profundo
2564 1928 2791 1996 quodam
2815 1927 3167 1997 emergendo,
3197 1937 3415 1996 repente
3454 1928 3646 1983 emicet

2065 2016 2117 2070 iu
2142 2028 2296 2069 auras
2320 2017 2592 2086 sapientia:
2619 2017 2812 2071 liberas
2830 2058 2843 2083 ,
2870 2018 3013 2071 nulla
3038 2032 3103 2071 ex
3130 2024 3279 2086 parte
3299 2032 3417 2072 esse
3436 2017 3645 2088 sapien-

2068 2118 2192 2163 tem.
2222 2110 2367 2164 Sicut
2396 2110 2535 2164 enim
2567 2110 2697 2165 nihil
2720 2111 2939 2165 interest
2964 2110 3031 2165 ad
3062 2110 3330 2166 hominem
3350 2111 3645 2181 prmfocan-

2064 2200 2189 2255 dum
2211 2243 2226 2268 ,
2254 2210 2427 2254 utrum
2458 2217 2645 2271 aquam
2670 2202 2853 2255 stadiis
2876 2201 3054 2255 multis
3081 2216 3241 2271 super
3261 2217 3319 2256 se
3346 2201 3537 2256 habeat
3563 2202 3645 2255 al-

2066 2299 2172 2344 tam
2190 2333 2204 2357 ,
2240 2301 2330 2345 aut
2356 2307 2459 2345 uno
2485 2292 2660 2361 palmo
2680 2334 2695 2358 ,
2722 2302 2813 2346 aut
2840 2292 3002 2361 digito
3028 2312 3040 2346 :
3072 2293 3147 2347 sic
3169 2293 3283 2347 illos
3308 2293 3396 2362 qui
3428 2292 3647 2346 tendunt

2064 2383 2131 2436 ad
2152 2384 2484 2452 sapientiam,
2529 2383 2783 2452 prolicere
2808 2384 3018 2453 quidem
3061 2383 3276 2449 dicunt,
3308 2395 3553 2454 tanquam
3580 2384 3648 2438 ab

2066 2474 2173 2527 imo
2213 2474 2433 2543 gurgitis
2458 2482 2733 2542 surgentes
2760 2474 2811 2527 in
2844 2488 3056 2540 acrem;
3084 2473 3176 2528 sed
3201 2474 3299 2527 nisi
3330 2483 3491 2528 totam
3515 2474 3650 2528 stul-

2066 2565 2233 2619 titiam
2273 2567 2416 2619 velut
2461 2566 2847 2635 opprimentem
2887 2576 3112 2636 aquam,
3156 2566 3478 2636 proficiendo
3507 2567 3649 2621 velut

2065 2659 2386 2728 cmergendo
2415 2659 2709 2723 evaserint,
2738 2668 2842 2713 non
2873 2658 3067 2714 habere
3097 2660 3378 2724 virtutem,
3407 2674 3505 2712 nec
3530 2672 3648 2713 esse

2065 2751 2332 2820 sapientes
2364 2770 2376 2804 :
2409 2750 2494 2804 ubi
2525 2760 2698 2804 autem
2726 2752 3024 2815 evaserint,
3054 2767 3176 2805 mox
3206 2751 3403 2805 habere
3441 2757 3603 2804 totam
3628 2792 3643 2817 ,

2066 2846 2166 2895 nec
2187 2842 2469 2911 quidquam
2492 2843 2726 2895 stultitim
2749 2858 3040 2907 remanere,
3073 2842 3210 2896 unde
3239 2843 3456 2896 omnino
3480 2842 3643 2895 ullum

2064 2940 2336 3001 peccatum
2364 2932 2531 3001 possit
2552 2933 2801 2986 existere.

2137 3022 2221 3075 15.
2255 3021 2377 3075 llaec
2400 3022 2687 3075 similitudo
2707 3063 2721 3087 ,
2754 3022 2841 3077 ubi
2869 3022 3085 3076 stultitia
3110 3022 3251 3077 velut
3288 3038 3420 3092 aqua
3441 3064 3455 3087 ,
3483 3031 3535 3078 et
3561 3038 3647 3077 sa-

2064 3113 2256 3182 pientia
2288 3114 2431 3168 velut
2461 3130 2553 3168 aer
2598 3116 2828 3183 ponitur,
2864 3124 2917 3167 ut
2952 3115 3158 3168 animus
3201 3130 3229 3167 a
3272 3116 3646 3184 prrofocatione

2064 3206 2297 3259 stultitia:
2339 3215 2585 3275 tanquam
2614 3220 2925 3274 emergens,
2974 3206 3023 3258 in
3069 3206 3383 3274 sapientiam
3428 3215 3645 3275 repente

2064 3296 2289 3364 reSpiret
2309 3338 2323 3363 ,
2351 3311 2453 3350 non
2478 3294 2605 3350 mihi
2631 3296 2835 3349 videtur
2865 3296 2993 3349 satis
3019 3296 3412 3349 accommodata
3440 3305 3647 3350 nostra-

2063 3404 2179 3442 rum
2206 3388 2595 3457 Scripturarum
2626 3386 2960 3441 auctoritati:
2990 3386 3083 3440 sed
3110 3387 3193 3440 illa
3234 3388 3407 3456 potius
3430 3429 3443 3453 ,
3476 3395 3532 3440 ut
3562 3387 3643 3440 vi-

2064 3480 2193 3532 tium
2223 3478 2305 3533 vel
2351 3477 2569 3532 stultitia
2596 3478 2862 3544 tenebris,
2893 3476 2993 3530 lnci
3019 3486 3195 3531 autem
3223 3478 3389 3531 virtus
3433 3478 3514 3531 vel
3557 3492 3643 3530 sa-

2062 3570 2255 3639 pientia
2282 3579 2636 3639 comparetur,
2669 3583 2923 3640 quantum
2963 3573 3063 3626 ista
3084 3571 3273 3625 similia
3296 3570 3361 3623 de
3392 3585 3643 3638 corpora-

2063 3653 2199 3716 libus
2225 3661 2290 3715 ad
2318 3662 2666 3731 intelligibilia
2693 3660 2812 3715 duci
2858 3669 3097 3731 possunt.
3146 3660 3258 3714 Non
3290 3662 3468 3730 itaque
3509 3660 3645 3713 sicut

2062 3752 2128 3806 de
2149 3754 2298 3822 aquis
2322 3753 2373 3806 in
2395 3768 2571 3807 aerem
2594 3767 2815 3821 surgens
2831 3795 2844 3817 ,
2865 3752 2948 3806 ubi
2976 3767 3157 3806 earum
3184 3766 3447 3805 summum
3466 3759 3641 3804 trans-

2062 3842 2217 3908 ierit,
2266 3852 2482 3911 repente
2524 3851 2774 3911 quantum
2803 3842 2994 3896 sufﬁcit
3027 3841 3339 3912 inspiratur;
3380 3840 3473 3895 sed
3508 3841 3645 3895 sicut

2062 3932 2130 3987 de
2171 3933 2402 3987 tenebris
2446 3933 2497 3985 iu
2545 3934 2714 3986 lucem
2758 3933 3083 4001 procedens,
3132 3933 3379 4002 paulatim
3424 3947 3645 4001 progre-

2062 4022 2255 4078 diendo
2295 4023 2636 4077 illuminatur.
2667 4024 2815 4090 Quod
2844 4025 3013 4079 donec
3056 4026 3359 4093 plenissime
3388 4024 3504 4089 ﬁat,
3531 4025 3641 4091 jam

2062 4127 2181 4166 eum
2213 4121 2385 4165 tamen
2416 4113 2641 4166 dicimus
2664 4122 2909 4181 tanquam
2937 4113 3003 4167 de
3031 4112 3357 4166 abditissima
3392 4113 3643 4181 spelunca

2062 4202 2445 4271 egredientem,
2500 4203 2686 4255 vicinia
2741 4202 2872 4255 lucis
2917 4202 3187 4266 amatum,
3238 4210 3385 4255 tanto
3437 4206 3640 4273 magis,

2062 4302 2259 4362 quanto
2299 4293 2465 4360 magis
2508 4293 2826 4362 propinquat
2869 4293 3103 4362 cgressui
3135 4310 3146 4345 :
3179 4302 3235 4347 ut
3263 4294 3389 4347 illud
3416 4294 3557 4364 quod
3590 4296 3642 4349 in

2063 4401 2128 4440 eo
2159 4386 2298 4439 lucet
2318 4427 2332 4452 ,
2356 4386 2423 4439 sit
2452 4386 2631 4454 utique
2658 4401 2725 4439 ex
2759 4386 2957 4439 lumine
2985 4400 3088 4455 quo
3119 4386 3481 4456 progreditur;
3512 4385 3644 4441 illud

2063 4484 2237 4530 autem
2264 4475 2401 4545 quod
2431 4476 2604 4529 adhuc
2624 4477 2905 4529 obscurum
2931 4484 3013 4531 est
3030 4518 3043 4542 ,
3074 4478 3141 4531 sit
3167 4492 3229 4531 ex
3256 4477 3485 4532 tenebris
3507 4476 3646 4533 unde

2063 4566 2352 4636 egreditur.
2397 4565 2575 4635 itaque
2619 4578 2673 4620 et
2715 4582 2819 4620 non
2858 4567 3230 4635 justilicabitur
3268 4568 3320 4622 in
3360 4581 3644 4638 conSpectu

2066 4657 2162 4711 Dei
2185 4657 2357 4711 omnis
2384 4658 2566 4711 vivens
2591 4656 2753 4723 (Psal.
2783 4672 2921 4711 chu
2944 4701 2957 4723 ,
2987 4658 3080 4729 2);
3112 4669 3165 4713 et
3190 4668 3364 4714 tamen
3386 4658 3561 4730 justus
3581 4678 3646 4716 ex

2064 4747 2167 4800 lide
2200 4746 2330 4800 vivit
2358 4745 2576 4818 (IIabac.
2608 4762 2643 4799 ιι
2668 4788 2681 4808 .
2716 4746 2795 4815 4).
2822 4747 3072 4801 Etinduti
3102 4758 3223 4802 sunt
3253 4750 3420 4803 sancti
3443 4750 3645 4818 justitia

2066 4834 2204 4907 (Job.
2237 4853 2393 4901 nix,
2427 4838 2513 4906 14)
2534 4880 2548 4901 ,
2576 4836 2710 4891 alius
2750 4838 2943 4905 magis,
2985 4838 3121 4892 alius
3160 4840 3371 4894 minus:
3404 4847 3459 4895 et
3486 4856 3646 4896 nemo

2065 4929 2152 4983 hic
2172 4930 2297 4983 vivit
2334 4930 2447 4982 sine
2474 4938 2724 4998 peccato,
2756 4939 2811 4983 et
2856 4930 2955 4984 hoc
2986 4931 3119 4983 alius
3149 4930 3344 4999 magis,
3386 4931 3519 4988 alius
3547 4933 3647 4987 mi-

2065 5038 2195 5085 nus;
2227 5023 2456 5090 optimus
2486 5032 2661 5074 autem
2694 5031 2774 5074 est
2796 5062 2810 5084 ,
2837 5021 2925 5090 qui
2954 5023 3250 5075 minimam.
3460 5020 3464 5025 ’

2136 5111 2359 5167 CAPUT
2384 5112 2471 5165 IV.
2499 5141 2570 5150 —
2597 5109 2681 5165 14.
2712 5111 2815 5166 Sed
2846 5111 2972 5181 quid
3012 5128 3110 5183 ego
3131 5154 3143 5175 ,
3179 5121 3422 5182 tauquam
3453 5114 3645 5169 oblitus

2067 5205 2151 5257 cui
2195 5203 2402 5272 loquor,
2432 5201 2636 5255 doctori
2678 5201 2868 5255 similis
2908 5202 3078 5256 factus
3106 5219 3223 5255 sum
3246 5244 3259 5267 ,
3292 5219 3409 5257 cum
3450 5221 3647 5274 propon

2068 5294 2262 5347 suerim
2289 5292 2413 5362 quid
2439 5292 2531 5345 abs
2564 5301 2615 5346 te
2652 5292 2857 5347 discere
2895 5294 3092 5347 velim?
3133 5293 3235 5347 Sed
3280 5295 3401 5362 quia
3427 5294 3491 5348 de
3518 5310 3646 5363 pec—

2068 5394 2306 5439 catorum
2332 5384 2621 5454 parilitate,
2654 5384 2791 5438 unde
2836 5384 2888 5437 in
2935 5384 2984 5435 id
3028 5384 3167 5453 quod
3209 5384 3427 5454 agebam
3465 5385 3646 5439 incidit

2068 5476 2311 5546 qumstio,
2331 5476 2730 5530 examinandum
2756 5474 2847 5527 tibi
2871 5474 3185 5528 sententiam
3215 5491 3384 5530 meam
3409 5490 3647 5545 promere

2070 5574 2390 5631 statueram,
2418 5567 2529 5635 jam
2570 5580 2687 5621 eam
2731 5565 2945 5619 tandem
2991 5565 3273 5636 aliquando
3314 5568 3644 5620 concludam.

2071 5660 2203 5727 Quia
2225 5660 2323 5713 etsi
2345 5674 2522 5713 verum
2546 5667 2657 5727 est,
2681 5674 2800 5713 eum
2831 5658 2917 5726 qui
2949 5657 3105 5711 habet
3135 5673 3288 5711 uuam
3312 5699 3327 5723 ,
3351 5672 3536 5711 omnes
3564 5672 3650 5711 na-

2073 5753 2200 5807 bere
2229 5752 2481 5819 virtutes;
2514 5768 2633 5811 eum
2663 5752 2751 5822 qni
2782 5766 2939 5805 unam
2966 5765 3072 5823 non
3101 5751 3254 5806 habet.
3274 5790 3292 5819 ,
3323 5751 3517 5805 nullam
3548 5750 3644 5803 ha-
