4154 6354
462 334 562 394 Ὶόθ

464 448 595 506 bere
618 465 634 504 :
661 461 759 504 nec
779 445 858 503 sic
883 452 1094 515 peccata
1115 449 1238 498 sunt
1258 441 1421 512 paria.
1444 435 1576 506 Quia
1601 436 1688 491 ubi
1711 435 1879 491 virtus
1897 433 2043 489 mitia

465 551 586 609 est,
630 539 762 596 nihil
801 537 1014 608 quidem
1062 544 1266 615 rectum
1296 541 1410 598 est;
1443 545 1541 587 nec
1584 538 1757 584 tamen
1793 527 1912 581 ideo
1941 539 2048 579 non

467 645 631 702 pravo
657 628 872 699 pravius
908 631 1019 691 est,
1047 624 1376 691 distortoque
1403 618 1695 674 distortius.
1736 616 1795 672 Si
1831 624 2006 670 autem
2027 651 2046 680 ,

471 719 610 790 quod
655 729 784 789 puto
828 731 946 771 esse
978 714 1153 769 Verius
1171 753 1186 777 ,
1215 711 1483 780 sacrisque
1510 707 1724 764 Litteris
1749 717 2049 775 congruens

473 811 575 866 tius
595 850 611 876 ,
658 809 728 863 ita
765 815 888 860 sunt
913 804 1104 859 animae
1136 802 1454 857 intentiones
1475 839 1492 865 ,
1521 807 1578 853 ut
1613 797 1850 868 corporis
1876 809 2049 848 mem-

475 900 563 956 bra
589 941 605 964 ,
637 913 742 953 non
769 897 908 968 quod
939 894 1217 948 vidcantur
1248 891 1380 946 locis
1402 930 1419 956 ,
1467 888 1559 944 sed
1585 886 1727 958 quod
1755 884 2050 941 sentiantur
2084 929 2100 948 ,

470 983 781 1056 affectibus;
810 996 862 1043 et
882 981 1023 1042 aliud
1053 984 1380 1039 illuminatur
1405 981 1629 1050 amplius
1646 1020 1662 1045 ,
1689 977 1830 1032 aliud
1851 975 2048 1042 minus,

471 1081 611 1138 aliud
647 1079 864 1135 omnino
905 1083 1053 1132 caret
1081 1075 1278 1128 lumine
1315 1078 1370 1128 et
1413 1071 1694 1126 tenebroso
1722 1064 2052 1121 inumbratur

472 1171 780 1228 obstaculo:
815 1167 1082 1238 profecto,
1129 1166 1198 1219 ita
1239 1172 1295 1218 nt
1330 1162 1552 1234 quisque
1580 1157 1924 1214 illustratione
1951 1155 2052 1224 piat

472 1261 743 1320 charitatis
767 1257 985 1314 allectus
1013 1265 1124 1320 eat,
1148 1256 1199 1309 in
1225 1255 1328 1308 alio
1353 1261 1471 1308 actu
1503 1251 1670 1318 magis
1690 1290 1704 1314 ,
1737 1248 1789 1304 in
1817 1248 1920 1301 alio
1947 1246 2050 1300 mi-

472 1367 606 1419 nus,
645 1351 696 1404 in
726 1350 900 1418 aliquo
926 1348 1090 1412 nihil;
1123 1347 1198 1400 sic
1229 1351 1402 1414 potest
1426 1343 1528 1396 dici
1556 1333 1752 1394 habere
1777 1336 1935 1392 aliam
1954 1378 1970 1403 ,
1999 1340 2054 1391 et

473 1441 630 1494 aliam
661 1455 763 1493 non
791 1438 986 1492 habere
1005 1478 1020 1502 ,
1045 1436 1200 1490 aliam
1233 1435 1432 1504 magis,
1464 1433 1620 1487 aliam
1648 1430 1821 1484 minus
1857 1429 2052 1482 habere

471 1531 742 1584 virtutem.
774 1527 908 1583 Nam
933 1536 985 1580 et
1005 1568 1021 1591 ,
1063 1525 1229 1594 Major
1263 1533 1344 1579 est
1370 1525 1422 1576 in
1466 1523 1566 1576 isto
1594 1518 1824 1576 charitas
1847 1560 1864 1583 ,
1896 1527 2054 1588 quam

473 1622 529 1676 in
557 1621 688 1684 illo,
732 1628 878 1674 recte
923 1630 1206 1687 possumus
1245 1616 1453 1679 dicere;
1485 1621 1559 1678 et,
1590 1612 1776 1682 Aliqua
1819 1609 1872 1664 in
1915 1610 2052 1678 isto,

471 1713 614 1770 nulla
642 1711 695 1766 in
725 1711 834 1775 illo,
857 1720 1108 1780 quantum
1131 1707 1359 1778 pertinet
1384 1706 1450 1760 ad
1470 1706 1778 1762 charitatem
1805 1719 1921 1774 quae
1943 1702 2055 1773 pie-

473 1810 556 1857 tas
581 1811 696 1856 est:
724 1810 780 1857 et
814 1801 869 1854 in
895 1801 1011 1870 ipso
1038 1815 1141 1852 uno
1172 1799 1385 1853 homine
1414 1796 1554 1867 quod
1584 1796 1837 1864 majorem
1865 1789 2056 1849 habeat

476 1892 778 1962 pudicitiam
805 1900 961 1958 quam
986 1889 1291 1959 patientiam
1308 1928 1324 1954 ,
1357 1895 1412 1943 et
1435 1887 1691 1958 majorem
1723 1885 1876 1940 hodie
1898 1899 2056 1953 quam

475 1981 620 2046 heri,
651 1982 695 2036 si
733 1981 970 2050 proiicit;
1009 1989 1065 2036 et
1099 1979 1270 2034 adhuc
1309 1994 1414 2032 non
1444 1977 1636 2032 habeat
1654 1975 2051 2040 continentiam,

475 2082 529 2128 et
558 2074 748 2128 habeat
775 2089 878 2128 non
905 2088 1118 2144 parvam
1148 2071 1590 2127 misericordiam.

545 2165 634 2218 15.
677 2163 740 2216 Et
772 2174 826 2216 ut
851 2164 1167 2232 generaliter
1193 2162 1528 2231 breviterque
1554 2160 1876 2230 complectar
1898 2167 2057 2230 quam

475 2251 542 2306 de
567 2252 758 2306 virtute
781 2251 1002 2308 habeam
1028 2253 1319 2316 notionem,
1348 2251 1488 2321 quod
1518 2250 1584 2304 ad
1606 2260 1748 2304 recte
1763 2249 2058 2304 vivendum

474 2342 696 2403 attinet,
730 2341 891 2394 virtus
925 2350 1008 2395 est
1042 2341 1296 2405 charitas,
1331 2355 1433 2409 qua
1472 2339 1523 2393 id
1555 2337 1694 2409 quod
1733 2338 2059 2408 diligendum

475 2439 559 2485 est
586 2429 844 2499 diligitur.
892 2430 1016 2483 Ηωο
1053 2430 1107 2484 in
1144 2431 1262 2484 aliis
1295 2431 1494 2498 major,
1526 2430 1578 2482 in
1615 2429 1732 2484 aliis
1767 2429 1972 2494 minor,
2006 2429 2059 2482 in

477 2522 594 2576 aliis
621 2523 760 2575 nulla
794 2531 910 2586 est,
952 2521 1254 2592 plenissima
1298 2528 1423 2576 vero
1463 2536 1580 2591 qua:
1615 2521 1723 2590 jam
1757 2534 1859 2574 non
1891 2521 2062 2592 possit

481 2612 682 2681 augeri,
706 2611 954 2680 quamdiu
979 2612 1062 2664 hic
1085 2612 1242 2665 homo
1261 2612 1408 2665 vivit.
1430 2620 1510 2664 est
1536 2611 1586 2664 in
1610 2610 1853 2674 nomine;
1878 2625 2063 2679 quam;

478 2701 567 2756 diu
597 2711 774 2758 autem
814 2706 992 2776 augeri
1034 2712 1242 2773 potest,
1281 2704 1518 2774 profecto
1560 2701 1690 2756 illud
1719 2701 1859 2770 quod
1887 2701 2062 2756 minus

480 2801 563 2847 est
603 2809 758 2862 quam
789 2794 982 2862 debet,
1023 2809 1088 2849 ex
1130 2793 1255 2846 vitio
1295 2801 1395 2847 est.
1440 2792 1517 2845 Ex
1549 2808 1652 2862 quo
1679 2791 1808 2846 vitio
1839 2806 1940 2844 non
1979 2799 2062 2844 est

477 2882 648 2951 justus
694 2883 747 2936 in
797 2893 971 2948 terra,
1023 2883 1110 2952 qui
1157 2883 1310 2936 faciat
1353 2882 1578 2946 bonum,
1633 2888 1687 2935 et
1729 2895 1832 2934 non
1881 2887 2063 2949 peccet

480 2972 571 3045 (lll
597 2974 726 3046 Reg.
755 2990 845 3029 vnt
867 3017 881 3040 ,
908 2973 999 3046 46)
1036 2990 1049 3026 :
1080 2990 1143 3028 ex
1174 2989 1278 3042 quo
1319 2973 1446 3025 vitio
1476 2987 1579 3025 non
1605 2969 1980 3040 justilicabitur
2008 2971 2060 3025 in

478 3073 764 3134 coaspectu
792 3065 880 3118 Dei
907 3063 1079 3118 omnis
1108 3064 1310 3118 vivens.
1351 3062 1574 3130 Propter
1601 3060 1742 3131 quod
1770 3061 1984 3125 vitium,
2015 3060 2062 3114 si

477 3154 767 3209 dixerimus
795 3154 936 3225 quod
964 3163 1237 3223 peccatum
1267 3169 1372 3206 non
1404 3153 1679 3214 habemus,
1710 3152 2062 3219 nosmetipsos

479 3245 799 3309 seducimus,
832 3254 885 3300 et
910 3246 1104 3301 veritas
1134 3245 1185 3297 in
1214 3243 1365 3297 nobis
1393 3258 1495 3296 non
1527 3251 1609 3297 est
1635 3241 1678 3316 (l
1697 3240 1853 3296 Joan.
1877 3257 1922 3307 ι,
1960 3241 2017 3312 8)
2042 3259 2056 3296 :

475 3347 694 3406 propter
734 3337 875 3405 quod
918 3337 1074 3389 etiam
1106 3333 1488 3404 quantumlibet
1519 3331 1894 3402 profecerimus
1915 3372 1927 3395 ,
1960 3345 2061 3398 ne—

475 3425 761 3478 cessarium
793 3432 876 3479 est
905 3425 1054 3478 nobis
1081 3424 1277 3489 dicere,
1310 3421 1511 3475 Dimitte
1535 3421 1674 3476 nobis
1698 3422 1862 3476 debita
1889 3430 2061 3474 nostra

477 3495 686 3583 (Matth.
728 3531 776 3567 vr
801 3557 816 3581 ,
856 3514 982 3585 12);
1022 3529 1141 3568 cum
1177 3514 1285 3582 jam
1311 3513 1487 3567 omnia
1518 3513 1569 3566 in
1599 3513 1865 3581 Baptismo
1894 3511 2056 3578 dicta,

475 3603 610 3656 facta
632 3643 647 3668 ,
676 3605 900 3673 cogitata
920 3645 935 3671 ,
967 3604 1181 3658 dimissa
1212 3603 1337 3657 sint.
1369 3602 1524 3657 Videt
1551 3603 1728 3672 itaque
1748 3643 1760 3664 .
1801 3603 1888 3671 qui
1916 3611 2060 3657 recte

474 3691 653 3756 videt,
697 3693 837 3747 unde
855 3733 868 3756 ,
897 3703 950 3748 et
977 3693 1217 3763 quando,
1245 3701 1299 3747 et
1326 3692 1413 3746 ubi
1441 3692 1697 3764 speranda
1727 3693 1796 3747 sit
1821 3693 1905 3745 illa
1937 3709 2059 3762 per-

477 3780 636 3834 fectio
676 3782 760 3835 cui
803 3797 906 3835 non
943 3783 1010 3836 sit
1049 3782 1187 3852 quod
1214 3782 1368 3852 adjici
1399 3783 1582 3850 possit.
1616 3782 1672 3837 Si
1705 3790 1882 3834 autem
1919 3797 2058 3851 prav-

474 3881 625 3939 cepta
650 3886 754 3924 non
777 3879 975 3937 essent,
1005 3887 1107 3924 non
1132 3872 1311 3941 utique
1332 3879 1472 3925 esset
1493 3870 1578 3924 uhi
1603 3885 1662 3924 se
1682 3869 1841 3923 homo
1861 3872 2059 3926 certius

475 3965 780 4034 inspiceret,
805 3974 856 4017 et
877 3963 1080 4016 videret
1099 3963 1235 4016 unde
1257 3968 1604 4026 averteretur,
1627 3977 1731 4030 quo
1752 3969 2054 4028 conaretur,

473 4069 636 4125 quare
663 4055 1054 4125 gratularetur,
1085 4053 1209 4123 quid
1250 4061 1571 4122 precaretur.
1603 4051 1786 4121 Magna
1816 4061 1897 4107 est
1931 4067 2058 4122 ergo

474 4147 673 4200 utilitas
699 4156 1103 4216 praeceptorum,
1134 4147 1175 4200 si
1205 4147 1372 4200 libero
1401 4144 1620 4199 arbitrio
1651 4154 1852 4198 tantum
1879 4144 2054 4214 detur,

410 4246 418 4274 ῖ
473 4246 531 4292 ut
554 4237 721 4307 gratia
750 4238 840 4292 Dei
871 4237 1096 4307 amplius
1125 4235 1431 4290 honoretur.

547 4328 776 4384 CAPUT
805 4327 870 4382 ν.
893 4328 1072 4382 -16.
1103 4327 1230 4395 Qua:
1259 4327 1301 4380 si
1343 4325 1413 4380 ita
1449 4340 1508 4380 se
1541 4324 1771 4392 habent,
1799 4325 1937 4381 unde
1968 4326 2058 4381 fiet

477 4420 712 4473 omnium
743 4431 895 4484 reus,
927 4419 969 4472 si
1010 4419 1060 4472 in
1108 4434 1211 4471 uno
1254 4415 1518 4480 oll‘endat,
1558 4415 1649 4487 qui
1691 4426 1850 4469 totam
1887 4419 2055 4487 legem

474 4509 804 4562 servaverit?
830 4509 908 4563 An
937 4509 1089 4574 forte,
1119 4508 1239 4576 quia
1269 4507 1538 4574 plenitudo
1568 4507 1697 4578 legis
1721 4508 1950 4562 Charitas
1977 4520 2059 4562 est

477 4612 581 4666 qua
608 4597 748 4651 Deus
773 4599 1147 4667 proximusque
1182 4597 1449 4667 diligitur,
1483 4597 1533 4650 in
1564 4597 1754 4666 quibus
1783 4598 2058 4666 prazceptis

470 4686 748 4741 charitatis
769 4693 877 4741 tata
891 4687 971 4741 lex
993 4687 1184 4757 pendet
1199 4696 1246 4741 et
1266 4685 1544 4756 Prolihetze
1558 4686 1767 4757 (Matth.
1791 4703 1927 4753 un,
1943 4689 2054 4759 40),

472 4779 667 4834 merito
697 4777 755 4833 fit
782 4793 905 4832 rcus
931 4779 1186 4845 omnium,
1215 4780 1300 4849 qui
1329 4785 1510 4832 contra
1538 4779 1679 4833 illam
1709 4779 1849 4846 facit,
1877 4780 1929 4834 in
1956 4795 2056 4850 qua

470 4869 707 4940 pendent
745 4870 961 4923 omnia?
1003 4869 1168 4923 Nemo
1211 4877 1386 4922 autem
1423 4876 1646 4939 peccat,
1677 4870 1775 4924 nisi
1805 4870 2057 4925 adversus

470 4962 614 5016 illam
639 4960 878 5016 faciendo
907 4978 920 5016 :
949 4961 1091 5030 quia,
1122 4960 1240 5014 Non
1261 4959 1586 5026 adulterabis,
1611 4974 1710 5014 non
1732 4961 2056 5015 homicidium

469 5053 660 5119 facies,
692 5069 792 5107 non
824 5053 1102 5122 furaberis,
1137 5069 1236 5106 non
1265 5053 1616 5124 concupisces,
1661 5064 1706 5108 et
1743 5055 1786 5109 si
1811 5055 1946 5122 quod
1984 5063 2057 5108 est

468 5143 610 5195 aliud
655 5140 983 5208 mandatum,
1014 5143 1067 5196 in
1100 5143 1194 5196 hoc
1231 5160 1459 5198 sermone
1484 5145 1874 5214 recapitulatur,
1908 5144 1960 5198 iu
1991 5161 2056 5201 eo

469 5231 610 5300 quod
656 5240 769 5298 est,
804 5231 997 5302 Diliges
1036 5234 1326 5304 proximum
1362 5245 1502 5287 tuum
1539 5243 1775 5305 tanquam
1819 5236 2052 5305 teipsttm.

474 5317 690 5376 Dilectio
713 5323 934 5392 proximi
956 5323 1144 5376 malum
1173 5340 1272 5377 non
1299 5335 1553 5395 aperatur.
1586 5323 1855 5378 Plenitudo
1880 5338 2054 5382 autem

470 5411 629 5485 legis,
657 5412 879 5467 charitas
907 5411 1081 5485 (Rom.
1105 5429 1233 5481 χιιι,
1261 5412 1316 5478 9,
1347 5412 1455 5486 10).
1489 5413 1654 5468 Nemo
1682 5426 1858 5468 autem
1890 5416 2058 5488 diligit

473 5503 791 5573 proximum,
821 5507 919 5560 nisi
945 5499 1170 5575 diligens
1197 5506 1384 5571 Deum,
1413 5515 1466 5560 et
1495 5505 1626 5568 hoc,
1656 5514 1906 5576 quantum
1937 5519 2054 5577 pot-

471 5604 570 5655 est.
607 5597 848 5662 prosimo
873 5597 1172 5666 impendat,
1201 5612 1356 5667 quem
1383 5596 1552 5667 diligit
1579 5605 1824 5668 tanquam
1859 5610 2056 5656 semet-

474 5684 676 5753 ipsum,
722 5695 778 5739 ut
819 5687 997 5743 et-ille
1040 5686 1226 5757 diligat
1266 5687 1431 5742 Deum
1467 5705 1479 5740 :
1510 5701 1667 5758 quem
1711 5689 1756 5744 si
1799 5691 1911 5761 ipse
1950 5707 2053 5749 non

1675 318 1736 382 8.
1777 310 2140 382 AUCUSTINI
2180 318 2478 378 EPISCOPI

3629 305 3732 377 tto

2149 429 2341 500 diligit,
2370 445 2470 486 nec
2491 444 2571 495 se,
2603 444 2700 486 nec
2729 430 3024 500 proximum
3051 428 3237 500 diligit.
3277 430 3353 484 Ac
3382 443 3478 498 per
3506 428 3611 485 hoc
3643 433 3734 500 qui

2149 529 2314 576 totam
2370 522 2540 593 legem
2595 522 2914 587 servaverit,
2975 520 3019 573 si
3075 520 3127 573 in
3177 534 3282 573 uno
3327 518 3644 582 offenderit,
3677 520 3738 574 fit

2149 614 2384 668 omnium
2410 628 2566 680 reus;
2590 614 2710 684 quia
2738 621 2920 668 contra
2946 611 3254 666 charitatem
3284 611 3426 674 facit,
3453 610 3596 664 unde
3625 619 3736 664 tota

2149 699 2235 756 lex
2263 702 2474 772 pendet.
2509 702 2650 756 Reus
2680 703 2856 772 itaque
2887 700 2942 754 fit
2969 701 3234 766 omnium,
3266 699 3508 756 faciendo
3545 710 3736 754 contra

2151 805 2267 847 eam
2299 793 2350 846 in
2376 807 2476 862 qua
2507 789 2739 861 pendent
2761 791 2959 844 omnia.

2224 881 2312 934 l7.
2354 881 2460 936 Cur
2486 896 2614 950 ergo
2639 896 2741 935 non
2769 882 3012 938 dicantur
3037 881 3182 952 paria
3207 881 3463 952 peccata?
3492 883 3571 936 An
3599 881 3739 938 forte

2151 969 2270 1038 quia
2295 970 2460 1039 magis
2484 970 2605 1024 facit
2625 978 2805 1023 contra
2828 971 3159 1037 charitatem,
3181 971 3269 1040 qui
3289 973 3500 1040 graivius
3521 969 3736 1042 peccat:

2153 1061 2349 1133 minus,
2378 1061 2464 1128 qui
2492 1060 2698 1115 levius?
2722 1072 2772 1116 et
2799 1061 2900 1116 hoc
2930 1062 3043 1130 ipso
3071 1062 3209 1131 quod
3239 1061 3504 1130 admittit,
3536 1063 3593 1118 lit
3621 1064 3742 1134 qui-

2153 1149 2274 1218 dem
2303 1142 2538 1205 omnium
2569 1165 2694 1207 reus
2721 1170 2734 1205 :
2763 1153 2854 1207 sed
2886 1153 3096 1223 gravius
3127 1158 3384 1222 peccans,
3413 1151 3496 1207 vel
3535 1151 3587 1208 in
3623 1155 3742 1225 plu3

2153 1242 2302 1304 ribus
2331 1257 2555 1311 peccans
2574 1284 2590 1310 ,
2624 1245 2791 1314 magis
2819 1259 2976 1310 reus;
3009 1244 3176 1298 levius
3213 1253 3390 1297 autem
3421 1243 3508 1298 vel
3534 1244 3583 1296 in
3610 1250 3742 1314 paui-

2153 1333 2386 1388 cioribus
2417 1325 2676 1404 peccans,
2719 1337 2892 1390 minus
2929 1351 3052 1391 reus
3082 1355 3094 1390 :
3123 1344 3271 1390 tanto
3310 1336 3512 1405 majore
3539 1337 3745 1392 scilicet

2153 1431 2337 1490 reatu,
2365 1434 2562 1493 quanto
2595 1426 2852 1495 amplius;
2886 1434 3031 1480 tanto
3066 1426 3302 1488 minore,
3333 1435 3530 1494 quanto
3566 1427 3742 1480 minus

2153 1517 2450 1584 peccaverit
2492 1533 2506 1569 :
2550 1525 2726 1571 tamen
2772 1517 2980 1572 etiamsi
3021 1516 3074 1571 in
3117 1528 3225 1571 uno
3263 1516 3574 1582 offenderit,
3614 1530 3744 1572 reus

2153 1606 2394 1660 omnium
2424 1615 2538 1673 est,
2567 1611 2690 1677 quia
2731 1619 2913 1661 contra
2959 1624 3075 1664 eam
3117 1607 3243 1662 facit
3284 1608 3335 1661 in
3377 1623 3479 1678 qua
3511 1608 3746 1678 pendent

2154 1693 2370 1750 omnia?
2397 1694 2526 1761 Qua:
2550 1697 2595 1749 si
2622 1712 2746 1750 vera
2771 1705 2912 1763 sunt,
2939 1712 3004 1751 eo
3035 1696 3193 1751 modo
3217 1705 3270 1751 et
3294 1697 3423 1751 illud
3449 1697 3745 1752 absolvitur

2155 1787 2295 1857 quod
2318 1788 2390 1841 ait
2410 1787 2570 1843 homo
2592 1789 2749 1843 etiam
2773 1786 3077 1858 apostolica:
3102 1790 3305 1859 gratim,
3333 1787 3401 1843 In
3421 1791 3591 1844 multis
3610 1791 3750 1844 enim

2157 1875 2456 1942 offendimus
2484 1894 2654 1932 omnes
2684 1875 2885 1950 (Jacobi
2911 1895 2990 1944 ιιι,
3021 1879 3099 1950 2).
3131 1875 3329 1934 Omnes
3354 1883 3496 1935 enim
3521 1879 3747 1936 oil‘endié

2157 1980 2302 2032 mus,
2335 1967 2428 2022 sed
2459 1985 2595 2022 unus
2618 1970 2864 2041 gravius,
2896 1970 3031 2024 alius
3071 1970 3264 2035 levius,
3296 1978 3496 2040 quanto
3521 1972 3747 2041 quisque

2156 2059 2366 2128 gravius
2393 2059 2628 2115 leviusve
2649 2062 2665 2092 ¹
2695 2061 2990 2129 peccaverit
3029 2080 3042 2116 :
3075 2070 3224 2114 tanto
3262 2062 3314 2115 in
3349 2071 3568 2130 peccato
3597 2077 3748 2118 como

2157 2148 2414 2202 mittendo
2454 2150 2650 2219 major,
2680 2157 2875 2222 quanto
2905 2151 2956 2204 in
2985 2151 3250 2221 diligendo
3277 2152 3384 2206 Deo
3412 2162 3466 2208 et
3493 2154 3733 2222 proximo

2159 2239 2365 2302 minor;
2397 2249 2450 2295 et
2473 2257 2677 2308 rursus,
2712 2251 2857 2297 tanto
2890 2245 3064 2297 minor
3089 2244 3140 2298 in
3169 2245 3369 2314 peccati
3396 2247 3746 2316 perpetrand-

2160 2345 2248 2395 ne,
2281 2340 2479 2400 quanto
2507 2333 2674 2401 major
2699 2333 2752 2387 in
2779 2334 2871 2388 Dei
2896 2343 2947 2388 et
2971 2335 3197 2404 proximi
3233 2336 3537 2392 dilectione.
3573 2339 3746 2392 Tanto

2160 2420 2336 2491 itaque
2379 2422 2584 2492 plenior
2628 2424 2950 2493 iniquitatis.
2994 2435 3193 2495 quanto
3223 2427 3428 2482 inanior
3449 2427 3745 2482 charitatiSs

2161 2513 2228 2566 Et
2270 2522 2394 2568 tunc
2437 2514 2654 2583 perfecti
2701 2529 2886 2570 sumus
2929 2516 2984 2570 in
3027 2516 3318 2586 charitate,
3362 2517 3573 2589 quando
3613 2515 3747 2586 nihil

2161 2612 2328 2658 restat
2355 2619 2421 2658 ex
2451 2605 2775 2659 infirmitate.

2235 2695 2327 2758 l8.
2350 2696 2458 2751 Nec
2481 2712 2630 2763 sane,
2658 2705 2911 2767 quantum
2938 2697 3187 2765 arbitror,
3215 2698 3503 2768 putandum
3525 2707 3606 2753 est
3629 2698 3747 2755 leve'

2162 2800 2281 2841 esse
2307 2795 2576 2856 peccatum
2600 2786 2651 2840 in
2674 2802 3021 2858 personarum
3044 2788 3351 2859 acceptione
3371 2787 3566 2843 habere
3590 2789 3746 2842 fidem

2164 2877 2371 2931 Domini
2394 2877 2561 2931 nostri
2584 2877 2707 2932 Jesu
2729 2877 2948 2944 Christi,
2973 2879 3017 2932 si
3041 2879 3182 2932 illam
3203 2879 3504 2933 distantiam
3525 2880 3747 2935 sedendi

2162 2981 2225 3019 ac
2250 2965 2421 3020 standi
2463 2965 2529 3020 ad
2571 2966 2802 3021 honores
2837 2967 3228 3023 ecclesiasticos
3262 2968 3555 3024 referamus
3584 2986 3597 3021 :
3629 2971 3748 3038 quis

2163 3056 2304 3110 enim
2334 3055 2469 3110 ferat
2501 3055 2622 3126 eligi
2651 3055 2870 3111 divitem
2903 3057 2968 3110 ad
3007 3057 3188 3114 sedem
3225 3059 3442 3114 honoris
3469 3059 3744 3125 Ecclesite,

2162 3154 2465 3216 contempto
2498 3159 2730 3217 paupere
2775 3149 3110 3204 instructiore
3151 3159 3308 3220 atque
3348 3151 3653 3206 sanctiore?
3688 3140 3747 3206 Si

2162 3247 2336 3292 autem
2377 3237 2444 3292 de
2473 3239 2792 3308 quotidiants
2818 3242 3158 3296 consessibus
3183 3243 3449 3313 loquitur,
3494 3244 3614 3314 quis
3641 3258 3748 3298 non

2164 3329 2288 3384 hinc
2314 3330 2531 3398 peccat?
2559 3329 2614 3385 Si
2648 3340 2824 3385 tamen
2849 3343 3052 3402 peccat,
3082 3334 3182 3388 nisi
3207 3349 3326 3388 cum
3348 3333 3488 3403 apud
3513 3336 3745 3403 seipsum

2163 3417 2307 3474 intus
2331 3420 2399 3472 ita
2424 3419 2626 3486 judicat
2646 3459 2660 3485 ,
2688 3429 2747 3474 ut
2771 3421 2820 3475 ei
2848 3431 2995 3477 tanto
3019 3424 3208 3477 melior
3244 3431 3439 3493 quanto
3469 3424 3627 3477 ditior
3655 3425 3746 3478 illo

2161 3522 2281 3562 esse
2321 3509 2561 3564 videatur
2599 3527 2612 3564 :
2655 3510 2756 3565 hoc
2795 3513 2936 3566 enim
2988 3513 3197 3567 videtur
3233 3512 3588 3584 signiﬁcasse,
3621 3526 3744 3570 cum

2161 3599 2322 3664 dicit,
2353 3597 2537 3652 Nonne
2557 3601 2803 3668 judicatis
2830 3603 2970 3673 apud
2997 3602 3320 3673 vosmetipsos
3339 3644 3354 3669 ,
3397 3614 3442 3658 et
3477 3605 3600 3675 facii
3625 3615 3747 3665 cstas

2149 3689 2356 3761 judices
2386 3691 2670 3758 iniquarum
2693 3693 3090 3762 cogitationum?

2232 3781 2455 3837 CAPUT
2492 3783 2574 3835 Vl.
2601 3808 2674 3823 —-
2698 3785 2783 3839 19.
2818 3785 2924 3839 Lex
2952 3787 3128 3857 itaque
3155 3787 3408 3842 libertatis
3426 3827 3441 3851 ,
3465 3786 3546 3842 lex
3570 3779 3745 3843 chari-

2163 3873 2287 3926 tatis
2324 3881 2405 3926 est
2442 3872 2508 3926 de
2535 3887 2635 3937 qua
2663 3874 2789 3928 dicit
2820 3893 2833 3928 :
2865 3876 2922 3930 Si
2957 3886 3122 3930 tamen
3153 3878 3309 3948 legem
3334 3879 3574 3949 perﬁcitis
3599 3895 3747 3948 rega-

2161 3963 2258 4016 lem
2284 3963 2555 4015 secundunt
2584 3963 2890 4033 Scripturas,
2921 3965 3113 4036 Diliges
3138 3968 3422 4037 proximum
3453 3977 3590 4021 tuum
3616 3969 3746 4022 sicut

2161 4054 2391 4122 teipsurn,
2417 4052 2537 4107 bene
2559 4053 2747 4122 facitis.
2777 4057 2836 4110 Si
2856 4068 3019 4111 autem
3042 4075 3280 4130 personas
3300 4062 3545 4130 accipitis,
3571 4078 3745 4117 necca-

2163 4152 2268 4194 tum
2296 4143 2593 4213 aper-amitti,
2617 4146 2872 4217 redarguti
2897 4164 2926 4198 a
2949 4148 3056 4216 lege
3076 4153 3312 4217 tanquam
3333 4159 3741 4220 transgressores.

2162 4234 2227 4287 Et
2254 4243 2372 4304 post
2411 4236 2554 4290 illam
2595 4239 2910 4292 sententiam
2947 4239 3012 4292 ad
3055 4240 3452 4309 intelligendum
3493 4242 3744 4297 difﬁcilli-

2163 4340 2324 4392 mam,
2356 4325 2422 4379 de
2451 4341 2551 4398 qua
2584 4329 2710 4380 satis
2737 4327 2843 4382 disi
2874 4329 3016 4398 quod
3048 4330 3328 4386 dicendum
3361 4335 3574 4402 putavi,
3599 4349 3746 4392 eam-

2163 4413 2284 4469 dem
2317 4416 2486 4487 legem
2528 4418 2786 4471 libertatis
2824 4434 3282 4486 commemorans,
3328 4422 3418 4477 Sic
3460 4425 3741 4493 loquimini,

2163 4505 2353 4573 inquit,
2381 4517 2429 4560 et
2454 4507 2525 4559 sic
2548 4507 2713 4574 facile,
2741 4509 2865 4560 sicut
2892 4525 2978 4575 per
3002 4509 3158 4580 legent
3187 4511 3428 4567 libertatis
3453 4514 3745 4585 incipientes

2155 4591 2403 4664 judicari.
2437 4596 2501 4648 Et
2525 4597 2770 4664 quoniam
2801 4597 2923 4666 quid
2967 4600 3123 4666 paulo
3157 4608 3280 4655 ante
3317 4601 3741 4670 dixerit','novit,

2162 4684 2395 4753 quoniam
2421 4684 2475 4736 in
2501 4685 2670 4739 multis
2690 4685 2992 4751 offendimus
3044 4704 3235 4756 omnes,
3267 4693 3499 4762 suggerit
3518 4690 3744 4747 domini-

2163 4787 2279 4826 cam
2301 4782 2548 4842 tanquam
2571 4776 2927 4844 quotidianam
2951 4779 3290 4847 quotidianis,
3315 4781 3411 4835 etsi
3435 4781 3742 4848 levioribus,

2163 4872 2337 4918 tamen
2363 4865 2672 4920 vulneribus
2695 4866 3032 4921 medicinam.
3062 4868 3324 4924 Iudicium
3350 4873 3480 4926 enim
3500 4914 3514 4939 ,
3549 4874 3738 4945 inquit,

2161 4954 2268 5007 sine
2301 4955 2641 5008 misericordia
2669 4955 2746 5009 illi
2775 4958 2859 5026 qui
2888 4974 2987 5011 non
3013 4961 3134 5028 facit
3163 4962 3571 5016 misericordiam.
3605 4963 3739 5020 Hinc

2161 5045 2302 5099 enim
2325 5052 2378 5098 et
2399 5045 2674 5113 Dominus,
2699 5043 2968 5113 Dimittite,
2999 5048 3187 5117 inquit,
3213 5059 3259 5103 et
3282 5051 3557 5106 dimittetur
3575 5054 3742 5120 vobis;

2162 5133 2304 5199 date,
2335 5145 2381 5188 et
2406 5135 2606 5190 dabitur
2630 5137 2766 5191 vobis
2792 5137 2937 5209 (Luc.
2965 5154 3021 5194 vr
3039 5181 3054 5207 ,
3080 5140 3170 5204 37,
3197 5140 3313 5212 38).
3357 5143 3742 5213 Superessultat

2161 5234 2328 5278 autem
2369 5226 2711 5281 misericordia
2742 5229 2940 5297 judicio
2969 5245 2989 5284 :
3023 5246 3128 5284 non
3167 5231 3363 5286 dictum
3404 5241 3520 5300 est,
3566 5233 3743 5290 Vincit

2161 5316 2520 5372 misericordia
2543 5319 2820 5386 judicium,
2852 5335 2954 5374 non
2983 5328 3235 5376 enim'est
3263 5323 3482 5378 adversa
3505 5324 3740 5395 judicio;

2161 5407 2276 5474 sed,
2305 5410 2688 5479 superexsultat,
2721 5411 2840 5479 quia
2869 5411 3044 5480 plures
3071 5428 3166 5482 per
3188 5414 3602 5470 misericordiam
3629 5418 3739 5472 δοιά

2160 5498 2424 5568 ligantur,
2465 5500 2558 5555 sed
2592 5503 2678 5571 qui
2711 5503 3125 5558 misericordiam
3168 5507 3546 5574 prwstiterunt.
3591 5509 3739 5566 Beati

2224 5703 2241 5736 ι
2276 5709 2381 5752 uss.
2405 5701 2649 5761 undecim,-
2671 5711 2827 5763 magts
2847 5700 3058 5753 unumne
3080 5702 3363 5767 peccmerit.
