4154 6354
403 340 500 398 ’Νι

400 455 546 510 enim
605 454 1012 522 misericordes,
1079 455 1201 526 quia
1258 455 1386 526 ipsis
1445 457 1782 513 miserebitur
1839 459 1980 528 Deus

401 544 615 615 (Matth.
640 560 693 610 ν,
723 545 802 614 7).

470 636 562 692 20.
603 637 670 692 Et
716 637 816 691 hoc
861 637 1283 707 utique.justum
1326 647 1442 706 est,
1477 647 1538 694 ut
1562 639 1855 694 dimittatur
1881 630 1978 706 eis,

401 726 522 797 quia
552 725 901 792 dimiserunt;
933 735 986 782 et
1012 728 1172 782 detur
1198 730 1311 795 eis,
1357 731 1480 799 quia
1517 729 1796 784 dederunt.
1843 730 1983 784 inest

400 823 598 888 quippe
621 818 731 873 Deo
753 826 808 874 et
832 818 1192 873 misericordia
1220 819 1494 888 iudicanti,
1526 812 1580 874 et
1602 819 1855 889 judicium
1878 821 1980 874 mi-

401 907 620 962 seranti.
653 906 877 976 Propter
901 904 1044 977 quod
1069 907 1118 962 ei
1145 907 1367 975 dicitur,
1397 901 1795 963 Misericordiam
1820 918 1867 962 et
1884 911 1980 979 ju-

392 996 588 1050 dicium
614 995 823 1051 cantabo
842 997 953 1063 tibi,
975 996 1194 1052 Domine
1219 997 1386 1070 (Psal.
1410 1014 1461 1064 α,
1485 999 1538 1066 1)
1564 1016 1581 1054 :
1604 1015 1726 1054 nam
1746 1001 1980 1070 quisquis

400 1087 544 1141 velut
571 1087 791 1142 nimium
814 1086 991 1156 justus
1017 1088 1270 1155 judicium
1299 1089 1418 1145 sine
1441 1090 1802 1146 misericordia
1831 1091 1980 1160 quasi

399 1191 623 1232 securus
647 1168 955 1246 esspe‘ctat‘,
983 1178 1113 1231 iram
1136 1175 1481 1247 justissimam
1509 1189 1794 1248 provocat,
1822 1196 1978 1250 quam

397 1268 596 1321 timens
623 1267 710 1322 ille
735 1267 901 1332 dixit,
943 1265 1027 1320 Ne
1050 1268 1206 1322 intres
1234 1269 1286 1322 in
1305 1268 1560 1338 judicium
1583 1285 1695 1322 cum
1721 1285 1862 1323 servo
1896 1273 1980 1322 tito

401 1355 573 1428 (Psal.
619 1371 794 1420 cxut,
829 1355 923 1428 2).
969 1355 1124 1412 Unde
1165 1357 1362 1412 dicitur
1401 1360 1596 1428 pepulo
1642 1359 1975 1424 contumaci,

392 1436 539 1511 Quid
563 1445 710 1500 vultis
732 1461 924 1499 mecum
935 1447 1133 1515 judicio
1151 1444 1451 1502 contendere
1480 1447 1609 1518 (Jer.
1629 1463 1685 1512 ll,
1707 1446 1827 1519 9.9)?
1848 1445 1976 1502 Cum

388 1535 540 1589 ‘ouim
579 1551 672 1590 rex
709 1535 884 1605 justus
921 1537 1120 1590 sederit
1161 1537 1212 1591 in
1254 1538 1479 1604 throno,
1517 1539 1634 1607 quis
1672 1539 1980 1608 gloriabitur

387 1625 601 1680 'castum
632 1641 692 1682 se
724 1626 920 1680 haltere
948 1627 1078 1680 cor?
1106 1633 1198 1680 aut
1237 1627 1354 1698 quis
1390 1628 1699 1697 gloriabitur
1726 1628 1981 1683 mundum-
2019 1643 2024 1648 ‘
2077 1645 2080 1648 ’

398 1721 457 1772 'se
480 1722 601 1773 esSe
624 1733 653 1770 a
676 1719 941 1788 peccato?
970 1719 1097 1786 Quae
1127 1719 1285 1789 igitur
1312 1735 1434 1788 spes
1457 1709 1560 1784 est,
1595 1720 1694 1774 nisi
1720 1717 1977 1789 superes—

404 1796 565 1862 sultet
581 1807 948 1864 misericordia
969 1809 1206 1878 judicio?
1229 1808 1333 1864 Sed
1358 1825 1482 1878 erga
1514 1810 1631 1863 illos
1656 1810 1742 1879 qui
1769 1803 1978 1864 miseri-

396 1891 635 1952 cordiam
674 1893 947 1964 le‘cerunt,
992 1899 1251 1954 veraciter
1290 1899 1547 1965 dicendo,
1588 1896 1798 1953 Dimitte
1837 1899 1982 1954 nobis

397 1985 560 2039 debita
589 1984 792 2053 nostra,
815 1989 954 2041 "sicut
980 1997 1025 2042 et
1053 1991 1145 2042 nos
1167 1988 1496 2052 dimittimus;
1523 1996 1576 2044 et
1601 1989 1718 2043 sine
1747 2001 1981 2043 murmu-

397 2079 604 2133 ratione
645 2077 856 2143 dando;
907 2079 1129 2134 hilarem
1173 2079 1313 2134 enim
1355 2079 1592 2133 datorem
1632 2079 1800 2150 diligit
1838 2077 1982 2135 Deus

393 2166 466 2237 '(ll
491 2167 607 2222 Cor.
634 2183 722 2235 ix,
756 2170 831 2240 7).
877 2171 1113 2239 Denique
1151 2182 1366 2225 sanctus
1389 2169 1617 2226 Jacobus
1641 2170 1750 2240 jam
1782 2186 1844 2225 ex
1877 2171 1982 2225 isto

397 2258 516 2312 loco
541 2257 608 2312 de
633 2258 1011 2313 misericdrdia:
1051 2260 1302 2328 operibus
1342 2260 1608 2329 loquitur,
1639 2268 1696 2314 ut
1731 2276 1864 2330 quos
1890 2265 1978 2315 ve-

396 2347 675 2402 hementer
718 2348 805 2402 illa
848 2350 1108 2403 sententia
1150 2356 1444 2415 terruerat,
1489 2351 1827 2416 consoletur;
1857 2365 1978 2405 cum

395 2436 646 2492 admonet
668 2437 934 2507 quomodo
954 2440 1112 2492 etiam
1140 2439 1442 2508 quotidiana
1468 2447 1704 2509 peccata,
1728 2441 1843 2494 sine
1862 2441 1980 2507 quis

396 2516 498 2585 luis
525 2529 611 2582 hic
636 2545 740 2583 non
771 2530 998 2593 vivitur,
1031 2531 1350 2600 quotidiauis
1376 2531 1625 2585 remediis
1662 2533 1975 2600 expientur:

397 2634 465 2672 ne
488 2605 670 2683 homo,
699 2619 789 2688 qui
818 2632 938 2674 cum
971 2621 1019 2672 in
1051 2635 1157 2674 uno
1183 2620 1464 2674 offenderit
1489 2619 1546 2672 iit
1570 2620 1803 2674 onmium
1831 2635 1973 2687 reus,

397 2708 450 2762 lu
479 2708 659 2763 multis
686 2709 1004 2763 oll'endend'o
1033 2710 1172 2778 (quia
1189 2711 1242 2763 in
1267 2707 1440 2764 multis
1459 2703 1762 2776 offendimus
1781 2710 1976 2779 omnes)

396 2806 612 2866 propter
640 2814 882 2867 magnum
914 2808 1157 2868 aggerem
1200 2808 1377 2854 reatus
1410 2801 1490 2854 sui
1530 2800 1823 2854 minutatim
1862 2801 1978 2854 coli-

396 2887 590 2941 leetum
612 2929 626 2951 ,
657 2887 720 2940 ad
755 2888 981 2942 tribunal
1019 2889 1148 2942 tanti
1185 2888 1378 2956 judicis
1416 2889 1751 2958 perveniat‘,
1779 2898 1832 2942 et
1859 2904 1976 2943 eam

396 2994 556 3047 quam
584 2994 690 3032 non
719 2979 861 3043 fecit,
890 2979 1304 3034 misericordiam
1335 2995 1440 3034 non
1470 2979 1733 3045 inveniat;
1762 2979 1853 3032 sed
1881 2993 1975 3048 po-

397 3072 501 3125 tius
547 3071 860 3126 dimittendo
901 3078 1062 3139 atque
1102 3071 1277 3125 dando
1327 3079 1594 3125 mereatur
1639 3071 1739 3125 sibi
1783 3071 1979 3126 dimitti

398 3169 641 3231 peccata,
674 3161 927 3230 reddique
955 3162 1232 3229 promissa.

467 3248 560 3304 21.
599 3250 760 3305 Multa
787 3250 930 3316 dixi,
961 3250 1152 3320 quibus
1179 3250 1271 3304 tibi
1300 3249 1510 3304 aedium
1540 3248 1779 3304 fortassis
1812 3249 1977 3305 iniere

398 3356 510 3396 rem
529 3383 547 3408 ,
578 3342 666 3412 qui
705 3339 855 3407 lucc,
899 3359 1017 3412 qua:
1045 3352 1218 3396 tamen
1243 3343 1504 3410 approbas
1523 3382 1539 3406 ,
1572 3357 1674 3396 non
1703 3351 1976 3411 exspectas

397 3433 642 3500 discere,
671 3433 815 3505 quod
850 3447 913 3488 ea
946 3433 1138 3488 docere
1165 3434 1504 3488 consuevisti.
1551 3433 1606 3487 Si
1641 3433 1765 3503 quid
1801 3445 1974 3489 autem

397 3531 481 3576 est
505 3523 554 3575 in
577 3523 676 3589 eis,
705 3532 957 3592 quantum
983 3521 1050 3576 ad
1078 3537 1188 3577 rem
1216 3522 1382 3592 ipsam
1406 3522 1631 3592 pertinet
1655 3540 1670 3588 ;
1697 3538 1814 3577 nam
1837 3524 1976 3592 quali

397 3613 607 3682 eloquio
646 3613 903 3682 explicata
945 3614 1080 3679 sint,
1113 3629 1217 3668 non
1249 3615 1405 3668 nimis
1431 3630 1593 3680 curo;
1623 3615 1668 3668 si
1696 3614 1821 3684 quid
1851 3627 1978 3684 ergo

399 3703 451 3757 in
479 3705 558 3758 eis
579 3713 679 3767 est,
707 3704 846 3774 quod
877 3705 1222 3760 eruditionem
1253 3705 1486 3760 oﬂ'endat
1514 3715 1678 3772 tuam,
1709 3721 1891 3776 quaiso
1921 3716 1979 3760 ut

399 3795 742 3851 rescribendo
766 3795 1076 3862 admoneas,
1105 3806 1158 3851 et
1187 3811 1272 3852 me
1294 3798 1560 3865 corrigere
1593 3812 1695 3850 non
1719 3797 1974 3866 graveris.

401 3883 585 3940 infelix
613 3894 694 3940 est
719 3887 859 3940 enim
889 3887 978 3956 qui
1015 3901 1120 3941 non
1159 3895 1334 3940 tantos
1374 3897 1428 3940 et
1464 3895 1571 3940 tam
1611 3897 1824 3942 sanctos
1862 3897 1981 3939 ῑιιοι

399 3993 512 4030 rum
551 3976 845 4032 studiorum
884 3977 1092 4032 labores
1130 3984 1186 4032 et
1209 3976 1365 4046 digne
1395 3977 1653 4042 honorat,
1692 3986 1746 4031 et
1791 3977 1858 4031 de
1896 3977 1977 4030 bis

399 4067 622 4122 Domino
658 4069 767 4122 Deo
807 4076 990 4122 nostro
1024 4068 1174 4136 cujus
1221 4082 1441 4122 munere
1487 4067 1607 4123 talis
1648 4082 1740 4132 es,
1783 4069 1978 4136 gratias

396 4161 521 4227 agit.
554 4159 708 4214 Unde
745 4173 864 4212 cum
909 4159 1159 4213 libentius
1200 4157 1422 4212 debeam
1453 4172 1481 4211 a
1511 4157 1747 4225 quolibet
1775 4159 1978 4213 discere

397 4252 540 4319 quod
569 4251 821 4304 inutiliter
846 4251 1061 4318 ignoro,
1094 4263 1251 4319 quam
1279 4249 1572 4316 promptius
1600 4249 1862 4316 quoslibet
1884 4249 1983 4302 do-

397 4357 524 4396 cere
561 4341 698 4410 quod
737 4342 880 4404 seio;
913 4352 1110 4410 quanto
1135 4340 1328 4410 justius
1356 4340 1450 4394 abs
1480 4348 1531 4393 te
1571 4340 1672 4394 hoc
1707 4340 1979 4396 charitatis

397 4431 633 4486 debitum
661 4429 835 4500 ﬂagito
853 4473 866 4492 ,
897 4430 1049 4500 cujus
1077 4430 1338 4495 doctrina,
1371 4427 1425 4483 in
1451 4430 1667 4484 nomine
1689 4439 1742 4485 et
1767 4429 1978 4498 adjuto-

399 4522 479 4575 rio
506 4521 745 4586 Domini,
779 4529 977 4575 tantum
1009 4521 1062 4574 in
1089 4521 1249 4574 latina
1277 4520 1454 4589 lingua
1490 4519 1862 4574 ecclesiastica:
1891 4521 1979 4574 lit-

401 4621 528 4666 tera!
551 4611 744 4680 adjuta:
763 4621 906 4679 sunt,
928 4618 1180 4681 quantum
1202 4624 1468 4680 nunquam
1489 4617 1640 4664 antea
1668 4613 1976 4679 potuerunt!

402 4703 626 4756 Maxime
667 4711 842 4758 tamen
888 4703 1040 4757 istam
1083 4701 1431 4766 sententiam,
1479 4699 1788 4770 Quicumque
1827 4711 1982 4756 totam

401 4793 558 4862 legem
601 4793 897 4856 servaverit,
947 4791 1171 4860 oﬂ'endat
1212 4801 1381 4846 autem
1422 4793 1477 4845 in
1522 4807 1623 4845 uno
1643 4833 1660 4858 ,
1708 4793 1870 4860 factus
1909 4802 1982 4847 est

401 4886 622 4938 omnium
653 4902 802 4952 reus,
832 4885 878 4941 si
917 4899 1021 4955 quo
1053 4886 1156 4938 alio
1195 4885 1356 4939 modo
1390 4884 1582 4953 exponi
1613 4885 1801 4938 melius
1827 4899 1983 4953 posse

404 4975 549 5027 novit
575 4985 660 5029 tua
690 4976 927 5039 Dilectio,
958 4990 1052 5044 per
1085 4975 1362 5028 Dominum
1391 4973 1614 5028 obsecro
1644 4985 1697 5028 ut
1727 4973 1780 5029 id
1805 4975 1983 5030 uobis-

402 5079 522 5118 cum
551 5066 944 5121 communicare
968 5065 1222 5133 digneris.

794 5155 1116 5212 EPISTOLA
1155 5153 1408 5211 eumn
1435 5159 1454 5180 ·
1490 5156 1592 5228 (a).

404 5244 656 5302 Timasius
707 5257 754 5300 et
799 5247 1021 5301 Iacobus
1058 5247 1374 5317 Augustino,
1414 5248 1603 5317 gratias
1649 5258 1850 5318 agentes
1895 5262 1984 5318 pro

475 5338 664 5408 scripto
691 5338 814 5409 ipsis
841 5337 967 5391 libro
1002 5336 1067 5391 de
1103 5336 1306 5390 Natura
1339 5346 1384 5390 et
1425 5335 1632 5402 Gratia,
1662 5338 1898 5394 adversus
1924 5339 1990 5395 li-

471 5449 490 5481 ι
522 5454 628 5499 uss.
652 5446 850 5512 aliquot,
871 5449 1046 5515 emissa
1060 5461 1179 5515 voce
1200 5452 1412 5515 propter,
1430 5448 1613 5515 habent
1632 5451 1704 5515 sic
1725 5464 1739 5499 :
1767 5459 1988 5515 Magnum

406 5521 630 5582 aggerem
657 5508 832 5582 reatus
851 5510 928 5560 sui
954 5508 1224 5560 minutatim
1255 5508 1504 5560 collectum
1525 5512 1588 5561 ad
1621 5510 1832 5562 tribunal
1842 5508 1987 5565 ἰωιεὶ

399 5569 588 5633 iudicis
611 5571 850 5636 pervenat.

476 5633 495 5696 ξ
525 5641 627 5696 Huc
649 5633 874 5696 translata
901 5639 978 5682 est
1001 5645 1063 5682 ex
1078 5629 1210 5696 libro
1231 5631 1295 5682 de
1316 5632 1472 5682 Gestis
1493 5631 1692 5696 Pelagii.

469 5693 543 5757 (a)
575 5701 637 5759 Ex
662 5693 745 5759 lin.
770 5695 834 5743 de
845 5702 987 5759 ,cest,
1003 5694 1188 5759 Pelagii
1211 5708 1224 5747 :
1251 5706 1362 5758 quae
1403 5701 1570 5745 autem
1594 5693 1683 5744 1'68
1707 5701 1830 5759 erat,
1855 5709 1982 5747 nunc

408 5753 488 5805 3i.
513 5753 690 5819 Scripta
713 5755 836 5805 forte
850 5753 936 5804 an.
963 5753 1068 5804 415.

1561 341 1885 398 EPISTULA
1896 342 2036 398 DUM
2076 343 2343 402 σωθείς
2382 346 2466 400 ΙΙΙ.

3556 363 3660 419 7η

2158 461 2339 516 bellant
2365 463 2593 536 Pelagii,
2628 476 2858 523 naturam
2888 488 2984 526 son
3013 472 3119 527 sine
3152 475 3326 544 gratia
3349 476 3535 532 invidia
3567 483 3654 535 dc-

2156 556 2423 625 laudantis.

2084 644 2309 700 Domino
2330 664 2454 703 vere
2473 649 2798 717 beatissimo,
2818 661 2872 707 et
2887 655 3078 709 merito
3094 657 3374 711 venerabili
3394 661 3525 727 patri
3552 662 3658 730 epi-

2153 751 2315 807 scopo
2341 741 2658 808 Ancos-ravo,
2683 743 2930 799 'l‘tussws
2958 755 3011 799 et
3037 745 3265 801 Jacosus
3283 788 3297 812 ,
3340 749 3391 803 in
3431 750 3657 806 Domino

2153 830 2396 885 salutem.

2153 919 2186 974 Ι
2190 931 2238 975 ια
2273 939 2361 977 nos
2388 925 2556 995 refecit
2585 935 2630 980 et
2657 927 2892 981 recreavit
2920 931 3081 999 gratia
3104 928 3199 984 Dei
3217 970 3231 994 ,
3262 932 3540 986 ministrata
3569 951 3656 1003 per

2083 1011 2282 1065 verbum
2308 1022 2466 1077 tuum,
2495 1023 2548 1066 ut
2573 1028 2774 1084 prorsus
2801 1019 3022 1086 germani
3050 1017 3276 1072 dicamus
3293 1060 3310 1086 ,
3343 1039 3362 1073 ι
3392 1021 3529 1074 Misit
3551 1038 3660 1076 ver-

2077 1099 2196 1154 bum
2220 1118 2363 1154 suum
2379 1144 2394 1168 ,
2417 1112 2462 1156 et
2486 1106 2677 1158 sanavit
2702 1122 2784 1169 eos
2809 1126 2826 1158 ι
2852 1106 3023 1173 (Psal.
3048 1121 3153 1170 Cvr,
3176 1108 3266 1181 9.0)
3284 1149 3300 1175 ,
3322 1110 3520 1164 domine
3546 1112 3661 1165 bea-

2085 1191 2297 1257 tissime,
2329 1203 2375 1246 et
2411 1195 2584 1246 merito
2620 1184 2914 1250 venerabilis
2950 1207 3110 1266 pater.
3144 1199 3282 1254 Sane
3307 1216 3367 1252 ea
3400 1199 3659 1270 diligentia

2078 1285 2343 1338 ventilasse
2374 1281 2699 1340 Sanctitalem
2734 1298 2869 1341 tuam
2907 1299 3092 1342 textum
3133 1291 3352 1360 ejusdem
3391 1292 3545 1345 libelli
3578 1307 3658 1344 re-

2083 1374 2322 1443 perimus,
2357 1384 2408 1426 ut
2433 1374 2500 1426 ad
2525 1376 2746 1446 singulos
2775 1379 2940 1446 apices
2967 1395 3205 1448 responsa
3232 1381 3424 1434 reddita
3451 1387 3660 1451 stupea-

2081 1480 2212 1524 mus,
2236 1465 2336 1517 sive
2357 1465 2409 1517 in
2430 1466 2506 1518 bis
2526 1482 2637 1533 qua:
2656 1469 2890 1536 refutare,
2917 1468 3170 1534 detestari,
3196 1477 3283 1522 aut
3304 1475 3472 1540 fugere
3492 1472 3664 1524 deceat

2077 1550 2408 1606 ‘cltristianum
2425 1569 2445 1617 ,°
2473 1554 2575 1608 sive
2606 1555 2659 1608 in
2685 1553 2786 1609 illis
2815 1557 2866 1610 in
2907 1558 3083 1626 quibus
3120 1575 3219 1612 non
3253 1561 3373 1612 satis
3413 1561 3659 1614 invenitur

2082 1659 2275 1697 errasse
2293 1685 2309 1711 ,
2335 1647 2560 1716 quamvis
2588 1647 2750 1700 nescio
2778 1663 2878 1716 qua
2906 1646 3206 1714 calliditate,
3237 1650 3288 1702 in
3316 1651 3440 1719 ipsis
3466 1662 3660 1720 quoque

2080 1734 2299 1803 gratiam
2321 1733 2412 1787 Dei
2436 1735 2645 1788 credidit
2668 1736 3099 1806 supprimendum.
3130 1736 3235 1792 Sed
3259 1754 3413 1790 unum
3434 1737 3660 1808 estquod

2079 1824 2242 1877 nasia
2265 1833 2404 1877 tanto
2431 1824 2666 1892 beneﬁcio
2691 1821 2859 1896 afﬁcit,
2882 1828 3000 1897 quia
3029 1827 3174 1880 tarde
3201 1827 3294 1881 lto'e
3321 1839 3424 1881 tam
3449 1828 3661 1898 prtecla-

2082 1931 2194 1967 rum
2222 1915 2400 1986 gratim
2436 1914 2533 1969 Dei
2561 1933 2744 1972 munus
2767 1917 2958 1984 effulsit
2995 1935 3014 1973 :
3048 1920 3291 1989 siquidem
3326 1922 3530 1991 contigit
3571 1921 3661 1973 ab-

2081 2001 2240 2058 sentes
2263 2006 2374 2074 ]ieri
2393 2006 2656 2076 quosdam,
2679 2019 2889 2076 quorum
2909 2010 3120 2064 caecitati
3138 2011 3233 2063 ista
3258 2021 3360 2063 tam
3382 2011 3660 2080 perspicuas

2081 2088 2298 2151 veritatis
2322 2098 2591 2152 illustratio
2617 2099 2875 2154 deberetur
2901 2099 3016 2174 (a);
3039 2098 3106 2154 ad
3133 2119 3253 2172 quos
3274 2145 3287 2168 ,
3317 2104 3410 2156 etsi
3443 2105 3654 2164 tardius,

2081 2194 2180 2238 non
2214 2186 2483 2257 diffidimus
2518 2189 2737 2258 propitio
2763 2187 2870 2242 Deo
2892 2190 3117 2242 eamdem
3142 2193 3357 2261 gratiam
3387 2195 3656 2261 pervenire,

2080 2276 2294 2344 quivult
2331 2293 2502 2330 onmes
2540 2278 2762 2331 homines
2800 2280 2965 2333 salvos
3003 2281 3147 2347 ﬁeri,
3185 2291 3230 2333 et
3263 2281 3330 2333 ad
3357 2283 3661 2351 agnitionem

2081 2361 2298 2416 veritatis
2319 2366 2484 2418 venire
2512 2366 2554 2435 (Ι
2578 2364 2709 2418 Tim.
2737 2381 2794 2430 ιι,
2817 2364 2893 2439 4).
2929 2366 3036 2420 Nos
3058 2382 3192 2432 vero,
3219 2370 3313 2421 etsi
3337 2370 3456 2422 olim
3481 2371 3660 2439 spiritu

2081 2455 2352 2520 claritatis,
2385 2457 2470 2525 qui
2508 2457 2562 2510 in
2591 2466 2639 2510 te
2661 2467 2734 2510 est
2753 2499 2768 2522 ,
2797 2458 2959 2522 docti,
2990 2461 3346 2528 snbjection'em
3383 2462 3490 2526 eius
3517 2461 3659 2531 obje-

2081 2548 2292 2601 cerimus
2318 2549 2518 2611 erroris,
2547 2549 2601 2602 in
2625 2549 2718 2602 ltoc
2739 2551 2892 2603 etiam
2916 2561 3048 2604 nunc
3074 2553 3263 2619 gratias
3288 2553 3502 2622 agimus,
3527 2555 3660 2618 quod

2081 2638 2187 2690 lites
2213 2650 2325 2708 qua:
2349 2647 2464 2692 ante
2488 2639 2812 2707 credidimus,
2845 2657 2977 2694 nunc
3005 2643 3119 2695 aliis
3147 2643 3342 2711 aperire
3367 2643 3655 2710 didicimus,

2080 2727 2210 2779 viant
2249 2728 2504 2797 facilitatis
2551 2728 2773 2783 uberiore
2817 2730 3109 2785 Sanctitatis
3147 2741 3244 2794 tua;
3279 2749 3505 2786 sermone
3534 2750 3663 2803 panv

2081 2818 2245 2872 dente.
2281 2820 2348 2872 Et
2380 2819 2480 2872 alia
2509 2835 2666 2874 manu
2707 2837 2722 2875 :
2763 2819 3074 2874 Incolumem
3102 2819 3470 2881 Beatitudinem
3498 2835 3658 2892 tuam,

2081 2913 2333 2980 nostrique
2358 2927 2642 2976 memorem,
2666 2911 3007 2965 misericordia
3030 2911 3127 2965 Dei
3147 2915 3305 2966 nostri
3330 2915 3575 2984 glori/Scel
3605 2898 3660 2969 iis

2081 3009 2339 3055 aeternum.

2503 3107 2830 3170 EPISTULA
2865 3114 3108 3170 CLXIX‘
3135 3115 3228 3186 (θ).

2081 3223 2388 3294 Augustinus
2421 3225 2611 3279 Evodio
2636 3267 2650 3291 ,
2681 3226 2988 3296 respondens
3014 3227 3082 3279 ad
3109 3227 3236 3281 duas
3259 3229 3573 3298 qumstiones,
3597 3230 3660 3283 de

2151 3316 2426 3377 Trinitate,
2454 3327 2499 3370 et
2525 3317 2587 3370 de
2622 3317 2852 3370 columba
2883 3319 2934 3371 in
2963 3335 3059 3386 qua
3100 3316 3322 3387 Spiritus
3345 3329 3547 3373 sanctus
3573 3320 3660 3372 de-

2152 3417 2457 3461 monstratus
2474 3418 2566 3471 est;
2583 3409 2763 3461 docens
2784 3409 3121 3478 difficilior-um
3147 3410 3490 3478 hujuscemodi
3517 3413 3658 3478 qutt-

2151 3501 2368 3552 stionum
2406 3498 2785 3569 intelligentiam
2820 3499 3021 3551 minime
3066 3498 3398 3552 necessariam
3445 3509 3550 3553 esse
3591 3498 3658 3554 ad

2155 3593 2387 3647 salutem.

2255 3705 2596 3759 Aoousrtsus
2633 3703 2946 3775 episcopus,
2979 3702 3183 3758 Evooto
3212 3703 3481 3771 episrolio.

2155 3810 2308 3869 CA'P.
2336 3813 2695 3869 PRIMUM.—
2715 3814 2765 3867 l.
2783 3812 2836 3869 Si
2858 3827 2920 3869 ea
2941 3829 3060 3881 quae
3080 3829 3166 3868 me
3181 3813 3346 3881 magis
3373 3821 3655 3883 occupant,

2081 3921 2109 3958 a
2127 3906 2318 3975 quibus
2344 3906 2395 3958 in
2425 3905 2566 3959 aliud
2586 3904 2753 3958 averti
2781 3904 2922 3965 nolo,
2947 3903 3208 3957 Sanctitas
3237 3915 3322 3957 tua
3348 3919 3504 3958 nosse
3532 3905 3660 3960 tanti

2085 3995 2260 4060 habet,
2294 3995 2444 4048 mitte
2481 3996 2709 4063 aliquem
2757 3994 2846 4062 qui
2895 3994 2988 4048 tibi
3028 3993 3312 4048 describat.
3364 3993 3480 4048 iam
3521 3997 3658 4050 cuin:

2084 4089 2231 4156 plura
2262 4088 2491 4154 perlecta
2530 4094 2687 4150 sunt,
2719 4101 2836 4153 qua:
2865 4085 2966 4138 hoc
2990 4100 3132 4138 anno
3160 4093 3284 4138 ante
3315 4086 3506 4152 pascha
3537 4101 3661 4153 pro.

2083 4179 2371 4245 pinquante
2413 4175 2817 4244 quadragesima
2862 4190 2891 4227 a
2943 4173 3096 4227 nobis
3138 4174 3344 4228 fuerant
3395 4175 3661 4230 inchoata.

2082 4265 2214 4319 Nam
2246 4265 2414 4318 tribus
2440 4265 2544 4316 illis
2579 4264 2726 4318 libris
2756 4264 2822 4318 de
2845 4263 3067 4318 Civitate
3098 4263 3226 4329 Dei,
3257 4272 3439 4317 contra
3465 4263 3664 4318 daemo-

2085 4353 2286 4408 nicolas
2328 4353 2571 4407 inimicos
2611 4353 2726 4420 ejus
2745 4393 2760 4417 ,
2791 4351 2924 4406 duos
2949 4353 3083 4406 alios
3106 4353 3400 4407 addidimus
3429 4370 3443 4407 :
3473 4355 3665 4424 quibus

2083 4445 2316 4515 quinque
2357 4445 2504 4498 libris
2529 4446 2658 4499 satis
2689 4444 3011 4513 disputatum
3036 4445 3265 4500 arbitror
3298 4445 3548 4500 adversus
3571 4461 3666 4500 eos

2084 4537 2173 4606 qui
2213 4545 2428 4606 propter
2452 4536 2732 4606 pra-sentis
2771 4535 2888 4588 vita:
2917 4533 3215 4589 felicitatem
3252 4535 3380 4589 deos
3413 4535 3666 4590 colendus

2087 4635 2526 4698 putant,eamque
2549 4625 2848 4680 felicitatem
2872 4640 2901 4677 a
2929 4625 3079 4678 nobis
3105 4625 3344 4693 impediri
3366 4626 3662 4694 opinantes,

2085 4720 2378 4774 christiano
2407 4719 2607 4772 nontini
2627 4717 2800 4772 infesti
2822 4726 2962 4771 sunt.
2990 4717 3242 4785 Deinceps
3262 4717 3541 4770 dicendum
3561 4727 3664 4781 est,

2085 4811 2221 4866 sicut
2251 4811 2420 4880 primo
2444 4808 2579 4864 libro
2606 4808 2821 4878 polliciti
2847 4822 3029 4861 sumus
3063 4805 3166 4876 (De
3197 4805 3342 4861 Civit.
3374 4805 3490 4871 Dei,
3508 4807 3596 4859 lib.
3627 4821 3664 4870 ι,

2086 4919 2134 4955 c.
2163 4901 2278 4972 56),
2305 4899 2560 4954 adversus
2585 4913 2681 4952 eos
2714 4898 2803 4966 qui
2835 4906 3046 4964 propter
3084 4898 3241 4948 vitam
3283 4905 3400 4963 post
3443 4905 3665 4950 mortem

2086 4989 2314 5046 futuram
2345 4987 2701 5043 necessarium
2733 4987 3037 5041 existiu'iaut
3073 4985 3269 5038 cultum
3297 4985 3515 5039 deorum
3537 5001 3665 5040 suo-

2152 5126 2172 5145 '
2205 5132 2330 5174 Hanc
2352 5120 2716 5172 emendavimus
2758 5119 2816 5167 ad
2838 5116 2908 5167 bl.
2953 5115 3001 5165 ﬂ‘.
3027 5128 3102 5166 ve.
3129 5122 3233 5164 tres
3255 5129 3302 5164 ν.
3328 5123 3429 5164 Am.
3454 5115 3563 5164 ωδ.
3589 5122 3646 5164 Er

2087 5187 2406 5249 Lov.,quibus
2425 5183 2630 5232 accessit
2648 5187 2733 5230 Ms.
2755 5177 3001 5241 Sulpitiani
3023 5177 3225 5228 mohii
3249 5190 3315 5226 ex
3335 5176 3441 5226 ord.
3461 5177 3662 5227 Cisterc.

2151 5271 2203 5330 (a
2241 5275 2431 5330 «Ipsum
2450 5263 2696 5337 praecipue
2710 5260 2955 5326 Pelagium
3069 5261 3250 5332 itabant
3270 5259 3503 5332 1imasius
3525 5266 3576 5308 et
3597 5267 3668 5330 ,ιβ-

2151 5269 2318 5377 subus.
2361 5340 2471 5377 cum
2511 5325 2754 5377 dicerent.
2774 5325 2864 5372 hoc
2905 5337 2961 5372 se
2974 5273 3103 5371 Ἕω
3127 5319 3254 5377 quod
3277 5320 3414 5368 tarde
3447 5318 3583 5368 illum
3607 5321 3667 5368 lt-

2097 5348 2121 5378 ι
2141 5318 2318 5388 (Ξοῦυέ,
2361 5318 2471 5392 cuni
2511 5318 2754 5392 dicerent,
2774 5318 2864 5372 hoc
2905 5337 2961 5392 se
2983 5318 3103 5371 allici
3127 5319 3254 5392 quod
3277 5320 3427 5392 tarde.
3447 5318 3583 5390 illum
3607 5321 3667 5368 li-

2099 5409 2122 5437 (
2142 5392 2283 5440 brum
2303 5382 2640 5454 scripserim...
2664 5393 2842 5435 Nomen
2863 5385 3061 5454 quippe,
3086 5382 3165 5454 vel
3187 5382 3377 5454 nomina
3405 5382 3504 5454 ipsi
3547 5394 3670 5443 quo-

2099 5470 2122 5498 α
2148 5464 2247 5514 que
2267 5448 2424 5501 adhuc
2445 5449 2644 5498 tacenda
2668 5452 2980 5514 ptumorum,
2995 5451 3050 5514 ut
3060 5448 3260 5514 vivente
3279 5448 3504 5514 amicitia,
3530 5454 3668 5514 error

2099 5531 2123 5576 ᾳ
2146 5502 2311 5576 potius
2326 5502 2944 5576 morereturaiiricorum.)
2959 5502 3079 5554 Haec
3094 5505 3262 5576 yerba
3279 5509 3401 5576 sunt.
3414 5502 3668 5576 augustiai

2094 5562 2251 5623 in'lib.
2283 5562 2348 5623 de
2369 5572 2524 5621 Gestis
2545 5569 2743 5632 Pelagii,
2788 5582 2831 5618 c.
2856 5568 2917 5617 τ·ὶὸ
2931 5601 2948 5627 ,
2971 5565 3191 5630 proxime
3212 5571 3320 5628 post
3339 5562 3536 5614 allatuin
3559 5564 3666 5627 cpi-

2093 5634 2231 5685 ςιοιω
2253 5633 2518 5696 superioris
2541 5629 2836 5693 exemplum.
2922 5629 3000 5696 ﬂ;
3118 5695 3122 5696 ν
3360 5685 3423 5696 ___
3488 5691 3509 5696 _
3570 5689 3578 5696 ,

2157 5695 2230 5758 (b)
2254 5685 2377 5744 Alias
2405 5693 2529 5758 10:35
2554 5706 2664 5758 qua:
2691 5685 2872 5742 autem
2919 5689 3003 5740 169
3029 5695 3150 5752 erat,
3193 5699 3322 5740 nunc
3360 5685 3441 5738 35.
3485 5689 3666 5749 scripta

2099 5754 2314 5808 exeunte
2337 5768 2415 5805 an.
2441 5754 2548 5804 415.
