4154 6354
493 339 599 395 ’145

497 468 614 509 rum
635 493 650 518 ,
679 457 890 520 propter
929 461 1084 517 quam
1124 443 1281 499 vitam
1310 455 1406 496 nos
1434 436 1705 494 christiani
1731 449 1933 490 sumus.
1976 434 2067 486 Di—

500 543 635 596 ctavi
661 541 820 596 etiam
844 539 1004 594 trium
1029 537 1345 607 psalmorum
1368 528 1743 598 expositiones,
1762 540 1868 580 non
1897 523 2072 592 parvis

501 629 875 694 voluminibus,
901 625 1209 695 sexagesimi
1235 619 1474 689 septimi,
1492 615 1863 687 septuagesimi
1893 613 2068 682 primi,

497 721 871 791 septuagesimi
911 715 1140 786 septimi.
1169 711 1380 781 Reliqui
1408 709 1643 764 nondum
1687 706 1870 761 dictati
1901 718 2072 772 neque

503 808 1086 871 tractati.vehemeuter
1110 819 1139 856 a
1167 801 1319 856 nobis
1345 806 1716 869 exspectantur
1745 805 1902 864 atque
1928 792 2069 862 ﬂagi-

501 908 695 954 tantur.
724 898 804 952 Ab
842 897 923 949 bis
961 908 1048 948 me
1076 891 1313 947 revocari
1352 900 1407 944 et
1441 887 1718 953 retardari,
1751 883 2074 940 irruentibus

500 989 567 1044 de
597 998 898 1042 transverso
925 983 1249 1053 quibuslibet
1281 979 1689 1051 quaestionibus,
1721 977 1846 1031 nolo
1875 993 1888 1029 :
1923 975 1992 1028 ita
2019 982 2076 1028 ut

499 1095 600 1135 nec
637 1079 800 1132 libros
825 1075 892 1130 de
934 1073 1189 1128 Trinitate
1210 1113 1225 1139 ,
1255 1085 1389 1141 quos
1426 1069 1517 1124 diu
1565 1070 1617 1122 in
1652 1067 1894 1122 manibus
1922 1075 2076 1118 verso

501 1168 840 1236 nondumque
855 1164 1134 1234 complevi,
1162 1162 1318 1216 modo
1333 1159 1607 1215 attendere
1627 1159 1804 1220 velim,
1829 1155 2075 1224 quoniam

501 1257 659 1314 nimis
683 1257 893 1326 operosi
918 1265 1068 1318 sunt,
1105 1261 1160 1307 et
1183 1267 1213 1306 a
1244 1250 1422 1320 paucis
1446 1264 1538 1303 eos
1561 1247 1777 1316 intelligi
1809 1260 1961 1314 posse
1986 1259 2082 1306 ιιι-μ

500 1347 701 1411 bitror;
735 1346 872 1400 unde
909 1345 1077 1414 magis
1120 1351 1308 1412 urgent
1356 1354 1474 1409 qua:
1519 1337 1754 1407 pluribus
1779 1335 1924 1389 utilia
1961 1331 2076 1387 fore

501 1450 795 1506 speramus.

571 1527 626 1579 2.
654 1526 767 1580 Non
815 1525 977 1589 enim,
1025 1532 1085 1577 ut
1129 1521 1336 1586 scribis,
1387 1518 1487 1584 Qui
1524 1518 1736 1587 ignorat,
1767 1512 2077 1586 ignorabitur

502 1616 547 1688 (ι
572 1616 689 1672 Cor.
720 1633 829 1682 XIV,
863 1615 979 1684 58),
1010 1614 1074 1669 de
1101 1615 1200 1668 ha‘c
1237 1628 1295 1666 re
1332 1610 1463 1665 dixit
1493 1609 1797 1678 Apostolus,
1830 1615 2075 1674 tanquam

502 1711 602 1766 ista
625 1725 778 1780 pmna
807 1709 894 1763 ille
924 1705 1232 1778 plectendos
1260 1704 1348 1770 sit,
1376 1703 1462 1771 qui
1491 1716 1595 1755 non
1621 1700 1759 1753 valet
1783 1698 2078 1766 intelligen-

504 1803 576 1854 tia
602 1802 677 1854 sic
704 1800 1010 1855 discernere
1036 1795 1353 1851 inell'abilem
1379 1793 1653 1847 Trinitatis
1677 1790 1954 1855 unitatem,
1973 1788 2078 1842 sic-

505 1903 563 1946 ut
600 1891 921 1946 discernitur
961 1889 1014 1943 in
1043 1888 1220 1942 animo
1246 1892 1428 1939 nostro
1456 1883 1729 1945 memoria,
1759 1879 2072 1942 intellectus,

502 1983 746 2037 voluntas
770 1999 782 2035 :
809 1979 1017 2034 aliunde
1043 1979 1144 2032 hoc
1168 1976 1377 2031 dicebat
1403 1973 1710 2043 Apostolus.
1739 1971 1898 2040 Lege,
1927 1977 1980 2022 et
2003 1969 2080 2022 vi-

503 2073 655 2128 debis
679 2071 820 2141 quod
843 2087 904 2125 ea
933 2068 1262 2139 loquebatur,
1295 2082 1410 2136 quc
1442 2064 1597 2118 ﬁdem
1624 2064 1706 2117 vel
1740 2075 1915 2116 mores
1939 2060 2078 2114 mul-

505 2177 677 2220 torum
699 2163 1036 2226 tediﬁcarent,
1062 2177 1167 2214 non
1191 2174 1310 2228 quae
1336 2159 1419 2210 vix
1438 2155 1504 2210 ad
1524 2167 1832 2226 paucorum,
1857 2166 2080 2222 eamque

504 2257 767 2326 exiguam,
795 2253 1268 2323 quantulacumque
1290 2251 1342 2303 in
1365 2248 1464 2303 hac
1487 2249 1592 2302 vita
1619 2247 1686 2301 de
1711 2262 1770 2300 re
1801 2253 1940 2298 tanta
1961 2256 2080 2298 esse

506 2353 698 2415 potest,
731 2342 1129 2413 intelligentiam
1159 2339 1524 2409 pervenirent;
1558 2337 1608 2390 id
1649 2345 1760 2400 est,
1804 2343 1856 2389 ut
1887 2333 2080 2402 linguis

504 2435 782 2505 prophetia
810 2440 1224 2502 prmponeretur,
1255 2437 1315 2482 ut
1343 2443 1446 2482 non
1471 2427 1776 2497 perturbate
1809 2425 1897 2478 illa
1926 2439 2081 2492 gere-

504 2537 691 2582 rentur
713 2567 728 2591 ,
755 2529 900 2595 quasi
942 2525 1230 2596 prophetia:
1259 2523 1476 2593 Spiritus
1515 2523 1674 2576 etiam
1719 2521 1912 2575 invitos
1937 2518 2081 2587 loqui

503 2623 735 2685 cogeret,
766 2624 824 2670 ut
865 2616 1114 2670 mulieres
1151 2615 1202 2667 in
1252 2613 1473 2668 ecclesia
1519 2619 1773 2675 tacerent,
1821 2619 1876 2663 ut
1903 2610 2081 2663 omnia

503 2707 725 2762 honeste
753 2716 807 2762 et
833 2707 1118 2761 secundum
1145 2706 1386 2761 ordinem
1416 2704 1622 2759 ﬁerent.
1654 2703 1778 2758 Haec
1807 2719 1925 2757 cum
1955 2718 2082 2772 age-

503 2808 585 2853 ret
603 2837 617 2863 ,
649 2799 742 2863 ait,
786 2797 847 2852 Si
872 2800 983 2868 quis
1011 2797 1203 2850 videtur
1230 2813 1335 2850 esse
1361 2795 1623 2866 propheta,
1663 2803 1748 2847 aut
1784 2795 2080 2864 spirituatis,

502 2898 770 2960 cognoscat
798 2904 909 2958 qua:
933 2888 1094 2941 scribo
1119 2887 1272 2952 vobis,
1295 2887 1413 2955 quia
1439 2884 1644 2938 Domini
1669 2893 1738 2938 est
1765 2883 2082 2936 mandatum.

505 2979 567 3036 Si
590 2981 699 3050 quis
727 2992 891 3032 autem
908 2980 1122 3048 ignorat,
1141 2977 1454 3048 ignorabitur
1476 2992 1495 3030 :
1517 2977 1598 3029 his
1615 2975 1787 3030 verbis
1808 2989 2082 3042 coercens,

505 3078 559 3123 et
601 3069 667 3122 ad
711 3067 1267 3139 paciﬁcum-ordinem
1307 3080 1564 3120 revocans
1607 3066 1889 3134 inquietos,
1938 3073 2085 3119 tanto

504 3159 570 3214 ad
601 3160 914 3214 seditionem
949 3158 1235 3226 faciliores,
1270 3167 1466 3228 quanto
1505 3157 1604 3210 sibi
1634 3157 1945 3211 videbantur
1973 3157 2085 3225 spi—

505 3253 609 3308 ritu
635 3253 929 3314 cxcellere,
959 3267 1078 3306 cum
1105 3249 1458 3319 snperbiendo
1484 3258 1668 3303 cuneta
1697 3249 1994 3304 turbarent.
2025 3248 2086 3303 Si

503 3342 614 3411 quis
639 3357 766 3410 ergo
791 3341 983 3394 videtur
1010 3341 1254 3411 prop/tcta
1283 3355 1388 3393 esse
1410 3380 1422 3404 ,
1449 3347 1534 3390 aut
1564 3335 1861 3408 spiritantia,
1901 3355 2086 3409 cogno-

505 3442 632 3498 scat,
665 3431 850 3501 inquit,
873 3446 985 3500 qua:
1016 3430 1176 3484 scribo
1204 3429 1358 3496 vobis,
1385 3429 1502 3498 quia
1527 3425 1734 3482 Domini
1767 3438 1838 3483 est
1875 3429 2087 3481 manda-

506 3533 628 3577 tum.
662 3523 715 3577 Si
750 3522 867 3592 quis
891 3522 1096 3575 videtur
1120 3536 1259 3586 esse,
1291 3529 1343 3576 et
1369 3521 1545 3590 utique
1571 3535 1674 3573 non
1701 3529 1782 3574 est
1806 3537 1819 3572 :
1850 3535 1969 3572 nam
1997 3519 2086 3588 qui

507 3626 589 3668 est
611 3653 626 3679 ,
654 3614 768 3667 sine
809 3611 1137 3666 dubitatione
1179 3611 1483 3680 cognoscit,
1525 3626 1624 3664 nec
1651 3610 2010 3664 admonitione
2034 3618 2088 3665 et
2123 3619 2125 3621 ‘

507 3700 871 3756 cohortatione
899 3715 1031 3769 opus
1066 3700 1242 3765 habet,
1266 3701 1386 3769 quia
1417 3700 1592 3752 omnia
1613 3698 1832 3767 judicat,
1861 3708 1914 3752 et
1939 3713 1968 3750 a
1995 3714 2088 3753 nc-

507 3792 650 3847 tnine
685 3792 951 3860 judicalur
995 3789 1121 3863 (Id.
1163 3807 1220 3853 ιι,
1280 3790 1390 3860 15).
1432 3789 1511 3843 illi
1547 3805 1674 3858 ergo
1711 3790 1998 3844 seditiones
2036 3799 2088 3844 et

507 3882 930 3953 perturbationes
959 3881 1010 3934 in
1041 3881 1280 3935 Ecclesia
1319 3879 1582 3934 faciebant
1604 3921 1619 3944 ,
1661 3881 1750 3949 qui
1775 3880 2089 3935 videbantur

509 3987 627 4028 esse
648 3973 698 4026 in
720 3971 976 4034 Ecclesia,
998 3971 1138 4041 quod
1161 3986 1265 4025 non
1284 3980 1451 4025 erant.
1476 3971 1586 4026 llos
1599 3970 1754 4026 docet
1768 3986 2087 4040 cognoscere

509 4062 717 4117 Domini
742 4077 860 4117 esse
885 4062 1187 4115 mandatum
1211 4098 1226 4125 ,
1255 4062 1370 4128 quia
1403 4077 1505 4113 non
1531 4070 1601 4114 est
1633 4061 1890 4115 seditionis
1916 4060 2050 4115 Deus
2069 4103 2085 4129 ,

507 4153 596 4207 sed
626 4153 780 4222 pacis.
825 4149 888 4206 Si
925 4151 1037 4222 quis
1063 4160 1230 4204 autem
1255 4151 1486 4222 ignorat,
1517 4152 1857 4220 ignorabitur,
1889 4153 1938 4206 id
1968 4163 2083 4220 est,

509 4242 907 4311 improbabitur.
933 4241 1048 4297 Non
1065 4241 1205 4295 enim
1227 4241 1385 4302 Deus.
1410 4242 1453 4295 si
1479 4241 1544 4295 ad
1566 4242 1836 4295 scientiam
1863 4241 2083 4308 referas,

509 4332 716 4402 ignorat
742 4345 834 4385 eos
863 4331 1052 4400 quibus
1091 4331 1328 4385 dicturus
1369 4340 1484 4394 est,
1518 4330 1638 4384 Non
1668 4331 1780 4384 novi
1810 4347 1896 4384 vos
1937 4330 2083 4402 (Luc.

510 4435 610 4477 ιιιι
631 4463 646 4487 ,
676 4422 776 4491 27)
799 4439 814 4487 ;
841 4421 936 4476 sed
975 4436 1160 4476 eorum
1190 4422 1504 4491 improbatio
1533 4422 1635 4477 hoc
1668 4424 1829 4478 verbo
1854 4423 2088 4479 insinua-

508 4520 564 4564 ta
581 4518 680 4563 εει.

582 4599 635 4652 5.
675 4598 806 4652 Cum
834 4607 1006 4654 autem
1050 4599 1304 4654 Dominus
1327 4599 1488 4664 dicat,
1519 4599 1662 4654 Beati
1691 4603 1874 4655 mundo
1898 4603 2050 4657 corde
2069 4643 2083 4667 ,

506 4690 746 4758 quoniam
769 4691 868 4758 ipsi
898 4689 1059 4744 Deum
1094 4691 1326 4744 videbunt
1354 4691 1565 4762 (Matth.
1590 4708 1640 4758 v,
1663 4691 1739 4763 8).
1764 4708 1929 4762 eaque
1955 4693 2088 4748 visio

508 4779 659 4833 nobis
683 4780 735 4833 in
764 4780 866 4834 line
891 4796 1154 4836 summum
1181 4784 1457 4851 praemium
1485 4784 1850 4852 promittatur;
1881 4801 1980 4838 non
2006 4795 2088 4840 est

481 4870 868 4936 metuendum,
899 4871 943 4924 si
979 4887 1118 4925 nunc
1144 4872 1208 4926 ad
1235 4872 1518 4942 liquidum,
1546 4889 1661 4943 qtnc
1689 4875 1754 4928 de
1782 4875 1874 4928 Dei
1902 4885 2085 4929 natura

506 4961 795 5026 credimus,
824 4960 1131 5030 conspicere
1149 4978 1252 5016 non
1270 4963 1524 5026 valemus,
1551 4980 1617 5017 ne
1638 4965 1756 5018 inde
1777 4967 1846 5018 sit
1863 4964 2082 5029 dictum,

509 5050 610 5114 Qui
654 5051 886 5121 ignorat,
917 5051 1249 5121 ignorabitur.
1285 5052 1415 5118 Quia
1443 5055 1584 5108 enim
1625 5055 1678 5106 in
1706 5054 1960 5123 sapientia
1994 5054 2084 5108 Dei

505 5155 612 5194 non
639 5142 885 5209 cognovit
913 5141 1138 5197 mundus
1169 5157 1264 5210 per
1302 5142 1614 5212 sapientiam
1661 5144 1844 5209 Deum,
1893 5144 2087 5212 placuit

509 5229 616 5284 Deo
646 5245 740 5298 per
758 5231 1031 5285 stultitiam
1059 5231 1448 5300 praedicationis
1469 5233 1642 5285 salvos
1667 5233 1840 5286 facere
1864 5232 2082 5286 creden-

508 5329 604 5374 tes.
637 5319 761 5376 lltcc
785 5320 1001 5374 stultitia
1031 5321 1437 5394 praedicationis,
1467 5338 1529 5376 ac
1554 5323 1772 5376 stultum
1801 5322 1913 5388 Dei,
1942 5321 2084 5389 quod

506 5411 797 5479 sapientius
840 5419 923 5464 est
965 5411 1264 5467 hominibus
1303 5411 1495 5482 (lCor.
1521 5428 1559 5477 ι,
1588 5413 1690 5477 21,
1721 5410 1849 5482 25),
1887 5413 2083 5466 multos

506 5501 766 5555 contrahit
785 5501 850 5554 ad
877 5501 1097 5555 salutem
1119 5543 1133 5568 ,
1157 5509 1214 5556 ut
1237 5517 1342 5556 non
1364 5503 1534 5556 solum
1559 5504 1645 5572 qui
1679 5503 1908 5556 nondum
1939 5511 2081 5557 certa

507 5587 684 5644 valent
703 5591 1043 5660 intelligentia
1064 5592 1374 5660 conspicere
1395 5601 1633 5646 naturam
1660 5593 1771 5653 Dei.
1797 5609 1954 5662 quam
1982 5593 2082 5648 ﬁde

508 5687 682 5734 tenent
708 5721 724 5748 ,
756 5696 938 5738 verum
965 5682 1123 5738 etiam
1149 5684 1236 5754 qui
1282 5683 1512 5740 nondum
1551 5685 1604 5740 in
1645 5684 1755 5754 ipsa
1785 5685 1958 5739 anima
1987 5700 2079 5740 sua

1717 321 1775 376 S.
1817 315 2183 379 AUGUSTINI
2223 314 2525 372 EPISCOPI

3646 309 3747 371 7M

2179 431 2249 485 ita
2294 431 2656 500 incorporeum
2685 429 3030 485 substantiam
3071 443 3099 481 a
3135 431 3376 498 corporis
3402 431 3746 498 generalitate

2176 522 2502 589 discernunt,
2520 521 2959 592 quemadmodum
2982 520 3111 575 certi
3134 529 3255 574 sunt
3273 535 3331 576 se
3351 521 3549 588 vivere,
3572 535 3750 589 nosse,

2178 613 2334 680 velle,
2362 615 2481 670 ideo
2506 630 2610 668 non
2640 615 2745 668 sint
2769 613 2928 668 alieni
2951 629 2982 665 a
3010 612 3201 678 salute,
3231 628 3388 682 quam
3417 614 3637 668 stultitia
3664 613 3751 670 illa

2179 707 2564 777 praedicationis
2590 707 2831 761 fidelibus
2859 704 3081 760 confert.

2247 800 2301 852 4.
2341 798 2470 854 Nam
2509 799 2552 850 si
2581 805 2792 866 prepter
2815 811 2908 851 eos
2932 796 3074 850 solos
3100 794 3340 850 Christus
3377 803 3617 850 mortuus
3645 804 3746 864 est,

2179 890 2268 959 qui
2308 899 2450 942 certa
2494 888 2832 956 intelligentia
2874 896 3094 956 possunt
3121 886 3219 940 ista
3259 885 3584 951 discernere,
3618 901 3752 954 pene

2180 979 2374 1032 frustra
2400 978 2453 1031 in
2478 975 2712 1030 Ecclesia
2742 976 3061 1029 laboramus.
3087 975 3143 1029 Si
3170 980 3368 1038 autem,
3395 974 3534 1042 quod
3563 975 3755 1028 veritas

2182 1066 2362 1132 habet,
2381 1066 2574 1121 inﬁrmi
2605 1064 2782 1136 populi
2797 1064 3123 1118 credentium
3145 1063 3212 1118 ad
3231 1063 3492 1119 medicum
3512 1075 3752 1129 currunt,

2181 1157 2402 1210 sanandi
2431 1171 2525 1226 per
2557 1155 2820 1210 Christum
2841 1195 2857 1221 ,
2888 1163 2943 1210 et
2980 1154 3121 1209 hunc
3164 1154 3476 1209 cruciﬁxum
3499 1196 3514 1219 ,
3563 1164 3620 1209 ut
3663 1156 3755 1211 ubi

2182 1246 2466 1301 abundavit
2512 1255 2782 1315 peccatum
2804 1286 2819 1312 ,
2859 1245 3251 1316 superabundet
3279 1246 3445 1315 gratia
3495 1244 3667 1319 (Rom.
3699 1264 3752 1312 ι’,

2181 1335 2250 1389 20
2271 1333 2325 1406 );
2353 1335 2506 1414 miris
2553 1335 2612 1388 ﬁt
2651 1335 2823 1389 modis
2847 1350 2941 1403 per
2969 1335 3298 1389 altitudinem
3337 1334 3635 1390 divitiarum
3665 1352 3755 1393 sa-

2183 1425 2394 1495 pientiae
2423 1433 2477 1478 ct
2518 1425 2751 1479 scientia:
2798 1425 2931 1492 Dei,
2973 1434 3027 1480 et
3051 1441 3148 1495 per
3176 1426 3538 1480 inscrutabilia
3561 1427 3758 1496 judicia

2182 1515 2298 1584 ejus
2323 1515 2341 1587 (
2367 1515 2450 1568 Id.
2476 1532 2552 1580 ιιι,
2579 1514 2687 1588 55)
2713 1556 2726 1579 ,
2757 1527 2812 1569 ιιι
2837 1524 2890 1570 et
2920 1516 3154 1569 nonnulli
3183 1530 3213 1568 a
3239 1515 3551 1586 corporibus
3575 1517 3756 1571 incor-a

2145 1615 2155 1626 "
2182 1623 2342 1678 porca
2371 1608 2733 1662 discernentes
2752 1649 2766 1674 ,
2797 1623 2920 1663 cum
2945 1609 3041 1662 sibi
3066 1623 3131 1662 ex
3161 1608 3262 1663 hoc
3287 1609 3460 1677 magni
3489 1609 3754 1679 videntur,

2181 1709 2236 1754 et
2265 1699 2489 1754 irrident
2529 1700 2804 1754 stultitiam
2841 1699 3253 1768 praedicationis,
3300 1715 3404 1770 qua
3450 1703 3581 1756 salvi
3627 1703 3762 1758 ﬁunt

2182 1789 2479 1852 credentes,
2509 1789 2576 1844 ab
2601 1790 2752 1843 unica
2781 1789 2863 1844 via
2890 1791 3043 1860 longe
3067 1799 3336 1857 exerrent,
3361 1807 3480 1862 qua:
3503 1792 3569 1846 ad
3595 1794 3758 1848 vitam

2182 1891 2435 1934 teternam
2457 1881 2567 1936 sola
2595 1882 2838 1951 perducit
2866 1899 2879 1935 :
2907 1891 2961 1937 et
2987 1883 3135 1936 multi
3160 1883 3214 1936 in
3240 1898 3398 1939 cruce
3422 1884 3615 1939 Christi
3640 1873 3758 1955 gica

2184 1969 2402 2036 riantes,
2441 1979 2494 2024 et
2521 1971 2586 2024 ab
2611 1970 2796 2024 eadem
2823 1971 2903 2024 via
2933 1985 3035 2026 non
3067 1971 3396 2039 recedentes,
3423 1974 3630 2028 etiamsi
3659 1976 3758 2030 ista

2183 2073 2301 2128 qua:
2325 2059 2671 2115 subtilissime
2691 2059 3042 2126 disseruntur,
3067 2062 3327 2130 ignorant,
3354 2064 3475 2132 quia
3497 2079 3608 2117 non
3620 2067 3760 2134 perit

2184 2163 2321 2202 unus
2340 2163 2405 2203 ex
2427 2149 2528 2204 illis
2547 2149 2564 2180 ί
2581 2165 2678 2219 pro
2703 2150 2892 2220 quibus
2913 2160 3153 2205 mortuus
3177 2160 3258 2205 est
3284 2150 3464 2221 (Joan.
3491 2167 3620 2217 xvn,
3644 2154 3755 2223 12),

2183 2238 2250 2292 ad
2271 2238 2513 2294 eamdem
2543 2241 2848 2309 perveniant
2866 2242 3236 2307 aeternitatem,
3265 2243 3558 2308 veritatem,
3583 2245 3757 2298 chari—

2187 2337 2366 2394 tatem,
2396 2330 2448 2384 id
2474 2339 2556 2385 est
2591 2328 2657 2384 ad
2685 2331 2947 2394 stabilem,
2973 2340 3207 2397 certam,
3240 2333 3551 2401 plenamque
3589 2334 3758 2388 felici-

2185 2426 2344 2472 tatem
2367 2459 2382 2483 ,
2411 2419 2499 2473 ubi
2534 2419 2867 2474 manentibus
2890 2456 2905 2485 ,
2937 2419 3234 2474 videntibus
3253 2462 3268 2488 ,
3311 2421 3610 2476 amantibus
3637 2432 3761 2477 sunt

2185 2520 2372 2564 cuncta
2402 2510 2693 2579 perspicua.

2256 2601 2481 2655 CAPUT
2511 2601 2714 2656 ll.—5.
2745 2601 2977 2656 Proinde
3001 2601 3053 2656 in
3083 2617 3242 2656 unum
3265 2603 3453 2670 Deum,
3479 2603 3684 2658 Patrem
3705 2613 3761 2659 et

2186 2690 2376 2744 Filium
2401 2700 2455 2746 et
2482 2691 2735 2760 Spiritum
2765 2702 3004 2747 sanctum
3039 2694 3187 2748 ﬁrma
3220 2695 3413 2764 pietate
3441 2695 3755 2761 credamus;

2187 2781 2258 2836 ita
2286 2793 2342 2836 ut
2367 2797 2463 2836 nec
2491 2781 2654 2837 Filius
2677 2784 2924 2838 credatur
2957 2799 3076 2840 esse
3101 2786 3190 2854 qui
3214 2786 3372 2839 Pater
3398 2795 3500 2852 est,
3532 2802 3630 2841 nec
3657 2788 3759 2840 Pa-

2189 2881 2270 2926 ter
2293 2872 2381 2941 qui
2423 2872 2584 2927 Filius
2621 2882 2722 2940 est,
2754 2889 2850 2929 nec
2873 2873 3030 2928 Pater
3063 2891 3162 2930 nec
3185 2874 3350 2930 Filius
3369 2877 3458 2945 qui
3488 2879 3760 2947 utriusque

2188 2963 2414 3032 Spiritus
2439 2973 2537 3017 est.
2563 2965 2699 3018 Nihil
2723 2975 2932 3036 putetur
2961 2966 3014 3020 in
3036 2966 3134 3021 hac
3160 2967 3414 3022 Trinitate
3437 2971 3760 3039 temporibus

2146 3092 2150 3096 .
2188 3051 2385 3108 locisve
2408 3052 2636 3119 distare;
2661 3055 2754 3108 sed
2775 3055 2886 3109 haac
2909 3057 3004 3109 tria
3024 3057 3244 3126 aequalia
3264 3072 3382 3112 esse
3402 3069 3454 3114 et
3476 3069 3758 3126 coaeterna,

2187 3150 2241 3196 et
2263 3142 2480 3196 omnino
2520 3159 2640 3198 esse
2684 3161 2784 3198 una
2811 3155 2998 3201 natura
3023 3161 3037 3199 :
3067 3163 3170 3200 non
3200 3162 3229 3200 a
3257 3147 3412 3202 Patre
3435 3149 3621 3214 aliam,
3648 3159 3700 3203 et
3729 3165 3762 3203 ιι

2189 3232 2324 3286 Filio
2349 3233 2502 3287 aliam
2524 3275 2538 3300 ,
2580 3243 2635 3289 et
2660 3250 2690 3287 a
2718 3236 2912 3304 Spiritu
2939 3246 3122 3292 sancto
3148 3239 3305 3292 aliam
3343 3239 3608 3294 conditam
3639 3255 3760 3295 esse

2189 3331 2512 3385 creaturam;
2542 3324 2635 3378 sed
2662 3327 2835 3379 omnia
2865 3336 2913 3381 ct
2944 3328 3146 3396 singula
3171 3345 3286 3398 quae
3315 3321 3492 3384 ereata
3528 3340 3649 3383 sunt
3675 3331 3761 3384 vel

2189 3424 2458 3476 creantur,
2483 3415 2738 3469 'l‘rinitate
2757 3425 2968 3471 creante
2983 3418 3271 3473 subsistere
3290 3457 3303 3472 .
3325 3434 3421 3473 nec
3441 3434 3758 3489 quemquam

2191 3505 2401 3560 liberari
2429 3522 2459 3560 a
2486 3507 2638 3561 Patre
2659 3507 2773 3562 sine
2801 3508 2934 3563 Filio
2962 3517 3017 3563 et
3041 3508 3236 3578 Spiritu
3267 3519 3469 3577 sancto,
3497 3519 3586 3563 aut
3609 3525 3640 3564 a
3668 3510 3764 3563 Fi~

2190 3597 2260 3652 lio
2285 3599 2398 3652 sine
2421 3599 2578 3653 Patre
2609 3610 2663 3653 et
2695 3599 2892 3668 Spiritu
2917 3611 3121 3666 sancto,
3161 3610 3252 3656 aut
3285 3617 3315 3656 a
3359 3602 3550 3671 Spiritu
3577 3612 3764 3656 sancto

2189 3688 2304 3742 sine
2333 3689 2489 3744 Patre
2533 3698 2588 3744 et
2625 3690 2788 3755 Filio;
2836 3691 2929 3744 sed
2973 3706 3005 3745 a
3049 3692 3202 3746 Patre
3232 3701 3286 3747 et
3313 3691 3446 3746 Filio
3472 3702 3527 3748 et
3562 3693 3763 3762 Spiritu

2191 3786 2403 3843 sancto,
2435 3794 2560 3845 uno,
2606 3795 2752 3846 vero,
2796 3795 3025 3852 vereque
3067 3781 3369 3848 immortali,
3415 3782 3467 3836 id
3496 3791 3579 3837 est
3616 3783 3762 3837 omni

2189 3870 2350 3933 modo
2368 3871 2780 3926 incommutabili
2807 3873 2920 3926 solo
2949 3871 3079 3928 Deo.
3109 3873 3266 3927 Multa
3293 3883 3466 3928 autem
3498 3874 3658 3928 etiam
3679 3889 3765 3928 se-

2190 3962 2415 4032 paratim
2445 3962 2497 4016 in
2523 3962 2811 4031 Scripturis
2839 3962 2907 4017 de
2930 3963 3147 4032 singulis
3169 3963 3272 4017 dici
3298 4005 3312 4032 ,
3345 3973 3400 4018 ut
3442 3965 3757 4031 insinuetur,

2191 4053 2428 4122 quamvis
2469 4052 2837 4122 inseparabilis
2883 4052 3145 4118 Trinitas,
3192 4062 3364 4108 tamen
3409 4054 3762 4109 Trinitaszut

2191 4142 2632 4212 quemadmodum
2657 4143 2810 4196 simul
2837 4142 2942 4196 dici
2971 4157 3075 4196 non
3106 4151 3326 4213 possunt
3349 4159 3468 4198 cum
3488 4144 3634 4198 sonis
3655 4159 3766 4198 cor-

2193 4235 2462 4304 poralibus
2487 4243 2968 4288 commemorantur
2985 4275 3001 4301 ,
3031 4237 3270 4305 quamvis
3295 4236 3449 4290 simul
3484 4237 3592 4290 siut
3619 4237 3763 4291 inse-

2191 4326 2526 4394 parabiliter;
2567 4327 2637 4379 ita
2680 4334 2734 4378 et
2774 4325 3086 4394 quibusdam
3113 4325 3499 4395 Scripturarum
3527 4329 3679 4393 locis,
3709 4336 3764 4382 et

2190 4429 2286 4484 per
2312 4415 2564 4484 quasdam
2594 4425 2864 4468 creaturas
2897 4414 3198 4484 singillatim
3239 4416 3574 4486 vicissimque
3604 4433 3762 4471 mon-

2194 4511 2446 4570 strentur,
2475 4504 2611 4557 sicut
2635 4503 2790 4557 Pater
2817 4503 2866 4556 in
2895 4518 3021 4558 voce
3055 4519 3157 4573 qua
3188 4506 3382 4571 sonuit,
3411 4506 3490 4558 Tu
3515 4522 3566 4560 es
3593 4505 3762 4559 Filius

2191 4611 2328 4648 meus
2357 4593 2504 4666 (Luc.
2537 4610 2614 4660 tu,
2643 4593 2766 4663 22);
2791 4602 2845 4648 et
2877 4593 3040 4647 Filius
3072 4595 3123 4648 in
3153 4595 3367 4651 homine
3394 4612 3549 4665 quem
3577 4611 3763 4652 susce«

2191 4685 2268 4753 pit
2294 4699 2359 4738 ex
2390 4684 2602 4754 Virgine
2630 4682 2742 4754 (Id.
2775 4699 2833 4747 ιι,
2864 4685 2952 4754 ’1);
2982 4693 3036 4737 et
3058 4683 3284 4754 Spiritus
3321 4695 3536 4740 sanctus
3575 4687 3627 4740 in
3667 4701 3766 4740 co-

2193 4775 2385 4830 lumba:
2413 4776 2588 4844 specie
2615 4776 2878 4844 corporali
2904 4775 3118 4846 (Matth.
3149 4792 3226 4843 nt,
3261 4776 3381 4847 i6):
3410 4777 3525 4832 haec
3552 4792 3772 4848 separa-

2191 4865 2284 4919 tim
2314 4865 2546 4934 quidem,
2573 4865 2668 4919 sed
2693 4867 2836 4920 nullo
2858 4867 3016 4921 modo
3036 4876 3278 4937 separata
3304 4868 3402 4922 tria
3433 4869 3517 4922 illa
3544 4868 3766 4923 dentom

2190 4967 2378 5013 strant.

2261 5049 2313 5102 6.
2344 5048 2424 5102 Ad
2450 5048 2550 5102 hoc
2573 5056 2854 5118 utcumque
2882 5049 3276 5119 intelligendum
3305 5051 3625 5105 assumimus
3654 5065 3770 5105 meo

2190 5139 2409 5194 moriam
2432 5179 2447 5204 ,
2490 5139 2919 5209 intelligentiam,
2969 5139 3309 5194 voluntatem.
3342 5142 3594 5206 Quamvis
3620 5141 3763 5194 enim

2189 5230 2304 5284 lucc
2324 5230 2433 5283 suis
2467 5232 2826 5298 separatisque
2864 5230 3186 5300 temporibus
3219 5230 3522 5300 singillatim
3559 5231 3764 5301 singula

2189 5321 2544 5384 enuntiemus,
2573 5322 2701 5375 nihil
2729 5331 2901 5376 tamen
2931 5322 3118 5375 horum
3139 5323 3254 5376 sine
3279 5322 3397 5376 aliis
3415 5322 3622 5377 duobus
3646 5324 3760 5392 agi-

2189 5426 2307 5466 mus
2343 5421 2434 5466 aut
2475 5411 2720 5466 dicimus.
2765 5412 2873 5466 Nec
2917 5411 3035 5466 ideo
3077 5411 3303 5480 putanda
3351 5421 3474 5466 sunt
3518 5414 3631 5467 haec
3659 5414 3757 5465 tria

2253 5570 2269 5630 β
2302 5576 2408 5619 Mss.
2432 5569 2528 5618 duo
2548 5583 2614 5629 v.,
2641 5581 2751 5630 non,
2779 5567 2900 5630 perit
2928 5581 3050 5617 unus
3069 5579 3133 5617 ea:
3161 5565 3365 5630 pusillis.
3391 5572 3545 5630 Prope
3577 5563 3765 5614 accedit

2187 5625 2699 5740 Sulgitian.lcod.,'qui
2745 5625 2926 5680 habet:
2953 5638 3053 5680 Non
3087 5625 3209 5692 perit
3251 5640 3372 5678 unus
3400 5625 3630 5691 pusillus,
3675 5637 3763 5688 pro

2189 5705 2272 5756 (ιτα
2303 5706 2377 5752 us,
2402 5705 2431 5740 e
2454 5706 2496 5740 c.

2361 5725 2377 5752 ,
2402 5705 2496 5740 etc.
