4112 6346
296 444 405 503 745

296 556 543 615 Trinitati
566 572 642 615 sic
661 566 985 629 comparata,
1009 566 1065 615 ut
1085 556 1231 614 omni
1258 572 1325 613 ex
1350 564 1500 627 parte
1526 555 1841 611 conveniant
1866 571 1877 606 :

295 650 382 707 cui
403 652 549 707 enim
578 652 907 707 similitudini
932 653 982 707 in
1004 651 1321 721 disputando
1348 650 1713 706 convenientia
1737 656 1879 701 tanta

295 743 627 810 conceditur,
652 752 707 797 ut
731 744 778 798 ei
801 744 876 798 rei
904 743 988 799 cui
1019 742 1314 798 adhibenda
1341 752 1443 808 est,
1471 758 1536 797 ex
1563 740 1705 795 omni
1735 746 1880 809 parte

295 837 614 906 conpletur?
639 837 723 892 vel
750 836 962 907 quando
990 852 1056 891 ex
1087 844 1331 892 creatura
1354 834 1418 889 ad
1447 832 1751 888 Creatorem
1780 831 1878 883 ali-

295 928 419 998 quid
448 928 621 982 simile
662 927 986 983 assumitur?
1020 927 1201 983 Primo
1226 942 1352 996 ergo
1392 926 1446 979 in
1486 925 1587 979 hoc
1617 923 1881 977 invenitur

294 1021 399 1075 ista
439 1021 729 1077 similitudo
757 1021 1029 1076 dissimilis
1052 1064 1069 1089 ,
1099 1020 1241 1092 quod
1264 1021 1385 1097 .tria
1431 1020 1542 1073 lucc
1566 1062 1581 1085 ,
1624 1016 1880 1072 memoria

293 1114 685 1185 intelligentia,
728 1115 1005 1178 voluntas,
1056 1114 1249 1168 animze
1289 1113 1496 1177 insunt;
1544 1126 1650 1164 non
1694 1109 1878 1164 eadem

293 1206 414 1271 tria,
448 1214 531 1261 est
554 1207 728 1261 anima
762 1225 776 1261 :
800 1206 883 1260 illa
915 1222 1042 1261 vero
1071 1206 1302 1260 Trinitas
1331 1220 1439 1258 non
1468 1205 1623 1265 inest,
1644 1201 1736 1255 sed
1767 1202 1877 1271 ipsa

292 1299 434 1355 Deus
459 1308 560 1355 est.
587 1299 709 1355 Ideo
732 1300 799 1354 ibi
824 1299 1084 1354 mirabilis
1106 1297 1418 1366 simplicitas
1442 1294 1876 1358 commendatur;

290 1394 413 1462 quia
443 1409 550 1448 non
582 1393 651 1448 ibi
682 1394 824 1447 aliud
858 1403 940 1447 est
967 1408 1121 1457 esse,
1166 1390 1311 1446 aliud
1356 1390 1649 1458 intelligere
1669 1428 1683 1453 ,
1714 1386 1796 1440 vel
1834 1385 1880 1438 si

290 1484 418 1554 quid
458 1485 601 1539 aliud
637 1484 704 1539 de
748 1485 840 1539 Dei
884 1493 1069 1539 natura
1110 1483 1303 1538 dicitur
1332 1497 1347 1537 ;
1374 1482 1547 1535 anima
1591 1493 1718 1533 vero
1758 1478 1880 1547 quia

290 1585 393 1643 est,
420 1577 578 1632 etiam
606 1575 730 1630 dum
755 1592 858 1630 non
883 1574 1145 1645 intelligit,
1168 1572 1310 1627 aliud
1338 1580 1420 1626 est
1444 1571 1582 1642 quod
1605 1579 1706 1635 est,
1734 1567 1878 1622 aliud

288 1669 434 1740 quod
461 1669 725 1740 intelligit.
747 1669 947 1725 Deinde
974 1668 1093 1738 quis
1117 1667 1311 1722 audeat
1335 1666 1514 1721 dicere
1536 1666 1747 1719 Patrem
1772 1678 1877 1716 non

290 1760 589 1830 intelligere
614 1776 709 1830 per
738 1761 990 1829 seipsum,
1024 1759 1116 1814 sed
1146 1775 1237 1828 per
1266 1758 1480 1821 Filium,
1513 1757 1649 1811 sicut
1679 1769 1881 1808 memo-

288 1855 367 1910 ria
400 1869 505 1908 non
536 1853 781 1923 intelligit
810 1869 903 1923 per
942 1854 1171 1922 seipsam
1193 1893 1206 1914 ,
1239 1850 1330 1904 sed
1378 1866 1470 1920 per
1516 1850 1875 1913 intellectum,

288 1944 376 2000 vel
403 1946 577 2014 potius
621 1945 795 1998 anima
838 1945 970 2014 ipsa,
1017 1944 1102 1998 cui
1146 1943 1259 1997 haec
1298 1943 1497 2007 insunt,
1539 1956 1635 2011 per
1666 1940 1877 1994 intelle-

288 2047 434 2095 ctum
493 2038 858 2093 tantummodo
907 2036 1185 2105 intelligit;
1241 2036 1377 2089 sicut
1417 2049 1510 2104 per
1565 2034 1877 2088 memoriam

289 2128 659 2185 tantunimodo
680 2129 940 2191 meminit,
964 2136 1017 2181 et
1040 2144 1132 2196 per
1158 2126 1483 2180 Voluntatem
1515 2123 1880 2178 tantummodo

287 2222 441 2277 vult?
463 2221 543 2275 Ad
572 2220 674 2276 hoc
711 2236 839 2290 ergo
867 2219 1149 2274 adhibetur
1180 2219 1275 2272 ista
1314 2216 1603 2271 similitudo
1623 2256 1636 2277 .
1668 2224 1724 2269 ut
1748 2229 1879 2284 quo-

288 2332 396 2386 quo
426 2315 586 2369 modo
624 2313 944 2383 intelligatur
967 2354 981 2377 ,
1012 2311 1457 2383 quemadmodum
1504 2310 1692 2363 horum
1722 2308 1879 2361 trium

289 2405 343 2460 in
387 2406 564 2458 anima
604 2420 725 2460 cum
769 2404 974 2474 singula
1017 2404 1230 2457 nomina
1272 2403 1648 2466 enuntientur,
1688 2400 1881 2470 quibus

290 2498 477 2552 eadem
518 2497 719 2567 singula
750 2496 1215 2561 demonstrantur,
1258 2504 1431 2549 tamen
1472 2491 1882 2562 unumquodque

290 2604 489 2645 nomen
531 2588 615 2643 his
652 2589 823 2643 tribus
864 2588 1274 2658 c00perantibus
1315 2586 1651 2649 enuntiatur,
1679 2600 1800 2639 cum
1830 2594 1883 2638 et

293 2682 714 2747 reminiscendo,
741 2691 794 2736 et
818 2680 1159 2749 intelligendo
1180 2721 1194 2747 ,
1223 2688 1277 2733 et
1298 2678 1525 2733 volendo
1555 2677 1779 2743 dicitur;
1812 2678 1881 2732 ita

292 2774 491 2827 nullam
518 2787 639 2826 esse
666 2782 986 2837 creaturam,
1015 2786 1118 2841 qua
1147 2771 1227 2824 vel
1259 2770 1405 2824 solus
1430 2770 1603 2835 Pater,
1632 2770 1715 2823 vel
1738 2770 1884 2823 solus

294 2864 482 2932 Filius,
512 2867 596 2920 vel
625 2866 769 2920 solus
787 2866 1013 2934 Spiritus
1037 2872 1253 2919 sanctus
1287 2863 1702 2927 demonstretur,
1726 2876 1884 2931 quam

294 2972 401 3012 non
425 2957 579 3011 simul
610 2957 842 3011 Trinitas
868 2965 1137 3026 operetur,
1169 2971 1288 3025 quae
1312 2953 1735 3023 inseparabiliter
1753 2967 1887 3022 0pc-

294 3057 446 3103 ratur
472 3066 485 3101 :
515 3064 576 3102 ac
606 3064 701 3118 per
730 3048 830 3103 hoc
860 3062 959 3103 nec
985 3062 1171 3101 vocem
1200 3046 1405 3111 Patris,
1439 3060 1538 3100 nec
1575 3046 1803 3099 animam
1835 3054 1890 3099 et

295 3154 513 3195 carnem
542 3139 698 3206 Filii,
730 3154 831 3195 nec
857 3138 1159 3194 columbam
1189 3137 1419 3206 Spiritus
1447 3136 1618 3192 sancti
1656 3150 1774 3191 esse
1801 3135 1886 3189 fa-

296 3240 461 3300 ctam,
492 3232 595 3287 nisi
620 3232 806 3287 eadem
833 3238 1157 3300 e00perante
1181 3229 1459 3283 Trinitate.

365 3327 421 3381 'l.
463 3324 573 3381 Nec
596 3339 724 3379 sane
748 3338 912 3378 sonus
932 3323 1021 3377 ille
1057 3322 1227 3389 vocis,
1256 3321 1345 3391 qui
1370 3321 1622 3375 continuo
1647 3335 1765 3375 esse
1790 3320 1887 3375 de-

297 3418 455 3484 stitit,
487 3424 763 3485 coaptatus
788 3422 871 3469 est
913 3414 964 3469 in
993 3414 1247 3468 unitatem
1280 3427 1522 3483 persona:
1552 3412 1742 3475 Patris,
1790 3426 1890 3467 nec

298 3510 383 3565 illa
415 3506 679 3563 columba:
707 3506 915 3576 species
941 3506 1231 3575 corporalis
1253 3513 1495 3575 coaptata
1525 3513 1607 3559 est
1636 3504 1687 3557 in
1720 3504 1893 3559 unita-

299 3612 407 3657 tem
437 3612 683 3670 personze
714 3596 947 3667 Spiritus
974 3597 1163 3652 sancti.
1197 3595 1329 3652 Nam
1354 3597 1467 3666 ipsa
1493 3612 1725 3667 quoque,
1756 3597 1895 3651 sicut

299 3691 473 3746 nubes
510 3689 596 3743 illa
639 3687 814 3742 lucida
858 3703 977 3758 quae
1022 3688 1232 3757 operuit
1272 3688 1326 3742 in
1351 3696 1533 3741 monte
1572 3702 1692 3740 cum
1725 3686 1893 3741 tribus

301 3784 586 3855 Discipulis
600 3782 929 3838 Salvatorem
957 3779 1171 3851 (Matth.
1197 3795 1327 3845 xvu,
1351 3781 1431 3851 5),
1456 3780 1541 3835 vel
1564 3779 1738 3849 potius
1759 3780 1895 3834 sicut

300 3878 392 3933 ille
414 3875 552 3947 ignis
580 3875 668 3944 qui
693 3872 942 3930 eumdem
962 3873 1215 3943 Spiritum
1244 3881 1486 3928 sanetum
1508 3873 1895 3928 demonstravit

302 3968 441 4038 (Act.
472 3982 530 4031 ιι,
558 3966 639 4030 3),
683 3964 863 4021 ofﬁcio
904 3964 1303 4035 significationis
1332 3965 1571 4033 impleto,
1613 3980 1738 4019 mox
1774 3980 1894 4021 esse

301 4058 515 4113 desivit.
547 4055 653 4113 Sed
682 4057 827 4112 solus
856 4055 1035 4120 homo,
1066 4056 1188 4126 quia
1220 4064 1434 4126 propter
1454 4056 1620 4126 ipsam
1648 4066 1893 4112 naturam

301 4148 631 4205 liberandam
664 4148 753 4203 illa
798 4148 975 4201 omnia
1014 4146 1227 4211 ﬁebant,
1270 4148 1322 4201 in
1368 4148 1621 4201 unitatem
1651 4164 1893 4218 persona:

302 4241 466 4296 Verbi
496 4239 610 4305 Dei,
642 4238 744 4294 hoc
772 4250 855 4294 est
881 4238 1019 4292 unici
1044 4238 1163 4315 Filii
1193 4238 1285 4292 Dei
1312 4237 1543 4315 mirabili
1561 4246 1614 4293 et
1638 4239 1894 4308 singulari

302 4333 643 4404 susceptione
671 4341 947 4403 coaptatus
989 4342 1093 4397 est,
1126 4314 1470 4403 permanente
1512 4341 1685 4387 tamen
1718 4332 1894 4387 Verbo

304 4427 356 4482 in
388 4442 483 4481 sua
511 4434 697 4480 natura
742 4424 1265 4488 incommutabiliter,
1308 4424 1357 4477 in
1389 4439 1491 4493 qua
1520 4423 1647 4476 nihil
1677 4439 1897 4493 compo-

305 4519 393 4573 siti
422 4533 545 4572 cum
588 4532 696 4587 quo
735 4517 989 4570 subsistat
1016 4516 1121 4569 ulla
1169 4515 1442 4586 phantasia
1472 4515 1690 4569 humani
1732 4516 1894 4569 animi

306 4609 687 4681 suspicandum
705 4619 806 4663 est.
827 4609 1041 4679 Legitur
1061 4606 1296 4678 quidem,
1323 4608 1385 4661 Et
1400 4606 1625 4678 Spiritus
1638 4607 1900 4678 sapientia:

306 4703 576 4772 multiplex
606 4701 758 4774 (δίῳ.
789 4715 881 4762 vn,
906 4700 997 4769 ‘22)
1023 4716 1038 4767 ;
1071 4700 1163 4754 sed
1196 4709 1338 4754 recte
1364 4700 1556 4753 dicitur
1582 4699 1740 4754 etiam
1766 4700 1896 4753 sim-

306 4796 449 4866 plex.
478 4794 750 4863 Multiplex
776 4794 941 4859 enim,
969 4793 1219 4862 quoniam
1242 4792 1402 4845 multa
1426 4799 1549 4846 sunt
1573 4808 1689 4861 qua:
1715 4790 1896 4858 habet;

307 4890 534 4961 simplex
566 4897 766 4949 autem,
790 4888 909 4957 quia
940 4902 1043 4940 non
1074 4886 1214 4939 aliud
1244 4902 1401 4955 quam
1430 4884 1571 4955 quod
1596 4884 1758 4940 habet
1783 4894 1896 4944 est:

310 4983 447 5037 sicut
492 4981 668 5035 dictus
713 4990 796 5035 est
843 4978 1011 5033 Filius
1057 4978 1253 5033 habere
1300 4979 1461 5032 vitam
1510 4978 1563 5032 in
1613 4980 1901 5048 semetipso

311 5072 487 5143 (Joan.
520 5087 576 5135 v,
608 5068 722 5142 26),
767 5078 820 5124 et
846 5068 1030 5124 eadem
1072 5068 1176 5122 vita
1206 5069 1317 5137 ipse
1360 5078 1462 5123 est.
1515 5068 1688 5123 Homo
1726 5080 1901 5123 autem

309 5164 489 5220 Verbo
516 5163 761 5225 accessit,
792 5178 897 5216 non
928 5161 1157 5215 Verbum
1191 5160 1243 5213 in
1273 5160 1538 5214 hominem
1579 5162 1901 5215 convertibi-

309 5259 431 5313 liter
461 5257 726 5321 accessit;
754 5265 913 5325 atque
959 5255 1028 5307 ita
1058 5262 1111 5307 et
1140 5252 1306 5306 Filius
1336 5252 1431 5306 Dei
1462 5252 1619 5306 simul
1646 5267 1767 5306 cum
1810 5252 1904 5305 ho-

310 5351 456 5405 mine
480 5357 731 5419 suscepto
756 5346 949 5401 dicitur
981 5363 993 5399 :
1028 5344 1165 5399 unde
1197 5343 1334 5398 idem
1365 5343 1530 5397 Filius
1560 5345 1649 5399 Dei
1698 5344 1901 5399 incum--

312 5440 584 5496 mutabilis
613 5448 699 5495 est
738 5446 900 5508 atque
942 5447 1239 5491 eomternus
1280 5435 1444 5499 Patri,
1493 5435 1584 5489 sed
1630 5435 1684 5489 in
1734 5436 1905 5490 Verbo

310 5534 464 5599 solo;
494 5542 549 5587 et
572 5531 811 5601 sepultus
838 5537 925 5584 est
946 5528 1113 5583 Filius
1140 5527 1255 5592 Dei,
1302 5526 1395 5579 sed
1423 5528 1476 5580 in
1501 5542 1661 5582 carne
1698 5529 1829 5581 sola.

385 5625 440 5680 8.
473 5623 706 5679 Proinde
726 5638 845 5692 qua:
872 5620 938 5675 de
965 5620 1101 5675 Filio
1132 5618 1221 5672 Dei
1248 5618 1408 5673 verba
1435 5617 1701 5683 dicuntur,
1724 5618 1901 5673 viden-

314 5719 441 5775 dum
471 5727 553 5773 est
596 5714 889 5771 secundum
920 5714 1045 5784 quid
1074 5712 1337 5768 dicantur.
1382 5709 1497 5765 Non
1523 5712 1661 5765 enim
1693 5710 1906 5768 homine

314 5819 589 5880 assumpto
611 5821 958 5879 personarum
982 5820 1237 5861 numerus
1258 5812 1445 5860 auctus
1470 5812 1572 5869 est,
1604 5804 1697 5861 sed
1718 5806 1903 5862 eadem

313 5902 547 5963 Trinitas
586 5900 802 5956 mansit.
830 5898 963 5954 Nam
990 5899 1128 5954 sicut
1152 5898 1209 5953 in
1238 5897 1454 5955 homine
1474 5897 1730 5970 quolibet,
1761 5914 1899 5973 pree-

596 5999 823 6063 Sutc'r.
862 5999 1137 6061 Aueesr.
1164 5993 1246 6055 ll.

1506 438 1829 499 EPISTOLA
1839 434 1983 494 RUM
2020 437 2296 497 CLASSIS
2334 439 2401 496 111

3471 448 3572 508 766

1988 558 2069 603 ter
2094 567 2252 606 umtm
2282 553 2429 608 illum
2458 554 2547 625 qui
2586 556 2920 627 singulariter
2946 568 3223 630 susceptus
3248 571 3351 629 est,
3393 565 3568 620 anima

1986 651 2039 696 et
2067 661 2260 713 corpus
2300 663 2400 700 una
2432 664 2655 716 persona
2682 659 2796 716 est;
2838 651 2910 705 ita
2937 652 2990 706 in
3021 652 3231 707 Christo
3259 653 3489 711 Verbum
3517 670 3571 713 et

1988 734 2148 791 homo
2179 756 2279 793 una
2308 756 2532 809 persona
2563 752 2661 797 est.
2695 744 2765 797 Et
2802 746 2937 800 sicut
2967 747 3146 813 homo,
3177 750 3322 805 verbi
3362 754 3530 822 gratia
3552 796 3567 821 ,

1987 826 2335 899 philosophus
2352 848 2452 886 non
2476 838 2655 902 utique
2682 835 2782 889 nisi
2797 837 3086 892 secundum
3102 842 3330 895 animam
3353 844 3567 912 dicitur,

1985 936 2085 975 nec
2114 922 2233 977 ideo
2262 933 2436 979 tamen
2458 926 2707 995 absurde,
2730 928 2824 983 sed
2843 934 3317 1000 congruentissima
3336 946 3391 989 et
3408 938 3573 990 usita-

1988 1016 2186 1071 tissima
2204 1018 2469 1074 locutione
2500 1020 2724 1075 dicimus
2754 1022 3126 1093 philosophum
3152 1042 3368 1092 caesum,
3401 1030 3573 1097 philo-

1985 1108 2210 1175 sophum
2234 1119 2521 1173 mortuum,
2546 1110 2919 1183 philosophum
2944 1116 3226 1184 sepultum,
3251 1133 3370 1172 cum
3400 1128 3567 1174 totum

1986 1200 2276 1254 secundum
2299 1186 2511 1255 carnem
2542 1203 2765 1271 accidat,
2796 1221 2899 1258 non
2932 1209 3221 1262 secundum
3254 1211 3381 1264 illud
3428 1213 3569 1282 quod

1985 1301 2063 1345 est
2083 1291 2425 1361 philosophus
2446 1311 2457 1345 :
2479 1293 2547 1347 ita
2566 1292 2806 1349 Christus
2820 1296 2979 1364 Deus,
3002 1299 3090 1353 Dei
3111 1299 3295 1367 Filius,
3320 1303 3573 1358 Dominus

1983 1385 2185 1454 gloria},
2211 1394 2264 1439 et
2288 1387 2477 1456 siquid
2512 1388 2811 1457 huiusmodi
2843 1392 3132 1445 secundum
3167 1393 3395 1449 Verbum
3436 1398 3557 1450 dici-

1984 1484 2099 1542 tur;
2118 1486 2167 1531 et
2183 1486 2356 1532 tamen
2373 1479 2718 1535 rectedicitur
2733 1483 2869 1536 Deus
2885 1484 3187 1549 cruciﬁxus,
3202 1503 3319 1540 cum
3338 1489 3435 1543 hoc
3449 1506 3569 1544 cum

1984 1568 2276 1621 secundum
2306 1584 2521 1623 carnem
2549 1586 2762 1640 passum
2800 1589 2937 1640 esse,
2965 1592 3067 1628 non
3107 1580 3395 1633 secundum
3440 1581 3566 1635 illud

1983 1674 2091 1728 quo
2122 1659 2373 1715 Dominus
2396 1661 2579 1730 gloria:
2608 1671 2709 1726 est,
2752 1680 2857 1718 non
2899 1666 3153 1720 habeatur
3183 1670 3439 1724 incertum
3470 1673 3567 1744 (τι).

2055 1749 2109 1804 9.
2163 1749 2381 1805 Sonitus
2422 1764 2600 1807 autem
2644 1754 2731 1809 ille
2775 1757 2950 1823 vocis,
2983 1768 3037 1812 et
3076 1761 3336 1815 columba:
3365 1766 3572 1832 species

1983 1845 2297 1913 corporalis,
2340 1855 2396 1900 et
2438 1846 2628 1917 linguze
2665 1848 2849 1903 divisae
2891 1851 3030 1904 velut
3077 1852 3212 1921 ignis
3244 1855 3332 1923 qui
3379 1856 3573 1911 insedit

1984 1950 2144 2003 super
2178 1951 2603 2007 unumquemque
2633 1952 2838 2004 eorum,
2872 1940 3007 1995 sicut
3036 1941 3123 1995 illa
3155 1943 3207 1996 in
3237 1957 3418 1999 monte
3447 1946 3570 2000 Sina

1984 2040 2103 2095 qua:
2133 2026 2350 2081 terribili
2394 2029 2572 2096 specie
2611 2026 2746 2083 facta
2788 2042 2912 2084 sunt
2955 2032 3158 2103 (Exod.
3190 2052 3305 2101 κει,
3352 2038 3473 2107 l3),
3521 2050 3573 2091 et

1984 2120 2122 2173 sicut
2165 2119 2407 2173 columna
2450 2122 2536 2174 illa
2587 2123 2742 2177 nubis
2784 2140 2875 2192 per
2914 2124 3075 2189 diem,
3127 2136 3179 2179 et
3209 2129 3435 2183 [laminae
3481 2146 3575 2198 per

1986 2222 2196 2265 noctem
2232 2210 2339 2283 (Id.
2368 2229 2480 2277 xm,
2512 2214 2626 2286 21),
2652 2216 2996 2285 signiﬁcativa
3020 2220 3330 2289 operatione
3356 2233 3470 2275 acta
3498 2234 3575 2275 at-

1984 2320 2088 2374 que
2134 2315 2392 2360 transacta
2433 2318 2574 2361 sunt.
2610 2308 2741 2363 illud
2781 2311 2831 2363 in
2882 2310 2965 2365 his
3004 2312 3236 2366 maxime
3281 2315 3572 2367 Cavendum

1984 2406 2086 2464 est,
2120 2414 2185 2452 ne
2221 2400 2463 2468 cuiquam
2507 2399 2597 2453 Dei
2626 2410 2811 2455 natura
2843 2403 2921 2455 vel
2968 2403 3159 2471 Patris,
3206 2404 3290 2460 vel
3322 2402 3465 2469 Fihi,
3497 2406 3577 2457 vel

1985 2489 2213 2560 Spiritus
2244 2492 2412 2544 sancti
2440 2492 2832 2546 commutabilis
2854 2503 2901 2546 ct
2928 2495 3290 2548 convertibilis
3316 2510 3439 2550 esse
3466 2512 3579 2548 crc-

1987 2582 2160 2653 datur.
2192 2583 2301 2639 Nec
2331 2596 2541 2640 moveat
2564 2587 2701 2656 quod
2726 2587 3007 2655 aliquando
3035 2603 3117 2640 res
3147 2604 3266 2657 quae
3292 2588 3577 2658 signiﬁcat,

1987 2690 2185 2729 nomen
2213 2676 2327 2745 ejus
2358 2677 2432 2729 rei
2459 2693 2615 2746 quam
2646 2677 2925 2747 signiﬁcat,
2958 2680 3167 2747 accipit.
3198 2678 3427 2747 Spiritus
3454 2695 3579 2731 san-

1988 2779 2106 2823 ctus
2151 2769 2323 2822 dictus
2366 2778 2448 2822 est
2495 2771 2757 2839 corporali
2807 2772 2984 2838 specie
3033 2781 3281 2840 tanquam
3330 2771 3577 2826 columba

1990 2859 2332 2912 descendisse
2357 2869 2411 2914 et
2434 2862 2691 2915 mansisse
2714 2876 2873 2930 super
2892 2879 3029 2915 cum.
3063 2862 3150 2916 Sic
3171 2862 3319 2919 enim
3344 2870 3400 2919 et
3430 2872 3581 2933 petra

1989 2947 2236 3004 Christus
2264 2950 2307 3020 (l
2338 2949 2454 3004 Cor.
2483 2968 2536 3017 ιι,
2565 2954 2639 3023 4),
2683 2954 2801 3021 quia
2834 2953 3094 3021 signiﬁcat
3122 2954 3414 3009 Christum.

2062 3040 2288 3095 CAPUT
2328 3041 2414 3095 Ill.
2440 3072 2510 3081 ——
2538 3043 2623 3096 10.
2659 3043 2819 3096 Miror
2840 3054 3015 3098 autem
3043 3046 3133 3098 tibi
3159 3046 3324 3100 videri
3350 3046 3584 3101 sonitum

1992 3134 2139 3187 vocis
2178 3134 2320 3187 illius
2367 3149 2468 3203 qua
2512 3134 2709 3187 dictum
2750 3142 2849 3199 est,
2895 3133 2974 3188 Tu
3014 3151 3065 3189 es
3108 3137 3243 3204 ﬁlius
3283 3153 3440 3204 meus,
3474 3152 3582 3191 non

1995 3226 2261 3279 mediante
2290 3227 2484 3292 anima,
2517 3226 2612 3281 sed
2657 3226 2836 3280 divino
2868 3237 2994 3280 nutu
3040 3229 3152 3282 sola
3182 3229 3446 3299 corporali
3492 3244 3585 3283 na-

1997 3328 2111 3372 tura
2137 3318 2212 3372 sic
2241 3319 2352 3373 lieri
2379 3320 2614 3389 potuisse
2640 3336 2654 3385 ;
2684 3328 2737 3374 et
2763 3336 2868 3374 non
2897 3321 2989 3374 tibi
3018 3322 3180 3375 videri
3209 3322 3397 3377 eodem
3424 3322 3585 3377 modo

1996 3412 2234 3484 potuisse
2264 3413 2377 3467 ﬁeri
2406 3413 2689 3467 animantis
2734 3415 3019 3485 cujuslibet
3064 3417 3295 3485 speciem
3326 3432 3581 3488 corpora-

1997 3506 2100 3560 lem
2143 3517 2449 3576 motumque
2487 3507 2683 3561 viventi
2730 3508 2977 3575 similem,
3020 3508 3198 3563 divino
3242 3522 3389 3573 nutu,
3441 3510 3587 3565 nullo

1997 3599 2212 3653 animali
2242 3599 2553 3668 interposito
2590 3600 2798 3669 spiritu.
2849 3600 2905 3655 Si
2948 3601 3087 3654 enim
3118 3601 3448 3671 obtemperat
3479 3602 3588 3657 Deo

1998 3699 2241 3744 creatura
2266 3705 2521 3761 corporea
2548 3692 2665 3746 sine
2692 3691 3005 3748 viviﬁcantis
3032 3697 3223 3747 animae
3250 3695 3545 3747 ministerio
3568 3732 3585 3759 ,

1998 3788 2055 3834 ut
2084 3780 2309 3836 edantur
2333 3782 2450 3836 soni
2471 3783 2653 3852 quales
2678 3782 2764 3837 edi
2786 3798 2851 3837 ex
2877 3798 3101 3852 corpore
3129 3782 3362 3838 animato
3392 3784 3587 3851 solent,

2000 3880 2057 3927 ut
2085 3871 2254 3927 forma
2284 3874 2563 3928 locutionis
2590 3875 2879 3929 articulatm
2914 3876 3131 3931 auribus
3174 3876 3463 3942 inferatur;
3496 3893 3590 3933 cur

1999 3979 2106 4019 non
2136 3966 2491 4035 obtemperet,
2516 3976 2572 4020 ut
2591 3967 2705 4019 sine
2733 3967 2924 4019 anima:
2948 3966 3266 4020 viviﬁcantis
3294 3968 3591 4022 ministerio

1999 4055 2167 4126 ﬁgura
2198 4066 2480 4127 motusque
2509 4058 2757 4123 volucris,
2789 4058 2977 4112 eadem
3020 4060 3251 4128 polentia
3282 4059 3585 4127 Creatoris,

2000 4151 2269 4219 ingeratur
2293 4149 2635 4218 aspectibus?
2664 4151 2742 4202 An
2770 4164 2959 4203 sensus
2984 4150 3231 4203 audiendi
3262 4149 3363 4204 hoc
3388 4151 3585 4207 mereri

2000 4251 2196 4311 potest,
2229 4241 2441 4295 videndi
2469 4258 2574 4295 non
2608 4250 2800 4311 potest,
2829 4256 2948 4295 cum
2980 4256 3045 4295 ex
3076 4241 3337 4311 adjacenti
3368 4244 3587 4296 materia

2000 4348 2197 4401 corpus
2225 4334 2241 4364 ¹
2272 4341 2553 4402 utrumque
2578 4331 2854 4397 formetur,
2888 4333 3100 4403 etquod
3132 4334 3342 4388 insonat
3366 4332 3589 4388 auribus

2000 4431 2057 4481 et
2079 4426 2220 4496 quod
2246 4434 2465 4498 apparet
2505 4427 2826 4495 aSpectibus,
2854 4436 2908 4482 et
2936 4427 3081 4481 vocis
3106 4426 3315 4481 articuli
3339 4436 3393 4482 et
3419 4426 3591 4482 linea—

2003 4528 2179 4573 menta
2206 4519 2585 4584 membrorum,
2616 4528 2672 4574 et
2698 4518 2946 4573 andibilis
2986 4529 3039 4573 et
3063 4518 3286 4574 visibilis
3314 4529 3508 4586 motus,
3532 4528 3593 4574 ut

2003 4621 2058 4667 et
2095 4628 2279 4667 verum
2306 4613 2377 4667 sit
2401 4628 2595 4683 corpus
2624 4612 2764 4681 quod
2807 4613 3031 4667 sentitur
3055 4613 3298 4681 corporis
3329 4628 3511 4677 sensu,
3539 4620 3592 4671 et

2006 4708 2134 4762 nihil
2162 4709 2231 4763 sit
2256 4708 2485 4777 amplius
2508 4723 2664 4777 quant
2696 4706 2836 4775 quod
2869 4707 3094 4759 sentitur
3121 4707 3361 4775 corporis
3388 4720 3545 4760 sensu
3568 4704 3594 4757 ἲ

2006 4803 2195 4856 Anima
2225 4801 2366 4856 enim
2395 4800 2539 4854 nullo
2579 4816 2739 4853 sensu
2770 4799 3008 4868 corporis
3049 4798 3132 4852 vel
3178 4798 3229 4851 itt
3275 4798 3453 4866 aliquo
3480 4797 3593 4850 ani-

2010 4903 2190 4949 mante
2216 4894 2461 4947 sentitur.
2488 4890 2606 4945 Non
2626 4891 2781 4960 igitur
2802 4898 2884 4943 est
2904 4905 3035 4958 opus
3059 4903 3299 4959 qumrerc
3325 4886 3594 4959 quomodo

2008 4986 2311 5056 apparuerit
2359 4982 2617 5037 colnmbm
2672 4982 2875 5050 species
2930 4979 3253 5048 corporalis,
3307 4979 3443 5031 sicut
3486 4993 3593 5033 non

2009 5077 2297 5147 qumrimus
2314 5074 2581 5144 quomodo
2594 5073 2867 5145 sonuerint
2882 5086 3038 5125 voces
3058 5069 3316 5123 articulati
3331 5068 3592 5137 corporis.

2010 5170 2064 5223 Si
2105 5171 2244 5222 enim
2274 5167 2445 5236 potuit
2469 5166 2641 5219 anima
2676 5182 2778 5217 non
2806 5180 2923 5218 esse
2964 5162 3158 5226 media,
3191 5162 3281 5214 ubi
3322 5177 3445 5224 vox,
3488 5177 3593 5212 non

2011 5260 2160 5329 quasi
2186 5274 2307 5323 vox,
2336 5258 2527 5311 dicitur
2554 5257 2719 5320 facta;
2754 5267 2948 5325 (planta
2980 5256 3145 5322 magis
3173 5252 3359 5321 potuit,
3394 5252 3479 5304 ubi
3512 5252 3596 5305 di-

2012 5354 2150 5407 citur
2171 5361 2406 5421 tanquam
2436 5350 2678 5413 columba,
2700 5349 2797 5401 hue
2819 5347 2981 5400 verbo
3017 5344 3308 5414 signiﬁcata
3334 5343 3446 5397 sola
3474 5358 3596 5411 spe-

2013 5447 2095 5501 cie
2142 5446 2405 5515 corporali
2457 5443 2625 5497 oculis
2683 5440 2919 5504 reddita,
2974 5453 3076 5491 non
3132 5446 3318 5490 natura
3372 5436 3598 5489 viventis

2014 5542 2297 5595 animantis
2326 5535 2615 5607 expressa?
2658 5534 2767 5588 lloc
2816 5530 2973 5585 modo
3002 5529 3158 5583 etiam
3206 5526 3332 5581 illud
3363 5526 3557 5580 dicitur
3581 5568 3597 5594 ,

2017 5634 2206 5689 Factus
2251 5642 2321 5687 est
2350 5631 2513 5684 subito
2542 5630 2604 5683 de
2631 5628 2755 5681 carlo
2793 5643 2965 5691 sonus,
3009 5624 3155 5692 quasi
3179 5627 3394 5693 ferretur
3438 5624 3593 5693 ﬂatus

2014 5732 2309 5792 vehemens,
2374 5736 2417 5779 et
2473 5726 2592 5779 visa:
2653 5730 2766 5777 sunt
2835 5720 2937 5772 illis
2995 5718 3182 5788 lingttw
3238 5716 3413 5771 divisa:
3462 5718 3590 5773 velut

2077 5849 2096 5881 ι
2130 5848 2201 5897 sic
2223 5846 2367 5893 Vatic.
2393 5840 2565 5892 codex.
2594 5843 2646 5887 At
2668 5836 2746 5885 alii
2770 5831 3228 5897 habent,gcorporis.

2076 5895 2150 5976 (a)
2175 5895 2294 5959 vide
2316 5908 2462 5969 Epist.
2491 5903 2600 5963 187,
2625 5913 2669 5949 c.
2696 5901 2744 5957 5,
2769 5912 2818 5947 n.
2845 5900 2876 5947 8
2899 5904 2952 5946 et
2972 5895 3020 5945 9.

2758 5993 2979 6066 (Vingt
2994 5980 3276 6065 -quatre.)
