4154 6354
429 417 524 475 755

421 530 729 606 fulgentibus
748 573 765 599 ,
792 529 861 584 ad
885 538 1081 600 tempus
1115 527 1422 599 respondere
1446 541 1546 580 non
1563 526 1705 596 potui
1732 541 1750 580 :
1774 542 1874 579 non
1903 538 2003 595 quo

417 627 690 699 quidquam
704 624 760 679 in
790 623 894 678 illis
909 621 1371 693 reprehendendum
1386 629 1587 690 putem;
1612 619 1698 673 sed
1718 619 1835 688 quia
1849 619 2006 688 juxta

418 720 618 775 beatum
636 715 953 788 Apostolum,
986 734 1005 768 ι
1033 713 1383 785 Unusquisque
1402 714 1455 768 in
1471 729 1563 768 suo
1585 729 1732 767 sensu
1752 711 2005 775 abundet;

417 812 550 867 alius
595 810 796 883 quidem
842 808 934 873 sic,
989 807 1123 862 alius
1172 815 1339 861 autem
1356 806 1429 860 sic
1463 825 1482 859 ι
1535 803 1719 877 (Rom.
1759 818 1878 869 xxv,
1909 800 2000 874 5).

417 902 579 967 Certe,
609 899 849 971 quidquid
878 898 977 953 dici
1006 898 1166 969 potuit
1186 939 1201 963 ,
1228 907 1274 952 et
1312 897 1513 952 sublimi
1533 898 1733 968 ingenio
1761 895 1824 949 de
1851 893 2003 949 Scri-

419 1008 682 1067 pturarum
707 1002 997 1048 sanctarum
1025 991 1221 1045 hauriri
1245 990 1485 1059 fontibus,
1500 998 1597 1043 ate
1620 987 1837 1059 positum
1859 996 2007 1057 atque

417 1091 684 1145 dissertum
718 1096 810 1142 est.
841 1086 971 1153 Sed,
998 1102 1168 1157 quieso
1215 1084 1563 1140 Reverentiam
1595 1094 1766 1147 tuam,
1797 1096 2006 1152 parum-

416 1197 507 1252 per
531 1179 742 1252 patiaris
769 1194 847 1231 me
876 1187 1018 1231 tuum
1035 1176 1248 1231 laudare
1272 1176 1549 1247 ingenium.
1580 1173 1692 1227 Nos
1716 1172 1849 1228 enim
1874 1173 2006 1225 inter

417 1291 508 1328 nos
554 1270 848 1326 eruditionis
892 1285 1046 1322 causa
1088 1269 1397 1323 disserimus.
1447 1266 1698 1321 Ceterum
1738 1263 1929 1329 remuli,
1958 1270 2005 1316 et

418 1364 634 1417 maxime
657 1362 913 1428 haeretici,
952 1361 998 1416 si
1023 1361 1244 1415 diversas
1271 1361 1401 1413 inter
1429 1375 1519 1413 nos
1549 1356 1820 1412 sententias
1864 1354 2004 1408 vide-

417 1458 537 1521 rint,
564 1456 627 1509 de
647 1456 804 1509 animi
825 1452 1264 1509 calumniabuntur
1283 1467 1492 1506 rancorc
1511 1448 1831 1503 descendere.
1860 1444 1996 1499 Mihi

416 1558 583 1601 autent
609 1547 863 1601 decretum
889 1554 959 1599 est
995 1555 1042 1599 te
1068 1561 1257 1608 amare,
1289 1553 1336 1597 te
1371 1542 1644 1612 suspicere,
1676 1542 1839 1594 colere
1861 1580 1874 1599 ,
1906 1538 2002 1591 mi-

415 1641 540 1704 rari,
571 1648 752 1708 tuaque
774 1638 908 1691 dicta
932 1636 1076 1708 quasi
1101 1652 1211 1688 mea
1238 1634 1526 1706 defendere.
1556 1631 1697 1686 Certe
1727 1639 1771 1683 et
1810 1631 1859 1683 in
1887 1630 2001 1682 dia-

416 1732 553 1803 logo,
586 1747 737 1801 quem
764 1746 927 1798 nuper
955 1727 1090 1782 edidi
1120 1726 1269 1798 (Lib.
1296 1727 1330 1781 5
1357 1724 1596 1778 adversus
1628 1722 1999 1791 Pelagianos),

417 1832 517 1877 tute
540 1821 879 1876 Beatitudinis
900 1859 916 1885 ,
946 1828 1002 1873 ut
1046 1820 1256 1889 dignunt
1291 1817 1456 1886 fuerat
1479 1857 1494 1881 ,
1526 1813 1818 1868 recordatus
1845 1828 1957 1865 sum
1983 1826 2002 1866 :

416 1913 673 1984 magisque
700 1912 875 1965 demus
900 1926 1107 1982 operam
1135 1950 1148 1973 ,
1172 1918 1226 1962 ut
1254 1906 1677 1978 perniciosissima
1706 1904 1910 1959 haeresis
1939 1903 2003 1958 de

415 2007 633 2063 ecclesiis
657 2008 935 2078 auferatur,
964 2020 1077 2076 qua:
1113 2020 1311 2073 semper
1336 2002 1539 2057 simulat
1559 2000 1923 2072 paenitentiam,
1950 2006 2005 2052 ut

417 2097 630 2152 docendi
653 2097 707 2151 in
731 2096 957 2152 ecclesiis
990 2096 1167 2149 habeat
1210 2094 1531 2164 facultatem;
1562 2108 1624 2149 ne
1642 2133 1656 2157 ,
1686 2091 1731 2146 si
1754 2100 1927 2161 aperta
1951 2107 2005 2145 se

416 2189 527 2243 luce
550 2188 847 2259 prodiderit.
868 2193 1007 2258 foras
1026 2188 1240 2257 expulsa
1267 2186 1532 2240 moriatur.

485 2280 541 2333 2.
596 2279 802 2335 Sancta:
864 2294 925 2331 ac
960 2275 1264 2332 venerabiles
1289 2276 1413 2345 ﬁlia:
1459 2286 1559 2330 tua:
1595 2274 1927 2329 Eustochium
1956 2283 2003 2328 et

420 2368 607 2433 Paula,
634 2376 682 2423 et
711 2384 889 2440 genere
908 2370 1090 2422 suo’et
1116 2366 1459 2421 exhortatione
1479 2375 1565 2418 tua
1584 2365 1736 2436 digne
1765 2364 2004 2435 gradiun-

418 2472 517 2528 tur,
546 2461 923 2531 specialiterque
961 2459 1184 2513 salutant
1210 2456 1583 2512 Beatitudinem
1628 2466 1799 2521 tuam;
1839 2457 2005 2509 omnis

417 2568 611 2624 quoque
637 2552 926 2621 fraternitas
955 2566 1067 2622 qua
1093 2549 1351 2605 nobiscum
1375 2548 1596 2603 Domino
1620 2548 1875 2604 Salvatori
1894 2564 2003 2601 ser-

418 2645 520 2698 vire
538 2653 768 2697 conatur.
793 2641 1038 2697 Sanctum
1063 2642 1405 2713 presbyterum
1427 2640 1661 2694 Firmum
1682 2642 1862 2705 ‘,anno
1884 2655 2009 2711 pra:-

419 2740 584 2806 terito,
620 2738 681 2792 ob
708 2754 813 2792 rem
840 2754 1012 2791 earum
1046 2735 1337 2791 Ravennam
1357 2777 1370 2799 ,
1399 2745 1446 2789 ct
1489 2735 1605 2789 inde
1635 2735 1857 2806 Africam
1916 2733 2007 2789 Si-

419 2834 686 2900 ciliamque
727 2831 1022 2897 direximus,
1075 2845 1222 2898 quem
1271 2837 1506 2899 putamus
1551 2828 1666 2899 jam
1714 2827 1767 2880 in
1819 2826 2008 2896 Africa:

423 2924 647 2995 partibus
681 2920 1010 2977 commorari.’
1033 2919 1251 2975 Sanctos
1282 2930 1368 2974 tuo
1399 2919 1709 2973 adhwrentes
1739 2918 1885 2972 lateri
1911 2959 1926 2985 ,
1954 2926 2010 2971 ut

423 3032 531 3069 meo
560 3015 791 3085 obsequio
831 3013 1037 3078 salutes,
1065 3027 1262 3084 precor.
1311 3010 1527 3067 Litteras
1553 3028 1749 3084 quoque
1779 3027 1915 3065 meas
1943 3010 2011 3064 ad

422 3116 652 3161 sanctum
676 3104 1019 3176 presbyterum
1065 3101 1293 3157 Firmum
1316 3102 1479 3157 direxi
1500 3120 1519 3169 ;
1550 3119 1660 3173 qua:
1695 3104 1739 3157 si
1768 3103 1834 3156 ad
1861 3111 1907 3157 te
1925 3117 2012 3157 ve-

424 3196 608 3261 nerint,
642 3196 686 3249 ei
731 3195 947 3265 dirigere
972 3210 1073 3248 non
1096 3194 1339 3265 graveris.
1374 3193 1689 3249 Incolumem
1718 3204 1765 3250 te
1790 3236 1806 3260 ,
1842 3204 1888 3249 et
1916 3194 2014 3249 mei

426 3303 731 3350 memorem,
775 3282 1002 3340 Christus
1044 3283 1294 3339 Dominus
1334 3285 1613 3352 custodiat,
1659 3285 1860 3340 domine
1902 3302 2015 3341 vere

424 3389 611 3443 sancte,
643 3388 689 3432 et
749 3377 1027 3432 beatissime
1092 3394 1245 3448 papa.
1302 3377 1369 3433 Et
1423 3378 1608 3434 subter
1631 3380 1696 3433 ἐ
1758 3377 2013 3435 Grandem

426 3474 569 3529 latini
596 3472 839 3527 sermonis
864 3473 917 3526 in
940 3472 1036 3525 ista
1065 3471 1319 3541 provincia
1340 3472 1654 3526 notariorum
1678 3474 1901 3543 patimur
1935 3490 2018 3541 pe-

428 3566 662 3631 nuriam;
690 3576 733 3618 et
763 3564 948 3618 idcirco
979 3565 1240 3635 prteceptis
1270 3565 1368 3618 tuis
1390 3582 1567 3636 parere
1588 3583 1689 3620 non
1714 3583 2008 3637 possumus,

428 3658 645 3712 maxime
666 3658 718 3711 in
745 3656 962 3710 editione
984 3657 1338 3727 Septuaginta,
1361 3672 1473 3727 qua
1503 3658 1753 3712 asteriscis
1775 3659 2015 3712 verubus-

425 3767 521 3821 que
538 3751 777 3804 dictincta
796 3760 865 3804 est
894 3767 912 3805 :
942 3750 1176 3822 pleraque
1198 3751 1332 3806 enim
1361 3751 1543 3821 prioris
1570 3751 1755 3806 laboris
1781 3794 1797 3820 ,
1833 3753 2015 3823 fraude

426 3841 693 3912 cujusdam
717 3840 997 3895 amisimus.

795 3951 1123 4008 EPISTOLA
1145 3951 1402 4008 CLXXIII
1431 3958 1448 3977 ‘
1488 3954 1588 4026 (a).

426 4066 734 4139 Augustinus
772 4065 974 4119 Donato
993 4109 1007 4132 ,
1044 4065 1179 4120 vilice
1208 4065 1535 4136 Mutugenna:
1561 4068 1614 4120 in
1641 4069 1840 4122 dioecesi
1874 4069 2013 4138 Hip-

498 4159 707 4230 ponensi
732 4156 1016 4228 presbytero
1045 4157 1331 4225 donatistw,
1361 4159 1445 4227 qui
1455 4161 1634 4229 jussus
1659 4160 2014 4229 comprehendi

500 4260 545 4303 et
568 4248 753 4302 adduci
791 4248 858 4301 ad
881 4248 1167 4314 ecclesiam,
1196 4259 1405 4302 conatus
1434 4260 1506 4303 est
1535 4250 1627 4304 sibi
1655 4252 1754 4303 vim
1797 4251 2004 4321 inferre,

500 4340 679 4396 suadet
708 4349 762 4394 ut
795 4357 850 4395 re
871 4340 1035 4395 sobrie
1070 4357 1317 4411 perpensa
1345 4342 1605 4411 resipiscat
1632 4383 1647 4409 ,
1677 4342 1863 4397 docens
1896 4360 2016 4414 pra-

498 4449 609 4487 vam
634 4432 942 4487 voluntatem
980 4442 1110 4486 recte
1133 4433 1246 4503 cogi
1270 4432 1338 4485 ad
1360 4433 1585 4486 meliora.

500 4545 705 4601 Donato
760 4545 1069 4615 presbytero
1118 4545 1283 4613 partis
1331 4544 1538 4610 Donati,
1588 4544 1920 4601 AUGUSTINUS

756 4635 1038 4706 episcopus
1081 4634 1336 4689 Ecclesiae
1385 4635 1681 4692 catholicw.

502 4752 551 4807 l.
575 4750 631 4807 Si
660 4765 845 4821 posses
874 4748 1055 4805 videre
1087 4748 1324 4804 dolorem
1352 4749 1531 4804 cordis
1552 4750 1679 4817 mei,
1724 4759 1779 4806 et
1822 4750 2016 4807 sollici-

440 4844 668 4901 tudinem
710 4859 806 4915 pro
830 4843 1001 4899 salute
1029 4852 1117 4898 tua
1139 4885 1155 4910 ,
1188 4843 1427 4899 fortassis
1453 4844 1785 4900 miserereris
1810 4845 2004 4899 animus

435 4947 559 5002 tua),
588 4938 804 5009 placens
829 4937 937 4991 Deo
968 4935 1153 5009 (Eccli.
1180 4951 1314 5001 xxx,
1342 4935 1433 5007 24)
1457 4936 1509 4990 in
1528 4936 1794 4991 audiendo
1822 4937 2008 4999 verbo,

434 5047 537 5086 non
570 5038 775 5097 nostro,
800 5028 894 5084 sed
925 5028 1123 5098 ipsius;
1149 5043 1249 5082 nec
1269 5028 1382 5097 ejus
1400 5028 1700 5097 Scripturas
1727 5028 1802 5082 sic
1830 5029 1883 5081 in
1900 5042 2013 5081 me-

434 5126 601 5180 moria
621 5134 710 5179 tua
743 5123 951 5194 ﬁgeres,
977 5130 1232 5176 utcon:ra
1265 5137 1353 5176 eas
1374 5136 1467 5175 cor
1488 5121 1787 5175 clauderes.
1820 5119 2016 5188 Displi-

434 5226 521 5273 cet
550 5217 642 5272 tibi
666 5215 789 5287 quia
818 5213 1044 5268 traheris
1073 5212 1137 5267 ad
1160 5213 1406 5277 salutem,
1430 5227 1553 5267 cum
1583 5222 1686 5265 tam
1708 5212 1903 5266 multos
1928 5226 2016 5266 no-

458 5416 485 5426 η
500 5353 518 5385 ι
542 5350 825 5401 sorbonicus
860 5356 942 5399 Ms.
963 5349 1041 5398 bis
1061 5348 1227 5407 habet,
1247 5345 1537 5409 t-‘irminwn,
1558 5350 1751 5400 caeteris
1770 5349 2020 5415 refragan-

680 5476 907 5525 omittunt
949 5480 994 5525 et
1020 5471 1179 5524 subter
1196 5508 1211 5534 ,
1235 5472 1366 5537 quod
1404 5473 1455 5522 in
1473 5469 1580 5523 Mss.
1606 5473 1857 5539 plerisque
1884 5476 2021 5526 exhi-

557 5551 598 5587 ι’.

500 5624 518 5638 '
542 5629 667 5671 ttanc
682 5619 970 5671 contulimus
984 5633 1094 5670 cum
1110 5632 1156 5669 a.
1179 5618 1262 5682 bg.
1286 5618 1352 5667 bl.
1372 5631 1417 5667 c.
1441 5630 1511 5668 cc.
1533 5618 1582 5666 ιτ.
1604 5631 1654 5681 g.
1680 5631 1762 5681 gv.
1778 5620 1816 5681 j.
1838 5633 1885 5667 η.
1911 5634 1953 5669 r.
1978 5634 2021 5671 s.

438 5684 531 5797 ἒάὸ
544 5685 732 5794 dgobius
761 5684 1050 5733 bn.duobus
1080 5696 1122 5732 s.
1142 5682 1330 5731 duobus
1348 5688 1382 5730 t.
1406 5687 1610 5743 quatuor
1635 5696 1680 5730 v.
1709 5690 1758 5731 ct
1780 5695 1889 5730 cum
1920 5693 2020 5732 Arn.

473 5758 499 5794 a
539 5783 551 5795 .
602 5760 641 5795 r.
684 5760 774 5795 .ov.

503 5831 577 5893 (a)
613 5830 734 5893 Alias
753 5829 845 5893 20$
869 5843 881 5879 :
906 5841 1017 5892 quis
1060 5835 1224 5891 autem
1250 5829 1338 5878 175
1382 5834 1504 5887 erat,
1550 5838 1678 5875 nunc
1719 5826 1798 5875 66.
1843 5829 2025 5891 Scripta

440 5892 568 5946 mea
588 5906 665 5943 an.
680 5892 789 5942 416.

1597 406 2075 467 EPISTOLARUM
2114 407 2388 469 CLASSIS
2425 412 2512 471 llI.

3591 425 3698 485 756

2113 533 2257 580 stros
2286 527 2354 582 ad
2392 529 2679 599 perniciem
2708 532 2971 589 traxeritis
3001 535 3042 589 ⁸.
3070 532 3210 603 Quid
3229 550 3371 591 enim
3402 538 3689 611 voluimus,

2113 616 2213 671 nisi
2236 626 2289 672 te
2310 621 2711 691 comprehendi,
2741 632 2795 680 et
2820 626 3154 694 praesentari.
3173 635 3231 683 et
3250 629 3448 684 servari
3480 647 3546 686 ne
3568 612 3720 707 per-1

2112 711 2238 765 cas?
2269 712 2422 780 Quod
2448 723 2623 771 autem
2668 718 2721 771 in
2753 733 2978 790 corpore
3002 719 3162 776 Iresus
3188 737 3269 789 es,
3302 724 3415 793 ipse
3440 723 3533 779 tibi
3560 724 3697 779 feci-

2111 802 2247 870 sisti,
2277 804 2365 873 qui
2386 804 2632 875 jumento
2664 809 2755 865 tibi
2786 826 2911 866 mox
2937 811 3155 868 admoto
3191 814 3268 869 uti
3294 815 3528 883 noluisti,
3563 825 3617 871 ct
3640 826 3693 872 te

2111 892 2178 947 ad
2208 899 2404 949 terram
2452 899 2683 967 graviter
2726 900 2966 957 collisisti
2999 920 3012 956 :
3043 919 3164 959 nam
3212 905 3391 976 utique
3437 906 3574 963 alius
3603 908 3695 978 qui

2111 985 2368 1044 adductus
2395 998 2478 1043 est
2504 999 2697 1058 tecum,
2728 993 2929 1065 collega
2948 1006 3066 1050 tuus
3088 996 3285 1052 illaesos
3307 997 3470 1065 venit,
3492 999 3583 1069 qui
3608 1005 3694 1055 ta-

2111 1076 2181 1132 lia
2211 1078 2309 1133 sibi
2338 1079 2451 1149 ipse
2477 1096 2583 1135 non
2613 1081 2757 1138 fecit.

2180 1167 2233 1221 2.
2263 1168 2366 1224 Sed
2394 1187 2562 1241 neque
2581 1173 2681 1228 hoc
2702 1187 2854 1244 putas
2885 1178 2977 1232 tibi
3009 1178 3120 1235 ﬁeri
3151 1181 3416 1248 debuisse,
3446 1180 3567 1251 quia
3593 1197 3697 1237 ne-

2111 1262 2307 1315 minem
2335 1263 2607 1320 existimas
2636 1268 2931 1336 cogendum
2962 1285 3081 1326 esse
3111 1272 3177 1326 ad
3209 1271 3428 1326 honum.
3460 1272 3694 1329 Attende

2111 1353 2236 1423 quid
2265 1355 2548 1423 Apostolus
2577 1358 2789 1424 dixerit,
2814 1358 2913 1424 Qui
2940 1362 3283 1431 episcopatum
3309 1363 3581 1431 desiderat,
3611 1363 3699 1417 bo-

2110 1460 2230 1497 num
2268 1462 2394 1514 opus
2433 1448 2739 1518 concupiscit
2764 1449 2814 1517 (Ι
2841 1449 2970 1503 Tim.
3003 1467 3059 1505 ιιι
3082 1492 3098 1517 ,
3150 1451 3256 1524 1);
3288 1462 3343 1509 et
3376 1462 3555 1508 tamen
3586 1462 3696 1508 tam

2110 1534 2258 1589 multi
2284 1545 2339 1589 nt
2359 1537 2718 1611 episcopatum
2737 1541 3026 1611 suscipiant
3047 1550 3295 1598 tenentur
3311 1544 3477 1610 inviti,
3494 1544 3696 1616 perdu-

2110 1635 2335 1693 cuntur,
2381 1629 2759 1699 includuntur,
2790 1634 3193 1700 custodiuntur,
3237 1637 3509 1704 patiuntur
3548 1645 3696 1692 tanta

2110 1735 2226 1789 qua:
2252 1722 2455 1787 nolunt,
2488 1722 2658 1779 donec
2683 1725 2759 1780 eis
2788 1726 2926 1781 adsit
2953 1727 3196 1783 voluntas
3218 1728 3540 1797 suscipiendi
3566 1744 3696 1799 ope-

2110 1810 2185 1865 ris
2215 1810 2340 1867 boni
2372 1831 2384 1867 :
2412 1824 2611 1884 quanto
2641 1817 2810 1887 magis
2839 1833 2933 1872 vos
2961 1819 3029 1873 ab
3064 1834 3247 1874 errore
3278 1818 3605 1889 pernicioso,
3638 1820 3694 1875 in

2110 1917 2215 1971 quo
2251 1904 2401 1958 vobis
2428 1904 2627 1961 inimici
2659 1909 2786 1962 estis
2814 1950 2830 1976 ,
2865 1910 3107 1965 trahendi
3138 1910 3287 1977 estis,
3321 1921 3374 1966 et
3398 1911 3698 1967 deducendi

2109 1994 2175 2048 ad
2196 1996 2468 2051 veritatem
2496 1998 2579 2053 vel
2590 2001 3017 2070 cognoscendam
3033 2003 3113 2057 vel
3143 2003 3461 2073 eligendam,
3486 2020 3593 2060 non
3612 2019 3702 2059 so-

2111 2086 2219 2141 lum
2256 2096 2315 2142 ut
2354 2087 2610 2145 honorem
2659 2091 2943 2147 salubriter
2979 2094 3217 2149 habeatis
3242 2137 3256 2159 ,
3286 2094 3380 2149 sed
3427 2095 3586 2150 etiam
3628 2110 3698 2150 ne

2113 2178 2340 2247 pessime
2381 2180 2648 2249 pereatis!
2682 2182 2822 2238 Dicis
2852 2183 3019 2238 Deum
3049 2184 3260 2241 dedisse
3288 2186 3515 2241 liberum
3555 2186 3700 2241 arbi-

2114 2269 2301 2335 trium;
2326 2269 2449 2325 ideo
2474 2287 2579 2325 non
2603 2272 2801 2329 debere
2816 2275 2933 2345 cogi
2960 2274 3231 2330 hominem
3257 2292 3356 2331 nec
3376 2276 3444 2331 ad
3468 2277 3695 2331 bonum.

2112 2362 2283 2428 Quare
2313 2378 2441 2433 ergo
2472 2363 2546 2417 illi
2575 2364 2642 2419 de
2663 2366 2855 2435 quibus
2876 2381 3036 2437 supra
3060 2368 3189 2435 dixi,
3221 2378 3482 2438 coguntur
3509 2369 3575 2423 ad
3602 2369 3701 2424 bo—

2114 2453 2284 2507 num?
2314 2454 2558 2510 Attende
2587 2471 2715 2527 ergo
2751 2458 2889 2526 quod
2918 2458 3257 2514 considerare
3294 2475 3400 2515 non
3428 2461 3529 2515 vis.
3575 2460 3702 2515 ldeo

2113 2544 2361 2597 voluntas
2387 2545 2526 2599 bona
2549 2545 2968 2602 misericorditer
2992 2547 3332 2619 impenditur,
3367 2560 3425 2605 ut
3449 2550 3587 2604 mala
3617 2565 3704 2605 vo-

2117 2634 2295 2690 luntas
2322 2635 2549 2691 hominis
2579 2636 2859 2707 dirigatur.
2891 2638 3021 2693 Nam
3053 2640 3171 2710 quis
3196 2641 3399 2698 nesciat
3422 2656 3523 2696 nec
3545 2641 3700 2698 dam-

2117 2728 2231 2781 nari
2260 2728 2527 2782 hominem
2548 2769 2563 2794 ,
2593 2728 2694 2783 nisi
2717 2731 2906 2785 merito
2932 2732 3085 2786 malae
3104 2732 3409 2798 voluntatis,
3435 2747 3534 2787 nec
3562 2731 3704 2787 lihe-

2118 2820 2224 2875 rari
2279 2821 2379 2875 nisi
2424 2821 2620 2876 bonam
2677 2821 2925 2879 habuerit
2966 2824 3336 2881 voluntatem?
3367 2825 3484 2881 Non
3519 2805 3703 2882 tamen

2119 2910 2238 2967 ideo
2278 2912 2368 2982 qui
2411 2911 2723 2983 diliguntur,
2754 2916 2906 2970 malae
2941 2932 3050 2971 sum
3087 2917 3345 2973 voluntati
3390 2918 3607 2989 impune
3648 2928 3708 2975 et

2118 3002 2405 3059 crudeliter
2444 3005 2783 3073 permittendi
2832 3017 2984 3073 sunt;
3012 3008 3104 3063 sed
3134 3009 3222 3064 ubi
3253 3019 3487 3079 potestas
3515 3009 3705 3078 datur,

2120 3102 2176 3148 et
2212 3109 2240 3147 a
2283 3095 2424 3149 malo
2454 3095 2770 3165 prohibendi
2796 3139 2811 3163 ,
2834 3106 2891 3154 et
2918 3098 2983 3154 ad
3011 3098 3206 3155 bonum
3234 3101 3479 3172 cogendi.

2192 3185 2244 3239 5.
2277 3183 2407 3239 Nam
2431 3184 2477 3241 si
2516 3186 2760 3242 voluntas
2795 3190 2930 3243 mala
2968 3204 3181 3262 semper
3205 3208 3315 3247 suae
3349 3191 3707 3263 permittenda

2120 3283 2203 3330 est
2246 3275 2507 3343 libertati;
2552 3293 2718 3348 quare
2758 3280 3007 3336 Israelita:
3034 3294 3342 3340 recusantes
3371 3291 3427 3339 et
3462 3300 3709 3339 murmu-

2121 3376 2300 3422 rantes
2331 3378 2436 3422 tam
2462 3367 2609 3423 duris
2638 3368 2861 3441 ﬂagellis
2881 3387 2911 3426 a
2938 3373 3077 3428 malo
3103 3374 3538 3443 prohibebantur,
3557 3383 3613 3431 et
3639 3374 3712 3432 ad

2124 3468 2316 3514 terram
2336 3461 2704 3530 promissionis
2719 3465 3207 3535 compellebantur?
3226 3466 3281 3522 Si
3301 3468 3543 3523 voluntas
3569 3467 3711 3523 mala

2122 3567 2334 3622 semper
2362 3568 2470 3607 sua:
2497 3555 2851 3623 permittenda
2888 3565 2970 3612 est
3003 3557 3269 3623 libertati;
3303 3574 3470 3629 quare
3508 3558 3711 3614 Paulus

2123 3660 2227 3698 non
2255 3654 2337 3699 est
2362 3645 2653 3717 permissus
2694 3647 2767 3701 uti
2809 3648 3039 3717 pessima
3072 3650 3345 3705 voluntate
3384 3665 3489 3720 qua
3520 3665 3711 3720 perse-
3786 3646 3789 3647 ⁷

2121 3735 2700 3805 qucbatm-Ecclesiam,
2722 3739 2815 3794 sed
2836 3748 3130 3809 prostratus
3150 3750 3303 3797 estut
3322 3751 3710 3809 excaecaretur,

2120 3837 2176 3882 Ci.
2202 3842 2498 3884 excreeatus
2525 3840 2607 3885 CSI.
2627 3841 2684 3884 υι
2704 3840 3020 3899 mutaretur,
3038 3842 3271 3888 mutatus
3300 3846 3356 3887 ιιι
3384 3833 3706 3899 mitteretur,

2122 3922 2316 3975 missus
2346 3930 2401 3976 ut
2428 3922 2605 3992 qualia
2648 3923 2847 3979 iecerat
2891 3925 2943 3979 in
2970 3941 3173 3993 errore,
3208 3928 3328 3981 talia
3361 3943 3456 3996 pro
3483 3928 3711 3985 veritate

2124 4017 2434 4084 pateretur?
2463 4017 2520 4072 Si
2537 4017 2782 4073 voluntas
2810 4020 2948 4073 mala
2983 4035 3195 4089 semper
3219 4035 3330 4074 sua:
3353 4020 3710 4090 permittenda

2121 4116 2203 4160 est
2229 4107 2489 4174 libertati;
2518 4124 2682 4178 quare
2722 4119 2968 4164 monetur
2995 4120 3146 4180 pater
3176 4110 3229 4163 in
3258 4109 3545 4180 Scripturis
3582 4127 3708 4166 san-

2123 4197 2243 4262 clis,
2282 4198 2444 4251 tilium
2487 4197 2677 4252 durum
2719 4213 2822 4253 non
2864 4201 3036 4254 solum
3075 4201 3252 4255 verbis
3285 4203 3578 4271 corripere,
3614 4203 3711 4258 sed

2122 4289 2281 4343 etiam
2310 4290 2473 4344 latera
2499 4289 2623 4359 ,ejus
2655 4290 2899 4358 tundere,
2930 4300 2987 4347 ut
3031 4292 3097 4346 ad
3138 4293 3330 4347 bonam
3374 4294 3710 4365 disciplinam

2122 4390 2337 4437 coactus
2363 4390 2418 4436 et
2461 4382 2693 4439 domitus
2732 4385 2993 4455 dirigatur
3033 4384 3218 4457 (Eceli.
3246 4402 3373 4453 xxx,
3406 4386 3535 4460 12)?
3556 4387 3711 4443 Unde

2122 4474 2263 4529 idem
2294 4474 2452 4537 dicit:
2487 4474 2562 4529 Tu
2588 4477 2789 4547 quidem
2807 4478 3025 4545 percutis
3046 4495 3157 4531 eum
3183 4478 3348 4550 virga;
3373 4480 3597 4534 animam
3617 4498 3713 4534 au-

2124 4576 2223 4619 tem
2248 4568 2356 4638 ejus
2395 4565 2576 4621 liberas
2595 4585 2628 4621 a
2652 4578 2810 4623 morte
2835 4567 3014 4642 (Prov.
3044 4585 3201 4633 χχιιι.
3233 4570 3346 4641 is).
3374 4571 3433 4626 Si
3461 4572 3602 4628 mala
3620 4588 3714 4627 vo-

2122 4659 2299 4714 luntas
2335 4674 2549 4729 semper
2577 4676 2686 4715 sua:
2730 4661 3087 4731 permittenda
3121 4671 3203 4717 est
3240 4662 3505 4729 libertati;
3545 4678 3713 4734 quare

2122 4751 2481 4822 corripiuntur
2511 4753 2839 4823 negligentes
2869 4764 3127 4822 pastores,
3152 4763 3206 4810 ct
3233 4754 3429 4810 dicitur
3446 4754 3524 4811 eis
3559 4773 3574 4810 :
3603 4753 3711 4809 Er-

2122 4852 2316 4896 rantem
2356 4858 2496 4897 ovem
2530 4860 2631 4896 non
2672 4844 2975 4914 revocastis,
3017 4845 3265 4914 perditam
3294 4861 3395 4899 non
3433 4844 3713 4917 requisistis

2125 4934 2339 5005 (Ezeclt.
2373 4950 2558 5001 xxxrv,
2586 4935 2676 5008 4)?
2702 4936 2771 4991 Et
2805 4952 2899 4991 vos
2930 4952 3058 4991 oves
3086 4936 3286 4991 Christi
3325 4938 3454 4992 estis
3474 4981 3489 5005 ,
3521 4938 3711 4993 chara-

2123 5039 2323 5084 cterem
2342 5028 2664 5083 dominicum
2696 5030 2920 5099 portatis
2942 5029 2993 5083 in
3022 5028 3368 5085 Sacramento
3391 5031 3531 5100 quod
3558 5046 3711 5085 acce-

2125 5120 2315 5191 pistis;
2348 5120 2440 5175 sed
2470 5120 2660 5176 erratis
2688 5127 2743 5173 et
2784 5120 2987 5189 peritis.
3020 5120 3134 5174 Non
3176 5120 3297 5177 ideo
3333 5121 3487 5177 vobis
3525 5122 3713 5192 displi-

2124 5226 2361 5276 ceamus,
2394 5212 2517 5280 quia
2546 5225 2860 5266 revocamus
2889 5222 3151 5279 errantes,
3183 5220 3238 5267 et
3263 5214 3553 5283 quzerimus
3591 5229 3714 5283 per-

2126 5304 2286 5359 ditos.
2318 5302 2504 5359 Melius
2544 5304 2687 5359 enim
2716 5303 2942 5359 facimus
2971 5306 3299 5361 voluntatem
3338 5306 3550 5361 Domini
3596 5321 3715 5361 mo-

2126 5396 2302 5451 nentis
2330 5403 2384 5449 ut
2404 5412 2497 5451 vos
2525 5395 2591 5450 ad
2609 5394 2724 5465 ejus
2744 5396 2883 5451 ovile
2910 5395 3086 5451 redire
3105 5412 3376 5467 cogamus,
3400 5412 3559 5469 qnam
3587 5412 3718 5452 con-

2129 5483 2389 5543 sentimus
2422 5487 2680 5542 voluntati
2720 5488 2897 5543 ovium
2934 5487 3262 5556 errantium,
3299 5498 3356 5542 ut
3404 5490 3576 5560 perire
3616 5502 3713 5544 vos

2131 5582 2515 5653 permittamus.
2546 5580 2664 5637 Noli
2692 5597 2821 5653 ergo
2857 5582 2967 5653 jam
3015 5582 3197 5638 dicere
3241 5581 3381 5652 quod
3420 5591 3471 5637 te
3496 5582 3714 5640 assidue

2130 5676 2286 5731 audio
2308 5674 2519 5732 dicere:
2556 5676 2645 5733 Sic
2673 5677 2793 5733 volo
2821 5692 3024 5745 errare,
3060 5677 3138 5732 sic
3162 5676 3283 5732 volo
3301 5675 3491 5744 perire.
3525 5675 3713 5733 Melius

3634 5859 3649 5885 ι
3716 5840 3725 5905 ἶ

3577 5892 3603 5904 σὺ

2202 5895 2310 5943 ιείο
2332 5902 2437 5945 Mss.
2474 5901 2527 5944 At
2549 5893 2660 5943 Edd.
2704 5899 2933 5947 traxerss.
