4154 6354
505 421 526 471 ἰ
538 427 607 484 55
1747 369 1802 476 Si.
1841 411 2208 474 AUGUSﬂNl
2245 412 2550 472 EPISCOPI

507 540 647 600 enim
676 552 776 596 nos
791 537 895 601 hoc
922 538 1138 602 omnino
1165 551 1272 600 non
1285 534 1669 609 permittimus,
1686 541 1941 602 quantum
1965 543 2092 600 pos-

508 647 714 690 sumus.

575 726 630 781 t.
664 725 820 788 Modo
849 724 992 796 quod
1026 732 1075 786 te
1101 724 1154 784 in
1182 732 1420 794 puteum,
1457 730 1512 780 ut
1537 721 1840 788 morereris,
1879 717 2091 783 misisti,

507 817 692 887 utique
716 817 883 877 libera
911 817 1179 872 voluntate
1206 813 1396 872 fecisti.
1414 813 1522 872 Sed
1551 829 1707 882 quam
1731 811 1977 868 crudeles
2002 826 2094 865 es-

507 921 629 970 Seut
645 910 788 968 servi
810 909 925 976 Dei,
950 909 992 964 si
1025 909 1146 968 huic
1172 907 1324 964 mala:
1343 916 1449 964 tua:
1472 907 1726 961 voluntati
1745 916 1797 962 te
1817 904 2094 974 permitte-

506 1011 645 1069 rent,
673 1012 727 1058 et
751 1018 856 1060 non
885 1011 936 1060 te
964 1004 1031 1058 de
1049 1001 1141 1058 illa
1161 1009 1334 1058 morte
1368 1000 1689 1056 liberarent!
1715 1001 1835 1069 quis
1863 1013 1957 1053 eos
1985 1012 2092 1051 non

505 1094 701 1150 merito
727 1093 1004 1162 culparet?
1033 1107 1150 1162 quis
1178 1108 1282 1147 non
1311 1093 1504 1162 impios
1540 1099 1680 1146 recte
1699 1088 1997 1161 iudicaret?
2024 1087 2093 1142 Et

509 1194 686 1242 tamen
715 1193 769 1238 tu
793 1193 843 1240 te
863 1184 1046 1239 volens
1077 1201 1127 1238 tn
1156 1200 1346 1250 aquam
1376 1183 1566 1240 misisti
1599 1193 1654 1237 ut
1681 1182 1994 1245 morereris;
2018 1180 2093 1234 illi

508 1286 562 1331 te
585 1276 852 1332 nolentem
881 1276 947 1331 de
968 1291 1100 1345 aqua
1132 1277 1458 1339 levaverunt,
1486 1291 1550 1331 ne
1581 1273 1866 1328 morereris
1892 1291 1905 1327 :
1934 1280 1992 1326 tu
2013 1271 2093 1326 fc-

508 1366 627 1426 cisti
668 1366 956 1422 secundum
984 1367 1305 1424 voluntatem
1337 1379 1473 1419 tuan:
1499 1408 1511 1428 .
1563 1365 1656 1422 sed
1706 1367 1757 1419 in
1808 1365 2095 1434 perniciem

509 1461 676 1523 tuam;
699 1458 771 1515 illi
788 1467 968 1512 contra
991 1459 1313 1513 voluntatem
1337 1468 1500 1521 tuam,
1517 1457 1612 1513 sed
1637 1465 1852 1526 propter
1871 1457 2094 1509 salutem

509 1557 675 1608 tuam.
709 1549 767 1608 Si
802 1567 929 1620 ergo
970 1550 1112 1613 salus
1161 1550 1263 1604 ista
1289 1550 1584 1618 corporalis
1632 1550 1710 1603 sic
1747 1547 2095 1602 custodienda

509 1649 610 1708 est,
633 1649 692 1696 ut
729 1642 886 1696 etiam
921 1641 970 1694 in
1012 1641 1332 1707 nolentibus,
1363 1642 1431 1695 ab
1469 1642 1546 1695 eis
1587 1641 1679 1710 qui
1722 1655 1816 1694 eos
1849 1639 2093 1708 diligunt,

405 1733 416 1739 ’
509 1741 784 1798 servetur;
812 1739 1010 1801 quanto
1042 1732 1208 1801 magis
1230 1732 1316 1786 illa
1339 1732 1647 1800 spiritualis,
1669 1731 1722 1786 in
1742 1730 1891 1800 cujus
1917 1730 2100 1784 deser-

510 1821 656 1876 tione
680 1837 826 1876 mors
845 1831 1044 1878 aeterna
1072 1825 1352 1878 metuitur!
1383 1822 1695 1892 Quanquam
1729 1824 1780 1877 in
1806 1823 1901 1878 ista
1928 1833 2100 1876 morte

509 1932 668 1988 quam
701 1917 792 1972 tibi
828 1926 883 1972 tu
907 1917 1018 1986 ipse
1046 1917 1242 1974 inferre
1263 1919 1494 1984 voluisti,
1531 1936 1634 1976 non
1663 1918 1837 1972 solum
1868 1915 1935 1970 ad
1957 1928 2097 1972 tom-

511 2026 630 2084 pus,
661 2015 756 2068 sed
802 2014 961 2068 etiam
993 2014 1046 2068 in
1075 2023 1333 2069 atternum
1362 2015 1678 2078 morereris;
1710 2013 1832 2083 quia
1863 2012 1961 2066 etsi
1993 2025 2097 2064 non

509 2102 576 2158 ad
604 2103 852 2172 salutem,
884 2120 986 2159 non
1029 2106 1093 2160 ad
1127 2106 1380 2162 Ecclesia:
1410 2122 1629 2173 pacem,
1679 2121 1784 2160 non
1814 2106 1878 2159 ad
1899 2107 2096 2162 Christi

504 2193 750 2263 corporis
779 2195 1052 2259 unitatem,
1087 2213 1191 2252 non
1213 2197 1280 2251 ad
1301 2210 1536 2253 sanctam
1555 2207 1615 2252 et
1630 2197 1956 2252 individuam
1973 2198 2103 2252 cha-

510 2285 743 2352 ritatem,
763 2288 853 2340 sed
885 2289 952 2342 ad
981 2290 1114 2342 mala
1138 2290 1310 2359 aliqua
1335 2292 1624 2360 cogereris,
1659 2307 1760 2346 nec
1776 2292 1856 2346 sic
1869 2292 1964 2346 tibi
1983 2292 2099 2361 ipse

511 2388 738 2438 mortem
764 2381 955 2436 inferre
983 2381 1232 2438 debuisti.

582 2469 637 2524 ὅ.
666 2469 952 2526 Considera
964 2473 1268 2542 Scriptores
1285 2473 1510 2540 divinas,
1537 2479 1594 2528 et
1612 2473 1817 2528 discute
1842 2483 2099 2544 quantum

511 2570 686 2636 potes,
710 2573 764 2618 et
791 2564 909 2620 vide
935 2576 1116 2622 utrum
1149 2567 1248 2624 hoc
1277 2566 1470 2622 fecerit
1495 2566 1685 2637 aliquis
1709 2559 1992 2638 aliquando
2008 2569 2098 2637 ju-

512 2662 712 2714 storum
741 2663 899 2723 atque
917 2655 1174 2718 fidelium,
1205 2657 1408 2711 cumeb
1429 2657 1506 2712 cis
1535 2665 1680 2712 tanta
1701 2659 1837 2711 mala
1862 2659 2098 2728 perpessi

511 2742 643 2808 sint,
675 2746 762 2815 qui
803 2761 898 2801 eos
933 2747 1002 2802 ad
1046 2758 1305 2804 aeternum
1345 2750 1637 2817 interitum,
1682 2767 1786 2804 non
1825 2750 1892 2805 ad
1937 2751 2096 2805 vitam

511 2844 785 2902 (sternam,
815 2854 920 2907 quo
943 2849 996 2894 tu
1019 2842 1380 2910 compelleris,
1412 2843 1716 2914 adigebant.
1747 2844 1935 2898 Audivi
1956 2844 2101 2914 quod

511 2927 709 2994 dixeris
736 2932 1035 3000 apostolum
1066 2933 1286 2992 Paulum
1311 2935 1642 3004 significasse
1669 2935 1770 2990 hoc
1796 2935 1906 2990 fieri
1938 2935 2101 2991 debe-

511 3035 590 3080 re.
632 3021 720 3076 ubi
761 3022 858 3089 ait,
907 3023 1014 3080 Etsi
1053 3025 1311 3080 tradidero
1355 3043 1538 3098 corpus
1581 3043 1750 3081 meum
1791 3038 1848 3080 ut
1889 3027 2100 3081 ardeam

480 3107 694 3182 '(ICor.
739 3132 852 3182 xui,
895 3117 984 3187 5);
1017 3119 1137 3186 quia
1184 3118 1432 3174 videlicet
1477 3121 1652 3173 omnia
1693 3121 1829 3175 bona
1867 3120 2096 3187 dicebat,

509 3222 630 3276 qtne
657 3207 774 3264 sine
790 3210 1046 3266 charitate
1067 3211 1199 3268 nihil
1225 3222 1465 3281 prosunt,
1487 3213 1623 3268 sicut
1643 3222 1766 3268 sunt
1789 3215 1982 3284 linguae
2004 3215 2101 3269 ho-

511 3297 716 3358 minum
745 3307 798 3354 et
819 3302 1161 3370 Angelorum,
1185 3313 1241 3358 et
1261 3306 1439 3359 omnia
1470 3314 1822 3369 sacramenta,
1845 3315 1899 3360 et
1924 3307 2101 3360 onmis

483 3388 754 3456 -_5cientia,
781 3399 838 3446 et
887 3389 1062 3448 omnis
1111 3394 1414 3463 prophetia,
1443 3406 1497 3452 et
1534 3397 1712 3452 omnis
1759 3397 1890 3452 ﬁdes
1933 3400 2002 3451 ita
2044 3406 2101 3452 ut

503 3491 720 3542 montes
766 3484 1182 3553 transferantur,
1215 3497 1271 3542 et
1313 3505 1490 3543 rerum
1539 3505 1758 3546 suarum
1795 3491 2100 3547 distributio

487 3573 833 3646 pauperibus
866 3576 881 3606 ³
905 3592 919 3639 ;
947 3576 1066 3631 ideo
1096 3578 1301 3632 videtur
1339 3581 1431 3634 tibi
1456 3583 1615 3636 etiam
1660 3582 1764 3637 hoc
1793 3583 1934 3637 inter
1961 3584 2101 3638 bona

511 3678 841 3728 numerasse,
869 3673 925 3720 ut
961 3668 1061 3722 sibi
1092 3670 1316 3740 quisque
1347 3673 1535 3727 inferat
1583 3684 1828 3728 mortem.
1862 3674 1969 3730 Sed
2013 3687 2098 3731 at-

509 3753 670 3812 tende
728 3755 1014 3826 diligenter
1065 3770 1121 3816 et
1167 3777 1397 3832 agnosce
1442 3766 1890 3833 quemadmodum
1957 3767 2099 3825 dicat

510 3844 806 3915 Scriptura,
834 3849 977 3918 quod
1006 3851 1180 3906 tradat
1219 3853 1442 3924 quisque
1483 3871 1636 3909 suum
1678 3873 1875 3926 corpus
1910 3868 1967 3913 ut
2012 3875 2101 3914 ar-

509 3937 654 3993 deat.
686 3939 800 3994 Non
829 3941 1009 4013 utique
1042 3952 1101 4000 ut
1135 3945 1250 4014 ipse
1275 3960 1335 4000 se
1377 3946 1432 4000 in
1461 3947 1634 4017 ignem
1661 3949 1854 4015 mittat,
1886 3950 2100 4020 quando

507 4041 919 4106 persequentem
950 4035 1144 4104 patitor
1185 4037 1489 4102 inimicum;
1520 4039 1615 4094 sed
1640 4041 1854 4108 quando
1883 4042 1935 4095 ei
1970 4056 2098 4110 pro-

497 4123 723 4194 ponitur
743 4134 798 4181 ut
826 4135 918 4180 aut
949 4129 1283 4200 malialiquid
1304 4129 1482 4197 faciat,
1507 4142 1598 4186 aut
1626 4135 1748 4187 mali
1777 4135 1975 4205 aliquid
2005 4150 2100 4205 pa-

497 4219 690 4288 tiatur,
720 4220 879 4292 eligat
921 4238 1026 4278 non
1057 4225 1230 4279 facere
1257 4225 1391 4279 mala
1421 4242 1582 4296 quam
1624 4242 1730 4281 non
1759 4229 1866 4298 pati
1909 4230 2049 4284 mala
2081 4245 2095 4283 :

508 4318 670 4382 atque
690 4313 756 4367 ita
781 4329 976 4384 corpus
1002 4330 1157 4370 suum
1179 4317 1349 4372 tradat
1379 4317 1430 4370 in
1458 4326 1773 4387 potestatem
1797 4319 2101 4374 interfecto-

497 4403 621 4472 πίε,
664 4406 800 4460 sicut
833 4414 942 4464 tres
969 4407 1041 4461 illi
1078 4409 1176 4462 viri
1219 4407 1564 4479 feceruntqui
1609 4425 1826 4464 auream
1869 4420 2098 4466 statuam

511 4495 838 4564 cogebantur
875 4498 1118 4565 adorare,
1162 4508 1217 4554 et
1263 4500 1363 4553 nisi
1395 4499 1659 4565 facerent,
1694 4502 1993 4556 minabatur
2020 4503 2098 4558 eis

515 4586 607 4648 ille
647 4586 741 4656 qui
779 4589 1020 4659 cogebat,
1060 4591 1330 4648 caminum
1380 4590 1515 4661 ignis
1551 4592 1848 4647 ardentem.
1897 4593 2096 4648 Idolum

513 4677 741 4740 adorare
769 4679 1086 4747 noluerunt;
1119 4696 1223 4736 non
1250 4681 1352 4751 ipsi
1387 4697 1445 4736 se
1483 4683 1534 4736 in
1576 4683 1751 4752 ignem
1792 4685 2094 4740 miserunt:

514 4779 568 4832 et
602 4778 778 4836 tamen
805 4772 964 4827 etiam
993 4772 1060 4829 de
1087 4774 1191 4829 illis
1210 4773 1288 4829 sic
1301 4773 1557 4843 scriptum
1583 4783 1686 4842 est,
1706 4777 1847 4846 quod
1877 4778 2100 4832 tradide-

505 4873 630 4926 runt
658 4880 877 4936 corpora
914 4882 1027 4932 sua,
1059 4877 1114 4920 ut
1142 4883 1299 4938 neque
1336 4870 1596 4935 servirent,
1633 4885 1792 4939 neque
1826 4870 2098 4924 adorarent

507 4955 675 5016 ullum
699 4960 718 4989 ²
748 4958 918 5023 deum,
951 4958 1040 5013 sed
1066 4958 1230 5014 Deum
1255 4977 1400 5015 suum
1422 4960 1584 5032 (Dan.
1617 4978 1693 5029 ut,
1721 4962 1933 5035 ιιι-95).
1959 4964 2098 5019 Ecce

513 5049 781 5118 quomodo
818 5049 952 5106 dixit
989 5051 1297 5122 Apostolus,
1323 5051 1386 5108 Si
1423 5052 1681 5107 tradidero
1717 5069 1904 5124 corpus
1930 5071 2097 5110 meum

408 5164 418 5170 -
513 5147 566 5194 ut
588 5140 809 5195 ardeam.

583 5230 636 5286 6.
663 5231 812 5300 Quod
842 5241 1019 5290 autem
1061 5236 1319 5306 sequitur,
1351 5237 1471 5292 vide
1508 5253 1523 5290 :
1560 5237 1622 5293 Si
1657 5237 1955 5292 charitatem
1997 5255 2098 5295 non

507 5319 745 5389 ,Itabeam,
764 5323 893 5380 nihil
916 5325 1041 5380 mihi
1057 5327 1281 5397 prodest.
1311 5327 1393 5383 Ad
1414 5329 1568 5383 istam
1590 5330 1906 5384 eharitatem
1938 5346 2097 5386 voca-

511 5413 607 5479 ris,
639 5413 706 5469 ab
733 5414 832 5470 ista
855 5415 1111 5474 cbaritate
1137 5418 1312 5487 perire
1343 5434 1446 5474 non
1469 5421 1696 5487 sineris;
1724 5431 1780 5476 et
1815 5431 1967 5492 putas
2004 5423 2098 5478 tibi

513 5505 708 5577 aliquid
752 5507 1026 5577 prodesse,
1055 5509 1104 5564 si
1134 5517 1187 5566 te
1216 5510 1332 5580 ipse
1371 5512 1668 5580 praecipites
1709 5514 1758 5566 in
1801 5514 2093 5582 interitum,

511 5614 634 5664 sum
673 5599 765 5656 tibi
811 5600 940 5658 nihil
985 5603 1284 5674 prodesset,
1324 5606 1533 5662 etiamsi
1576 5607 1711 5660 alter
1741 5616 1791 5662 te
1829 5609 2098 5665 occideret

511 5691 784 5752 cbaritatis
807 5694 1114 5754 inimicum!
1145 5697 1297 5753 Foris
1325 5707 1504 5753 autem
1533 5699 1602 5754 ab
1630 5699 1862 5754 Ecclesia
1898 5703 2098 5756 consti-

575 5828 595 5862 ι
614 5827 752 5888 ωαη.
775 5830 1063 5893 pauperibus
1088 5831 1249 5893 prosit.

573 5893 595 5926 ³
613 5896 720 5944 los.
745 5891 968 5958 quatuor,
986 5891 1139 5946 illum.

1983 6012 1986 6015 .
2080 5985 2153 6022 5.4,

2203 537 2366 596 tutus,
2389 540 2442 585 et
2465 539 2742 599 separatus
2759 547 2788 586 ιι
2812 545 3070 604 compage
3095 531 3312 589 unitatis
3327 539 3391 590 et
3413 533 3632 590 vinculo
3653 534 3790 592 eba-

2199 621 2390 687 ritatis,
2433 632 2635 678 mteruo
2655 625 2917 695 supplic-io
2957 624 3241 695 punireris,
3263 627 3474 683 etiamsi
3506 643 3602 699 pro
3627 627 3791 684 01πὶ-

2199 714 2268 767 sti
2291 716 2510 770 nomine
2532 715 2683 770 vivus
2711 717 3076 774 incendereris
3105 736 3119 772 :
3151 718 3256 774 hoc
3281 727 3367 775 est
3387 721 3530 774 cutim
3551 723 3693 791 quod
3707 722 3792 776 ait

2200 809 2511 878 Apostolus,
2531 810 2646 864 Etsi
2667 813 2927 866 tradidero
2945 829 3127 883 oar-pus
3153 831 3319 868 incum
3343 823 3396 866 ut
3419 814 3649 880 ardeam,
3669 814 3795 869 cha-

2197 901 2399 955 ritatem
2423 912 2594 956 autem
2621 921 2720 957 non
2759 904 2989 971 habeam,
3015 905 3146 959 nihil
3171 906 3292 958 mihi
3319 905 3538 976 prodeat.
3579 906 3791 961 Revoca
3844 896 3857 920 "

2195 1007 2326 1062 ergo
2351 995 2590 1048 animum
2621 995 2687 1050 ad
2715 1011 2897 1049 sanam
2919 995 3426 1063 etmsiderationem,
3457 1007 3512 1051 et
3554 997 3792 1052 sobriam

2175 1086 2607 1153 cogitationem;
2635 1087 2852 1142 attende
2868 1086 3149 1158 diligenter
3169 1096 3344 1142 utrum
3370 1088 3436 1140 ad
3462 1101 3700 1142 errorem
3735 1097 3793 1142 et

2199 1176 2527 1245 impietatem
2559 1181 2789 1246 voceris,
2824 1188 2879 1234 et
2922 1189 3108 1247 patere
3149 1194 3246 1249 pro
3275 1180 3502 1235 veritate
3525 1181 3794 1250 quaslibet

2200 1271 2491 1328 molestias.
2517 1271 2572 1324 Si
2590 1280 2766 1324 autem
2789 1281 2844 1325 ιιι
2859 1271 3033 1340 potius
3054 1271 3107 1324 in
3127 1286 3312 1326 errore
3336 1271 3564 1341 atquein
3597 1271 3792 1340 impie-

2204 1368 2309 1414 tate
2332 1362 2583 1427 versaris,
2618 1378 2722 1431 quo
2749 1373 2927 1416 autem
2952 1364 3159 1416 vocaris
3175 1361 3248 1417 ibi
3275 1370 3361 1417 est
3384 1361 3579 1416 veritas
3597 1373 3652 1416 et
3679 1361 3796 1431 pie-

2202 1461 2302 1514 tas,
2333 1452 2456 1520 quia
2497 1453 2570 1508 ibi
2605 1462 2692 1509 est
2735 1454 3024 1509 christiana
3051 1455 3225 1509 unitas
3259 1464 3317 1508 ct
3351 1454 3522 1508 sancti
3562 1455 3795 1524 Spiritus

2200 1542 2464 1609 cbaritas;
2492 1545 2615 1614 quid
2643 1545 2816 1602 adhuc
2843 1547 2939 1600 tibi
2965 1561 3085 1601 esse
3107 1548 3319 1602 conaris
3339 1546 3586 1601 inimicus
3603 1547 3629 1600 ἵ

2275 1639 2324 1692 7.
2368 1639 2492 1693 Ideo
2517 1641 2765 1709 prmstitit
2799 1641 3162 1696 misericordia
3190 1642 3283 1696 Dei
3309 1649 3438 1696 utet
3475 1655 3575 1696 nos
3600 1651 3654 1694 et
3676 1639 3796 1710 epi-

2202 1733 2348 1800 scopi
2391 1733 2556 1787 vestri
2601 1741 2708 1788 tam
2759 1733 3025 1803 frequenti
3063 1749 3348 1789 numeroso
3381 1748 3485 1804 que
3525 1742 3795 1789 conventu

2204 1824 2571 1894 Carthaginem
2601 1826 2925 1892 veniremus,
2955 1835 3117 1896 atque
3146 1827 3286 1882 inter
3320 1842 3418 1880 nos
3444 1825 3515 1881 de
3540 1827 3655 1896 ipsa
3681 1825 3793 1880 dis-

2199 1918 2451 1972 sensione
2480 1918 2873 1975 ordinatissime
2895 1920 3278 1975 conferremus.
3296 1920 3460 1975 Gesta
3488 1919 3794 1990 conscripta

2201 2018 2344 2071 sunt,
2373 2020 2570 2065 nostra:
2590 2012 2750 2066 etiam
2783 2013 3203 2081 subscriptiones
3231 2021 3515 2077 tenentur;
3541 2013 3683 2082 lege,
3703 2013 3791 2067 vel

2200 2113 2387 2172 patere
2431 2112 2489 2157 ut
2529 2104 2620 2157 tibi
2653 2105 2911 2174 legantur,
2942 2115 2997 2160 et
3021 2112 3147 2159 tunc
3169 2106 3307 2175 elige
3349 2105 3490 2175 quod
3536 2104 3790 2159 vrrlneris.

2205 2193 2394 2247 Audivi
2423 2194 2564 2263 quod
2592 2195 2794 2249 dixeris
2809 2211 2968 2264 posse
2997 2204 3050 2251 te
3075 2195 3350 2250 nobiscum
3371 2195 3440 2249 de
3461 2195 3591 2264 ipsis
3613 2195 3796 2250 Gestis

2202 2286 2402 2357 aliquid
2431 2303 2612 2358 agere,
2638 2289 2682 2342 si
2699 2290 3006 2344 omittamus
3028 2291 3187 2344 verba
3210 2289 3581 2358 episcoporum
3596 2297 3796 2343 vestro-

2203 2394 2346 2445 rum,
2376 2377 2466 2432 ubi
2489 2379 2760 2447 dixerunt,
2798 2379 2907 2434 Nec
2927 2397 3080 2433 causa
3102 2396 3286 2444 causan,
3311 2395 3399 2433 nec
3427 2396 3640 2450 persona
3676 2395 3794 2452 per-

2203 2485 2342 2524 sona:
2357 2471 2674 2540 pmjudicat.
2694 2470 2820 2526 Haec
2839 2470 3001 2526 verba
3026 2471 3108 2526 vis
3123 2472 3450 2536 omittamus,
3477 2471 3564 2526 ubi
3590 2485 3686 2540 per
3699 2485 3795 2524 eos

2203 2562 2503 2617 nescientes
2527 2563 2725 2618 veritas
2761 2562 2876 2633 ipsa
2916 2564 3090 2619 locuta
3113 2572 3212 2619 est.
3245 2563 3350 2618 Sed
3379 2572 3432 2617 tu
3464 2561 3706 2617 dicturus
3733 2577 3794 2617 es

2205 2653 2290 2709 hic
2313 2669 2407 2710 eos
2435 2671 2668 2720 errasse,
2699 2663 2753 2711 et
2777 2657 2830 2711 in
2859 2656 3046 2712 falsam
3068 2657 3386 2712 sententiam
3413 2655 3678 2710 incautius
3702 2669 3793 2710 ee-

2203 2744 2420 2800 cidisse.
2446 2745 2554 2800 Nos
2573 2754 2748 2801 autem
2779 2748 3006 2802 dicimus
3027 2747 3130 2802 hoc
3146 2762 3241 2802 eos
3267 2762 3452 2801 verum
3483 2746 3701 2809 dixisse,
3739 2753 3797 2801 et

2204 2835 2308 2890 hoc
2330 2851 2424 2905 per
2445 2837 2670 2908 teipsum
2689 2837 2937 2894 facillime
2964 2839 3267 2908 probamus.
3290 2837 3346 2894 Si
3375 2838 3517 2892 enim
3557 2835 3797 2907 episcopi

2203 2927 2366 2982 vestri
2393 2927 2551 2983 electi
2579 2929 2647 2982 ab
2663 2931 2907 2986 universa
2930 2939 3079 3000 parte
3097 2930 3307 2993 Donati,
3335 2929 3424 3000 qui
3440 2943 3654 2984 causam
3678 2943 3797 2983 om-

2204 3018 2349 3074 nium
2375 3020 2730 3085 sustinerent,
2763 3031 2818 3077 et
2833 3022 2884 3077 si
2911 3022 3034 3092 quid
3064 3023 3295 3091 egissent
3328 3030 3535 3091 gratum
3561 3029 3616 3076 et
3642 3033 3797 3096 acce-

2205 3120 2351 3181 ptum
2381 3113 2559 3167 czoteri
2585 3113 2858 3179 haberent,
2890 3122 3065 3168 tamen
3091 3113 3146 3167 in
3171 3127 3240 3168 eo
3270 3113 3413 3183 quod
3439 3113 3561 3167 illos
3587 3121 3796 3167 temere

2209 3213 2265 3259 et
2291 3220 2398 3260 non
2419 3213 2565 3261 recte
2583 3206 2786 3261 dixisse
2815 3207 3108 3273 arbitraris,
3128 3221 3235 3260 non
3257 3207 3338 3259 vis
3361 3214 3418 3259 ut
3441 3205 3536 3258 tibi
3557 3203 3798 3274 praejudi-

2203 3310 2360 3366 cent;
2386 3317 2569 3356 verum
2595 3317 2724 3372 ergo
2749 3301 3019 3367 dixerunt,
3052 3303 3172 3371 quia
3192 3317 3288 3379 nec
3306 3316 3463 3353 causa
3489 3313 3676 3365 causa,
3701 3314 3796 3351 nec

2201 3409 2420 3463 persona
2450 3408 2676 3462 persona;
2707 3393 3024 3463 prtzjudicat.
3051 3392 3120 3446 Et
3154 3392 3229 3446 ibi
3263 3391 3432 3447 debes
3464 3403 3788 3461 agnoscere,

2205 3486 2326 3556 quia
2353 3487 2398 3541 si
2439 3501 2662 3555 persona
2701 3494 2780 3540 tot
2813 3488 3188 3555 episeOporum
3233 3495 3450 3538 tuorum
3489 3484 3541 3537 in
3573 3481 3682 3536 illis
3707 3495 3798 3536 se-

2206 3587 2349 3646 ptem
2391 3580 2802 3632 constitutorum
2845 3593 2948 3632 non
2990 3579 3071 3632 vis
3113 3583 3173 3631 ut
3202 3575 3513 3647 praeiudicat
3552 3588 3795 3645 persona:

2207 3671 2396 3725 Donati
2424 3671 2854 3739 Mutugennensis
2880 3671 3200 3742 presbyteri,
3233 3679 3434 3740 quanto
3464 3669 3638 3723 minus
3674 3681 3785 3722 non

2199 3761 2363 3817 debet
2391 3761 2735 3832 praejudicare
2759 3762 3024 3818 Cmeiliani
3056 3777 3302 3833 persona,
3326 3761 3534 3816 etiamsi
3556 3760 3678 3814 mali
3694 3759 3788 3813 ali-

2205 3856 2330 3925 quid
2359 3855 2410 3909 in
2443 3856 2534 3910 illo
2563 3865 2706 3910 esset
2736 3858 3028 3922 inventum,
3063 3856 3323 3910 universae
3353 3855 3542 3909 unitati
3567 3852 3791 3920 Christi,

2206 3963 2322 4017 quae
2348 3963 2451 4002 non
2475 3948 2524 4001 in
2550 3964 2651 4006 una
2682 3949 2805 4003 villa
2827 3949 3149 4019 Mutugenna
3175 3947 3532 4012 concluditur,
3557 3946 3651 4002 sed
3681 3955 3796 4000 toto

2206 4047 2473 4094 terrarum
2496 4039 2626 4094 orbe
2648 4040 2990 4098 diffunditur?

2276 4131 2328 4186 8.
2362 4131 2466 4186 Sed
2494 4147 2620 4187 ecce
2661 4133 2880 4188 facimus
2926 4131 3064 4202 quod
3091 4132 3302 4188 voluisti
3326 4149 3341 4199 ;
3363 4131 3447 4192 sic
3478 4141 3648 4193 tecann
3677 4131 3795 4200 agi-

2206 4238 2344 4288 mus,
2368 4238 2431 4278 ac
2455 4223 2501 4278 si
2527 4239 2631 4278 non
2662 4224 2896 4279 dixerint
2936 4225 3116 4290 vestri,
3152 4224 3263 4278 Nec
3292 4240 3449 4280 causa
3472 4238 3663 4286 cause,
3705 4238 3796 4275 nec

2197 4333 2419 4392 persona
2435 4333 2663 4387 persona!
2687 4317 3010 4388 prwjudicat.
3036 4317 3114 4372 Tu
3142 4317 3319 4372 inveni
3349 4315 3478 4386 quid
3505 4315 3580 4370 illi
3610 4314 3794 4374 dicere

2205 4410 2510 4476 debuerint,
2533 4427 2651 4465 cum
2679 4412 2757 4466 eis
2773 4411 2978 4481 objecta
3003 4419 3146 4466 esset
3170 4424 3328 4465 otiosa
3359 4418 3412 4464 et
3438 4423 3660 4478 persona
3675 4406 3798 4461 Pri-

2206 4503 2390 4565 miani,
2423 4504 2511 4574 qui
2538 4503 2879 4558 damnatores
2898 4518 3023 4558 suos
3052 4511 3105 4556 et
3121 4499 3390 4556 damnavit
3417 4515 3538 4566 cum
3564 4499 3790 4563 caeteris,

2204 4607 2258 4652 et
2278 4595 2555 4651 damnatos
2577 4612 2638 4650 ac
2665 4596 2953 4652 detestatos
2982 4597 3034 4660 in
3063 4610 3188 4650 suos
3210 4611 3393 4653 rursus
3425 4593 3652 4658 [tonores
3677 4605 3798 4645 sus-

2203 4691 2374 4761 cepit,
2405 4699 2458 4745 et
2489 4691 2808 4761 baptismum
2855 4706 3015 4760 quem
3042 4689 3235 4744 mortui
3260 4687 3519 4742 dederant
3546 4685 3689 4759 (quia
3726 4683 3796 4738 de

2201 4784 2332 4853 ipsis
2361 4785 2413 4838 in
2441 4783 2528 4837 illa
2555 4782 2806 4852 praeclara
2833 4783 3098 4838 sententia
3127 4781 3327 4836 dictum
3358 4787 3475 4834 erat
3499 4778 3639 4848 quod
3665 4793 3797 4831 mor-

2205 4885 2407 4929 tuorum
2433 4874 2694 4946 funeribus
2725 4875 2874 4946 plena
2906 4874 3007 4928 sint
3033 4872 3206 4927 littora
3236 4869 3327 4945 [1η
3364 4871 3647 4942 Bagoitano
3674 4884 3798 4922 con-

2203 4969 2390 5042 cilio]),
2419 4984 2709 5041 agnoscere
2730 4970 2908 5038 potius
2933 4975 2989 5024 et
3006 4976 3303 5037 acceptare,
3324 4980 3480 5036 quam
3509 4961 3796 5019 exsufflare

2202 5072 2260 5118 et
2279 5062 2579 5116 rescindere
2592 5061 2797 5127 maluit,
2825 5069 3100 5130 totumque
3116 5058 3360 5114 dissolvit
3380 5054 3522 5128 quod
3545 5056 3681 5110 male
3709 5055 3783 5108 in-

2204 5156 2505 5226 telligentes
2552 5153 2731 5208 dicere
2769 5153 2974 5220 soletis,
3007 5152 3106 5217 Qui
3145 5151 3428 5221 baptizatur
3454 5167 3485 5202 a
3512 5157 3709 5202 mortuo
3748 5146 3790 5210 ί,

2203 5246 2326 5318 quid
2364 5248 2410 5301 ei
2455 5245 2658 5318 prodest
2686 5245 2943 5300 lavacrum
2972 5245 3081 5316 ejus
3116 5242 3301 5314 (Eccli.
3343 5257 3534 5306 χχχιιι,
3567 5236 3696 5311 30)?
3733 5236 3792 5292 Si

2203 5353 2333 5408 ergo
2359 5353 2464 5392 non
2481 5337 2741 5402 dicerent,
2773 5334 2886 5391 Nec
2910 5351 3065 5390 causa
3101 5349 3291 5400 causae,
3317 5349 3409 5388 nec
3437 5347 3652 5400 persona
3675 5342 3792 5398 prr-

2203 5446 2340 5484 sonaz
2359 5429 2679 5501 pra’judical,
2700 5428 2779 5484 rei
2797 5436 3102 5484 tenerentur
3119 5428 3170 5481 in
3191 5440 3348 5480 causa
3371 5424 3622 5480 Primiani
3645 5435 3793 5478 :cum

2205 5532 2382 5578 autem
2434 5523 2535 5578 hoc
2574 5523 2843 5590 dixerunt,
2885 5522 3176 5577 immunem
3219 5521 3461 5576 fecerunt
3498 5517 3793 5573 Ecclesium

2203 5617 2544 5686 catholicam,
2573 5618 2712 5672 sicut
2730 5632 2827 5672 nos
2850 5615 3239 5681 asserebamus,
3256 5629 3289 5670 a
3311 5628 3471 5671 causa
3498 5607 3788 5668 Czeciliani.

2269 5782 2286 5812 ³
2311 5780 2395 5844 uie
2409 5779 2459 5826 in
2469 5777 2678 5840 vulgatis
2687 5777 2998 5839 interiectum
3012 5783 3106 5835 est,
3119 5780 3166 5844 et
3184 5773 3363 5844 iterum
3531 5773 3793 5844 ιηοζτψξνξι,

2203 5843 2332 5904 quod
2355 5842 2496 5890 abest
2511 5854 2538 5888 a
2553 5830 2667 5889 ἣδε.
2697 5847 2748 5888 et
2770 5830 2891 5904 véro
2913 5830 3224 5904 a_Donatistis
3242 5830 3546 5902 praemitti
3567 5830 3794 5902 solebat,

2209 5900 2272 5956 ex
2288 5903 2374 5955 lib.
2400 5905 2424 5955 ι
2451 5910 2679 5967 neu-ace,
2705 5915 2749 5956 c.
2770 5900 2847 5964 21,
2873 5902 2988 5953 11.3.
