4154 6354
380 413 481 471 761

380 522 640 578 Habemus
664 530 949 578 taesaurunt
975 523 1127 579 istum
1150 525 1206 581 in
1228 526 1360 582 vasis
1384 528 1640 598 ﬁctilibus,
1669 539 1722 585 ut
1746 533 1963 588 eminen-

378 616 450 669 tia
467 614 664 669 virtutis
687 616 750 669 sit
772 614 887 683 Dei,
906 625 953 669 et
972 633 1072 671 non
1095 633 1159 672 ex
1184 617 1325 673 nobis
1351 618 1415 691 (ll
1438 618 1555 675 Cor.
1573 637 1653 691 tv,
1684 624 1770 695 7);
1801 632 1855 679 et
1879 624 1961 679 in-

378 707 729 765 numerabilia
758 708 903 774 talia,
931 725 1050 781 qua:
1078 711 1146 767 de
1174 711 1464 783 Scripturis
1487 715 1736 771 omnibus
1765 717 1811 772 si
1852 719 1961 773 col-

375 800 541 870 ﬁgere
571 799 817 867 velimus,
849 810 1056 872 tempus
1080 803 1096 834 ί
1122 819 1229 858 non
1260 805 1473 861 sufficit.
1505 807 1573 861 Et
1599 823 1849 863 veremur
1891 824 1960 866 ne

373 893 514 964 apud
546 905 598 952 te
624 896 722 951 ista
750 896 860 966 ipsa
888 898 1380 961 commemorando.
1412 915 1531 969 quae
1557 900 1761 971 majore
1790 902 1958 971 gratia

372 986 441 1042 de
468 987 607 1043 Sede
641 988 932 1058 apostolica
967 988 1224 1059 praadicas
1248 1032 1262 1058 ,
1309 990 1744 1047 inconvenienter
1784 992 1958 1049 facere

369 1078 644 1134 videamur
674 1096 685 1131 :
718 1079 812 1134 sed
840 1079 960 1134 ideo
986 1078 1231 1147 facimus,
1263 1081 1384 1150 quia
1412 1096 1478 1136 eo
1502 1097 1607 1152 quo
1636 1081 1956 1139 inﬁrmiores

370 1186 552 1226 sumus
576 1173 625 1238 ',
669 1188 1091 1244 quaquaversum
1125 1173 1345 1245 quisque
1376 1182 1615 1229 nostrum
1654 1176 1818 1231 verbo
1861 1177 1954 1232 Dei

368 1263 708 1333 praedicando
748 1273 963 1332 putatur
996 1266 1277 1332 attentior,
1316 1265 1555 1321 crebrius
1595 1283 1687 1323 eos
1726 1269 1955 1337 patimur

369 1355 425 1409 in
448 1369 549 1410 nos
574 1366 626 1410 et
652 1355 907 1410 audacius
945 1356 1298 1427 insurgentes.

434 1448 488 1503 4.
531 1447 588 1503 Si
632 1462 758 1519 ergo
794 1447 1038 1517 Pelagius
1078 1448 1470 1518 episcopalibus
1517 1450 1696 1505 Gestis
1736 1466 1855 1520 quae
1898 1452 1951 1506 in

366 1538 584 1595 Oriente
608 1537 848 1593 confecta
874 1539 1122 1593 dicuntur
1149 1540 1226 1610 (a)
1247 1580 1261 1605 ,
1285 1541 1444 1595 etiam
1471 1548 1573 1595 tute
1606 1541 1949 1597 Venerationi

362 1630 505 1702 iuste
530 1630 675 1684 visus
706 1628 864 1684 fuerit
895 1629 1168 1685 absolutus
1194 1647 1207 1695 ;
1236 1645 1388 1685 error
1416 1638 1593 1686 tamen
1624 1632 1737 1702 ipse
1764 1642 1817 1687 et
1849 1633 1948 1687 im-

361 1724 552 1795 pietas,
580 1740 701 1795 quae
726 1724 832 1794 jam
863 1724 1057 1778 multos
1082 1732 1381 1779 assertores
1400 1724 1581 1792 habet,
1613 1741 1706 1795 per
1734 1727 1946 1782 diversa

360 1815 634 1887 dispersos
660 1855 674 1877 ,
718 1816 878 1870 etiam
922 1816 1234 1870 auctoritate
1270 1816 1578 1886 apostolica:
1621 1817 1773 1872 Sedis
1820 1834 1949 1873 ana-

361 1908 645 1964 themanda
672 1918 772 1964 est.
802 1909 1114 1964 Consideret
1142 1910 1283 1964 enim
1319 1910 1582 1966 Sanctitas
1611 1921 1696 1967 tua
1717 1955 1731 1979 ,
1768 1923 1821 1968 et
1848 1930 1944 1983 pa-

358 2001 644 2057 storalibus
696 2001 851 2055 nobis
898 2003 1249 2072 compatiatur
1290 2003 1618 2071 visceribus,
1670 2022 1827 2076 quam
1875 2007 1947 2063 sit

358 2092 664 2163 pestiferum
704 2102 758 2147 et
792 2094 1006 2149 exitiale
1044 2095 1228 2149 ovibus
1266 2093 1493 2160 Christi,
1539 2097 1680 2167 quod
1721 2098 1941 2155 istorum

355 2184 637 2253 sacrilegas
678 2184 1064 2253 disputationes
1108 2184 1410 2239 necessario
1449 2187 1794 2256 consequitur
1819 2230 1835 2255 ,
1887 2197 1944 2242 ut

355 2290 454 2330 nec
473 2290 625 2330 orare
646 2275 936 2329 debeamus
954 2291 1020 2330 ne
1046 2276 1305 2331 intremus
1333 2277 1382 2328 in
1407 2278 1774 2345 tentationem,
1798 2278 1941 2349 quod

354 2369 609 2424 Dominus
648 2378 702 2424 et
739 2369 1027 2438 discipulos
1065 2371 1269 2423 monuit
1314 2368 1523 2441 (Matth.
1552 2387 1703 2437 xxvi,
1731 2372 1858 2441 41),
1888 2380 1943 2428 et

353 2462 528 2531 posuit
562 2462 617 2516 in
661 2463 902 2518 oratione
931 2480 1089 2533 quam
1121 2463 1301 2519 docuit
1331 2463 1439 2531 (Id.
1467 2481 1519 2519 vr
1545 2507 1558 2529 ,
1592 2467 1713 2536 l5);
1747 2475 1837 2521 aut
1874 2483 1940 2521 ne

350 2554 562 2610 deficiat
600 2555 731 2611 ﬁdes
762 2565 941 2610 nostra
960 2597 974 2621 ,
1010 2556 1150 2626 quod
1178 2572 1271 2625 pro
1301 2556 1542 2626 apostolo
1572 2557 1730 2611 Petro
1768 2572 1827 2613 se
1855 2572 1940 2613 ro-

348 2663 504 2717 gasse
540 2648 651 2717 ipse
677 2656 899 2702 testatus
923 2656 1006 2702 est
1045 2646 1196 2717 (Luc.
1228 2664 1376 2715 χχιι,
1410 2647 1523 2718 52).
1553 2647 1608 2703 Si
1649 2649 1790 2703 enim
1824 2648 1938 2705 haec

349 2739 698 2809 possibilitate
724 2748 945 2807 naturae,
970 2748 1024 2795 et
1042 2739 1264 2794 arbitrio
1286 2740 1573 2795 voluntatis
1600 2741 1651 2795 in
1675 2750 1945 2819 potestate

347 2843 472 2888 sunt
504 2834 829 2898 constituta;
871 2833 990 2903 quis
1016 2848 1122 2887 non
1152 2848 1213 2889 ea
1247 2833 1425 2888 videat
1450 2849 1480 2887 a
1511 2834 1738 2889 Domino
1769 2836 1938 2890 inani-

348 2935 431 2982 ter
468 2927 605 2997 peti,
639 2935 692 2982 et
715 2927 984 2997 _lallaciter
1024 2927 1195 2991 orari,
1241 2943 1363 2982 cum
1411 2927 1611 2982 orando
1650 2938 1939 2997 poscuntur

345 3034 466 3088 quae
519 3027 726 3072 naturte
777 3025 973 3072 nostra:
1016 3018 1127 3086 jam
1173 3017 1242 3071 ita
1288 3018 1516 3073 conditae
1555 3018 1938 3075 sufﬁcientibus

344 3110 547 3165 viribus
590 3110 943 3164 obtinentur?
990 3124 1091 3163 nec
1133 3108 1385 3164 debuisse
1430 3110 1607 3165 dicere
1655 3111 1935 3166 Dominum

344 3201 527 3257 Iesum
552 3243 567 3269 ,
608 3200 828 3271 Vigilate
854 3209 901 3254 et
931 3208 1110 3266 orate;
1140 3200 1234 3255 sed
1276 3201 1644 3256 tantummodo
1664 3201 1932 3273 ,Vigilate,

344 3310 407 3348 ne
424 3293 617 3347 intretis
644 3294 698 3346 in
728 3294 1051 3347 tentationem
1070 3294 1096 3347 γ
1124 3309 1224 3349 nec
1250 3294 1561 3350 beatissimo
1582 3294 1741 3350 Petro
1762 3295 1935 3365 primo

342 3387 720 3457 Apostolorum
741 3428 755 3452 ,
786 3385 980 3458 Ragavi
1013 3402 1104 3456 pro
1132 3396 1178 3441 te
1199 3428 1213 3453 ,
1246 3386 1366 3453 sed,
1398 3402 1593 3442 moneo
1620 3396 1690 3454 te,
1720 3388 1805 3443 vel
1834 3389 1937 3443 im-

343 3493 476 3549 pero
505 3493 568 3534 ac
593 3478 847 3548 praecipio
877 3494 943 3532 ne
971 3478 1173 3547 deﬁciat
1199 3478 1327 3547 ﬁdes
1360 3480 1483 3533 tua?

413 3570 468 3625 5.
496 3569 886 3627 Contradicitur
931 3570 1092 3625 etiam
1130 3572 1352 3625 istorum
1386 3572 1727 3629 contentione
1764 3574 1933 3630 bene-

341 3660 663 3717 dictionibus
691 3664 907 3725 nostris,
934 3671 990 3717 ut
1016 3663 1282 3718 incassum
1305 3678 1464 3735 super
1479 3666 1733 3736 pepulum
1753 3666 1932 3724 dicere

341 3751 615 3808 videamur
635 3754 887 3825 quidquid
909 3754 988 3809 eis
1003 3770 1032 3808 a
1052 3754 1277 3809 Domino
1299 3771 1598 3825 precamur,
1620 3766 1677 3811 ut
1705 3769 1849 3814 recte
1868 3774 1932 3816 ac

341 3846 426 3915 pie
452 3846 677 3902 vivendo
719 3846 794 3901 illi
837 3847 1116 3916 placeant;
1147 3849 1231 3903 vel
1263 3848 1351 3902 illa
1390 3865 1510 3920 quae
1552 3866 1648 3920 pro
1689 3851 1931 3911 fidelibus

339 3948 586 4009 precatur
612 3939 920 4009 Apostolus,
950 3939 1135 3994 dicens
1160 3959 1173 3994 :
1202 3938 1379 3995 Flecte
1400 3958 1565 4013 genua
1586 3961 1696 3997 mea
1724 3945 1793 3997 ad
1818 3944 1929 4000 Pa-

338 4039 463 4085 trem
482 4030 688 4085 Domini
715 4033 872 4085 nostri
892 4032 1015 4086 Jesn
1037 4031 1241 4097 Christi,
1267 4050 1328 4087 ea:
1350 4050 1447 4103 quo
1471 4036 1632 4088 omnis
1654 4039 1929 4104 paternitas

334 4124 388 4177 in
410 4124 547 4179 ccelis
572 4134 617 4177 et
643 4125 695 4177 in
718 4133 849 4176 terra
876 4123 1182 4190 nominatur,
1212 4132 1266 4177 ut
1288 4124 1368 4178 det
1392 4126 1529 4178 vobis
1553 4128 1828 4181 secundum
1850 4130 1930 4182 di-

316 4215 482 4268 vitias
510 4215 687 4284 gloria:
712 4229 819 4268 suae
854 4215 1035 4269 virtute
1066 4216 1380 4271 corroborari
1410 4236 1500 4288 per
1532 4221 1783 4291 Spiritum
1818 4224 1929 4293 ejus

332 4304 501 4380 (Eph.
530 4321 605 4371 ut,
636 4306 851 4377 lli-16).
874 4307 929 4363 Si
950 4322 1077 4377 ergo
1106 4309 1428 4365 voluerimus
1454 4312 1817 4369 benedicendo
1837 4331 1929 4370 su-

332 4414 433 4471 per
459 4400 711 4469 populum
737 4399 937 4467 dicere,
962 4401 1034 4455 Da
1063 4402 1167 4457 illis
1186 4446 1200 4469 ,
1235 4405 1478 4475 Domine,
1515 4408 1710 4464 virtute
1738 4425 1926 4465 corro-

335 4491 513 4546 borari
555 4506 650 4561 per
678 4490 932 4561 Spiritum
974 4504 1155 4559 tuum;
1184 4496 1403 4551 istorum
1444 4500 1598 4555 nobis
1636 4500 1925 4571 disputatio

334 4582 667 4647 contradicit,
692 4584 963 4639 afﬁrmans
988 4587 1169 4656 negari
1195 4586 1420 4665 liberum
1441 4592 1736 4658 arbitrium,
1757 4595 1801 4649 si
1824 4595 1925 4653 hoc

335 4689 366 4728 a
394 4676 501 4728 Deo
532 4676 766 4745 poscitur
794 4677 932 4746 quod
970 4677 1021 4731 in
1061 4688 1238 4733 nostra
1270 4690 1352 4735 est
1382 4693 1641 4751 potestate
1674 4704 1686 4739 :
1732 4686 1925 4743 Virtute

334 4768 465 4821 enim
485 4768 798 4821 corroborari
823 4769 866 4821 si
889 4769 1137 4835 volumus,
1156 4771 1415 4842 inquiunt,
1439 4792 1702 4844 possumus
1723 4795 1779 4832 ea
1800 4796 1919 4846 pose

331 4859 574 4914 sibilitate
607 4868 821 4924 natura,
853 4878 1005 4931 quant
1035 4879 1165 4917 nunc
1194 4881 1294 4918 non
1336 4868 1610 4939 accipimus
1630 4913 1643 4937 ,
1682 4871 1770 4926 sed
1807 4890 1921 4928 cum

332 4964 614 5003 crearemur
634 4952 939 5020 accepimus.

403 5039 457 5094 6.
485 5040 735 5097 Parvulos
775 5044 934 5097 etiam
967 5053 1181 5114 propter
1208 5047 1428 5103 salutem
1468 5068 1585 5123 qua:
1615 5069 1710 5123 per
1733 5056 1916 5111 Salva-

331 5140 498 5186 torem
524 5134 789 5189 Christum
813 5136 986 5201 datur,
1020 5137 1083 5191 ba
1093 5139 1367 5206 ptizandos
1394 5154 1606 5214 negant,
1628 5162 1689 5201 ac
1719 5148 1796 5203 sic
1824 5164 1917 5204 eos

331 5224 602 5279 mortifera
643 5227 737 5281 ista
779 5227 1021 5283 doctrina
1053 5230 1103 5283 in
1146 5241 1403 5287 aeternum
1443 5245 1655 5302 necant,
1689 5241 1914 5307 promit-

330 5322 501 5369 tentes
526 5317 731 5372 etiamsi
756 5333 859 5374 non
885 5320 1236 5390 baptizentur,
1271 5322 1544 5380 habituros
1569 5329 1727 5383 vitam
1761 5342 1914 5387 teter.

328 5423 472 5475 nam,
505 5426 601 5465 nec
632 5413 898 5481 pertinere
934 5414 1000 5468 ad
1044 5430 1136 5471 eos
1179 5416 1245 5471 de
1288 5419 1477 5487 quibus
1519 5421 1773 5479 Dominus
1817 5427 1910 5494 ait,

341 5497 480 5553 Venit
501 5503 631 5555 enim
658 5502 823 5557 Filias
853 5506 1074 5561 hominis
1097 5510 1321 5573 qtiterere
1348 5520 1395 5564 et
1416 5513 1612 5569 salvarc
1638 5519 1773 5585 quod
1798 5537 1913 5589 per-

326 5592 453 5645 ierat
480 5592 628 5665 (an.
649 5612 767 5661 XIX,
800 5596 922 5669 10);
951 5599 1071 5669 quia
1092 5600 1192 5665 isti,
1223 5601 1485 5673 inquiunt,
1516 5624 1613 5661 non
1635 5611 1907 5683 perierant,

387 5749 405 5814 ξ
432 5749 541 5798 Bad.
568 5760 666 5799 Am.
694 5758 766 5801 Er.
796 5760 846 5803 et
866 5753 1037 5803 Concil.
1063 5756 1197 5814 de.,
1222 5763 1391 5809 tomus.

387 5812 408 5843 ³
434 5818 561 5862 Unus
583 5826 612 5862 e
635 5816 766 5863 \‘atic
786 5821 915 5875 Mss,
939 5830 1030 5878 quo
1052 5812 1301 5881 inferiores
1323 5835 1487 5873 sumas

384 5890 462 5967 (α)
492 5900 632 5945 Gesta
652 5895 984 5963 Diospolitanze
1006 5900 1190 5966 synodi.

1546 416 2023 478 EPISTOLARUM
2061 421 2335 485 CLASSIS
2370 428 2460 487 Ill.

3553 449 3661 511 762

2075 554 2166 593 nec
2191 550 2266 595 est
2292 545 2426 616 quod
2452 545 2504 600 in
2530 546 2600 602 eis
2625 548 2861 620 salvetur,
2887 552 2965 609 vel
2988 563 3127 611 tanta
3147 560 3306 629 pretio
3331 563 3609 622 redimatur
3628 583 3652 625 :

2067 630 2185 699 quia
2212 633 2341 689 nihil
2364 645 2436 691 est
2460 638 2516 692 in
2546 639 2617 695 eis
2653 642 2899 711 vitiatum,
2926 647 3057 702 nihil
3093 658 3287 707 tenetur
3330 656 3420 710 sub
3463 658 3654 716 diaboli

2068 730 2310 789 potestate
2331 729 2600 799 captivum,
2624 749 2714 788 nec
2739 752 2831 806 pro
2859 737 2929 793 eis
2956 738 3098 810 {usus
3122 753 3193 797 est
3217 748 3425 818 sanguis
3454 750 3539 819 qui
3569 754 3657 824 fu.

2063 826 2150 911 sus
2182 814 2236 867 in
2275 818 2617 877 remissionem
2654 823 2835 896 legitur
2860 839 3179 898 peccatorum
3207 814 3435 906 (Matth.
3466 814 3614 898 ’χιιι
3634 884 3651 911 ,

2064 901 2178 1001 28).
2211 905 2518 1001 Quanquam
2547 928 2643 983 per
2670 914 2989 986 baptismum
3018 901 3225 980 Christi
3243 928 3404 984 etiam
3451 901 3645 1001 parvu;

2065 990 2238 1050 lorum
2266 998 2377 1053 ﬁeri
2408 1000 2828 1073 redemptionem
2847 1051 2862 1076 ,
2888 1008 2939 1064 in
2970 1011 3148 1068 libello
3169 1031 3267 1070 suo
3292 990 3553 1077 Celeslius
3592 1025 3647 1079 in

2061 1080 2462 1159 Carthaginensi
2490 1095 2715 1151 ecclesia
2739 1098 2849 1168 jam
2874 1103 3149 1160 confessus
3175 1116 3258 1163 est
3289 1127 3303 1162 :
3352 1112 3446 1167 sed
3491 1114 3644 1171 multi

2061 1178 2147 1245 qui
2179 1194 2360 1235 eorum
2393 1184 2743 1253 perhibentur
2770 1206 2890 1247 esse
2918 1196 3000 1249 vel
3031 1197 3191 1253 fuisse
3216 1199 3493 1272 discipuli,
3528 1204 3645 1263 hate

2060 1269 2196 1323 mala
2238 1273 2428 1341 quibus
2476 1275 2818 1334 fundamenta
2862 1282 3163 1342 christiana:
3210 1269 3643 1353 ﬁdei—conantur

2058 1370 2297 1417 evertere
2318 1405 2331 1428 ,
2364 1381 2695 1439 quacumque
2720 1384 2961 1441 possunt,
2987 1377 3254 1436 afﬁrmare
3281 1399 3385 1439 non
3409 1399 3641 1445 cessant.

2058 1448 2209 1505 Unde
2244 1454 2450 1510 etiamsi
2478 1457 2718 1529 Pelagius
2745 1463 3110 1538 Celestiusque
3137 1475 3363 1528 correcti
3384 1486 3527 1543 sunt,
3554 1481 3641 1537 vel

2056 1560 2114 1599 se
2137 1546 2234 1599 ista
2261 1564 2530 1620 nunquam
2556 1555 2790 1610 sensisse
2811 1558 3026 1628 dicunt,
3053 1570 3108 1617 et
3131 1578 3480 1639 quaecumque
3505 1572 3639 1627 scri-

2056 1645 2139 1704 pta
2176 1648 2362 1694 contra
2402 1656 2495 1695 eos
2526 1645 2727 1713 prolata
2768 1646 2962 1704 fuerint
3001 1666 3097 1707 sua
3123 1670 3241 1710 esse
3286 1670 3498 1729 negant,
3542 1679 3642 1720 nec

2053 1738 2135 1783 est
2159 1733 2601 1799 quemadmodum
2628 1737 2694 1794 de
2721 1741 2997 1797 mendacio
3023 1746 3406 1804 convincantur
3437 1770 3449 1805 :
3481 1768 3643 1825 gene-

2052 1821 2235 1876 raliter
2277 1832 2454 1880 tamen
2486 1831 2806 1901 quicumque
2832 1834 3154 1907 dogtnatizat
3182 1850 3237 1895 et
3265 1821 3506 1900 afﬁrmat.
3540 1847 3640 1903 lut-

2051 1927 2261 1968 manam
2283 1917 2381 1970 sibi
2413 1918 2479 1973 ad
2510 1922 2719 1978 vitanda
2752 1926 2768 1955 ³
2800 1937 3012 1995 peccata
3033 1971 3047 1995 ,
3082 1938 3136 1984 et
3160 1931 3252 1986 Dei
3286 1934 3531 1991 mandata
3559 1937 3639 1993 fa-

2049 2004 2234 2059 cienda
2263 2007 2514 2066 sufﬁcere
2557 2028 2714 2082 posse
2750 2026 3012 2085 naturam,
3042 2028 3097 2075 et
3141 2037 3206 2076 eo
3254 2024 3411 2084 modo
3452 2030 3638 2097 gratia:

2052 2096 2164 2162 Dei,
2183 2113 2299 2167 qua}
2320 2112 2622 2157 sanctorum
2650 2106 2948 2163 evidentius
2968 2111 3296 2170 orationibus
3311 2096 3634 2189 declaratur,

2047 2188 2382 2247 adversarius
2408 2192 2708 2263 invenitur;
2740 2206 2793 2253 et
2823 2201 3141 2273 quicumque
3184 2215 3341 2276 negat
3385 2188 3634 2277 parvulos

2046 2296 2142 2351 per
2167 2284 2486 2354 baptismum
2503 2287 2698 2343 Christi
2714 2308 2742 2345 a
2762 2293 3058 2361 perditione
3085 2296 3317 2366 liberari,
3334 2308 3387 2354 et
3408 2302 3633 2358 salutem

2048 2380 2319 2448 percipere
2359 2385 2775 2453 sempiternam,
2827 2388 3108 2443 anathema
3147 2391 3233 2444 sit.
3275 2391 3633 2465 Quaecumque

2044 2480 2219 2526 autem
2249 2474 2349 2528 alia
2373 2476 2451 2529 eis
2477 2476 2819 2546 objiciuntur,
2852 2495 2956 2534 non
2984 2481 3288 2538 dubitamus
3319 2485 3631 2542 Veneratio-

2044 2577 2164 2616 nem
2197 2572 2337 2618 tuam
2363 2607 2377 2632 ,
2410 2582 2529 2620 cum
2561 2567 2721 2622 Gesta
2765 2570 3083 2640 episcopalia
3117 2578 3478 2646 perspexerit,
3512 2594 3631 2649 qua:

2043 2656 2095 2709 in
2123 2654 2338 2712 Oriente
2367 2660 2417 2713 in
2445 2660 2631 2717 eadem
2663 2678 2819 2717 causa
2847 2664 3087 2720 confecta
3116 2667 3383 2735 dicuntur,
3414 2671 3465 2725 id
3486 2671 3631 2741 judi.

2041 2757 2278 2803 caturam
2308 2750 2445 2805 unde
2473 2769 2658 2808 omnes
2681 2754 2732 2807 in
2766 2755 2859 2809 Dei
2902 2756 3262 2813 misericordia
3283 2761 3625 2831 gaudeamus.

2042 2837 2143 2894 Ora
2174 2855 2269 2910 pro
2299 2843 2468 2910 nobis,
2496 2843 2709 2900 domine
2735 2845 3045 2902 beatissime
3066 2848 3208 2919 Papa
3230 2852 3272 2904 ².

2467 2993 2799 3050 EPISTOLA
2836 2995 3094 3052 CLXXVI
3132 3001 3150 3025 ⁶
3171 2998 3271 3072 (a).

2101 3127 2387 3184 Milevitani
2409 3132 2612 3186 concilii
2641 3132 2824 3189 Patres
2846 3134 3164 3207 Innocentio,
3188 3141 3252 3194 de
3278 3140 3567 3196 cohibendis

2537 3224 2833 3298 Pelagianis
2864 3228 3129 3285 hmeticis.

2039 3375 2264 3431 Domino
2283 3378 2591 3435 beatissimo
2619 3384 2912 3455 meritoque
2941 3387 3251 3454 venerabili,
3276 3398 3329 3444 et
3350 3388 3402 3444 in
3417 3388 3630 3446 Christo

2108 3469 2419 3527 honorando
2445 3474 2603 3544 Papa:
2635 3475 2974 3543 INNOCENTIO,
3003 3480 3269 3536 Summus
3290 3482 3333 3547 ³,
3360 3483 3629 3538 VALENTI-

2107 3578 2227 3628 NUS,
2256 3564 2546 3630 AURELIUS,
2588 3567 2860 3635 Donarus,
2904 3570 3276 3639 Rssnruws,
3323 3574 3629 3640 Lucunus,

2106 3656 2352 3721 ALvrws,
2381 3658 2735 3731 Aecusrtnus,
2769 3662 3101 3719 Passennus
3126 3664 3169 3731 ⁸,
3198 3665 3461 3731 δενειιυδ,
3493 3666 3631 3722 Fon-

2108 3760 2347 3801 TUNATUS
2367 3746 2408 3813 ⁵,
2436 3749 2728 3816 Possmws,
2748 3750 3022 3818 Novam-us,
3047 3752 3344 3821 Sscuunus,
3372 3755 3627 3810 Μλυιιεκο

2106 3852 2262 3904 τιυδ,
2315 3838 2462 3907 Leo,
2506 3840 2927 3909 FAUSTINKANUS,
2973 3843 3333 3913 Cnesconws,
3388 3847 3628 3915 Maccus,

2106 3927 2454 3998 Ll'rrontus‘,
2505 3930 2890 4001 FORTUNATUS,
2928 3936 3205 4003 Donuus,
3252 3937 3627 4007 PONTICANUS,

2104 4022 2450 4089 Snunnmus,
2473 4024 2881 4091 Cunts'ronws",
2903 4027 3189 4093 llonomus,
3214 4029 3426 4096 Lucws,
3443 4031 3628 4087 Aneo-

2105 4130 2296 4181 nnus,
2326 4115 2629 4172 Paocsssus
2649 4159 2663 4184 ,
2688 4116 3017 4174 Casscomus
3033 4162 3047 4185 ,
3079 4120 3351 4175 Secunous
3374 4163 3389 4187 ,
3421 4122 3587 4178 Fs:th
3603 4163 3627 4195 ,

2104 4206 2419 4273 Asumcus,
2449 4207 2774 4264 RUFINIANUS
2796 4212 2839 4277 ⁸,
2876 4209 3171 4267 Fwsnnus
3198 4255 3211 4277 ,
3240 4212 3452 4271 Ssnvus
3475 4259 3490 4283 ,
3517 4217 3626 4272 Τε-

2103 4311 2349 4363 nsnrws,
2381 4296 2729 4365 Caescomus,
2763 4299 3119 4370 Srsnnnrws,
3147 4303 3492 4374 Qunnnnus,
3516 4308 3624 4364 Lu-

2103 4401 2310 4454 eths,
2336 4386 2582 4455 Sumus,
2616 4388 2915 4447 FAUSTlNiJs
2937 4395 2983 4461 ’,
3015 4393 3365 4463 Cnssconws,
3398 4398 3622 4469 Vtcron,

2105 4479 2435 4537 GIGNANTIUS
2460 4482 2523 4550 ¹⁰,
2548 4483 2916 4553 Possmonws,
2943 4486 3251 4545 Anromsus
3271 4491 3336 4561 “,
3360 4489 3622 4551 Innocen-

2093 4678 2111 4709 ί
2135 4677 2267 4739 Edd.,
2292 4677 2361 4741 ad
2378 4676 2629 4729 vincenda.
2652 4686 2785 4741 Mss,
2808 4679 2875 4731 ad
2897 4681 3110 4736 vitmtda.

2092 4742 2112 4815 ξ
2136 4746 2244 4815 gtss.
2260 4738 2492 4815 .gallicani
2513 4750 2684 4815 carent
2705 4738 3064 4815 hispostremis
3084 4749 3268 4812 verbis,
3291 4763 3395 4812 ora,
3424 4760 3518 4804 etc.

2093 4803 2113 4833 ³
2134 4801 2449 4864 Conciliorum
2473 4803 2717 4864 editiones
2730 4839 2746 4864 ,
2770 4801 2986 4858 Silvanus
3006 4817 3179 4861 senex.

2090 4864 2111 4895 δ
2136 4870 2301 4924 Deest,
2328 4862 2615 4926 Placentina,
2642 4868 2693 4915 in
2845 4875 2953 4918 octo
2974 4869 3240 4924 Gallicanis.

2088 4926 2109 4989 ξ
2132 4931 2240 4974 Mss.
2265 4932 2404 4975 Gerv.
2432 4932 2485 4975 et
2516 4933 2721 4989 Gemm.,
2746 4935 3003 4981 Fortunas.

2080 4986 2490 5098 ῐέιιέἒὶὲιιίιιιιιιθ,
2742 4990 3029 5055 Casalensis,
3298 5004 3436 5050 Cone.
3448 5001 3615 5068 Editt.,

2032 5059 2289 5098 Victorius.

2086 5113 2111 5184 ’ζ
2134 5120 2331 5184 διεδηεςεί
2351 5118 2472 5184 tem,
2497 5116 2550 5164 et
2569 5113 2743 5164 Concil.
2771 5116 2907 5167 Editt.
2927 5117 3014 5179 sic,
3032 5121 3328 5173 cresconias.
3347 5124 3615 5180 Casalensis

2023 5172 2200 5233 codex,
2223 5172 2513 5226 CriSconius.

2059 5236 2105 5308 _8
2130 5242 2179 5284 tn
2200 5242 2338 5285 Conc.
2365 5237 2728 5303 Edd.,Rn/inus;
2753 5247 2804 5290 et
2826 5238 2946 5291 infra
2968 5256 3056 5305 pro
3075 5252 3234 5308 Servo,
3257 5248 3615 5312 seribitur,ser-

2022 5311 2180 5437 Wfﬁn
2199 5360 2373 5437 Concil.
2398 5361 2533 5437 add”
2556 5362 2636 5413 hic
2676 5364 2911 5415 omittitur
2933 5366 3220 5434 Faustinus;
3262 5371 3468 5437 ejusque
3507 5374 3613 5427 loco

2021 5422 2232 5484 ponitur,
2269 5422 2384 5473 item
2405 5426 2619 5475 salmms.

2065 5484 2129 5555 ,ιο
2285 5486 2429 5536 vatie.
2455 5493 2558 5537 tres
2581 5494 2632 5537 et
2648 5486 2805 5539 Gallic.
2830 5498 3041 5555 septem,
3064 5506 3256 5545 necnon
3275 5496 3450 5547 Concil.
3473 5499 3608 5563 ΕΜ..

2020 5553 2381 5681 δᾚῗᾝξέῗ’ᾱιιο
2404 5611 2571 5681 vatim,
2588 5612 2857 5681 rossiglius,
2885 5616 3138 5681 amonitas.

2082 5671 2099 5687 ‘
2128 5673 2381 5744 [tecognita
2424 5674 2483 5744 ad
2515 5671 2563 5722 a.
2588 5675 2670 5736 bg.
2694 5674 2770 5744 bl,
2788 5671 2932 5725 cch.
2959 5679 3018 5744 ﬂ'._
3034 5693 3085 5742 g.
3110 5694 3192 5744 gv.
3215 5694 3266 5732 n.
3301 5696 3343 5734 s.
3368 5686 3443 5735 sb.
3469 5693 3507 5737 t.
3533 5685 3605 5737 th.

2022 5744 2091 5781 vc.
2117 5732 2239 5781 duos
2261 5745 2300 5780 r.
2328 5741 2532 5796 quatuor
2556 5749 2603 5786 v.
2624 5732 2692 5787 'et
2713 5737 2772 5785 ad
2804 5747 2903 5788 Am.
2930 5732 3140 5792 Bader‘:
3166 5750 3275 5796 ων.

2183 5856 2613 5949 autem
2624 5870 2790 5914 autem
2836 5865 2925 5916 176
2949 5874 3072 5931 erat,
3118 5884 3245 5923 nunc
3266 5871 3377 5929 210.
3421 5877 3608 5949 Scripta

2017 5920 2159 5986 paulo
2183 5928 2289 5985 post
2309 5920 2633 5989 superiorem.
