4112 6346
431 376 436 384 ’
522 395 628 464 ut

543 551 546 554 ρ
597 527 736 580 τιμε,
767 512 1084 579 Passurus.
1099 509 1472 576 amamus
1495 508 1537 574 Α..
1553 506 1752 571 Fatis,
1773 507 2045 575 Αδτοιιιυε
2066 505 2109 566 ⁸.

599 603 822 672 onres,
851 605 1191 669 llonoatrus,
1228 603 1494 670 Daunus,
1522 599 1761 664 Penus,
1785 598 2108 669 Pusswius,

598 695 944 765 Cussconws,
978 699 1300 762 Luranius,
1332 696 1651 767 usurusiis.
1679 709 1751 752 ex
1769 692 1999 765 patienia
2019 690 2113 746 Mi.-

602 791 852 859 levitano.
886 791 940 850 in
968 791 1194 850 Domino
1213 788 1461 856 salutem.

602 907 654 960 l.
681 904 814 972 Quia
831 912 884 960 te
906 905 1161 959 Dominus
1185 904 1367 974 gratia:
1385 919 1497 958 suae
1523 901 1789 972 prmeipuo
1811 913 2030 954 munere
2058 898 2112 954 in

532 997 673 1053 Sede
699 998 985 1068 apostolica
1011 997 1308 1062 collocavit,
1338 996 1604 1075 talemque
1637 994 1834 1048 nostris
1864 992 2118 1066 tempori-

533 1092 632 1147 bus
661 1091 920 1159 praestitit,
954 1097 1010 1142 ut
1038 1088 1192 1144 nobis
1219 1088 1398 1158 potius
1426 1086 1741 1158 ad'culpam
1784 1085 2116 1155 negligentia:

530 1185 723 1246 valeat,
753 1182 799 1236 si
825 1182 965 1253 apud
990 1190 1129 1235 tuam
1156 1181 1581 1244 Venerationcm,
1618 1195 1736 1250 qua:
1766 1194 1862 1248 pro
1880 1177 2115 1232 Ecclesia

531 1274 860 1344 suggerenda
890 1284 1032 1339 sunt,
1064 1274 1403 1338 taeuerimus,
1437 1288 1593 1342 quam
1629 1287 1688 1326 ea
1728 1280 1784 1325 tu
1823 1269 1992 1340 possis
2035 1270 2117 1325 vel

532 1363 808 1420 fastidiose
841 1367 927 1421 vel
970 1367 1296 1436 negligenter
1325 1366 1598 1433 accipere;
1637 1363 1841 1436 magnis
1870 1363 2120 1434 periculis

532 1457 862 1512 infirmorum
904 1459 1262 1512 membrorum
1305 1457 1500 1510 Christi
1541 1457 1858 1526 pastoralem
1893 1457 2117 1528 diligen-

534 1551 681 1618 tiam,
708 1567 1030 1619 qumsunius,
1057 1551 1307 1604 adhibere
1330 1549 1581 1629 digneris.

603 1643 658 1695 2.
691 1643 835 1697 Nova
858 1643 1050 1712 quippe
1080 1643 1295 1696 hmresis
1321 1652 1373 1695 et
1394 1643 1610 1696 nimium
1635 1641 1927 1711 perniciosa
1955 1649 2123 1696 tentat

533 1750 813 1805 assurgere
834 1737 1167 1790 inimicorum
1186 1735 1366 1802 gratim
1383 1734 1579 1788 Christi
1607 1732 1650 1801 ³,
1675 1734 1762 1804 qui
1788 1734 1938 1788 nobis
1961 1733 2120 1787 etiam

533 1826 852 1881 dominicam
879 1827 1172 1881 orationem
1202 1826 1376 1895 impiis
1397 1826 1838 1895 disputatioaibus
1860 1834 2122 1879 conantur

533 1916 760 1972 auferre.
780 1918 912 1972 Cum
934 1918 1075 1971 enim
1103 1917 1357 1972 Dominus
1384 1917 1623 1971 docuerit
1649 1925 1704 1970 ut
1728 1917 1986 1979 dicamus,
2019 1915 2118 1969 Di-

533 2009 671 2063 mitte
691 2010 831 2063 nobis
857 2009 1020 2064 debita
1046 2019 1237 2076 nostra,
1266 2011 1396 2063 sicut
1419 2019 1467 2063 et
1488 2027 1577 2063 nos
1607 2010 1903 2064 dimittimus
1929 2010 2122 2065 debito-

533 2101 672 2154 ribus
712 2103 929 2166 nostris;
957 2102 1041 2156 isti
1075 2103 1252 2156 dicunt
1284 2118 1441 2172 posse
1469 2103 1738 2157 hominem
1772 2104 1823 2157 in
1853 2103 1950 2158 hac
1978 2105 2083 2157 vita
2103 2146 2118 2171 ,

535 2194 814 2262 prmceptis
846 2195 936 2248 Dei
964 2195 1207 2266 cognitis,
1238 2194 1300 2248 ad
1333 2204 1531 2248 tantam
1563 2195 1938 2265 perfectionem
1966 2195 2123 2264 justi-

534 2285 621 2339 tia:
638 2286 754 2341 sine
773 2287 1039 2356 adjutorio
1059 2287 1242 2356 gratim
1259 2286 1568 2352 Salvatoris,
1586 2304 1678 2356 per
1701 2286 1872 2341 solum
1896 2287 2118 2341 liberum

535 2377 819 2431 voluntatis
850 2378 1125 2432 arbitrium
1157 2379 1451 2446 pervenire,
1479 2387 1535 2430 ut
1566 2379 1613 2431 ei
1655 2393 1758 2432 non
1797 2379 1865 2432 sit
1891 2379 1999 2447 jam
2031 2393 2122 2432 nc-

536 2467 828 2522 cessarium
867 2467 1064 2531 dicere,
1118 2466 1325 2521 Dimitte
1368 2467 1508 2521 nobis
1545 2468 1709 2521 debita
1754 2477 1945 2523 nostra.
1987 2468 2119 2523 Illud

535 2575 660 2615 vero
703 2559 846 2630 quod
886 2560 1142 2629 sequitur,
1191 2557 1274 2612 Ne
1319 2576 1408 2613 nos
1459 2561 1650 2630 inferas
1695 2561 1746 2614 in
1797 2563 2118 2614 tentatiouem

539 2650 746 2723 (Matt/2.
777 2667 849 2715 γι,
881 2652 969 2717 η,
995 2652 1082 2721 15)
1104 2692 1116 2716 ,
1148 2668 1251 2704 non
1284 2651 1350 2704 ita
1383 2652 1817 2722 intelligendum,
1868 2662 2118 2723 tanquam

534 2745 770 2801 divinum
791 2745 1108 2815 adjutorium
1127 2760 1345 2814 poscere
1361 2744 1649 2799 debeamus
1672 2763 1736 2799 nc
1763 2747 1811 2799 in
1842 2757 2118 2816 peccatum

535 2838 718 2892 tentati
752 2837 1093 2902 decidamus;
1125 2837 1218 2892 sed
1262 2836 1363 2892 hoc
1404 2839 1456 2891 in
1500 2847 1680 2892 nostra
1726 2854 1844 2893 esse
1885 2840 2117 2908 positum

536 2938 814 3000 potestate,
846 2938 900 2985 et
923 2929 990 2984 ad
1013 2930 1113 2986 hoc
1133 2931 1457 3006 implendum
1481 2932 1644 2986 solam
1665 2931 1910 2986 sufficere
1934 2933 2119 2986 volun-

535 3029 695 3077 tatem
723 3021 952 3076 hominis
980 3039 992 3076 :
1024 3030 1275 3092 tanquam
1326 3022 1515 3077 frustra
1558 3025 1843 3092 Apostolus
1887 3024 2113 3091 dixerit,

536 3111 660 3166 Non
696 3113 903 3167 volentis
945 3130 1100 3184 neque
1135 3118 1409 3174 currentis,
1454 3115 1541 3168 sed
1584 3116 1864 3170 miserentis
1907 3127 1979 3169 est
2020 3115 2118 3170 Dei

533 3203 714 3277 (Rom.
745 3220 823 3271 ix,
849 3205 969 3276 l6);
1002 3216 1074 3270 et,
1111 3205 1305 3261 Fidelis
1331 3206 1490 3273 Deus,
1520 3209 1608 3277 qui
1627 3225 1724 3262 non
1752 3210 2001 3279 permittet
2032 3227 2118 3265 vos

533 3298 713 3352 tentari
737 3315 887 3369 super
911 3298 964 3353 id
992 3300 1125 3370 quod
1152 3302 1389 3371 potestis;
1411 3301 1498 3354 sed
1527 3303 1676 3373 faciet
1706 3320 1819 3358 cum
1846 3305 2119 3366 tentatione

532 3390 682 3442 etiam
707 3389 895 3443 exitum
915 3430 928 3454 ,
953 3399 1005 3443 ut
1032 3392 1232 3461 possitis
1258 3393 1501 3445 sustinere
1523 3392 1579 3464 (ι
1609 3391 1727 3446 Cor.
1757 3410 1813 3456 Χ,
1837 3395 1949 3463 1⁸5).
1978 3393 2115 3447 Frti-

530 3486 641 3534 stra
685 3479 844 3534 etiam
882 3480 1136 3535 Dominus
1175 3482 1369 3536 dixerit
1404 3484 1644 3553 apostolo
1687 3485 1876 3550 Petro,
1924 3485 2120 3560 Rogavi

532 3585 627 3640 pro
645 3577 710 3634 te,
731 3587 792 3623 ne
809 3571 1010 3640 deﬁciat
1040 3573 1166 3642 ﬁdes
1192 3581 1278 3626 tua
1301 3574 1451 3644 (Luc.
1475 3592 1607 3640 χχιι,
1641 3577 1765 3648 59);
1796 3587 1849 3632 et
1873 3580 2120 3636 omnibus

531 3663 680 3728 suis,
733 3661 970 3734 Vigilate,
1021 3675 1070 3718 et
1114 3676 1290 3734 orate,
1347 3685 1409 3724 ne
1453 3669 1645 3725 intretis
1693 3671 1746 3726 in
1797 3673 2118 3727 tentationem

532 3753 745 3825 (Matth.
778 3771 930 3823 xxvr,
963 3754 1088 3829 cit);
1137 3758 1180 3814 si
1211 3759 1313 3814 hoc
1358 3769 1522 3814 totum
1566 3770 1650 3817 est
1693 3764 1968 3830 potestatis
2018 3765 2117 3820 hu-

531 3862 724 3902 manae.
751 3847 950 3906 Pueros
966 3863 1176 3921 quoque
1203 3853 1469 3922 parvulos,
1493 3854 1590 3907 etsi
1615 3854 1775 3908 nullis
1803 3856 2120 3913 innoventnr

530 3938 834 3994 christiana:
859 3941 1042 4010 gratim
1071 3941 1444 4008 Sacramentis,
1477 3944 1751 4001 habituros
1778 3947 1938 4018 vitam
1965 3959 2120 4004 acter-

530 4044 676 4099 nam,
704 4046 931 4102 nequam
958 4034 1372 4104 prmsumptione
1401 4037 1729 4092 contendunt
1754 4080 1768 4104 ,
1798 4050 2118 4102 evacuantes

529 4123 669 4194 quod
707 4122 835 4178 dicit
866 4124 1187 4196 Apostolus,
1223 4124 1328 4182 Per
1361 4144 1520 4182 unum
1564 4130 1816 4186 hominem
1856 4143 2116 4205 peceatum

529 4215 729 4270 intrauit
758 4217 811 4270 in
852 4217 1116 4287 mundum,
1158 4226 1204 4274 et
1247 4235 1336 4291 per
1377 4231 1638 4300 peccatum
1676 4241 1830 4287 mors,
1863 4237 1910 4280 et
1954 4227 2027 4295 ita
2064 4230 2118 4283 in

530 4324 700 4362 autne:
729 4308 954 4364 homines
979 4311 1314 4390 pertransiit,
1342 4312 1394 4365 in
1429 4331 1527 4386 quo
1571 4331 1742 4368 omnes
1788 4329 2117 4388 peccaverunt

532 4399 710 4468 (Rom.
743 4416 798 4469 v,
832 4400 958 4473 12);
991 4411 1045 4456 et
1070 4403 1174 4457 alio
1205 4389 1344 4472 loco,
1371 4405 1512 4460 Sicut
1541 4408 1594 4462 in
1620 4389 1981 4466 Adam'omnes
2004 4429 2116 4466 mo-

531 4493 750 4559 riuntur,
790 4495 862 4547 sic
899 4504 948 4548 et
987 4495 1040 4549 in
1068 4495 1272 4551 Christo
1297 4514 1468 4553 omnes
1495 4501 1876 4570 viviﬁcabuntur
1909 4505 1926 4576 (
1954 4504 2113 4562 lCor.

527 4597 619 4646 xv,
647 4582 718 4637 22
740 4583 780 4654 ).

601 4674 652 4730 5.
679 4674 747 4732 Ut
772 4691 899 4747 ergo
924 4676 1028 4745 alia
1047 4671 1355 4746 omittamus
1381 4696 1500 4752 quae
1522 4692 1704 4749 contra
1733 4696 1946 4752 sanctas
1973 4687 2118 4746 Scri-

529 4772 715 4835 pturas
751 4766 974 4835 plurima
1011 4767 1319 4838 disserunt;
1356 4772 1471 4829 hinc
1508 4775 1721 4830 interim
1747 4777 1890 4848 duo,
1922 4782 2116 4853 quibus

529 4858 748 4914 omnino
775 4869 943 4914 totum
971 4861 1113 4931 quod
1139 4861 1413 4920 christiani
1455 4883 1636 4928 sumus
1679 4869 1920 4930 nituntur
1958 4889 2114 4938 ever-

530 4962 664 5019 tere,
690 4967 810 5022 qua:
836 4951 1009 5008 ﬁdelia
1038 4954 1202 5010 corda
1229 4958 1528 5015 sustineant
1548 4960 1594 5028 θ,
1632 4979 1736 5018 non
1764 4980 1885 5022 esse
1922 4983 2117 5040 rogan-

527 5046 653 5102 dum
678 5048 842 5104 Deum
869 5056 924 5103 ut
947 5057 1132 5108 contra
1161 5053 1361 5120 peccati
1381 5055 1576 5126 malum
1595 5065 1753 5128 atque
1783 5060 1849 5116 ad
1879 5041 2114 5131 operan-

527 5137 650 5192 dam
673 5137 932 5209 justitiam
958 5140 1026 5195 sit
1047 5153 1229 5196 noster
1251 5143 1480 5216 adjutor,
1509 5155 1561 5202 et
1590 5163 1696 5203 non
1719 5151 1967 5221 opitulari
1994 5168 2116 5222 par-

527 5230 667 5284 vulis
711 5229 780 5285 ad
823 5233 1253 5303 consequendam
1301 5235 1468 5291 vitam
1509 5248 1764 5295 aeternam
1809 5241 2115 5310 christiana:

525 5325 710 5396 gratiae
737 5322 1140 5384 Sacramentum
1164 5347 1178 5384 :
1211 5327 1327 5385 hate
1356 5330 1684 5389 insinuantes
1701 5337 1992 5405 apostolico
2018 5355 2113 5411 pc-

589 5438 609 5470 ι
634 5443 685 5487 tn
705 5438 1020 5508 Concll._Edd.
1047 5448 1099 5492 et
1121 5442 1168 5492 in
1190 5441 1351 5508 Gallic.
1377 5453 1484 5500 mss.
1508 5454 1698 5508 septem
1723 5449 1868 5500 deest
1888 5461 2115 5505 Crescen-

527 5497 658 5612 ἔξἲὼ
662 5513 755 5552 nec
777 5503 1049 5557 nominatur
1072 5497 1340 5556 Pratsidius
1362 5497 1455 5556 nisi
1474 5497 1659 5571 semel,
1683 5497 1872 5563 scilicet
1891 5497 2113 5576 ipsi};

726 5626 900 5679 Concil.
947 5627 1062 5690 add.
1110 5636 1162 5680 et
1204 5630 1256 5690 in
1277 5637 1381 5682 uss.
1407 5631 1626 5694 pluribus
1647 5644 1944 5702 constanter,
1981 5649 2111 5692 tuto-

616 5702 644 5736 tt
674 5725 686 5736 .

591 5702 959 5830 et-
991 5757 1065 5830 Et-
1081 5754 1410 5830 ξβιμηίηιίιίηι
1433 5757 1703 5830 ρεςηίεεοδα
1725 5768 1978 5830 tempestas
1999 5781 2109 5818 sur-

525 5817 964 5886 gerlenitgmtcorum
982 5817 1156 5886 gratiae
1176 5817 1354 5869 Christi
1378 5817 1542 5885 cepit.

597 5871 622 5906 ⁵
641 5873 777 5938 adii,
799 5871 1057 5929 sustuteiit.

1723 388 1780 454 ἃ·
1820 381 2186 454 ωρεετωι
2221 381 2523 450 ΕΡΙΕΕΟΡΙ

2217 503 2352 560 ctori
2379 513 2504 569 tuo,
2533 519 2639 562 non
2665 519 2801 576 opus
2833 507 3098 565 habentis
3137 511 3305 568 multa
3335 512 3556 582 dicere,
3580 523 3641 572 et
3677 523 3803 571 tan-

2221 604 2327 652 tam
2356 598 2684 668 impietatem
2713 600 2890 668 verbis
2909 617 3252 673 exaggerem,
3273 621 3396 662 enim
3426 609 3610 677 procul
3639 609 3804 665 didii.

2221 697 2273 746 te
2293 690 2364 747 ita
2393 700 2755 760 permoveant,
2774 701 2831 748 ut
2856 694 2925 756 ab
2947 696 3026 750 eis
3051 698 3400 768 corrigendis,
3423 715 3492 755 ne
3515 700 3674 756 latitis
3691 718 3807 758 ser-

2219 790 2364 856 pant,
2401 785 2701 856 multosque
2730 789 3126 857 contaminent,
3161 792 3245 850 vel
3269 794 3442 862 potius
3470 796 3806 866 interimam,

2221 879 2346 933 dum
2371 894 2465 936 eos
2491 881 2589 936 sub
2625 881 2840 944 nomine
2867 880 3092 949 Christi,
3113 899 3145 938 a
3167 885 3340 955 gratia
3367 885 3567 942 Christi
3594 889 3808 958 penitus

2221 972 2476 1038 alienant,
2504 974 2720 1028 omnino
2740 975 3082 1031 dissimulare
3110 994 3216 1036 non
3244 980 3436 1048 possis.

2292 1067 2345 1121 4.
2379 1066 2546 1136 Hujus
2569 1076 2743 1122 autem
2763 1069 3195 1138 perniciosissimi
3215 1072 3410 1126 erroris
3425 1080 3672 1128 auctores
3689 1090 3810 1130 esse

2226 1157 2570 1227 perhibentur
2608 1160 2853 1229 Pelagius
2889 1169 2942 1218 et
2979 1162 3238 1222 Celestius
3264 1205 3278 1229 ,
3318 1179 3454 1234 quos
3497 1166 3713 1235 quidem
3755 1167 3806 1221 in

2227 1248 2465 1306 Ecclesia
2493 1251 2665 1305 sanari
2695 1251 2958 1307 malumus
2978 1295 2991 1317 ,
3024 1270 3180 1322 quam
3210 1255 3490 1326 desperata
3535 1257 3706 1311 salute
3741 1257 3808 1316 ah

2225 1341 2463 1397 Ecclesia
2487 1345 2735 1410 resecari,
2767 1345 2813 1399 si
2840 1349 3130 1406 necessitas
3158 1350 3298 1404 nulla
3324 1351 3628 1420 compellat.
3657 1351 3809 1420 Quo-

2224 1451 2340 1490 rum
2368 1452 2525 1500 unus,
2553 1437 2602 1490 id
2627 1446 2703 1491 est
2727 1437 2988 1494 Celestius
3009 1481 3022 1506 ,
3052 1443 3211 1497 etiam
3240 1443 3304 1496 ad
3339 1445 3728 1513 presbyterium
3755 1444 3806 1498 in

2225 1528 2349 1583 Asia
2383 1530 2578 1584 dicitur
2623 1533 2963 1600 pervenisse:
3000 1532 3066 1587 de
3110 1549 3215 1603 quo
3249 1544 3371 1588 ante
3404 1550 3601 1604 paucos
3643 1549 3809 1590 annos

2225 1622 2349 1692 quid
2371 1632 2575 1691 gestum
2601 1623 2774 1689 fuerit,
2805 1624 3063 1679 Sanctitas
3085 1635 3169 1679 tua
3193 1626 3258 1680 de
3279 1626 3684 1696 Carthaginensi
3704 1628 3808 1681 Ec-

2226 1715 2388 1770 clesia
2419 1717 2606 1770 melius
2647 1717 2945 1771 instruitun
2973 1718 3213 1787 Pelagius
3252 1735 3396 1784 vero,
3439 1720 3578 1776 sicut
3616 1735 3648 1774 a
3690 1719 3811 1789 qui-

2227 1809 2446 1863 busdam
2492 1809 2738 1864 fratribus
2778 1811 2972 1866 nostris
3009 1813 3184 1867 missae
3217 1814 3507 1884 loquuntur
3545 1815 3804 1884 epistolae,

2225 1901 2571 1973 Jerosolymis
2608 1903 2926 1958 constitutus
2963 1907 3244 1959 nonnullos
3278 1905 3464 1960 fallere
3512 1908 3809 1961 asseritur:

2226 2004 2589 2050 verumtamen
2619 1996 2784 2049 multo
2814 1997 3010 2066 plures,
3034 1999 3122 2067 qui
3149 1997 3264 2067 ejus
3293 2012 3483 2053 sensus
3507 1998 3816 2068 diligentius

2227 2087 2477 2157 indagare
2514 2098 2829 2157 potuerunt,
2861 2089 3114 2145 adversus
3143 2107 3262 2144 eum
3288 2106 3389 2161 pro
3419 2091 3588 2160 gratia
3615 2089 3815 2146 Christi

2226 2189 2278 2235 et
2311 2180 2585 2234 catholicae
2627 2180 2747 2236 ﬁdei
2790 2183 3014 2238 veritate
3055 2183 3379 2253 confligunt;
3409 2183 3507 2238 sed
3547 2185 3816 2254 praecipue

2225 2282 2440 2328 sanctus
2468 2273 2606 2328 filius
2629 2281 2768 2342 tuus,
2797 2273 2960 2330 frater
2980 2283 3032 2329 et
3053 2275 3456 2346 compresbyter
3483 2285 3670 2332 noster
3691 2277 3818 2333 Hie-

2225 2381 2499 2436 ronymus.

2297 2459 2347 2512 5.
2375 2457 2479 2512 Sed
2511 2459 2850 2523 arbitramur,
2880 2458 3162 2529 adjuvante
3201 2459 3568 2515 misericordia
3601 2459 3813 2515 Domini

2227 2549 2319 2604 Dei
2347 2553 2510 2603 nostri
2537 2552 2625 2620 qui
2653 2560 2702 2605 te
2734 2560 2786 2605 et
2821 2566 3004 2621 regere
3042 2553 3441 2617 consulentem,
3480 2562 3534 2607 et
3563 2562 3808 2607 orantem

2225 2643 2477 2697 exaudire
2500 2643 2765 2712 dignetur,
2796 2643 3095 2697 auctoritati
3121 2641 3434 2698 Sanctitatis
3451 2653 3574 2709 tute,
3593 2644 3661 2700 de
3685 2659 3817 2700 san-

2225 2743 2427 2787 ctarum
2455 2735 2848 2805 Scripturarum
2881 2735 3201 2790 auctoritate
3229 2735 3575 2805 depromptte,
3607 2733 3818 2792 facilius

2225 2843 2316 2881 eos
2342 2829 2429 2898 qui
2463 2837 2567 2881 tam
2594 2843 2845 2898 perversa
2876 2835 2931 2881 et
2958 2827 3253 2897 perniciosa
3272 2827 3530 2893 sentiunt,
3556 2841 3676 2882 esse
3694 2841 3818 2882 ces-

2225 2937 2398 2987 suros,
2433 2931 2488 2975 ut
2508 2922 2575 2977 de
2602 2921 2934 2976 correctione
2955 2923 3130 2991 potius
3147 2937 3330 2977 eorum
3353 2920 3812 2992 congratulantur,

2223 3029 2380 3082 quam
2410 3013 2788 3068 contristemur
2815 3013 3047 3068 interitu.
3078 3013 3362 3082 Quodlibet
3385 3023 3562 3069 autem
3589 3013 3691 3084 ipsi
3713 3014 3814 3072 eliv.

2223 3115 2369 3176 gant,
2397 3114 2543 3162 certe
2572 3107 2652 3161 vel
2677 3107 2814 3173 aliis,
2846 3123 2978 3177 quos
3011 3107 3271 3176 plurimos
3303 3117 3544 3176 possunt,
3575 3105 3618 3159 si
3642 3105 3712 3159 ab
3731 3105 3816 3160 eis

2223 3197 2623 3264 dissimulctur,
2657 3199 2766 3253 suis
2802 3200 3002 3269 laqueis
3046 3199 3346 3268 implicare,
3379 3197 3552 3252 cernit
3579 3181 3836 3252 Venere;

2226 3288 2402 3344 bilitas
2443 3298 2529 3344 tua
2563 3293 2824 3346 instanter
2861 3299 2915 3344 et
2959 3290 3207 3346 celeriter
3247 3288 3654 3359 providendum.
3691 3289 3816 3345 Haec

2223 3381 2288 3435 ad
2317 3380 2667 3436 Sanctitatem
2689 3390 2831 3435 tuam
2853 3381 2921 3436 de
2957 3381 3185 3436 concilio
3210 3380 3473 3436 Numidia:
3499 3380 3698 3451 scripta
3728 3381 3814 3442 di-

2224 3473 2479 3538 reximus,
2513 3473 2780 3528 imitantes
2808 3473 3243 3544 Carthaginensis
3272 3473 3532 3528 Ecclesia:
3558 3474 3574 3526 ἓ
3602 3482 3655 3528 et
3678 3473 3814 3527 Car-

2225 3567 2554 3636 thaginensis
2592 3568 2877 3635 provincia:
2919 3568 3270 3638 coepiscopos
3297 3577 3512 3622 nostros
3535 3608 3549 3633 ,
3583 3582 3720 3638 quos
3742 3566 3811 3622 ad

2223 3656 2416 3712 Sedem
2455 3658 2798 3728 apostolicam
2819 3701 2834 3726 ,
2863 3675 3020 3728 quam
3062 3660 3249 3714 beatus
3295 3661 3533 3714 illustras
3557 3700 3570 3727 ,
3601 3659 3669 3715 de
3710 3659 3816 3715 hac

2223 3762 2382 3802 causa
2405 3749 2683 3818 scripsisse
2709 3751 3069 3820 comperimus
3085 3753 3128 3804 ³.
3152 3750 3219 3804 Et
3237 3750 3341 3804 alia
3370 3767 3525 3807 manu
3560 3766 3580 3804 :
3609 3750 3816 3804 Memor

2224 3839 2411 3902 nostri,
2445 3839 2501 3894 in
2531 3841 2621 3895 Dei
2649 3843 2816 3912 gratia
2845 3843 3108 3913 augearis,
3136 3842 3351 3898 domine
3372 3843 3680 3898 beatissime
3701 3857 3816 3898 me-

2223 3931 2432 4002 ritoque
2457 3932 2778 3990 venerabilis
2799 3976 2814 4002 ,
2844 3922 2990 3989 etin
3027 3934 3239 3990 Christo
3277 3933 3592 3990 honorande
3628 3939 3816 3993 sancta.

2225 4025 2402 4081 Pater.

2603 4143 2936 4214 EPISTOLA
2975 4141 3256 4224 CLXXVlI
3282 4147 3304 4170 ‘
3337 4141 3412 4230 (a)

2223 4283 2460 4342 Aurelius
2503 4284 2689 4354 aliique
2729 4293 2830 4342 tres
2873 4301 2974 4342 una
3013 4300 3130 4339 cum
3159 4283 3438 4354 Augustino
3464 4281 3713 4353 episcopi.
3747 4279 3819 4342 at!

2292 4377 2647 4434 limacentittm
2677 4377 2741 4442 de
2763 4377 2978 4450 Pelagio
2999 4418 3015 4445 ,
3045 4387 3317 4449 retegente;
3356 4377 3517 4448 ipsius
3553 4375 3814 4444 heresim.

2291 4491 2500 4547 eamque
2527 4474 2590 4529 ab
2617 4475 2894 4546 apostolica
2921 4474 3056 4537 Sede
3081 4474 3323 4547 proscribi
3353 4472 3685 4546 postulantes.

2221 4611 2448 4670 Domino
2477 4612 2807 4680 beatissimo,
2832 4613 3133 4688 meritoque
3162 4611 3622 4687 honorandissimo
3654 4607 3809 4663 fratri

2292 4706 2611 4762 INNOCENTIO
2641 4705 2819 4782 Papze,
2851 4710 3138 4782 Auantius,
3171 4705 3418 4769 Aemus,
3451 4704 3809 4786 Aucusrmus,

2293 4800 2546 4868 Eventus,
2576 4806 2632 4853 et
2655 4799 2945 4876 Possmius,
2977 4799 3030 4852 in
3061 4799 3286 4853 Domino
3313 4797 3559 4854 salutem.

2291 4916 2345 4971 1.
2387 4915 2463 4969 De
2511 4913 2752 4970 conciliis
2801 4913 3008 4969 duobus
3048 4911 3336 4982 provincia:
3375 4909 3810 4986 Cartliaginensis

2219 5015 2379 5079 atque
2403 5005 2661 5074 Numidiae
2683 5007 2753 5063 ad
2779 5016 2924 5064 tuam
2952 5004 3297 5062 Sanetitatem
3326 5020 3355 5060 a
3386 5020 3490 5060 non
3513 5016 3676 5073 parvo
3698 5001 3816 5082 epi-

2283 5159 2311 5236 g‘g
2321 5159 2400 5236 βία
2420 5159 2471 5236 in
2490 5165 2599 5210 Mss.
2625 5167 2681 5211 At
2701 5160 2754 5210 tn
2774 5157 2987 5226 vulgatis
3006 5159 3265 5219 omittitur,
3298 5149 3687 5236 Carthaginem
3718 5159 3812 5201 εε-

2218 5219 2524 5348 ﬂuida
2545 5286 2696 5337 verba
2718 5285 2893 5336 absunt
2913 5299 2943 5336 a
2963 5285 3113 5337 vatic.
3138 5291 3191 5334 et
3210 5279 3372 5344 Gallic.
3395 5284 3502 5328 Mss.
3526 5277 3618 5338 Sed

2218 5347 2409 5387 rinnmr
2434 5348 2480 5387 in
2504 5347 2730 5387 nmnilmg
2751 5349 2859 5387 Fdrl
2889 5363 2918 5387 ρ
2941 5347 3121 5387 (militis
3142 5345 3252 5387 Rat]-
3280 5355 3378 5387 Am.
3403 5345 3479 5387 Er.
3506 5346 3560 5387 et
3589 5345 3699 5387 ιον.
3787 5363 3814 5375 -

2217 5347 2409 5397 riuntur
2434 5345 2483 5396 in
2504 5347 2730 5398 omnibus
2751 5349 2862 5410 Edd.
2889 5363 2918 5400 e
2941 5347 3121 5410 quibus
3142 5345 3252 5410 Bad.
3279 5355 3378 5410 Am.
3403 5345 3479 5388 Er.
3506 5346 3560 5410 e_t
3585 5345 3699 5410 μον.
3725 5345 3814 5410 pa-

2216 5412 2339 5523 gent
2353 5445 2368 5464 .
2638 5409 2800 5474 gratia
2819 5398 3062 5477 augeatis.
3084 5407 3281 5469 concil.,
3305 5403 3359 5456 in
3403 5400 3614 5464 notitiai,
3660 5399 3740 5457 vel
3761 5398 3817 5452 in

2265 5488 2310 5524 et
2330 5487 2388 5524 ar
2441 5488 2506 5524 ia.

2265 5488 2310 5525 et
2365 5487 2506 5526 rana.

2283 5559 2299 5577 ‘
2328 5487 2390 5606 id
2430 5559 2554 5608 hanc
2576 5555 2927 5608 emendandam
2947 5555 3024 5606 usi
3056 5566 3225 5604 sumus
3248 5550 3298 5599 ii".
3327 5549 3396 5602 th.
3420 5549 3613 5598 duobus
3633 5561 3681 5602 π.
3708 5553 3810 5608 tim.

2219 5621 2326 5669 Bari.
2353 5628 2426 5669 Er.
2453 5607 2559 5670 Iovi.
2584 5607 2647 5657 94-
2669 5629 2716 5669 tn
2740 5627 2843 5669 Mss.
2871 5631 3063 5679 necnon
3095 5616 3143 5664 in
3171 5612 3485 5679 conciliorum
3519 5607 3816 5679 editionibtﬂ

2217 5686 2416 5745 prmi'ert
2439 5684 2625 5732 huncce.
2651 5681 2871 5745 titulum:
2887 5677 3096 5744 Epistola
3118 5675 3376 5742 farttiliaris
3397 5673 3608 5739 quinque
3629 5673 3814 5735 episco-

2217 5744 2388 5808 porum
2411 5745 2474 5794 art
2507 5744 2829 5794 Innocentth
2862 5754 3059 5807 papam.

2281 5831 2352 5890 (α)
2390 5829 2511 5878 alias
2627 5843 2638 5875 :
2666 5841 2776 5889 quae
2821 5833 2988 5876 autem
3032 5825 3124 5874 177
3169 5831 3293 5886 erat,
3338 5833 3467 5872 nunc
3495 5818 3606 5870 2M.
3629 5816 3813 5881 Scripta

2215 5893 2343 5953 circa
2364 5894 2496 5943 idem
2517 5901 2726 5956 tempus.
3281 5895 3284 5902 '
