4112 6346
349 375 454 436 Ἱϐδ

315 469 318 472 ’
345 503 630 560 ωορθςιιιιι
659 503 884 558 numero
909 489 1232 562 subscriptus
1254 489 1456 544 litteras
1484 491 1726 545 misimus
1751 501 1936 548 contra

301 569 304 572 ⁴
345 579 590 634 inimicos
611 581 800 654 gratiae
827 577 1052 646 Christi,
1085 581 1173 652 qui
1200 581 1472 636 contidunt
1503 582 1554 635 in
1595 583 1785 636 virtute
1818 597 1932 646 sua,

343 679 400 726 et
425 669 666 732 Creatori
693 680 878 730 nostro
903 671 1293 744 quodammodo
1321 673 1542 740 dicunt:
1574 673 1652 727 Τιι
1685 688 1782 732 nos
1813 671 1938 728 fcci—

339 763 409 819 sti
441 763 718 829 homines;
747 763 920 834 justus
941 777 1116 830 autem
1147 765 1242 836 ipsi
1271 781 1369 822 nos
1393 765 1756 834 fecimus..Qui
1785 775 1939 820 natu-

341 870 456 914 ram
487 855 772 920 humanam
805 855 924 912 ideo
947 857 1128 912 dicunt
1151 857 1392 922 liberam,
1419 874 1488 912 ne
1515 865 1755 930 quaerant
1783 857 1936 912 Libe-

342 953 610 1012 ratorem;
643 943 762 1000 ideo
785 945 1008 1013 salvam,
1043 953 1098 1000 ut
1128 945 1452 1016 superﬂuum
1485 947 1720 1016 judicent
1749 947 1932 1002 Salva-

337 1047 532 1092 ’orem.
565 1035 794 1092 Tantum
817 1038 958 1092 enim
987 1039 1168 1094 dicunt
1197 1041 1482 1104 valentem,
1519 1047 1574 1092 ut
1595 1041 1704 1094 suis
1733 1039 1932 1094 viribus

336 1129 504 1184 semel
543 1128 594 1182 in
635 1131 835 1200 origine
865 1146 973 1196 sine
1001 1131 1285 1192 creationis
1316 1133 1547 1202 acceptis
1567 1173 1582 1200 ,
1615 1134 1789 1202 possit
1837 1148 1933 1204 per

333 1219 562 1274 liberum
591 1221 892 1290 arbitrium,
925 1221 1055 1280 nihil
1089 1224 1308 1280 ulterius
1333 1224 1617 1296 adjuvaute
1645 1225 1786 1278 illius
1811 1241 1931 1296 gra-

335 1312 406 1364 tia
431 1311 522 1384 qui
552 1314 772 1380 creavit,
805 1313 1026 1370 domare
1055 1325 1108 1370 et
1137 1317 1474 1388 exstinguere
1500 1334 1686 1372 omnes
1722 1318 1930 1386 cupidi-

333 1411 504 1470 tates,
552 1405 977 1476 mutationesque
1018 1423 1307 1478 superare;
1351 1409 1606 1480 multique
1631 1426 1812 1466 eorum
1845 1409 1927 1464 in-

331 1507 557 1566 surgunt
583 1497 861 1554 adversum
897 1515 1010 1566 nus,
1047 1511 1100 1554 et
1123 1499 1306 1556 dicunt
1334 1503 1526 1556 animae
1557 1512 1772 1566 nostrai,
1807 1501 1928 1556 Non

293 1571 300 1578 I
331 1597 406 1646 est
443 1587 582 1642 salus
623 1587 702 1646 illi
739 1591 792 1644 in
831 1589 938 1645 Deo
975 1591 1086 1662 ejus
1131 1591 1299 1664 (Psal.
1337 1610 1412 1656 ιιι.
1557 1595 1772 1658 Familia
1801 1611 1927 1668 ergo

330 1675 532 1734 Christi
571 1694 689 1750 quae
731 1679 894 1750 dicit,
945 1683 1162 1748 Quando
1201 1683 1448 1754 infirmor,
1497 1697 1615 1738 tunc
1645 1685 1789 1755 {ortis
1815 1703 1926 1740 sum

297 1771 304 1776 ’
329 1767 400 1844 (ll
428 1769 548 1830 Cor.
577 1789 672 1838 xu,
709 1775 823 1844 10),
856 1783 909 1828 ct
934 1777 1016 1829 cui
1053 1775 1180 1832 dicit
1207 1777 1460 1832 Dominus
1487 1779 1622 1848 ejus,
1652 1779 1809 1834 Salus
1840 1791 1927 1834 tua

327 1879 420 1936 ego
440 1881 551 1920 sum
580 1863 748 1938 (Psul.
779 1883 965 1932 xxxw,
990 1867 1044 1940 3)
1060 1909 1072 1932 ,
1098 1885 1360 1940 suspenso
1380 1871 1562 1934 corde,
1587 1888 1706 1926 cum
1733 1874 1924 1928 timore

327 1962 382 2010 et
425 1964 658 2014 tremore
701 1957 1023 2028 adjutnrium
1057 1961 1266 2016 Domini
1295 1963 1454 2018 etiam
1487 1977 1582 2034 per
1609 1963 1920 2020 charitatem

329 2055 432 2102 tum
461 2047 834 2118 Venti-rationis
861 2063 1154 2122 exspectat.

398 2137 453 2190 Ξ.
483 2139 796 2196 Audivimus
823 2143 964 2196 enim
990 2159 1110 2198 esse
1135 2147 1186 2198 in
1212 2144 1344 2200 urbe
1373 2143 1562 2208 Roma,
1594 2145 1682 2202 ubi
1711 2147 1798 2202 ille
1829 2147 1920 2204 diu

325 2231 478 2296 vixit,
509 2233 794 2288 nonnullos
813 2235 902 2304 qui
925 2235 1148 2288 diversis
1170 2237 1346 2290 causis
1371 2237 1418 2292 ci
1447 2235 1678 2306 faveant,
1703 2237 1918 2310 quidam

321 2329 551 2398 scilicet,
581 2331 700 2402 quia
731 2331 808 2386 eis
839 2331 959 2386 talia
985 2333 1310 2402 persuasisse
1332 2335 1642 2404 perhibetur
1671 2336 1711 2402 ¹,
1739 2337 1919 2406 plures

323 2439 471 2488 vero,
507 2423 594 2494 qui
633 2439 752 2478 eum
786 2423 910 2480 talia
952 2427 1150 2480 sentire
1179 2441 1280 2479 non
1321 2425 1581 2492 credunt;
1618 2427 1916 2496 prmscrtim

319 2519 440 2586 quia
483 2517 534 2572 in
579 2516 794 2574 Oriente
820 2561 834 2584 ,
873 2519 960 2574 ubi
989 2518 1163 2589 degit,
1203 2519 1360 2574 Gesta
1392 2520 1752 2574 ecclesiastica
1781 2519 1916 2574 facta

321 2623 444 2664 esse
467 2609 736 2676 jactantur
763 2609 859 2682 (a).
894 2610 1085 2680 quibus
1113 2620 1328 2682 putatur
1353 2629 1470 2666 esse
1502 2621 1754 2682 purgatus
1784 2629 1797 2668 :
1827 2611 1916 2667 ubi

318 2701 534 2774 quidem
568 2703 612 2758 si
659 2704 894 2774 episcopi
947 2721 1064 2760 eum
1102 2704 1423 2760 catholicum
1469 2705 1911 2778 pronuntiarunt,

319 2810 424 2848 non
457 2795 525 2848 ob
550 2794 692 2852 aliud
723 2795 916 2852 factum
939 2811 1059 2852 esse
1084 2795 1406 2852 credendum
1437 2807 1540 2858 est,
1571 2799 1668 2852 nisi
1701 2797 1820 2866 quia
1856 2814 1914 2852 se

315 2883 450 2938 dixit
480 2884 568 2940 Dei
593 2887 816 2956 gratiam
845 2886 1108 2952 confiteri,
1143 2895 1195 2940 et
1221 2887 1288 2940 ita
1321 2902 1478 2960 posse
1506 2887 1775 2942 hominem
1807 2903 1905 2942 suo

317 2976 499 3032 labore
525 2992 588 3034 ac
615 2977 884 3034 voluntate
911 2977 1054 3048 juste
1083 2977 1258 3034 virere
1279 3019 1293 3046 ,
1340 2987 1394 3032 ut
1437 2977 1502 3032 ad
1535 2979 1636 3032 hoc
1675 2977 1912 3048 adjuvari

315 3067 411 3120 Dei
443 3069 612 3137 gratia
643 3085 746 3132 non
780 3077 1017 3140 negaret.
1053 3068 1144 3124 llis
1187 3069 1330 3122 enim
1361 3069 1555 3124 auditis
1587 3068 1785 3134 verbis,
1817 3084 1908 3122 ca-

316 3159 498 3214 tholici
527 3160 791 3216 antistites
821 3161 1018 3216 nullam
1049 3161 1206 3214 aliam
1249 3161 1336 3214 Dei
1361 3161 1585 3232 gratiam
1615 3161 1909 3232 intelligere

317 3257 623 3316 potuerunt,
655 3249 759 3303 nisi
790 3265 947 3318 quam
979 3249 1030 3302 in
1065 3247 1234 3304 Libris
1263 3249 1356 3304 Dei
1387 3250 1590 3320 legere,
1621 3260 1674 3306 et
1701 3251 1910 3320 populis

313 3339 410 3394 Dei
441 3339 733 3410 pra-dicare
761 3349 1156 3396 consueverunt
1181 3358 1191 3392 :
1222 3357 1339 3396 eam
1370 3341 1550 3410 utique
1575 3341 1642 3396 de
1661 3358 1762 3412 qua
1783 3341 1910 3397 dicit

307 3433 624 3502 Apostolus,
660 3431 778 3486 Non
811 3433 1010 3488 irritam
1037 3433 1168 3504 facio
1195 3435 1411 3504 gratiam
1439 3431 1552 3487 Dei.
1589 3432 1728 3487 Nam
1756 3433 1800 3488 si
1821 3451 1910 3506 per

309 3521 496 3596 Legem
511 3525 736 3596 justitia,
769 3542 886 3596 ergo
913 3523 1141 3580 Christus
1167 3527 1328 3598 gratis
1354 3535 1579 3580 mortuus
1607 3535 1680 3580 est
1708 3523 1906 3599 (Galat.

285 3631 366 3682 _tt,
390 3613 486 3688 2|)
507 3632 522 3682 ;
547 3615 664 3672 sine
688 3615 850 3672 dubio
875 3617 1098 3688 gratiam
1125 3633 1224 3688 qua
1245 3618 1603 3688 justiticamnr
1621 3617 1689 3672 ab
1717 3619 1908 3690 iniqui-

309 3717 419 3764 tate
438 3748 453 3774 ,
485 3715 541 3762 et
569 3723 672 3780 qua
704 3709 975 3768 salvantur
1001 3710 1069 3764 ab
1099 3709 1402 3764 inﬁrmitate
1425 3751 1439 3776 ,
1479 3725 1584 3766 non
1611 3727 1710 3780 qua
1741 3711 1904 3766 creati

283 3813 494 3866 _Sttmus
523 3815 645 3858 eum
675 3801 886 3876 propria
917 3802 1207 3857 voluntate.
1249 3801 1378 3856 Nam
1425 3803 1469 3856 si
1513 3801 1907 3860 intellexissent

289 3892 380 3960 _illi
423 3892 661 3962 episcopi
705 3909 820 3948 eam
865 3893 1010 3948 illum
1053 3891 1230 3948 dicere
1269 3893 1513 3962 gratiam,
1557 3910 1714 3966 quam
1741 3895 1900 3950 etiam

303 3997 428 4044 cum
479 3983 653 4051 impiis
698 3982 985 4050 habemus,
1030 3998 1149 4038 cum
1194 3984 1384 4056 quibus
1416 3983 1656 4039 homines
1686 4001 1898 4054 sumus;

293 4089 500 4144 negare
541 4090 668 4130 vero
716 4091 836 4130 eam
878 4091 980 4146 qua
1011 4075 1286 4130 christiani
1333 4084 1388 4130 et
1433 4075 1526 4129 ﬁlii
1559 4077 1652 4130 Dei
1679 4093 1897 4145 sumus;

301 4167 421 4236 quis
447 4182 570 4222 cum
599 4167 861 4238 patienter
896 4168 1283 4222 catholicorum
1315 4167 1654 4222 sacerdotum
1685 4185 1790 4223 non
1817 4169 1900 4226 di-

295 4245 481 4316 cimus
507 4257 712 4316 audiret
732 4301 745 4322 ,
779 4257 872 4314 sed
903 4267 1026 4312 ante
1053 4257 1238 4316 oculos
1267 4273 1390 4326 suos
1416 4257 1626 4312 ferret?
1656 4257 1896 4330 Quapro-

295 4359 418 4420 pter
445 4365 552 4414 ιιοιι
576 4351 822 4424 culpandi
845 4359 970 4412 sunt
989 4349 1213 4420 iudices,
1243 4349 1364 4420 quia
1390 4349 1752 4408 ecclesiastica
1771 4367 1900 4408 con-

295 4425 582 4508 suetudine
627 4459 818 4500 nomen
867 4446 1050 4516 gratia:
1097 4443 1413 4512 audierunt,
1443 4445 1742 4500 nescientes
1773 4448 1898 4518 quid

302 4535 608 4606 hujusmodi
637 4537 878 4594 homines
903 4539 986 4598 vel
1011 4539 1066 4592 in
1097 4553 1206 4592 sua)
1236 4537 1490 4594 doctrina:
1521 4537 1700 4608 libris,
1733 4539 1812 4592 vel
1843 4539 1897 4594 in

297 4641 518 4692 suorum
545 4627 718 4682 solent
745 4629 960 4684 auribus
987 4645 1256 4698 spargere.

371 4719 428 4776 5.
467 4715 584 4774 Non
609 4721 784 4789 agitur
806 4719 872 4774 de
901 4737 1004 4774 uno
1031 4719 1263 4790 Pelagio,
1295 4719 1380 4792 qui
1408 4719 1516 4789 jam
1549 4719 1685 4776 forte
1715 4735 1898 4777 Corre-

296 4819 416 4866 ctus
445 4821 546 4876 est,
573 4811 714 4882 quod
741 4812 938 4866 utinam
969 4811 1036 4866 ita
1067 4821 1168 4878 srt;
1199 4811 1294 4870 sed
1321 4813 1387 4867 de
1416 4822 1518 4866 tam
1549 4813 1749 4880 multis,
1781 4815 1896 4886 qui-

285 4919 400 4988 ιιιιιει
427 4902 718 4974 loquaciter
745 4903 1192 4968 contendentibus
1217 4946 1229 4968 ,
1271 4912 1323 4959 et
1350 4905 1587 4958 inﬁrmas
1615 4913 1773 4975 atque
1815 4907 1894 4959 in-

297 4993 542 5062 ﬁruditas
580 4995 785 5052 animas
829 4997 972 5051 velut
1011 4996 1214 5052 vinctas
1243 4998 1264 5028 ³
1298 4996 1662 5064 trahentibus,
1717 4997 1896 5053 ﬁrmas

359 5160 383 5220 ιθ
407 5157 540 5220 Apud
559 5157 671 5220 uad,
699 5163 798 5206 Am.
823 5161 1038 5220 Etuta.
1063 5161 1116 5206 et
1157 5153 1336 5220 Concil.
1379 5153 1794 5220 editiones_,_quia
1815 5167 1897 5208 vos

437 5214 732 5282 iterm
755 5217 1022 5284 perhibth
1047 5225 1098 5280 tn
1121 5224 1202 5284 uls.
1231 5217 1397 5284 ratio,
1421 5214 1536 5278 quia
1557 5214 1755 5284 nobis...
1770 5231 1895 5284 per:

295 5275 505 5340 hibetur.
529 5275 1196 5342 Fortasse'lcgcndum,:quia
1221 5275 1362 5327 vobis.
1377 5275 1518 5330 (terte
1542 5275 1800 5340 Pelagiani,
1826 5280 1896 5332 uti

299 5297 505 5334 iuvetur.
529 5297 751 5334 ποι-ωδεο
776 5297 822 5330 lt?
863 5297 1059 5340 emtum,
1083 5297 1196 5342 qum
1221 5297 1362 5327 vuum“.
1377 5297 1518 5330 certe
1543 5297 1800 5340 Pelagium,
1826 5297 1894 5332 utt

299 5337 463 5396 narrat
483 5345 722 5396 Possidius
743 5357 785 5392 c.
815 5297 890 5402 ὦ,
932 5341 1214 5410 «perfidiam
1237 5353 1374 5388 suam
1397 5353 1486 5410 per
1507 5353 1645 5388 suam
1669 5341 1894 5410 ambitio-

305 5421 464 5458 utern
483 5408 780 5458 eonaltantur
814 5401 1144 5468 persuadere
1164 5401 1472 5468 sancta:_s‘cdi
1499 5415 1512 5450 :
1551 5418 1572 5446 ι
1603 5416 1785 5468 ιιιιψιεεΔ
1811 5403 1896 5452 ab-

299 5469 508 5524 ηιωιιθ
530 5481 649 5518 vero
692 5475 768 5518 est
805 5461 1036 5530 j'actatutn
1081 5463 1317 5530 biisses!)
1351 5464 1466 5530 ipsis
1490 5473 1596 5530 eam
1620 5461 1894 5530 se'illirc-

295 5523 399 5594 ipaa
425 5533 740 5594 persuasisse.
787 5523 1007 5578 Attamen
1028 5523 1528 5594 atnplectinrur’aliam
1553 5523 1812 5594 lectionum
1829 5539 1893 5594 ex

295 5584 382 5644 ἐς.
405 5584 564 5644 (non.
585 5593 936 5642 substiuttama
961 5596 1010 5638 tt.
1029 5596 1075 5637 l‘.
1095 5584 1362 5648 (tuesnelio
1390 5586 1506 5648 ,cui
1531 5584 1728 5648 vulgata
1749 5585 1896 5638 lectio

295 5655 650 5716 ωωωειιοεει
673 5657 724 5706 iu
745 5661 1000 5704 ttomanum
1045 5647 1324 5716 pontiﬁcem
1347 5647 1621 5698 videbatur.

363 5743 385 5773 ³
406 5738 518 5792 Bal.
549 5749 647 5788 Arn.
671 5743 746 5787 Er.
772 5744 825 5789 et
846 5743 974 5800 hom,
998 5732 1288 5786 cortvinctas.
1313 5737 1371 5782 At
1392 5737 1522 5790 Mss,
1551 5730 1746 5782 vinctas.

303 5895 312 5902 ο
349 5867 442 5936 ω
467 5870 968 5935 Memmiana
991 5867 1178 5935 synodi.

1521 375 1998 444 EPISTOLARUM
2035 375 2310 448 CLASSIS
2348 379 2439 448 ut.

2045 503 2222 558 autem
2245 505 2298 550 et
2325 495 2376 550 in
2406 494 2507 568 ﬁds
2527 495 2742 570 stabiles
2897 501 3248 574 contentione
3271 503 3633 578 fatisaalihm.

2047 600 2420 662 usquequaque
2443 588 2554 672 jam
2583 591 2738 668 plena
2767 601 2888 647 sunt
2921 595 3116 649 omnia.
3160 597 3264 666 ᾼιιι
3305 613 3434 676 ergo
3473 618 3504 658 a
3547 613 3636 660 tua

2045 673 2401 740 Venet-alioue
2443 682 2727 754 acciendus
2757 694 2837 738 est
2865 683 3120 754 Romam,
3152 697 3207 752 et
3232 673 3514 762 diligenter
3547 693 3632 754 in-

2043 770 2393 840 terrogandus
2423 789 2578 844 quam
2608 775 2748 830 dicat
2773 777 2998 850 gratiam
3017 820 3030 846 ,
3067 796 3166 852 qua
3193 779 3442 854 fateatur,
3473 784 3518 850 si
3548 795 3633 852 ta-

2041 873 2162 912 men
2189 857 2299 932 jam
2334 859 2580 930 fateatur,
2609 865 2674 926 ad
2703 881 2805 921 non
2831 869 3154 938 peccandum
3179 869 3430 946 justeque
3453 874 3635 938 viven-

2039 948 2164 1004 dum
2209 949 2451 1012 homines
2480 953 2751 1026 adjuvari;
2797 967 2886 1014 aut
2933 957 3030 1012 hoc
3075 959 3246 1032 ipsum
3286 978 3404 1034 cum
3445 980 3510 1018 eo
3535 980 3634 1036 per

2043 1041 2248 1098 litteras
2279 1045 2540 1124 agendum
2572 1066 2583 1100 :
2615 1057 2806 1103 etcum
2837 1049 3080 1104 inventus
3105 1055 3263 1108 fuerit
3291 1055 3426 1110 hanc
3451 1056 3633 1114 dicere

2037 1151 2194 1206 quam
2241 1137 2398 1194 docet
2442 1139 2803 1198 et‘clesiastica
2836 1149 2889 1196 et
2927 1145 3214 1214 apostolica
3243 1146 3470 1212 veritas,
3507 1157 3630 1204 tunc

2035 1229 2150 1282 sine
2183 1229 2288 1282 ullo
2314 1232 2562 1300 scrupulo
2587 1231 2860 1298 Ecclesiae,
2885 1233 3000 1288 sine
3021 1235 3242 1292 latibulo
3271 1237 3631 1308 ambiguitatis

2037 1319 2193 1372 ullius
2221 1319 2576 1382 absolvendus
2606 1329 2707 1392 est,
2743 1333 2865 1379 tunc
2893 1335 2974 1382 est
3001 1342 3187 1382 revera
3217 1327 3282 1382 dc
3303 1329 3419 1400 ejus
3439 1346 3631 1402 purga-

2036 1410 2177 1464 tione
2207 1411 2563 1480 gaudendum.

2105 1505 2156 1556 4.
2197 1503 2319 1558 Sive
2363 1506 2506 1560 enim
2553 1505 2776 1574 gratiam
2821 1505 3014 1562 dixerit
3052 1523 3171 1564 esse
3208 1508 3433 1568 liberum
3482 1513 3628 1580 arbi-

2035 1595 2224 1660 trium,
2273 1595 2386 1651 sive
2427 1601 2652 1668 gratiam
2697 1613 2816 1654 esse
2861 1599 3230 1666 remissionem
3263 1617 3623 1672 peccaturum,

2031 1687 2142 1740 sive
2167 1687 2390 1758 gratiam
2413 1703 2532 1744 esse
2556 1689 2685 1760 legis
2709 1703 3029 1762 praeceptum
3055 1709 3070 1758 ;
3105 1693 3232 1746 nihil
3259 1709 3442 1748 eorum
3470 1695 3621 1765 dicit,

2028 1795 2146 1849 qum.
2179 1795 2274 1849 per
2311 1781 2858 1842 subministrationem
2897 1783 3124 1856 Spiritus
3159 1791 3326 1844 sancti
3361 1790 3626 1858 pertinent

2029 1871 2092 1922 ad
2121 1873 2581 1942 concupiscentias
2614 1875 3040 1948 tentatiunesque
3087 1879 3375 1935 vincendas
3400 1922 3414 1948 ,
3463 1898 3622 1954 quem

2025 1961 2286 2019 ditissime
2327 1965 2514 2020 effudit
2565 1967 2614 2020 in
2661 1984 2755 2022 nos
2796 1967 2921 2040 (Tit.
2955 1985 3028 2034 ιιι,
3059 1969 3136 2040 6),
3179 1971 3266 2040 qui
3295 1974 3534 2030 ascendit
3569 1975 3621 2030 in

2025 2056 2240 2122 cadum,
2274 2066 2327 2111 et
2355 2057 2628 2128 captivans
2654 2061 3010 2130 captivitatem
3039 2061 3185 2118 dedit
3214 2063 3352 2120 dona
3385 2066 3620 2120 homini-

2023 2147 2123 2202 bus
2166 2147 2328 2220 (Ιίρή.
2361 2165 2432 2216 ιν,
2463 2149 2542 2222 8).
2577 2149 2710 2206 llinc
2742 2153 2882 2210 enim
2924 2169 3137 2208 oramus
3178 2163 3234 2210 ut
3283 2167 3620 2228 peccatorum

2025 2240 2370 2294 tentationem
2391 2255 2640 2310 superare
2669 2242 2955 2312 possimus,
2985 2253 3042 2298 ut
3066 2229 3295 2318 Spiritus
3327 2247 3440 2316 Dei,
3473 2249 3618 2306 unde

2023 2331 2214 2400 pignus
2239 2331 2540 2402 accepimus
2562 2331 2626 2404 (11
2648 2331 2762 2385 Cor.
2791 2349 2847 2398 ιι,
2872 2335 2988 2402 2‘2),
3013 2335 3226 2404 adjuvet
3247 2336 3614 2406 infirmitatem

2021 2431 2256 2474 nostram
2285 2419 2463 2488 (Rom.
2498 2437 2608 2488 vnt,
2637 2421 2750 2492 26).
2781 2423 2882 2490 Qui
2909 2433 3084 2478 autem
3113 2435 3230 2480 orat
3260 2436 3311 2481 et
3341 2427 3501 2494 dicit,
3535 2427 3621 2483 Ne

2021 2529 2113 2567 nos
2142 2514 2331 2586 inferas
2359 2513 2412 2566 in
2447 2515 2789 2582 tentutionem,
2825 2533 2930 2570 non
2961 2519 3138 2590 utique
3167 2517 3216 2572 id
3241 2529 3355 2574 orat
3381 2529 3436 2576 ut
3457 2519 3619 2576 homo

2019 2603 2108 2670 sit,
2137 2603 2278 2674 quod
2307 2615 2390 2660 est
2412 2616 2634 2672 natura;
2669 2623 2840 2676 neque
2867 2607 2918 2662 id
2947 2619 3062 2662 orat
3092 2620 3148 2666 ttt
3173 2609 3364 2666 habeat
3392 2611 3618 2680 liberum

2019 2697 2320 2762 arbitrium,
2353 2699 2493 2769 quod
2517 2699 2628 2769 jam
2659 2701 2897 2770 accepit,
2932 2716 3050 2756 cum
3080 2714 3351 2762 crearetur
3378 2705 3490 2776 ipsa
3516 2721 3614 2760 na—

2017 2797 2168 2854 tura;
2201 2805 2374 2858 neqtte
2399 2799 2516 2844 orat
2543 2789 2912 2848 remissionem
2951 2803 3290 2862 peccatorum
3313 2837 3328 2864 ,
3361 2797 3482 2868 quia
3515 2796 3616 2866 hoc

2020 2882 2264 2948 snperius
2283 2881 2493 2948 dicitur,
2523 2881 2732 2937 Dimitte
2755 2883 2894 2938 nobis
2918 2884 3084 2940 debita
3105 2897 3278 2940 nostra
3303 2886 3512 2960 (Matt/1.
3539 2905 3610 2956 vr,

2019 2971 2103 3034 15,
2137 2969 2255 3042 12);
2286 2987 2459 3040 neque
2483 2983 2600 3026 orat
2625 2981 2682 3026 ut
2705 2973 2928 3043 accipiat
2953 2975 3258 3030 mandatum
3287 2996 3300 3032 :
3333 2977 3426 3032 sed
3447 2979 3611 3048 plane

2015 3069 2133 3116 Orat
2171 3071 2224 3114 ut
2271 3061 2428 3115 faciat
2469 3063 2772 3118 mandatum
2817 3065 2854 3116 ⁸.
2905 3063 2962 3120 Si
3003 3065 3144 3120 enim
3177 3067 3228 3121 in
3265 3069 3610 3124 tentationem

2015 3151 2260 3206 indta-tus
2291 3152 2468 3219 fuerit,
2503 3153 2604 3208 hoc
2635 3163 2736 3222 est,
2763 3155 2814 3210 in
2861 3157 3150 3212 tentatione
3179 3159 3453 3226 defecerit,
3489 3159 3614 3218 facit

2013 3245 2194 3314 utique
2239 3255 2513 3316 peccatum
2559 3245 2699 3315 quod
2740 3257 2821 3302 est
2865 3257 3050 3303 contra
3101 3250 3427 3305 mandatum.
3479 3251 3610 3308 Orat

2012 3351 2139 3406 ergo
2169 3347 2226 3390 ut
2254 3353 2358 3390 nun
2389 3345 2595 3406 peccet,
2625 3337 2728 3394 hoc
2750 3347 2832 3392 est
2861 3355 2925 3394 ne
2953 3339 3075 3410 quid
3110 3339 3266 3396 faciat
3294 3343 3440 3407 mali,
3469 3343 3608 3414 quod

2011 3445 2108 3500 pro
2131 3429 2423 3484 Corinthiis
2453 3439 2568 3484 orat
2589 3433 2858 3500 apostolus
2889 3431 3104 3496 Paulus,
3133 3431 3354 3488 dicens:
3391 3433 3610 3490 Oramus

2010 3531 2178 3576 autem
2206 3522 2274 3574 ad
2295 3519 2572 3576 Dominum
2595 3539 2657 3576 ue
2679 3523 2800 3593 quid
2817 3524 3016 3594 faciatis
3038 3525 3160 3577 ntali
3178 3523 3240 3592 (ll
3261 3523 3376 3580 Cor.
3399 3541 3511 3592 xm,
3529 3525 3605 3600 Ἰ).

2009 3611 2164 3668 Unde
2185 3613 2313 3668 satis
2335 3623 2554 3684 apparet
2581 3614 2724 3684 quod
2751 3613 2818 3668 ad
2843 3629 2946 3668 non
2967 3617 3313 3685 peccandum,
3341 3617 3392 3672 id
3412 3627 3513 3686 est,
3538 3618 3606 3674 ad

2009 3719 2114 3759 non
2148 3707 2284 3760 male
2317 3705 2637 3772 faciendum,
2671 3707 2913 3776 quamvis
2939 3723 3060 3762 esse
3091 3723 3194 3762 ιιοιι
3223 3709 3495 3774 duhitetnr
3523 3727 3610 3764 ar-

2005 3795 2220 3851 bitrium
2253 3796 2569 3862 voluntatis,
2599 3806 2777 3852 tamen
2809 3797 2925 3866 ejus
2953 3809 3192 3868 potesms
3219 3815 3323 3856 non
3351 3801 3604 3870 sufﬁciat,

2007 3888 2108 3943 nisi
2135 3887 2419 3958 adjuvetur
2441 3887 2737 3944 inﬁrmitas.
2767 3889 2880 3958 Ipsa
2911 3891 3070 3960 igitur
3099 3894 3290 3956 oratio,
3311 3893 3606 3968 clarissima

2005 3991 2087 4037 est
2111 3981 2294 4051 gratia:
2323 3981 2623 4036 testiﬁcatio
2649 4000 2664 4038 :
2689 3982 2826 4037 hanc
2865 3983 2954 4037 ille
2999 3985 3351 4052 conﬁteatur,
3399 3995 3452 4050 et
3481 4002 3603 4041 eum

2003 4075 2353 4145 gaudebimus
2379 4076 2494 4130 sive
2523 4085 2744 4142 rectum,
2771 4077 2884 4132 sive
2910 4087 3238 4132 correctum.

2075 4166 2128 4223 5.
2171 4167 2548 4236 Distinguenda
2577 4177 2659 4222 est
2687 4168 2771 4222 lex
2792 4209 2807 4230 .
2842 4177 2894 4222 et
2916 4169 3103 4237 gratia.
3137 4167 3248 4222 Lex
3270 4165 3460 4236 jubere
3488 4183 3590 4240 no-

1997 4258 2098 4324 vit,
2123 4260 2286 4326 gratia
2309 4257 2518 4326 juvare.
2541 4257 2646 4312 Nec
2667 4257 2750 4311 lex
2771 4257 3004 4328 juberet,
3035 4258 3132 4312 nisi
3151 4267 3295 4314 esset
3315 4259 3596 4326 voluntas;

2003 4367 2106 4405 nec
2131 4352 2298 4420 gratia
2323 4349 2562 4420 jnvaret,
2595 4349 2638 4404 si
2667 4359 2750 4404 sat
2778 4358 2920 4404 esset
2961 4349 3229 4406 voluntas.
3276 4349 3502 4406 Jubetur
3541 4361 3600 4406 ut

1997 4441 2298 4496 habeamus
2327 4442 2654 4496 intellectura
2675 4483 2690 4508 ,
2731 4441 2817 4496 ubi
2846 4439 3041 4494 dicitur
3060 4483 3074 4508 ,
3127 4441 3300 4496 Nolite
3337 4459 3445 4498 esse
3472 4443 3602 4497 sicut

2002 4549 2156 4604 equus
2172 4543 2218 4586 et
2236 4533 2422 4598 mulus,
2439 4533 2618 4604 quibus
2635 4533 2822 4588 uon'est
2843 4531 3122 4588 intellectus
3150 4533 3319 4605 (Psal.
3346 4551 3497 4598 x1111,
3519 4535 3596 4609 9);

2001 4636 2056 4680 et
2085 4633 2261 4680 tamen
2299 4641 2516 4680 oramus
2545 4634 2603 4680 ut
2633 4625 2921 4680 habeamus
2950 4625 3302 4694 intellectum,
3338 4629 3426 4684 ubi
3459 4630 3594 4686 diei-

1999 4725 2106 4780 tur,
2141 4717 2220 4770 Du
2247 4719 2368 4772 mihi
2395 4717 2704 4772 intellectum
2733 4727 2786 4770 ut
2813 4719 3006 4772 discam
3037 4720 3282 4774 mandata
3313 4731 3398 4775 tua
3425 4721 3596 4794 (Paul.

2001 4823 2188 4870 cxvut.
2221 4809 2366 4880 1‘25).
2395 4809 2622 4865 Jubetur
2645 4819 2701 4864 ut
2729 4810 3020 4866 habeamus
3047 4815 3380 4884 sapientiam,
3409 4813 3494 4868 ubi
3517 4815 3599 4869 di-

2001 4901 2155 4964 citur,
2189 4901 2346 4954 Stulti
2369 4901 2642 4971 aliquando
2669 4903 2826 4972 sapite
2854 4901 3028 4976 (Paul.
3048 4919 3194 4970 xcut,
3223 4901 3278 4978 8)
3303 4921 3315 4966 ;
3343 4915 3394 4959 et
3419 4915 3594 4961 tamen

2001 5003 2184 5046 oratur
2215 5001 2270 5046 ut
2299 4993 2590 5046 liabeantus
2617 4995 2950 5062 sapientiam,
2996 4995 3082 5050 ubi
3120 4995 3335 5058 dicitur,
3380 4995 3440 5051 Si
3482 4999 3596 5068 quis

1999 5095 2167 5138 autem
2195 5095 2412 5138 vestrum
2437 5084 2624 5155 indiget
2655 5085 2925 5154 sapientia,
2959 5087 3176 5156 postulet
3197 5103 3227 5140 a
3253 5085 3377 5152 Deo,
3401 5089 3487 5158 qui
3507 5088 3596 5142 dat

1999 5175 2226 5231 omnibus
2269 5177 2542 5248 affluenter,
2573 5185 2618 5229 et
2649 5191 2749 5230 non
2791 5179 3138 5248 intju'nperal,‘
3177 5187 3224 5232 et
3267 5178 3466 5232 dabitur
3502 5181 3548 5232 ei
3569 5181 3592 5212 ²

1999 5267 2203 5339 (Jacobi
2255 5283 2308 5334 ι,
2342 5267 2430 5339 5).
2472 5267 2695 5322 Jubelnr
2731 5275 2790 5322 ut
2831 5269 3122 5324 habeamus
3173 5271 3592 5338 continentiam,

1999 5363 2088 5416 ubi
2117 5361 2327 5426 dicitur,
2359 5359 2478 5416 Sint
2501 5361 2658 5416 lumbi
2685 5363 2834 5416 vestri
2861 5363 3125 5432 prwciucti
3153 5361 3306 5434 (Luc.
3335 5379 3430 5430 xu,
3459 5364 3590 5436 53;);

2065 5545 2081 5575 ⁸
2117 5549 2328 5594 Deerant
2347 5541 2474 5606 apud
2493 5541 2604 5606 _Bad.
2629 5550 2735 5606 Am.
2755 5547 2830 5588 Er.
2857 5549 2908 5592 et
2947 5548 3056 5594 Iov.
3079 5543 3230 5594 verba
3273 5541 3466 5604 isthmo,
3505 5544 3593 5600 ω

1999 5603 2141 5678 plene
2185 5613 2288 5654 orat
2315 5611 2364 5656 ut
2379 5603 2554 5668 ’{aciat
2591 5605 2894 5666 trucidatum;
2919 5618 3032 5668 qua:
3054 5619 3119 5656 ex
3143 5606 3289 5658 ratio.
3313 5611 3422 5662 κει).
3447 5603 3594 5658 resu-

2000 5676 2236 5794 ίωξῚῗξιὶς
2261 5733 2314 5776 et
2341 5727 2737 5794 subsequentem
2747 5727 3020 5794 periodum,
3046 5737 3308 5794 utramque
3327 5733 3378 5782 in
3419 5731 3592 5784 hacta,

2001 5805 2095 5868 rius
2112 5791 2254 5868 editis
2277 5791 2612 5868 parti-"priore
2623 5791 2856 5854 mutilam,
2895 5791 2964 5844 sic
2987 5792 3038 5846 in
3057 5791 3306 5868 integrum
3325 5801 3572 5848 meum

2001 5859 2109 5906 Uss.
2133 5857 2282 5903 Vatic.
2309 5857 2360 5902 et
2381 5857 2631 5902 Fuxensis.
