4154 6354
577 388 680 450 767

574 521 628 567 et
652 520 826 568 tamen
854 527 1067 570 oramus
1092 523 1151 570 ut
1177 513 1465 572 habeamus
1505 515 1921 587 continentiam,
1953 519 2044 576 ubi
2072 519 2159 576 di-

572 605 732 673 citur,
757 603 886 661 Cum
910 608 1089 662 scirem
1111 609 1232 680 quia
1259 625 1403 664 nemo
1432 619 1593 682 potest
1613 628 1719 666 esse
1745 614 2026 682 continens,
2057 614 2160 671 nisi

569 693 710 750 Deus
738 697 842 766 det,
869 706 918 754 et
944 698 1040 754 hoc
1063 699 1235 770 ipsunt
1259 710 1367 756 erat
1395 701 1677 774 sapientiai,
1703 705 1833 760 scir‘e
1856 707 2005 779 cujus
2028 716 2155 762 esset

569 787 665 842 hoc
701 787 923 858 donum;
958 792 1066 846 adii
1108 791 1384 848 Dominum
1403 836 1418 861 ,
1449 805 1500 850 et
1527 796 1822 867 deprecatus
1849 814 1962 853 sum
1998 797 2154 872 (Sap.

567 893 682 944 vm,
709 879 823 952 2t).
851 881 1131 939 Postremo
1160 899 1228 941 ne
1247 885 1470 941 nimium
1490 886 1706 958 longum
1730 889 1801 944 sit
1825 899 2015 945 cuncta
2037 905 2159 960 per-

567 985 805 1040 currere,
829 973 1048 1042 jubetur
1077 984 1135 1032 ut
1158 992 1264 1033 non
1290 975 1549 1036 faciamus
1567 980 1790 1049 malum,
1823 982 1913 1038 ubi
1937 981 2152 1049 dicitur,

568 1062 778 1118 Declina
804 1083 836 1118 a
861 1067 1030 1134 malo;
1058 1077 1113 1123 et
1143 1079 1321 1126 tamen
1351 1082 1534 1127 oratur
1557 1083 1613 1128 ut
1639 1089 1746 1129 non
1770 1074 2025 1131 faciamus
2049 1090 2156 1130 ma-
2181 1131 2184 1135 ,

568 1157 672 1212 lum
701 1201 715 1223 ,
751 1160 836 1214 ubi
868 1160 1080 1226 dicitur,
1116 1163 1335 1220 Oramus
1359 1176 1525 1220 autem
1549 1167 1617 1221 ad
1645 1165 1918 1224 Dominum
1945 1189 2008 1228 ne
2031 1173 2155 1244 quid

563 1250 764 1318 faciatis
793 1251 932 1306 ntali.
962 1253 1185 1309 Iubetur
1211 1265 1267 1310 ut
1292 1256 1542 1312 iaciamus
1570 1259 1789 1326 bonum,
1821 1262 1907 1317 ubi
1937 1262 2150 1331 dicitur,

560 1337 775 1394 Declina
791 1359 821 1395 a
839 1346 990 1412 malo,
1007 1355 1050 1399 et
1067 1349 1149 1412 fac
1165 1347 1348 1402 bonunt
1366 1347 1537 1422 (Psal.
1560 1367 1744 1418 XXXVI,
1764 1352 1881 1425 27);
1901 1338 1954 1410 et
1973 1364 2150 1414 tamen

561 1442 743 1486 oratur
770 1443 824 1488 ut
851 1434 1105 1491 faciamus
1131 1437 1351 1506 bonum,
1386 1441 1474 1495 ubi
1503 1441 1717 1509 dicitur,
1751 1443 1871 1500 Non
1895 1463 2151 1505 cessamus

561 1538 654 1592 pro
689 1523 825 1578 vobis
859 1536 1060 1582 orantes
1094 1539 1143 1583 et
1185 1533 1497 1600 postulantes
1529 1550 1549 1588 :
1585 1546 1743 1606 atque
1775 1539 1912 1594 inter
1932 1550 2146 1610 cartera,

560 1629 677 1682 qum
703 1631 801 1684 pro
831 1617 936 1672 illis
975 1628 1131 1686 orat,
1169 1622 1326 1688 dicit,
1373 1623 1440 1678 Ut
1477 1625 1742 1682 ambuletis
1785 1629 1935 1700 digne
1959 1630 2068 1686 Deo
2097 1634 2149 1688 in

559 1723 703 1761 omne
732 1707 1113 1780 beneplacilum,
1144 1713 1198 1768 in
1223 1717 1361 1770 ontni
1383 1735 1532 1788 opere
1559 1729 1608 1773 et
1627 1738 1854 1777 sermone
1877 1724 2006 1780 bono
2031 1726 2150 1799 (Co-

558 1798 677 1852 loss.
711 1816 749 1867 ι,
773 1801 826 1868 9,
848 1803 958 1876 l0).
983 1805 1126 1862 Sicut
1151 1825 1278 1880 ergo
1296 1812 1634 1882 agnoscimus
1652 1816 1998 1883 voluntatem,
2023 1798 2146 1877 cum

558 1886 672 1942 lucc
701 1893 1108 1965 prmcipiuntur;
1137 1899 1215 1954 sic
1243 1909 1297 1956 et
1327 1902 1441 1972 ipse
1467 1916 1723 1974 agnoscat
1749 1909 1994 1978 gratiam,
2023 1927 2142 1968 cum

556 1989 826 2047 petuntur.

627 2071 680 2126 6.
709 2072 945 2132 Misimus
970 2078 1304 2140 Reverentiaa
1331 2094 1433 2143 tua:
1453 2089 1668 2160 librum,
1692 2109 1850 2163 quem
1879 2095 2145 2156 dederunt

553 2163 768 2231 quidam
814 2170 1046 2239 religiosi
1083 2182 1137 2228 et
1181 2175 1390 2233 honesti
1431 2180 1806 2242 adolescentes
1845 2189 1985 2244 servi
2024 2191 2142 2259 Dei,

553 2265 776 2320 quorum
801 2259 959 2314 etiam
991 2264 1204 2318 nomina
1230 2283 1336 2322 non
1361 2278 1626 2337 tacemus;
1659 2291 1781 2330 nam
1808 2276 2072 2336 Timasius
2090 2291 2145 2336 et

551 2340 780 2402 Jacobus
829 2361 1129 2408 vocantur:
1177 2359 1304 2426 qui,
1354 2361 1492 2416 sicut
1530 2365 1849 2434 audivimus,
1884 2380 1940 2425 et
1982 2373 2140 2427 etiam

552 2449 710 2491 nosse
725 2437 982 2511 dignaris,
1007 2445 1172 2515 ipsius
1198 2449 1397 2522 Pelagii
1425 2455 1796 2515 exhortatione
1812 2479 1960 2532 spem
1981 2482 2140 2535 quam

552 2526 818 2588 habebant
848 2536 901 2590 in
930 2540 1126 2596 Stceulo
1166 2544 1530 2616 reliquerunt,
1561 2560 1615 2606 et
1641 2568 1782 2609 nunc
1806 2559 2143 2615 continentes

550 2620 663 2678 Deo
678 2627 936 2684 serviunt.
955 2631 1055 2698 Qui
1081 2649 1204 2690 cum
1223 2637 1411 2694 eodem
1424 2656 1608 2698 errore
1627 2646 1837 2702 tandem
1857 2649 2142 2720 aliquando

551 2728 650 2783 per
676 2718 1122 2814 qualemcumque
1151 2742 1368 2798 operam
1415 2743 1649 2789 nostram
1699 2738 1924 2795 Domino
1946 2718 2138 2814 inspi—

547 2814 700 2861 rante
718 2795 1033 2878 caruissent,
1066 2795 1404 2885 protulerunt
1425 2824 1670 2879 eumdem
1696 2826 1910 2895 librum,
1937 2795 2137 2904 Pelargii

544 2908 664 2952 esse
692 2898 954 2968 dicentes,
992 2915 1047 2961 et
1071 2917 1128 2962 ut
1155 2909 1205 2964 ei
1235 2913 1651 2983 responderetur
1678 2919 1949 2989 impendio
1977 2898 2138 2995 roga-

545 2999 754 3046 verunt.
788 2993 1007 3052 Factum
1035 3009 1148 3065 est;
1175 3002 1243 3057 ad
1264 3005 1481 3062 eosdem
1513 3011 1768 3082 rescripta
1797 3025 1880 3070 est
1906 3016 2018 3084 ipsa
2047 2993 2136 3076 rc-

544 3085 763 3181 sponsio
786 3087 865 3181 (a)
893 3107 907 3145 :
935 3103 1151 3162 agentes
1175 3099 1372 3167 gratias
1391 3103 1779 3175 rescripserunt
1801 3108 1872 3181 (ὁ)
1885 3149 1898 3164 .
1918 3109 2137 3168 Utrum-

545 3189 652 3244 que
679 3177 942 3250 misimus,
971 3194 1024 3239 et
1049 3187 1133 3242 cui
1169 3205 1484 3260 responsum
1511 3205 1621 3263 est,
1651 3206 1706 3253 et
1733 3177 1875 3270 quod
1907 3218 2134 3274 respon-

542 3281 660 3322 slm
690 3280 810 3326 est:
841 3282 896 3328 et
925 3291 992 3332 ne
1018 3279 1238 3336 nimium
1276 3299 1519 3343 essemus
1553 3292 1796 3359 onerosi,
1827 3295 1973 3366 signa
2004 3297 2133 3354 feei-

541 3377 659 3418 mus
704 3364 786 3422 his
834 3368 965 3427 locis
1011 3373 1097 3429 ubi
1144 3377 1372 3446 petimus
1419 3380 1683 3452 inspicere
1725 3402 1831 3442 non
1870 3364 2129 3461 graveris,

538 3457 984 3552 quemadmodum
1027 3464 1127 3519 sibi
1171 3467 1376 3538 objecta
1415 3474 1708 3542 quaestione
1736 3457 2128 3552 quod—gratiam

540 3543 633 3600 Dei
662 3560 900 3619 negaret,
932 3554 1002 3608 ita
1049 3561 1361 3628 respondit,
1409 3574 1467 3618 ut
1496 3579 1614 3620 eam
1645 3583 1764 3626 esse
1788 3587 1894 3627 non
1925 3574 2130 3632 diceret

539 3635 642 3691 nisi
670 3649 913 3698 naturam
946 3647 996 3700 in
1024 3665 1127 3719 qua
1156 3668 1254 3708 nos
1277 3655 1517 3712 condidit
1546 3659 1706 3716 Deus.

609 3729 662 3783 7.
704 3730 761 3786 Si
787 3745 964 3792 autem
995 3739 1136 3797 hunc
1163 3759 1284 3800 esse
1308 3762 1460 3802 suum
1483 3749 1676 3806 librum
1708 3765 1885 3826 negat,
1915 3772 2008 3814 aut
2029 3776 2124 3817 ea-

537 3817 658 3874 dem
685 3822 736 3878 in
765 3824 900 3880 libro
928 3827 1043 3885 loca
1069 3874 1084 3897 ,
1117 3850 1224 3889 non
1255 3839 1662 3907 contendimus;
1695 3849 2000 3907 anathemet
2023 3869 2085 3909 ea
2104 3897 2120 3924 ,

533 3920 589 3966 et
618 3912 760 3970 illam
785 3919 1102 3979 conﬁteatur
1123 3929 1460 3997 apertissime
1487 3936 1709 4006 gratiam
1737 3957 1894 4009 quam
1921 3912 2122 4002 doctri;

530 4020 598 4060 na
625 4005 913 4067 christiana
944 4013 1273 4076 demonstrat
1303 4032 1358 4078 et
1401 4005 1654 4094 praédicat
1691 4046 1810 4087 esse
1850 4038 2119 4106 propriam

528 4096 971 4173 Christianorum,
999 4125 1118 4180 qua:
1140 4128 1245 4168 non
1272 4125 1354 4171 est
1378 4129 1587 4183 natura,
1630 4123 1724 4178 sed
1749 4141 1853 4195 qua
1882 4129 2121 4188 salvatur

525 4201 713 4250 natura
742 4215 755 4251 :
783 4215 901 4268 qua:
932 4213 1175 4260 naturam
1217 4223 1321 4263 non
1365 4213 1582 4266 auribus
1621 4227 1846 4274 sonante
1874 4221 2117 4280 doctrina

527 4283 613 4338 vel
657 4286 836 4358 aliquo
877 4291 1187 4362 adjumento
1237 4299 1424 4355 visibili
1467 4301 1641 4370 fovet,
1689 4308 1827 4364 sicut
1850 4311 2118 4382 plantator

525 4377 922 4446 quodammodo
948 4394 1003 4440 et
1025 4387 1273 4459 irrigator
1297 4394 1632 4453 extrinsecus
1662 4400 1700 4465 ¹;
1729 4401 1824 4457 sed
1849 4377 2114 4462 submini-

523 4470 782 4526 stratione
807 4475 1046 4544 spiritus,
1076 4487 1133 4534 et
1161 4484 1366 4538 occulta
1398 4487 1799 4560 misericordia,
1826 4496 1964 4552 sicut
1989 4497 2114 4557 facit

519 4557 611 4614 ille
655 4561 745 4632 qui
786 4565 877 4618 dat
921 4567 1305 4628 incrementum
1351 4575 1493 4633 Deus
1523 4580 1567 4650 (1
1597 4579 1718 4638 Cor.
1749 4557 1836 4649 ιιι,
1868 4586 1945 4658 7).
1994 4589 2109 4646 Etsi

520 4652 662 4707 enim
689 4657 914 4726 quadam
945 4678 1048 4716 non
1092 4663 1442 4736 improbanda
1490 4673 1696 4729 ratione
1721 4652 1916 4732 dicitur
1939 4687 2107 4751 gratia

517 4742 612 4799 Dei
641 4762 744 4816 qua
785 4753 950 4806 creati
975 4768 1180 4820 sumus.
1229 4765 1286 4812 ut
1332 4761 1573 4817 nonnihil
1614 4779 1878 4836 essemus,
1908 4742 2008 4827 nec
2033 4772 2105 4830 ita

514 4851 758 4896 essemus
783 4842 982 4913 aliquid
1015 4856 1070 4901 ut
1091 4848 1320 4905 cadaver
1342 4853 1484 4923 quod
1512 4870 1615 4911 non
1649 4857 1797 4928 vivit,
1827 4868 1919 4918 aut
1945 4863 2106 4920 arbor

510 4945 631 5000 qua:
657 4948 763 4988 non
788 4938 966 5003 sentit,
997 4948 1088 4994 aut
1114 4957 1274 5010 pecus
1295 4945 1435 5015 quod
1457 4963 1561 5003 non
1587 4949 1854 5023 intelligit,
1882 4955 1979 5011 sed
2004 4956 2103 5012 ho-

510 5022 683 5078 mines
702 5067 716 5089 ,
744 5027 833 5095 qui
863 5038 916 5083 et
941 5046 1179 5088 essemus
1198 5075 1213 5100 ,
1240 5044 1295 5091 et
1319 5037 1650 5106 viveremus,
1677 5022 2097 5117 et’sentiremus,

509 5122 564 5167 et
593 5113 1027 5189 intelligeremus,
1057 5135 1110 5180 et
1138 5126 1205 5181 de
1235 5127 1337 5184 hoc
1378 5138 1524 5188 tanto
1563 5134 1827 5194 beneﬁcio
1851 5113 2096 5197 Creatori

507 5215 692 5261 nostro
721 5213 918 5280 gratias
948 5230 1106 5286 agere
1151 5219 1461 5289 valeamus;
1495 5225 1633 5281 unde
1662 5231 1854 5284 merito
1893 5239 1949 5286 et
1993 5231 2094 5288 ista

503 5298 671 5364 gratia
697 5299 802 5357 dici
839 5313 1042 5374 potest,
1073 5309 1196 5380 quia
1226 5328 1330 5366 non
1356 5315 1768 5383 praecedentium
1794 5320 2092 5392 aliquorum

559 5461 585 5532 f
611 5468 754 5517 Lov.:
780 5467 993 5521 solvatur
1007 5478 1195 5535 natura,
1223 5488 1317 5526 non
1349 5477 1548 5528 auribus
1570 5486 1763 5531 sonante
1785 5483 2006 5534 doctrina
2021 5484 2096 5536 vel

559 5533 664 5579 lano
679 5526 955 5579 adiumento
977 5533 1150 5579 uisibili
1165 5535 1287 5579 ςὶηηι
1317 5539 1562 5579 ηιηηιηηηο
1586 5542 1936 5579 mrndtnmnn/In
1957 5551 2004 5579 at
2025 5546 2092 5579 ε...

500 5519 664 5587 aliqua
679 5519 960 5592 adjumento
970 5519 1562 5604 rvisiltil‘i—s’icutnpi'dnt'atii'r
1570 5519 2005 5604 "iia'aiibiiitiiio'é'i

500 5581 691 5666 matur
703 5593 1015 5666 cxtrmsecus.
1042 5600 1150 5666 uad.
1177 5609 1276 5666 am.
1304 5609 1397 5662 Er.,
1425 5601 1636 5666 salvetur
1654 5611 1844 5666 natura,
1869 5620 1962 5658 non
2000 5624 2091 5660 au-

499 5656 763 5730 tﬁdius:
782 5656 878 5730 sed
900 5657 1073 5708 melior
1097 5660 1242 5712 lectio
1264 5670 1345 5712 Ms.
1373 5656 1518 5714 t'atic.
1536 5666 1593 5715 ad
1613 5680 1760 5730 quem
1783 5656 2088 5724 hunelocum

497 5716 854 5773 csstigumms.

667 5795 764 5847 Lib.
787 5797 850 5848 de
875 5807 1044 5854 Natura
1068 5812 1119 5856 et
1140 5812 1268 5858 Grat.

557 5790 633 5920 ξἳέ
663 5795 944 5924 illa“???

1771 400 1829 455 S.
1869 399 2237 461 AUGUSTINI
2274 405 2580 471 EPlSCOPl

3753 427 3856 489 768

2268 523 2526 606 honorum
2571 541 2791 599 Operam
2841 533 3046 589 meritis
3064 575 3080 603 ,
3111 535 3208 592 sed
3233 541 3462 610 gratuita
3490 541 3584 598 Dei
3614 543 3854 605 bonitate

2263 616 2456 674 donata
2487 630 2570 676 est
2595 639 2609 676 :
2632 621 2732 678 alia
2751 632 3030 682 esttamen
3057 643 3160 699 qua
3190 632 3548 701 praedestinati
3576 651 3850 708 vocamur,

2257 707 2628 780 justiﬁcamur,
2651 713 3029 786 gloriﬁcamur,
3049 727 3108 776 ut
3123 718 3302 778 dicere
3321 725 3607 795 possimus,
3635 728 3698 783 Si
3719 707 3854 787 Deus

2262 819 2355 874 pro
2390 804 2532 859 nobis
2551 847 2566 870 ,
2596 807 2708 877 quis
2735 819 2911 864 contra
2938 811 3071 868 nos?
3100 811 3201 880 Qui
3229 813 3370 871 Filio
3393 833 3486 871 suo
3513 821 3720 890 praprio
3751 838 3854 878 non

2261 895 2520 964 pepercit,
2560 897 2650 951 sed
2693 915 2784 968 pro
2829 901 2975 957 nobis
3009 904 3242 961 omnibus
3285 908 3496 962 tradidit
3533 927 3644 964 eum
3671 910 3850 985 (Rom.

2261 999 2376 1052 vm,
2403 987 2492 1052 3i,
2521 987 2632 1060 52).

2329 1076 2382 1131 8.
2417 1077 2492 1133 De
2537 1078 2635 1135 hac
2681 1083 2849 1154 gratia
2908 1088 3135 1156 quaestio
3177 1089 3502 1160 vertebatur,
3533 1094 3745 1164 quando
3781 1097 3851 1155 ab

2259 1165 2325 1220 iis
2354 1183 2489 1238 quos
2514 1169 2755 1242 Pelagius
2781 1176 3016 1245 graviter
3039 1177 3342 1236 olfendebat
3379 1190 3539 1252 atque
3581 1186 3847 1255 turbabat,

2256 1256 2532 1314 dicebatur
2559 1261 2608 1316 ei
2637 1263 2781 1333 quod
2808 1280 2925 1320 eam
2956 1268 3068 1323 suis
3097 1268 3547 1340 disputationibus
3572 1289 3850 1346 Oppugna-

2255 1356 2357 1414 ret,
2387 1350 2577 1420 quibus
2607 1365 2874 1410 assereret
2915 1373 3020 1413 non
3050 1360 3221 1415 solum
3261 1361 3329 1416 ad
3370 1363 3627 1431 iacienda,
3660 1383 3848 1423 verum

2255 1439 2412 1494 etiam
2445 1442 2511 1496 ad
2534 1443 2856 1514 perﬁcienda
2884 1450 3132 1506 mandata
3157 1453 3355 1520 divina,
3380 1470 3475 1525 per
3499 1457 3726 1512 liberum
3753 1474 3847 1514 ar-

2255 1530 2469 1587 bitrium
2515 1533 2803 1592 humanam
2834 1540 2934 1595 sibi
2964 1543 3210 1600 sufﬁcere
3235 1555 3497 1602 naturam.
3534 1548 3685 1605 Hanc
3708 1564 3847 1620 apo-

2253 1618 2438 1681 stolica
2469 1626 2710 1684 doctrina
2748 1632 2972 1700 gratiam
3022 1651 3129 1691 non
3179 1637 3448 1695 immerito
3495 1641 3597 1695 isto
3626 1644 3846 1702 nomine

2251 1716 2502 1786 appellat,
2531 1735 2633 1789 qua
2663 1722 2932 1779 salvamur
2961 1735 3016 1780 et
3041 1727 3397 1796 justiﬁcamur
3420 1747 3486 1786 ex
3505 1730 3605 1788 ﬁde
3624 1733 3841 1791 Christi.

2253 1808 2328 1864 De
2375 1810 2473 1867 hac
2509 1815 2766 1884 scriptum
2797 1826 2908 1886 est,
2944 1818 3064 1875 Non
3089 1822 3285 1875 irritant
3313 1825 3446 1894 [acia
3474 1825 3688 1896 gratiam
3720 1826 3842 1886 Dei.

2253 1900 2392 1958 Nam
2419 1906 2462 1959 si
2488 1923 2578 1976 per
2605 1906 2789 1980 Legem
2814 1911 3055 1981 justitia;
3085 1929 3202 1984 ergo
3244 1913 3472 1970 Christus
3500 1919 3658 1988 gratis
3699 1935 3843 1973 mor-

2251 2006 2366 2050 tuus
2404 2009 2474 2051 est
2505 1998 2700 2068 (Calat.
2731 2018 2787 2070 ιι,
2818 2001 2914 2077 21)
2933 2023 2944 2058 :
2964 2005 3030 2060 de
3061 2004 3160 2060 hac
3184 2008 3437 2077 scriptum
3464 2019 3567 2076 est,
3597 2009 3845 2067 ancuati

2249 2089 2365 2142 estis
2391 2106 2422 2142 a
2449 2088 2667 2159 Christo,
2685 2093 2832 2161 quiin
2860 2093 2992 2166 Lege
3007 2096 3384 2166 justi/immitti;
3400 2115 3430 2151 a
3455 2101 3621 2171 gratia
3645 2103 3841 2156 excidi-

2247 2183 2336 2236 stis
2367 2181 2474 2253 (Id.
2501 2199 2556 2251 v,
2583 2184 2639 2258 4)
2663 2203 2675 2240 :
2702 2186 2770 2242 de
2797 2187 2894 2242 hac
2907 2190 3162 2260 scriptum
3208 2199 3309 2257 est,
3353 2192 3414 2247 Si
3460 2202 3628 2248 autem
3649 2196 3839 2265 gratia,

2245 2275 2352 2344 iam
2371 2293 2472 2330 non
2505 2294 2566 2332 ea:
2590 2279 2854 2348 aperibus;
2880 2281 3102 2353 alioquin
3127 2284 3292 2354 gratia
3309 2285 3421 2354 jam
3446 2303 3544 2339 non
3574 2297 3648 2340 est
3675 2289 3840 2356 gratia

2248 2365 2423 2439 (Rom.
2456 2385 2528 2434 xu,
2561 2370 2618 2442 6)
2642 2389 2655 2425 2
2679 2371 2746 2426 de
2772 2371 2871 2427 hac
2900 2374 3153 2444 scriptum
3183 2384 3284 2443 est,
3314 2374 3382 2430 Ei
3408 2389 3573 2432 autem
3602 2380 3687 2449 qui
3713 2397 3840 2450 ope-

2245 2469 2390 2514 ratur
2417 2478 2604 2516 merces
2630 2480 2730 2517 non
2768 2465 3049 2536 intputalur
3076 2468 3349 2522 secundum
3386 2471 3623 2540 gratiam,
3648 2472 3737 2525 sed
3754 2489 3839 2526 se-

2245 2551 2464 2604 cundum
2507 2551 2830 2608 debitum:ei
2851 2565 3019 2609 autent
3062 2558 3146 2627 qui
3185 2574 3286 2612 non
3331 2570 3587 2630 operatur,
3617 2562 3839 2617 credenti

2244 2651 2411 2697 autent
2439 2643 2493 2697 in
2521 2661 2631 2698 eum
2655 2646 2742 2715 qui
2752 2647 3004 2717 justiﬁcat
3030 2649 3262 2718 impium,
3283 2661 3548 2721 reputatur
3575 2654 3700 2722 ﬁdes
3725 2655 3838 2725 ejus

2244 2735 2312 2787 ad
2325 2736 2581 2804 justitiam
2608 2735 2718 2810 (Id.
2751 2755 2823 2805 iv,
2853 2740 2907 2805 4,
2931 2738 3016 2812 5);
3050 2750 3103 2794 et
3128 2743 3294 2796 multa
3336 2743 3458 2808 alia,
3488 2759 3608 2815 qure
3644 2745 3838 2801 melius

2247 2834 2394 2893 potes
2444 2827 2557 2897 ipse
2600 2829 2939 2898 meminisse,
2972 2839 3028 2886 et
3070 2831 3366 2903 intelligere
3414 2835 3749 2904 prudentius,
3781 2845 3838 2893 et

2243 2917 2500 2972 illustrius
2545 2920 2860 2990 praedicare.
2895 2922 3041 2977 Illam
3080 2939 3210 2978 vero
3247 2924 3475 2994 gratiam
3518 2941 3619 2994 qua
3664 2929 3833 2984 creati

2240 3022 2426 3063 sumus
2454 3009 2718 3079 homines,
2746 3013 2954 3067 etiamsi
2997 3013 3067 3068 ita
3105 3015 3478 3086 appellandam
3507 3031 3612 3071 non
3643 3017 3834 3074 imme-

2241 3101 2344 3155 rito
2373 3101 2739 3173 intelligimus,
2771 3105 2964 3159 mirum
2993 3115 3074 3161 est
3100 3115 3278 3162 tamen
3320 3107 3366 3163 si
3407 3108 3481 3164 ita
3510 3101 3828 3178 appellatam

2240 3193 2290 3246 in
2305 3193 2428 3248 ullis
2443 3193 2690 3264 legitimis
2704 3196 3047 3268 propheticis,
3063 3200 3402 3272 evangelicis,
3416 3202 3830 3274 apostolicisque

2238 3284 2454 3340 Litteris
2479 3285 2724 3356 legimus.

2309 3377 2362 3432 9.
2395 3377 2528 3432 Cum
2568 3377 2746 3450 itaque
2788 3379 2857 3436 de
2902 3379 3002 3436 hac
3041 3381 3208 3452 gratia
3239 3380 3554 3439 Christianis
3581 3383 3824 3442 ﬁdelibus

2235 3467 2617 3541 catholicisque
2665 3471 2978 3538 notissima,
3021 3472 3096 3527 illi
3135 3473 3457 3544 objiceretur
3493 3476 3737 3546 quaestio,
3767 3489 3827 3532 ut

2235 3574 2353 3614 eam
2400 3576 2710 3631 oppugnare
2754 3562 3058 3630 desineret;
3087 3565 3211 3634 quid
3257 3575 3341 3622 est
3381 3566 3522 3638 quod
3549 3582 3670 3623 cum
3707 3568 3823 3625 haec

2232 3651 2334 3706 sibi
2363 3651 2414 3706 in
2445 3653 2581 3708 libro
2609 3669 2707 3709 suo
2732 3656 2880 3710 velut
2913 3656 3232 3714 adversante
3267 3673 3494 3727 persona
3529 3658 3670 3713 idem
3703 3659 3820 3730 ipse

2235 3744 2542 3814 obiecisset,
2578 3754 2636 3801 ut
2677 3763 2736 3802 se
2781 3745 3154 3819 respondendo
3200 3759 3468 3820 purgaret,
3501 3750 3630 3805 nihil
3675 3750 3820 3807 aliud

2229 3838 2522 3907 respondit,
2553 3839 2654 3894 nisi
2688 3851 2933 3896 naturam
2961 3842 3124 3897 creati
3175 3841 3409 3896 hominis
3456 3841 3658 3897 referre
3698 3856 3822 3912 gra-

2231 3930 2356 3984 tiam
2382 3929 2687 3997 Creatoris;
2718 3941 2879 4003 atque
2909 3933 2976 3987 ita
3005 3948 3063 3987 se
3093 3932 3291 4000 dicere,
3319 3933 3435 3988 sine
3464 3942 3683 4004 peccato
3710 3934 3818 3988 im-

2229 4021 2360 4091 pleri
2385 4037 2542 4092 posse
2559 4023 2817 4093 justitiam
2844 4038 2940 4093 per
2962 4023 3186 4079 liberum
3214 4025 3491 4080 arbitrium
3518 4041 3640 4080 cum
3667 4024 3818 4096 adju-

2228 4114 2364 4169 torio
2406 4115 2600 4170 divina:
2641 4116 2845 4187 gratiae,
2876 4116 3018 4187 quod
3068 4117 3205 4173 Deus
3233 4116 3338 4172 hoc
3377 4117 3584 4173 dederit
3611 4116 3816 4175 homini

2223 4205 2338 4276 ipsa
2379 4208 2728 4279 possibilitate
2772 4209 3016 4264 naturae?
3055 4209 3149 4264 Cui
3201 4213 3394 4266 merito
3433 4210 3809 4281 respondetur,

2223 4301 2362 4373 Ergo
2400 4313 2690 4359 evacuatunt
2729 4311 2804 4356 est
2842 4301 3141 4358 scandalum
3179 4303 3342 4359 crucis
3368 4302 3563 4376 (Galat.
3593 4319 3648 4372 ν,
3695 4305 3811 4372 Η).

2221 4390 2360 4466 Ergo
2382 4393 2612 4448 Christus
2647 4394 2806 4465 gratis
2843 4403 3075 4448 mortuus
3115 4403 3206 4448 est.
3243 4393 3380 4449 Num
3420 4395 3562 4449 enim
3610 4395 3656 4449 si
3699 4409 3810 4451 non

2219 4495 2520 4541 moreretur
2548 4492 2764 4554 pmptcr
2790 4483 2980 4541 delicta
3007 4493 3210 4552 nostra,
3241 4494 3298 4541 et
3342 4495 3644 4556 resurgeret
3685 4501 3812 4556 pro-

2218 4587 2336 4648 pter
2356 4577 2789 4649 justiﬁcationem
2813 4589 3050 4634 nostram
3074 4580 3248 4652 (Rom.
3269 4596 3342 4646 tv,
3363 4580 3477 4653 25),
3505 4596 3605 4636 nec
3618 4596 3812 4636 ascen-

2214 4669 2380 4725 disset
2408 4671 2459 4724 in
2488 4670 2653 4725 altum
2673 4711 2687 4737 ,
2720 4679 2774 4726 et
2801 4672 3074 4742 captivans
3099 4673 3457 4744 captivitatem
3487 4672 3636 4729 daret
3665 4672 3806 4730 dona

2214 4761 2539 4828 hominibus,
2571 4763 2669 4818 ista
2697 4773 2900 4819 naturas
2926 4765 3250 4835 possibilitas
3272 4781 3431 4837 quam
3458 4764 3722 4835 defendit,
3743 4766 3800 4822 in

2213 4854 2515 4909 hominibus
2541 4869 2645 4910 non
2674 4857 2854 4911 esset?

2281 4949 2367 5003 l0.
2399 4949 2482 5002 An
2524 4946 2662 5004 forte
2707 4948 2803 5005 Dei
2848 4949 3155 5005 mandatum
3186 4950 3388 5017 deerat,
3420 4958 3475 5008 et
3495 4951 3614 5007 ideo
3640 4950 3802 5007 Citri-

2206 5049 2321 5095 stus
2351 5051 2590 5096 mortuus
2620 5042 2738 5097 est?
2767 5041 2880 5098 lmo
2916 5043 3026 5114 jam
3068 5052 3122 5100 et
3171 5045 3272 5100 hoc
3308 5053 3424 5100 erat
3450 5054 3716 5111 sanctum,
3745 5052 3804 5100 et

2199 5132 2402 5203 justum
2429 5174 2443 5199 ,
2473 5143 2529 5189 et
2556 5134 2752 5189 bonum
2785 5133 2896 5205 (Id.
2928 5151 3020 5202 vn,
3055 5134 3144 5207 12)
3173 5152 3186 5188 :
3211 5135 3320 5205 jam
3361 5135 3559 5192 dictum
3600 5133 3796 5200 fuerat,

2204 5223 2327 5279 Non
2357 5225 2677 5296 concupisces
2705 5224 2898 5300 (Exod.
2931 5242 3024 5295 xx,
3053 5228 3145 5298 17)
3165 5244 3178 5280 :
3199 5227 3308 5298 jam
3356 5227 3556 5283 dictum
3600 5226 3794 5296 fuerat,

2201 5315 2398 5388 Diliges
2467 5318 2753 5386 proximum
2817 5327 2959 5373 tuum
3024 5329 3263 5392 tanquam
3332 5322 3548 5394 teipsunt
3600 5320 3794 5392 (Leuit.

2201 5423 2312 5476 χιιι,
2341 5406 2450 5482 l8),
2471 5409 2523 5463 in
2541 5424 2648 5480 quo
2671 5423 2922 5465 sermone
2948 5411 3238 5482 Apostolus
3265 5427 3481 5467 omnem
3515 5412 3685 5483 legem
3712 5411 3794 5466 di-

2199 5499 2274 5554 cit
2318 5500 2524 5570 impleri
2573 5499 2750 5571 (Rom.
2791 5517 2904 5568 xm,
2935 5499 3026 5574 9).
3056 5502 3126 5557 Et
3166 5505 3418 5574 quoniam
3462 5504 3562 5558 nisi
3607 5503 3796 5575 diligat

2201 5591 2390 5659 Deum,
2411 5607 2568 5648 nemo
2593 5591 2763 5662 diligit
2787 5593 3043 5662 seipsum,
3067 5593 3189 5649 ideo
3212 5594 3469 5649 Dominus
3493 5595 3544 5650 in
3567 5595 3633 5650 iis
3650 5594 3790 5650 duo-

2198 5683 2298 5738 bus
2326 5684 2608 5754 prmceptis
2640 5692 2801 5738 totam
2842 5684 3037 5756 Legem
3066 5685 3464 5757 Prophetasque
3493 5687 3624 5742 dicit
3654 5701 3791 5757 pen-

2197 5777 2324 5832 dere
2347 5775 2559 5849 (Matth.
2578 5793 2705 5844 nni,
2735 5775 2926 5850 37-40)
2948 5795 2960 5830 :
2980 5776 3217 5848 quaeduo
3233 5769 3495 5850 praecepta
3508 5780 3618 5850 jam
3638 5786 3790 5836 erant

2198 5867 2508 5924 hominibus
2535 5866 2788 5925 divinitus
2811 5867 2958 5926 data.
2986 5868 3070 5924 An
3101 5881 3362 5927 aeternum
3392 5871 3674 5944 praemium
3693 5869 3789 5946 ju-
