4154 6354
312 503 471 561 stitiae
507 502 829 574 promissum
857 500 1089 557 nondam
1116 499 1271 556 erat?
1303 499 1413 555 lloc
1454 498 1565 568 ipse
1611 515 1717 554 non
1766 496 1896 552 dicit

312 595 405 666 qui
434 595 487 649 in
515 595 625 650 suis
654 593 868 650 Litteris
890 594 1064 663 posuit
1083 592 1242 647 etiam
1266 591 1318 645 in
1342 591 1531 645 Vetere
1552 590 1895 644 Testamento

311 702 534 758 regnum
566 687 822 741 caalorum
850 698 969 738 esse
997 684 1315 754 promissum
1340 681 1521 752 (Hebr.
1553 682 1649 752 xi).
1684 680 1739 734 Si
1767 693 1895 748 ergo

310 777 378 832 ad
404 776 696 832 faciendam
722 774 1202 845 perﬁciendamque
1223 774 1503 843 justitiam,
1526 772 1636 843 jam
1658 779 1770 826 erat
1798 784 1894 823 na-

311 880 445 925 tura:
472 868 795 940 possibilitas
822 882 920 936 per
945 867 1169 923 liberum
1196 866 1494 932 arbitrium,
1522 866 1631 935 jam
1658 872 1771 918 erat
1795 862 1897 916 Lc-

309 963 392 1034 gis
421 962 516 1017 Dei
547 971 787 1017 sanctum
806 969 857 1015 et
880 961 1081 1031 justum
1104 960 1406 1030 bonumque
1436 957 1762 1022 mandatum,
1784 955 1893 1025 jam

310 1060 427 1107 erat
466 1053 786 1121 promissum
821 1050 1099 1121 praemium
1137 1050 1550 1120 sempiternum;
1582 1061 1709 1118 ergo
1736 1045 1892 1100 Chri-

308 1152 424 1197 stus
448 1142 615 1213 gratis
639 1152 881 1197 mortuus
903 1150 1005 1195 est.

274 1262 281 1265 -
382 1236 471 1290 11.
503 1236 643 1306 Ergo
670 1250 841 1307 neque
867 1250 962 1306 per
990 1236 1183 1305 Legem
1203 1234 1427 1306 justitia,
1472 1250 1644 1305 neque
1673 1249 1770 1305 per
1796 1248 1892 1288 na-

310 1333 443 1381 tura:
470 1326 897 1395 possibilitatem,
931 1327 1023 1381 sed
1054 1342 1121 1382 ex
1165 1326 1268 1381 ﬁde
1306 1333 1360 1380 et
1387 1325 1527 1379 dono
1558 1326 1649 1380 Dei
1679 1341 1776 1396 per
1801 1324 1891 1380 Je-

309 1433 427 1472 sum
454 1418 724 1474 Christum
751 1419 1031 1473 Dominum
1063 1428 1326 1486 nostrum,
1353 1425 1517 1472 unum
1544 1418 1892 1473 mediatorem

311 1509 407 1565 Dei
431 1518 485 1564 et
512 1509 786 1565 hominum
814 1509 859 1584 (Ι
882 1508 1017 1565 Tim.
1046 1527 1103 1576 ιι,
1134 1510 1190 1583 5)
1214 1530 1226 1564 :
1251 1512 1339 1581 qui
1368 1511 1469 1565 nisi
1491 1511 1541 1565 in
1564 1510 1894 1581 plenitudine

308 1604 566 1673 temporis
594 1613 837 1659 mortuus
856 1612 1000 1659 esset
1024 1613 1239 1674 prepter
1266 1604 1460 1659 delicta
1486 1615 1689 1669 nostra,
1720 1611 1774 1659 et
1801 1618 1892 1657 re-

309 1694 627 1749 surrexisset
658 1703 877 1764 propter
900 1694 1332 1763 justiﬁcationem
1368 1702 1625 1761 nostram,
1656 1692 1893 1763 profecto

309 1796 364 1843 et
390 1788 728 1858 antiquorum
764 1786 896 1841 ﬁdes
925 1795 1271 1843 evacuaretur
1309 1796 1360 1840 et
1390 1797 1590 1840 nostra.
1617 1785 1747 1841 Fide
1770 1800 1893 1841 vero

308 1887 586 1943 evacuata,
617 1893 735 1948 qua:
776 1876 977 1932 homini
1010 1878 1212 1947 justitia
1257 1886 1549 1939 remaneat,
1573 1892 1692 1931 cum
1719 1876 1894 1946 justus

308 1983 373 2023 ex
402 1966 502 2022 ﬁde
531 1968 672 2022 vivat
698 1966 923 2039 (IIabac.
955 1986 1012 2030 ιι,
1045 1966 1144 2040 4)ἷ’
1175 1969 1247 2022 Ex
1276 1983 1381 2037 quo
1423 1967 1565 2022 enim
1612 1982 1705 2037 per
1729 1984 1889 2021 unum

310 2059 579 2115 hominem
623 2068 896 2130 peccatum
940 2062 1153 2115 intravit
1182 2062 1235 2115 in
1264 2060 1537 2125 mundum,
1567 2070 1620 2116 et
1645 2077 1740 2131 per
1766 2077 1891 2132 pec-

307 2160 487 2205 catum
516 2166 677 2218 mors,
705 2162 756 2207 et
803 2154 873 2208 ita
901 2153 952 2207 iu
984 2168 1171 2207 omnes
1201 2152 1446 2207 homines
1476 2154 1799 2221 pertransiit,
1834 2154 1886 2207 in

308 2257 416 2313 quo
462 2258 649 2298 omnes
692 2252 1044 2314 peccaverunt
1074 2243 1247 2315 (Rom.
1279 2260 1331 2310 v,
1366 2243 1488 2315 l2):
1518 2244 1704 2314 procul
1732 2244 1893 2298 dubio

307 2347 337 2387 a
367 2348 591 2403 corpore
628 2335 818 2390 mortis
861 2335 1049 2404 hujus,
1082 2335 1172 2389 ubi
1217 2336 1319 2389 alia
1367 2335 1453 2389 lex
1492 2346 1749 2406 repugnat
1790 2336 1891 2406 legi

307 2424 520 2489 mentis,
542 2426 810 2480 nemiuem
834 2426 1076 2480 liberavit
1100 2432 1191 2479 aut
1214 2425 1406 2479 liberat
1429 2441 1523 2479 sua
1546 2426 1890 2495 possibilitas,

307 2529 426 2585 qua:
472 2515 673 2584 perdita
723 2516 1081 2587 Redemptore
1128 2516 1349 2587 indiget,
1379 2517 1555 2571 saucia
1587 2517 1889 2582 Salvatore;

307 2604 403 2660 sed
430 2605 599 2675 gratia
633 2607 725 2661 Dei
768 2622 862 2677 per
887 2608 1042 2662 ﬁdem
1071 2608 1227 2661 unius
1256 2608 1561 2663 mediatoris
1587 2608 1679 2662 Dei
1708 2617 1763 2664 et
1792 2608 1893 2663 bo-

306 2697 531 2765 minum,
561 2697 793 2752 hominis
819 2698 1019 2754 Christi
1048 2699 1175 2754 Jesu
1204 2698 1312 2772 (Id.
1348 2716 1439 2767 vn,
1468 2699 1658 2774 21-25)
1686 2700 1813 2772 :qui
1841 2710 1896 2757 et

308 2789 450 2844 Deus
491 2806 613 2844 cum
657 2802 820 2856 esset,
856 2793 1123 2848 hominem
1171 2796 1329 2859 fecit;
1373 2804 1426 2851 et
1469 2810 1691 2851 manens
1731 2797 1892 2865 Deus,

309 2880 471 2935 homo
498 2880 671 2937 tactus
698 2883 883 2938 refecit
905 2885 1017 2954 ipse
1044 2885 1185 2955 quod
1216 2884 1361 2940 fecit.

382 2971 470 3026 12.
500 2972 634 3027 Puto
671 2982 848 3029 autem
896 2975 1036 3045 quod
1083 2991 1204 3029 eum
1255 2976 1436 3042 lateat,
1475 2975 1631 3031 ﬁdem
1675 2976 1893 3043 Christi,

309 3079 428 3136 quae
470 3075 649 3135 postea
691 3068 745 3121 in
790 3069 1171 3124 revelationem
1214 3070 1378 3137 venit,
1412 3070 1463 3124 in
1499 3072 1707 3125 occulto
1734 3072 1897 3127 fuisse

311 3159 644 3229 temporibus
661 3168 867 3229 patrum
885 3167 1219 3226 nostrorum;
1245 3176 1340 3230 per
1359 3177 1515 3231 quam
1540 3171 1715 3218 tamen
1737 3164 1895 3218 etiam

309 3246 410 3318 ipsi
441 3249 534 3304 Dei
563 3250 731 3319 gratia
761 3250 968 3304 liberati
1000 3258 1144 3317 sunt,
1176 3251 1496 3322 quicumque
1521 3251 1767 3307 onmibus
1795 3255 1897 3305 hu-

310 3346 455 3400 mani
480 3347 690 3417 generis
732 3347 1058 3416 temporibus
1098 3347 1310 3401 liberari
1352 3355 1660 3416 potuerunt,
1687 3348 1897 3402 occulto

306 3438 511 3509 judicio
540 3440 653 3507 Dei,
686 3455 790 3494 non
823 3450 999 3496 tamen
1029 3440 1379 3510 vituperabili.
1414 3440 1565 3496 Unde
1594 3441 1722 3496 dicit
1750 3444 1896 3511 Δρο-

279 3552 287 3559 ’
310 3532 502 3597 stolus,
534 3531 785 3587 Habentes
809 3542 974 3587 autem
1012 3534 1244 3604 spiritum
1281 3533 1420 3602 ﬁdei,
1446 3534 1625 3603 utique
1650 3534 1895 3588 eumdem

310 3638 469 3694 quem
498 3632 553 3678 et
579 3624 673 3689 illi,
701 3626 976 3679 secundum
995 3626 1131 3696 quod
1155 3627 1395 3697 scriptum
1416 3634 1505 3689 est,
1528 3624 1753 3693 Credidi,
1780 3641 1898 3696 pro-

313 3725 427 3785 pter
449 3716 584 3785 quod
612 3726 658 3770 et
684 3716 879 3771 locutus
907 3733 1056 3780 sum;
1086 3728 1130 3771 et
1149 3734 1239 3771 nos
1259 3717 1526 3783 credimus,
1547 3726 1751 3787 propter
1763 3716 1899 3785 quod

312 3816 361 3860 et
388 3807 639 3879 loquimur
660 3808 725 3879 (ll
748 3806 866 3862 Cor.
896 3824 968 3873 tv,
995 3808 1084 3877 15)
1103 3826 1116 3862 :
1138 3808 1259 3862 inde
1283 3817 1365 3863 est
1392 3808 1534 3878 quod
1558 3809 1632 3863 ait
1656 3809 1769 3877 ipse
1793 3808 1899 3862 Me-

311 3897 509 3965 diator,
549 3899 805 3953 Abraham
849 3908 992 3969 pater
1030 3910 1190 3954 vester
1226 3900 1508 3970 concupivit
1554 3901 1720 3954 videre
1765 3900 1899 3954 diem

316 4006 518 4055 meum;
544 3999 591 4044 et
631 3991 773 4056 vidit,
823 4001 871 4044 et
915 3992 1113 4062 gavisus
1152 4000 1223 4045 est
1267 3991 1446 4063 (Joan.
1476 4007 1584 4056 VIII,
1619 3990 1708 4063 56)
1736 4009 1749 4044 :
1776 3992 1899 4047 inde

313 4082 702 4139 Melchisedech
743 4083 949 4151 prolato
992 4092 1326 4136 sacramento
1364 4098 1564 4137 mensas
1590 4082 1894 4149 "dominicae,

313 4174 463 4229 novit
527 4183 783 4229 mternum
842 4172 957 4243 ejus
1020 4173 1376 4228 sacerdotium
1410 4174 1425 4204 ¹
1465 4173 1691 4243 ﬁgurare
1744 4171 1896 4242 (Gen.

312 4282 424 4332 xtv,
459 4267 571 4335 18).

385 4358 478 4413 l3.
504 4357 622 4412 .lam
640 4371 767 4413 vero
783 4356 902 4413 data
923 4357 974 4411 in
1004 4356 1220 4412 Litteris
1241 4356 1403 4426 Lege,
1429 4371 1586 4425 quam
1608 4356 1898 4426 dicitApo-

315 4451 487 4506 stolas
502 4449 831 4505 subiutrasse
847 4459 903 4504 ut
920 4449 1214 4504 abundaret
1238 4448 1512 4513 delictum,
1530 4456 1586 4502 et
1612 4446 1681 4503 de
1699 4464 1800 4518 qua
1829 4448 1902 4503 di-

315 4542 410 4607 cit,
441 4542 503 4597 Si
530 4557 647 4613 ergo
676 4557 738 4595 ea:
757 4540 890 4611 Lege
908 4540 1197 4606 hereditas,
1217 4541 1331 4610 jam
1354 4556 1453 4593 non
1472 4555 1534 4593 ex
1550 4540 1897 4610 promissione.

316 4636 536 4691 Abrahae
559 4643 727 4688 autem
756 4649 845 4703 per
871 4631 1307 4704 repromissionem
1337 4630 1541 4683 donavit
1572 4629 1728 4685 Deus.
1763 4629 1901 4696 Quid

318 4737 486 4782 autem
519 4726 636 4780 lex?
670 4725 1101 4796 Transgressionis
1134 4724 1298 4794 gratia
1332 4724 1591 4793 proposita
1622 4732 1714 4790 est,
1744 4724 1901 4778 donec

318 4819 506 4875 ueniret
533 4835 698 4873 semen
733 4819 815 4871 cui
844 4817 1145 4888 promissum
1169 4825 1260 4879 est,
1292 4814 1592 4886 dispositum
1622 4831 1711 4884 per
1735 4814 1901 4886 Ange-

317 4910 394 4965 los
417 4910 471 4963 in
500 4925 653 4963 manu
680 4908 995 4962 Mediatoris.
1024 4905 1279 4959 Mediator
1306 4915 1474 4959 autem
1494 4906 1640 4959 unius
1666 4922 1767 4959 non
1796 4915 1900 4970 est;

316 5000 457 5055 Deus
481 5010 645 5054 autem
673 5016 805 5053 unus
829 5007 920 5053 est.
949 4998 1056 5052 Lex
1082 5014 1201 5068 ergo
1225 4997 1462 5050 adversus
1491 4997 1738 5066 promissa
1766 4996 1901 5051 Dei?

316 5092 478 5147 Absit.
513 5092 574 5147 Si
596 5092 729 5145 enim
749 5092 869 5145 data
894 5099 1019 5144 esset
1048 5089 1128 5143 lea:
1158 5104 1270 5159 quae
1302 5098 1466 5158 posset
1496 5088 1767 5155 vivi/icore,
1790 5104 1901 5141 om-

317 5183 438 5237 nino
481 5199 544 5237 ea:
572 5182 705 5252 Lege
729 5191 853 5237 esset
870 5181 1087 5252 justitia.
1118 5179 1223 5235 Sed
1237 5178 1481 5233 conclusit
1504 5178 1770 5249 Scriptura
1792 5195 1902 5233 om-

318 5273 407 5329 nia
437 5275 529 5329 sub
557 5284 777 5346 peccato,
805 5284 861 5327 ut
891 5271 1153 5345 promissio
1180 5286 1243 5325 ea:
1266 5270 1368 5339 fide
1384 5267 1511 5323 Iesu
1538 5269 1728 5323 Christi
1753 5270 1901 5323 dare-

319 5375 405 5421 tur
439 5366 751 5420 credentibus
776 5363 965 5435 (Gatat.
997 5378 1074 5427 ιιι,
1102 5360 1317 5433 18-22);
1347 5375 1528 5415 nonne
1559 5360 1687 5415 satis
1723 5369 1904 5416 osten-

318 5455 463 5514 ditur
491 5456 594 5511 hoe
620 5464 797 5511 actum
827 5469 948 5511 esse
981 5468 1076 5523 per
1102 5452 1318 5525 Legem,
1350 5460 1409 5506 ut
1433 5460 1707 5522 peccatum
1739 5466 1903 5523 agno-

318 5558 579 5614 sectetur,
610 5557 664 5602 et
700 5547 1132 5618 praevaricatione
1176 5551 1461 5615 augeretur
1490 5541 1614 5615 (Ubi
1650 5544 1783 5598 enim
1820 5542 1903 5598 (ea:

319 5660 423 5699 non
446 5651 540 5709 est,
570 5658 658 5695 nec
696 5640 1040 5711 prevaricatio
1061 5637 1237 5710 (Rom.
1268 5653 1347 5706 1v,
1381 5638 1503 5708 £5);
1532 5648 1586 5693 et
1611 5637 1691 5693 sic
1714 5637 1903 5693 adver-

318 5752 415 5797 sus
438 5735 717 5791 victoriam
740 5733 937 5803 peccati
957 5732 1025 5787 ad
1047 5731 1279 5788 divinam
1304 5732 1549 5805 gratiam,
1571 5747 1690 5806 quae
1709 5732 1763 5788 in
1784 5747 1902 5806 pro-

382 5842 1101 5917 imus.vattc.,sacriﬁcim

1491 377 1971 439 EPISTOLARUM
2006 376 2284 436 CLASSIS
2320 376 2407 434 Ill.

3480 388 3582 445 770

2000 494 2341 551 missionibus
2370 503 2468 561 est,
2499 496 2871 569 contugeretnr
2893 512 2906 552 :
2925 506 3084 570 atque
3111 499 3183 555 ita
3210 500 3320 558 Lex
3347 518 3452 557 non
3483 518 3576 559 es-

2001 596 2084 642 set
2126 587 2378 643 adversus
2423 591 2680 658 promissa
2726 591 2846 658 Dei;
2875 593 2998 663 quia
3036 592 3156 648 ideo
3201 610 3297 665 per
3336 595 3481 650 illam
3523 596 3583 652 ﬁt

2000 679 2230 748 cognitio
2258 682 2476 749 peccati,
2504 692 2557 737 et
2577 698 2643 738 ex
2662 683 3097 752 praevaricatione
3119 685 3275 756 Legis
3300 687 3573 741 abundan-

2002 768 2072 823 tia
2103 772 2331 839 peccati,
2362 783 2419 827 ut
2446 774 2511 827 ad
2542 775 2902 829 liberationem
2934 786 3238 847 qumrantur
3262 779 3575 848 promissio-

2000 876 2095 915 nes
2120 862 2233 930 Dei,
2260 867 2397 934 quod
2424 875 2505 920 est
2526 868 2691 935 gratia
2722 867 2843 933 Dei;
2880 877 2933 923 et
2972 870 3188 940 incipiat
3224 885 3342 925 esse
3382 871 3433 926 in
3473 871 3572 924 ho-

2000 955 2141 1009 mine
2180 958 2383 1026 justitia
2404 1000 2419 1025 ,
2461 974 2568 1013 non
2607 975 2734 1028 sua,
2766 960 2860 1015 sed
2887 962 3015 1029 Dei,
3043 961 3145 1017 hoc
3181 972 3263 1017 est
3286 962 3407 1017 data
3430 950 3574 1020 dono

2000 1046 2093 1102 Dei
2113 1047 2137 1101 ?

2072 1143 2158 1197 M.
2182 1142 2346 1211 Quam
2377 1144 2536 1199 etiam
2564 1161 2706 1201 nunc
2733 1146 2945 1217 quidam
2984 1147 3271 1219 ignorantes
3296 1147 3390 1202 Dei
3412 1150 3574 1220 justi-

1999 1236 2140 1300 tiam,
2174 1235 2309 1289 sicut
2334 1244 2384 1289 et
2421 1245 2544 1291 tunc
2569 1238 2635 1292 de
2662 1238 2858 1292 Judaeis
2885 1239 3083 1293 dictum
3109 1248 3213 1305 est,
3245 1250 3291 1294 et
3316 1257 3460 1294 suam
3488 1257 3576 1295 vo-

2000 1327 2152 1382 lentes
2163 1328 2479 1392 constituere,
2485 1330 2700 1400 justitia:
2713 1328 2809 1383 Dei
2823 1347 2922 1384 non
2943 1331 3275 1401 suntsubjecti
3291 1330 3399 1403 (Id.
3419 1348 3471 1398 x,
3493 1331 3571 1403 5).

2000 1419 2101 1474 Per
2126 1420 2320 1490 Legem
2345 1421 2538 1490 quippe
2558 1430 2613 1475 et
2639 1421 2999 1491 illijustiﬁeari
3021 1437 3080 1478 se
3092 1422 3432 1490 arbitrantur,
3462 1422 3573 1478 suf-

2000 1510 2214 1568 ﬁciente
2241 1512 2339 1566 sibi
2365 1512 2430 1565 ad
2452 1527 2570 1567 eam
2595 1512 2993 1568 custodiendam
3016 1513 3184 1569 libero
3203 1514 3441 1581 arbitrio,
3472 1513 3576 1570 hoc

2000 1610 2102 1665 est,
2130 1602 2335 1671 justitia
2374 1618 2467 1656 sua
2491 1602 2693 1673 prolata
2737 1619 2803 1658 ex
2842 1610 3030 1657 natura
3057 1603 3319 1669 humana;
3348 1619 3453 1658 non
3481 1604 3577 1658 do-

1999 1702 2120 1746 nata
2148 1709 2213 1747 ex
2241 1694 2407 1763 gratia
2434 1694 2630 1758 divina,
2662 1704 2879 1765 propter
2906 1694 3046 1764 quod
3079 1694 3283 1765 justitia
3315 1695 3410 1751 Dei
3443 1696 3577 1750 dici-

2001 1792 2105 1839 tur.
2138 1783 2289 1839 Unde
2318 1785 2443 1839 item
2476 1786 2729 1855 scriptum
2757 1794 2839 1841 est
2861 1804 2874 1840 :
2895 1784 2999 1839 Per
3024 1784 3210 1857 Legem
3240 1787 3373 1840 enim
3399 1787 3574 1857 cogni-

1999 1876 2067 1928 tio
2095 1878 2303 1945 peccati.
2337 1876 2491 1931 Nunc
2515 1887 2683 1931 autent
2718 1879 2825 1933 sine
2852 1878 2985 1947 Lege
3013 1880 3215 1950 justitia
3248 1879 3339 1934 Dei
3366 1882 3578 1954 manife-

1996 1976 2127 2021 stata
2164 1978 2263 2034 est,
2300 1969 2563 2037 testiﬁcata
2610 1987 2699 2040 per
2738 1969 2922 2040 Legem
2958 1981 3005 2025 et
3051 1971 3333 2042 Prophetas
3362 1972 3473 2045 (Id.
3497 1990 3575 2038 ut,

1996 2061 2087 2128 20,
2119 2061 2233 2133 21).
2268 2062 2397 2117 Cum
2446 2062 2591 2130 dicit,
2624 2064 2941 2133 manifestata
2981 2074 3087 2130 est;
3113 2066 3344 2121 ostendit
3372 2068 3492 2136 quia
3524 2076 3578 2122 et

1998 2162 2124 2209 tunc
2166 2164 2300 2219 erat,
2332 2156 2425 2210 sed
2454 2167 2698 2226 tanquam
2731 2156 2818 2209 illa
2851 2157 3024 2225 pluvia
3051 2174 3207 2226 quam
3235 2158 3450 2213 Gedeon
3480 2158 3579 2211 im-

1996 2248 2245 2318 petravit,
2272 2255 2398 2301 tunc
2437 2248 2582 2301 velut
2623 2249 2674 2301 in
2722 2248 2920 2302 vellere
2949 2249 3175 2315 occulta,
3218 2264 3359 2303 nunc
3400 2258 3579 2304 autem

1998 2338 2139 2393 velut
2166 2337 2220 2391 in
2248 2353 2392 2403 arca,
2424 2336 2699 2392 manifesta
2733 2337 2925 2409 (Judic.
2958 2355 3030 2403 vt,
3061 2338 3262 2410 56-40).
3290 2337 3421 2393 Cum
3449 2355 3580 2411 ergo

1999 2429 2106 2486 Lex
2134 2430 2250 2485 sine
2276 2431 2444 2501 gratia
2486 2446 2589 2484 non
2618 2446 2762 2485 mors
2796 2432 2997 2500 peccati
3027 2430 3283 2499 potuisset
3320 2446 3459 2498 esse,
3481 2431 3578 2487 sed

1999 2522 2201 2586 virtus;
2230 2521 2308 2576 sic
2335 2522 2476 2575 enim
2508 2521 2708 2575 dictum
2736 2530 2838 2586 est,
2862 2520 3082 2574 Aculeus
3103 2522 3275 2575 mortis
3304 2531 3580 2591 peccatum,

1998 2613 2156 2667 virtus
2184 2622 2349 2665 autem
2386 2611 2576 2681 peccati
2616 2610 2723 2665 Lex
2753 2611 2807 2681 (ι
2836 2610 2952 2665 Cor.
2987 2627 3074 2678 xv,
3108 2610 3244 2682 56):
3274 2612 3412 2667 sicut
3456 2626 3586 2667 con-

2000 2704 2204 2774 fugiunt
2227 2704 2375 2757 multi
2403 2718 2432 2757 a
2466 2702 2597 2759 facie
2618 2703 2922 2774 reguantis‘
2941 2704 3138 2772 peccati
3169 2703 3233 2757 ad
3255 2704 3477 2774 gratiam
3500 2719 3586 2759 ve-

2000 2795 2078 2849 lut
2104 2795 2155 2848 in
2183 2810 2304 2849 area
2335 2809 2475 2848 nunc
2500 2803 2791 2865 patentem,
2819 2796 2889 2847 ita
2936 2794 3089 2862 pauci
3126 2793 3191 2848 ad
3237 2809 3353 2848 cam
3398 2794 3584 2849 conlu-

2000 2886 2214 2955 giebant
2239 2886 2379 2939 velut
2411 2886 2460 2938 in
2485 2885 2681 2939 vellere
2712 2894 2835 2939 tunc
2864 2885 3137 2939 latentem.
3157 2885 3282 2940 Haec
3304 2902 3431 2941 vero
3451 2895 3587 2941 tem-

2002 2994 2189 3049 porum
2232 2978 2535 3033 distributio
2580 2978 2806 3033 refertur
2835 2978 2899 3031 ad
2927 2977 3258 3033 altitudinem
3285 2978 3586 3036 divitiarum

2002 3069 2275 3139 sapientia:
2318 3078 2371 3123 et
2414 3067 2651 3123 scientiae
2692 3069 2804 3131 Dei,
2835 3069 2900 3123 de
2926 3084 3025 3138 qua
3051 3069 3249 3124 dictum
3275 3080 3357 3125 est
3382 3088 3395 3122 :
3424 3070 3587 3136 Quam

2001 3161 2345 3216 inscrutnbilia
2367 3172 2480 3214 sunt
2496 3162 2695 3232 judicia
2720 3162 2848 3232 ejus,
2873 3170 2919 3214 et
2942 3161 3309 3233 investigabiles
3347 3163 3442 3217 via:
3478 3165 3588 3235 ejus

2008 3252 2182 3324 (Rom.
2211 3269 2284 3319 ιιι,
2315 3251 2438 3322 '55)!

2076 3345 2161 3398 15.
2192 3345 2525 3412 Quapropter
2573 3341 2617 3395 si
2662 3351 2716 3397 et
2757 3351 2882 3398 ante
2926 3351 3135 3412 tempus
3160 3343 3335 3413 Legis,
3362 3352 3417 3399 et
3454 3353 3589 3400 tem-

2004 3451 2135 3506 pore
2182 3435 2295 3503 ipso
2336 3434 2494 3505 Legis
2530 3433 2703 3504 justos
2746 3443 2925 3502 patres
2962 3451 3027 3489 ex
3059 3435 3164 3491 ﬁde
3191 3436 3451 3500 viventes,
3482 3452 3588 3493 non

2003 3527 2331 3597 possibilitas
2376 3535 2579 3580 natura:
2623 3525 2846 3581 inﬁrmae
2885 3536 2938 3581 et
2986 3526 3289 3598 indigre’ae
3316 3530 3512 3585 vitiata:
3536 3539 3592 3586 et

2003 3618 2102 3672 sub
2150 3628 2368 3687 peccato
2411 3616 2746 3680 venundata,
2774 3616 2869 3671 sed
2901 3618 2993 3671 Dei
3023 3619 3189 3688 gratia
3218 3634 3311 3689 per
3336 3620 3492 3677 ﬁdem
3515 3622 3593 3692 ju-

2003 3709 2295 3775 stilicabat;
2323 3718 2377 3764 et
2421 3724 2562 3764 nunc
2603 3708 2789 3764 eadem
2832 3710 2884 3763 in
2935 3718 3178 3782 apertum
3220 3711 3330 3781 jam
3373 3714 3591 3769 veniens

2004 3804 2235 3859 revelata
2271 3803 2526 3873 justilicat
2556 3820 2569 3857 :
2598 3803 2904 3859 anathemet
2942 3820 3070 3875 ergo
3115 3804 3359 3876 Pelagius
3393 3808 3591 3879 scripta

2003 3912 2116 3964 sua,
2144 3898 2233 3954 ubi
2259 3906 2444 3954 contra
2474 3913 2611 3963 eam,
2643 3898 2745 3953 etsi
2790 3913 2895 3952 non
2936 3913 3032 3967 per
3065 3900 3472 3967 contumaciam,
3506 3910 3590 3956 ta-

2005 4006 2130 4045 men
2160 4005 2254 4059 per
2299 3990 2647 4060 ignorantiam
2696 3988 2949 4058 disputat,
2977 3989 3378 4058 possibilitatem
3406 3990 3590 4046 defen-

2004 4082 2180 4136 dendo
2208 4092 2410 4135 natura:
2430 4080 2496 4134 ad
2520 4079 2779 4133 vincenda
2803 4090 3037 4149 peccata,
3058 4088 3111 4136 et
3141 4081 3407 4149 implenda
3433 4098 3587 4138 man-

2005 4172 2162 4237 data;
2191 4181 2282 4225 aut
2320 4171 2364 4225 si
2416 4186 2477 4224 ea
2520 4184 2615 4224 sua
2661 4184 2778 4224 esse
2823 4177 2998 4239 negat,
3024 4179 3115 4222 aut
3151 4171 3362 4240 scriptis
3386 4171 3496 4226 suis
3521 4174 3591 4229 ab

2006 4262 2235 4319 inimicis
2264 4263 2375 4317 suis
2400 4262 2529 4316 dicit
2570 4261 2805 4317 immissa
2832 4277 2949 4330 qum
2980 4276 3073 4314 sua
3100 4277 3219 4317 esse
3248 4274 3424 4332 negat,
3454 4280 3586 4320 ana-

2007 4355 2208 4409 thcmet
2247 4369 2307 4407 ea
2349 4360 2525 4406 tamen
2567 4360 2621 4405 ct
2658 4351 2872 4406 damnet
2898 4361 3117 4422 paterna
3147 4354 3514 4411 exhortatione
3537 4366 3590 4414 et

2006 4445 2319 4500 auctoritate
2343 4442 2717 4498 Sanctimoniae
2745 4449 2869 4497 tuae.
2897 4443 2953 4497 Si
2983 4442 3095 4497 vult
3118 4458 3266 4513 ergo,
3298 4460 3585 4505 onerosum

2007 4536 2107 4591 sibi
2147 4544 2199 4590 et
2240 4533 2601 4606 perniciosum
2641 4532 2893 4587 Ecclesiae
2936 4532 3106 4588 discat
3152 4536 3458 4593 scandalum
3502 4555 3593 4595 au-

2006 4627 2181 4691 ferre;
2210 4625 2349 4696 quod
2380 4624 2685 4680 scandalum
2715 4623 2985 4679 auditores
3014 4634 3067 4679 et
3093 4624 3144 4679 in
3172 4641 3477 4696 perversum
3504 4630 3589 4685 di.

2006 4719 2233 4775 lectores
2263 4718 2387 4786 ejus
2428 4732 2805 4787 usquequaque
2846 4731 3095 4787 spargere
3136 4734 3242 4774 non
3285 4721 3587 4791 quiescunt.

2006 4809 2060 4865 Si
2092 4810 2232 4865 enim
2260 4808 2603 4878 cognoverint
2629 4808 2876 4863 eumdem
2904 4808 3121 4876 librum,
3151 4826 3307 4879 quem
3340 4813 3479 4867 illius
3506 4816 3587 4870 vel

2006 4909 2195 4973 putant
2235 4914 2355 4955 esse
2398 4899 2481 4953 vel
2523 4908 2749 4963 norunt,
2792 4901 3161 4970 episcoporum
3203 4903 3585 4961 catholicorum

2006 4992 2340 5057 auctoritate,
2367 5000 2421 5046 et
2463 4992 2695 5046 maxime
2734 4991 3042 5047 Sanctitatis
3086 5002 3210 5061 tunc,
3245 5011 3404 5065 quam
3444 4998 3583 5068 apud

2006 5104 2127 5144 eum
2165 5102 2285 5142 esse
2332 5084 2550 5155 majoris
2596 5084 2846 5155 ponderis
2889 5086 3106 5140 minime
3149 5086 3483 5157 dubitamus,
3522 5090 3590 5145 ab

2005 5179 2194 5235 eodem
2241 5178 2357 5247 ipso
2390 5177 2788 5232 anathematum
2813 5186 2971 5246 atque
2994 5176 3323 5241 damnatum,
3356 5194 3463 5234 non
3494 5195 3588 5235 eos

2007 5269 2230 5324 ulterius
2256 5267 2625 5324 existimamus
2658 5281 2901 5333 ausuros,
2928 5266 3193 5338 loquendo
3238 5278 3421 5323 contra
3464 5285 3586 5341 gra-

2007 5362 2133 5417 tiam
2163 5361 2278 5427 Dei,
2305 5377 2423 5432 quae
2452 5361 2682 5416 revelata
2710 5368 2792 5415 est
2814 5375 2916 5432 per
2939 5360 3244 5431 passionem
3268 5371 3322 5417 et
3346 5376 3591 5419 resurre-

2006 5457 2237 5511 ctionem
2280 5455 2497 5522 Christi,
2540 5464 2753 5525 pectora
2782 5454 2955 5509 ﬁdelia
2997 5462 3053 5510 et
3092 5454 3406 5524 simpliciter
3445 5457 3587 5515 chri-

2008 5548 2176 5602 stiana
2202 5548 2446 5613 turbare;
2470 5546 2563 5602 sed
2595 5548 2768 5618 potius
2794 5546 3074 5615 adjuvantc
3102 5548 3463 5605 misericordia
3492 5550 3590 5607 Do-

2072 5723 2089 5787 f
2114 5728 2245 5787 Unus
2266 5735 2297 5772 e
2318 5723 2464 5773 vatic.
2488 5730 2627 5787 1435.,
2642 5722 2968 5787 repugnantis.
3112 5766 3115 5769 .

2069 5784 3001 5874 15.3.2“
3029 5792 3082 5838 et
3100 5793 3230 5850 κη
3480 5792 3588 5862 ave

2008 5845 2204 5919 antiqua
2223 5846 2467 5899 scribendi
2489 5845 2695 5913 ratione,
2719 5845 2950 5919 indigum.
