4154 6354
575 347 676 425 ﬁt

577 482 727 548 mini,
770 473 1196 538 conoertantibus
1237 477 1510 536 nobiscum
1554 480 1813 535 rbai’nate
1858 493 1918 533 ac
1962 479 2158 547 pietate

577 563 920 646 ﬂagrantibus
951 573 1277 629 eratiOnibus
1305 575 1429 636 tuis,
1459 579 1563 627 noti
1608 573 1779 625 solum
1823 582 1874 625 ut
1920 573 1972 625 in
2004 577 2157 624 arter-

576 684 704 724 num
745 668 904 735 beati,
938 671 1120 722 verum
1154 663 1310 721 etiam
1351 665 1480 737 justi
1525 669 1575 720 et
1619 666 1785 719 sancti
1812 666 1940 728 sint,
1969 675 2072 719 non
2103 665 2154 719 in

575 775 670 817 sua
697 763 908 828 virtute,
939 755 1032 816 sed
1071 763 1122 816 in
1159 759 1343 816 eadem
1374 763 1540 831 gratia
1572 761 1886 818 conﬁsui‘os.
1928 759 2077 816 Unde
2102 768 2156 815 et

573 853 641 912 ad
687 857 858 926 ipsum
907 856 1155 923 scriptam
1195 857 1267 910 ab
1306 868 1411 909 uno
1457 861 1697 910 nostrum
1741 855 2042 925 (epistolam,
2090 853 2158 907 ad

572 955 730 1020 quem
756 953 846 1018 per
875 943 1154 1018 quemdam
1179 947 1496 1002 orientalem
1523 945 1824 1010 diaconum,
1858 947 2025 1002 civem
2057 957 2154 999 au-

574 1033 682 1094 tem
712 1040 1124 1109 llipponensem,
1146 1049 1392 1110 tanquam
1417 1039 1745 1110 purgationis
1774 1054 1883 1094 sua:
1912 1027 2152 1106 qmedam
2209 1105 2212 1108 ἢ

571 1133 765 1202 scripta
796 1131 1107 1199 transmisit,
1143 1141 1246 1187 tua:
1282 1121 1598 1186 Beatitudini
1631 1132 1807 1201 potius
1834 1129 2155 1185 credidimus

570 1223 921 1295 diligentiam,
955 1223 1142 1278 melius
1180 1223 1479 1294 judica’ntes
1507 1233 1559 1277 et
1589 1231 1826 1292 petentes
1867 1231 1924 1276 ut
1957 1237 2072 1275 eam
2106 1223 2153 1275 ei

569 1314 779 1369 mittere
806 1316 918 1385 ipse
938 1315 1171 1386 digneris
1199 1335 1210 1369 :
1241 1316 1317 1370 sic
1337 1317 1478 1370 enim
1499 1330 1617 1370 eam
1645 1315 1821 1384 legere
1849 1317 2021 1385 potius
2049 1330 2152 1369 non

567 1403 976 1478 dedignabitur,
1035 1409 1202 1478 magis
1250 1409 1303 1462 in
1353 1407 1440 1461 illa
1481 1417 1602 1462 cum
1646 1409 1734 1478 qui
1786 1407 1961 1473 misit,
1995 1422 2152 1478 quam

566 1501 654 1570 qui
687 1502 898 1570 scripsit
930 1502 1234 1556 attendens.

639 1581 724 1647 1'6.
759 1591 886 1648 lll‘ud
913 1595 1037 1648 vero
1069 1593 1208 1664 quod
1234 1591 1413 1648 dicunt
1441 1601 1594 1663 pess'e
1615 1592 1882 1648 hominem
1901 1607 2018 1649 esse
2038 1594 2152 1649 sine

567 1685 820 1758 peccatu,
867 1698 921 1743 et
959 1689 1204 1743 niaudata
1253 1687 1341 1742 Dei
1387 1685 1542 1742 facile
1581 1688 1848 1742 eustotlire
1897 1689 1939 1742 si
1989 1687 2149 1753 velit,

564 1782 805 1850 quamvis
831 1798 948 1835 cum
983 1783 1081 1834 hoc
1110 1797 1203 1850 per
1227 1781 1549 1850 adiutorium
1578 1781 1759 1851 gratia:
1785 1823 1798 1846 ,
1829 1797 1946 1849 qum
1975 1789 2150 1834 tamen

565 1889 662 1942 per
705 1874 1119 1928 incarnationem
1165 1874 1430 1944 Unigeniti
1472 1873 1585 1942 ejus
1613 1872 1841 1928 revelata
1871 1883 2026 1942 atque
2053 1871 2149 1925 d0-

563 1962 684 2018 na’ta
734 1971 844 2031 est,
894 1961 1117 2032 dicitur,
1163 1963 1489 2019 tolerabilius
1529 1963 1628 2019 dici
1660 1965 1896 2019 videatur
1931 1985 1942 2018 :
1976 1974 2147 2018 tamen

561 2059 808 2126 quoniam
838 2074 940 2111 non
969 2058 1234 2112 immerito
1261 2073 1474 2111 movere
1498 2065 1672 2125 potest
1692 2100 1705 2124 ,
1740 2057 1828 2111 ubi
1859 2065 1912 2111 et
1937 2056 2148 2126 quando

561 2163 655 2218 per
672 2147 911 2204 eamdem
935 2150 1153 2219 gratiam
1184 2147 1235 2202 id
1265 2147 1522 2202 efﬁciatur
1552 2149 1602 2201 iu
1632 2149 1805 2217 nobis,
1831 2152 2016 2203 utsine
2041 2149 2146 2201 ullo

561 2240 778 2310 prersus
819 2249 1036 2309 peccato
1079 2241 1282 2306 simus;
1334 2249 1509 2294 utrum
1554 2243 1606 2296 in
1653 2241 1748 2295 hac
1793 2242 1893 2295 vita
1938 2242 2147 2309 quando

559 2335 684 2387 caro
713 2333 1036 2403 cencnpiscit
1063 2334 1314 2388 adversus
1340 2335 1579 2402 spiritum
1611 2332 1804 2402 (Galat.
1830 2351 1861 2387 v
1883 2377 1896 2399 ,
1927 2333 2014 2403 17')
2037 2377 2049 2397 ,
2077 2349 2144 2388 an

557 2427 685 2478 vero
707 2425 756 2478 iu
780 2421 864 2479 illa
882 2442 998 2479 cum
1017 2425 1102 2494 ﬁet
1122 2439 1283 2479 sermo
1303 2427 1389 2496 qui
1409 2426 1623 2496 seriptus
1641 2435 1731 2492 est,
1757 2423 1854 2480 Ubi
1874 2437 1964 2492 est,
1987 2443 2141 2494 mors,

557 2515 760 2569 victaria
787 2513 915 2570 tua?
940 2514 1022 2570 ubi
1056 2527 1145 2584 est,
1172 2535 1326 2584 mors,
1356 2517 1557 2570 aculeus
1584 2517 1739 2571 tuus?
1769 2516 1982 2570 Aculeus
2012 2519 2142 2570 enim

555 2607 730 2662 mortis
775 2611 847 2662 est
891 2620 1148 2678 peccatum
1195 2607 1237 2682 (ί
1280 2607 1396 2663 Cor.
1441 2624 1542 2673 xv,
1579 2607 1807 2679 SioSG);
1841 2609 2142 2677 diligentius

552 2697 979 2772 pertractandum
1020 2709 1234 2775 propter
1265 2703 1395 2756 alios
1425 2702 1677 2771 quosdam
1709 2702 1796 2770 qui
1828 2709 2136 2771 senserunt,

551 2803 711 2864 atque
753 2783 804 2848 in
853 2795 965 2849 suis
1003 2789 1192 2849 litteris
1233 2795 1503 2849 memoria:
1533 2794 1946 2860 mandaverunt,
1982 2794 2137 2847 etiam

550 2887 605 2941 in
631 2879 730 2942 hac
758 2888 860 2942 vita
888 2903 1008 2943 esse
1038 2903 1195 2958 posse
1226 2887 1494 2941 hominem
1523 2887 1638 2942 sine
1664 2896 1881 2956 peccato
1902 2929 1915 2950 ,
1946 2903 2048 2940 non
2072 2886 2138 2940 ab

551 2978 698 3032 initio
745 2981 1032 3034 nativitatis
1074 2995 1186 3033 sum
1209 3020 1223 3044 ,
1256 2978 1349 3033 sed
1379 2980 1728 3033 conversione
1755 2995 1781 3032 a
1811 2981 2041 3050 peccatis
2071 2979 2135 3033 ad

546 3061 825 3140 justitiam,
853 3079 908 3126 et
935 3087 965 3125 a
993 3071 1096 3126 vita
1125 3071 1346 3141 reproba
1374 3073 1437 3125 ad
1469 3073 1661 3126 bonam
1686 3072 1867 3126 vitam.
1887 3072 1974 3127 Sic
1993 3073 2133 3127 enim

549 3156 920 3217 intellexerunt
950 3163 1087 3234 quod
1119 3163 1185 3218 de
1215 3161 1466 3218 Zacharia
1497 3175 1549 3218 et
1580 3164 1850 3220 lCIisabcth
1876 3166 2133 3234 scriptum

545 3260 658 3319 est,
689 3253 989 3308 ambulasse
1013 3270 1105 3309 eos
1134 3254 1185 3308 in
1211 3256 1439 3308 omnibus
1454 3255 1903 3325 justiﬁcationibus
1932 3256 2134 3311 Domini

543 3345 650 3399 sine
682 3345 900 3414 querela.
933 3339 1048 3402 lloc
1075 3345 1216 3417 quod
1248 3347 1446 3402 dictum
1477 3355 1594 3414 est,
1625 3347 1732 3400 sine
1755 3348 1994 3418 querela;
2017 3349 2132 3403 sine

544 3443 758 3504 peccato
806 3433 1003 3492 dictum
1046 3448 1402 3506 acceperunt,
1448 3454 1552 3492 non
1597 3435 1808 3508 quidem
1840 3449 2128 3510 negantes,

544 3527 652 3582 imo
693 3529 852 3583 etiam
876 3570 889 3594 ,
921 3525 1062 3597 quod
1091 3527 1206 3584 aliis
1237 3530 1368 3584 locis
1400 3531 1450 3584 in
1483 3525 1673 3585 litteris
1703 3547 1887 3586 eorum
1922 3532 2129 3586 inveni-

542 3627 627 3672 tur
649 3660 663 3684 ,
691 3619 773 3686 pie
797 3609 1109 3673 Confitentes
1135 3617 1450 3688 adjutorium
1477 3622 1660 3690 gratiae
1689 3617 1895 3677 Domini
1925 3624 2127 3690 nostri,

541 3726 645 3765 non
673 3726 766 3780 per
793 3711 1084 3764 naturalem
1112 3711 1354 3782 spiritmu
1379 3709 1613 3767 hominis
1635 3755 1648 3777 ,
1680 3713 1773 3767 sed
1806 3730 1899 3783 per
1929 3711 2128 3784 princi-

540 3801 709 3871 palem
731 3789 982 3871 Spiritum
1008 3797 1101 3857 Dei
1128 3795 1378 3873 (Ambros.
1405 3803 1456 3856 in
1482 3801 1607 3856 an.
1640 3820 1683 3868 1,
1712 3795 1789 3877 6).
1818 3803 1916 3870 Qui
1941 3822 2127 3876 parum

538 3894 786 3950 videntur
822 3894 1190 3951 considerasse
1217 3896 1387 3965 ipsmn
1419 3885 1729 3952 Zachariam
1760 3897 1919 3952 fuisse
1949 3901 2126 3969 utique

537 3985 902 4052 sacerdotem;
946 4002 1132 4042 omnes
1174 3997 1349 4042 autem
1399 3997 1522 4042 tunc
1562 3989 1866 4044 sacerdotes
1907 4005 2126 4046 necesse

537 4077 801 4134 habebant
824 4096 885 4134 ex
913 4080 1029 4150 lege
1052 4079 1141 4135 Dei
1173 4081 1413 4148 primitus
1435 4098 1529 4150 pro
1549 4084 1780 4154 peccatis
1800 4079 1910 4137 suis
1931 4083 2127 4141 oll‘erre

535 4163 852 4225 sacriﬁcium
874 4213 889 4238 ,
923 4169 1113 4225 deinde
1143 4187 1240 4240 pro
1272 4173 1447 4242 pepuli
1481 4173 1658 4244 (Levii.
1693 4191 1745 4228 1x
1767 4215 1780 4238 ,
1803 4164 1867 4240 '7,
1895 4183 1942 4228 et
1967 4174 2122 4232 Hebr.

534 4279 634 4329 v11,
678 4261 793 4334 27).
843 4261 988 4319 Sicut
1037 4280 1164 4335 ergo
1208 4281 1348 4320 nunc
1390 4281 1482 4337 per
1521 4265 1777 4321 orationis
1806 4267 2125 4325 sacriﬁcium

534 4356 900 4410 convincimur
943 4373 1048 4410 non
1091 4373 1211 4411 esse
1251 4358 1366 4412 sine
1408 4368 1660 4427 peccato,
1711 4360 1961 4429 quoniam
1991 4360 2123 4431 jussi

535 4461 718 4502 sumus
747 4437 924 4502 dicere
946 4491 958 4513 ,
988 4436 1195 4503 Dimitte
1217 4449 1357 4502 nobis
1388 4443 1550 4502 debita
1577 4460 1788 4514 nostra;
1819 4452 1886 4504 ita
1920 4449 1973 4506 et
2002 4462 2126 4508 tunc

534 4557 629 4612 per
669 4543 926 4599 sacriﬁcia
967 4543 1298 4598 victimarum
1333 4543 1638 4598 animalium
1675 4545 2126 4601 convincebantur

533 4635 843 4690 sacerdOtes
885 4635 999 4690 sine
1041 4645 1258 4704 peccato
1297 4650 1400 4690 non
1437 4651 1558 4691 esse
1581 4677 1595 4705 ,
1626 4636 1715 4706 qui
1747 4653 1841 4706 pro
1866 4637 1977 4692 suis
2003 4654 2125 4708 pce-

531 4729 663 4784 catis
683 4727 1006 4798 jubebantur
1029 4728 1243 4783 oilerre.

605 4823 692 4876 17.
721 4820 874 4890 Quod
903 4821 945 4874 si
975 4835 1060 4875 res
1088 4821 1154 4871 ita
1188 4836 1242 4873 se
1273 4819 1459 4884 habet,
1496 4829 1552 4874 ut
1577 4834 1673 4890 per
1691 4820 1914 4892 gratiam
1939 4817 2122 4878 Salva-

531 4916 662 4970 toris
698 4913 1035 4984 proﬁciamus
1074 4913 1286 4982 quidem
1332 4911 1386 4966 in
1425 4912 1526 4968 hac
1555 4913 1657 4966 vita
1683 4954 1698 4978 ,
1728 4913 2007 4969 deﬁciente
2032 4930 2126 4969 cu-

532 4995 787 5075 piditate,
831 5014 1106 5060 cresreute
1149 5004 1446 5069 cbaritate;
1493 4993 1831 5074 perliciamur
1864 5013 2037 5059 autem
2070 5007 2122 5060 in

530 5100 614 5156 illa
643 5101 768 5166 vita,
791 5099 1076 5170 cupiditate
1092 5099 1372 5165 exstincta,
1397 5098 1652 5154 charitate
1672 5099 1934 5168 completa
1960 5116 1971 5152 :
1997 5115 2122 5168 pro-

531 5194 668 5248 fecto
713 5193 842 5248 illud
881 5191 1022 5262 quod
1067 5193 1322 5260 scriptum
1347 5200 1462 5255 est,
1498 5190 1598 5256 Qui
1623 5201 1770 5246 natus
1795 5200 1868 5246 est
1892 5209 1954 5248 ea:
1979 5191 2118 5261 Deo,

531 5304 632 5341 non
657 5293 828 5358 peccat
859 5285 901 5358 (1
932 5283 1088 5339 Joan.
1123 5282 1294 5355 111,9),
1322 5283 1796 5353 secundumipsam
1810 5283 2122 5339 cliaritatem

528 5381 726 5438 dictum
752 5388 852 5445 est,
869 5395 988 5449 qua:
1009 5378 1119 5433 sola
1142 5392 1246 5433 non
1268 5385 1471 5448 peccat.
1491 5376 1570 5431 Ad
1588 5377 1910 5432 nativitatem
1930 5380 2124 5450 quippe

529 5497 648 5553 quas
673 5497 738 5538 ex
761 5481 872 5538 Deo
895 5489 1010 5547 est,
1043 5478 1286 5550 augenda
1310 5487 1365 5534 et
1392 5476 1714 5549 perﬁcienda
1742 5478 1970 5547 pertinet
1994 5478 2123 5533 cha-

528 5573 693 5639 ritas;
725 5588 828 5627 non
861 5587 921 5628 ea
949 5587 1067 5642 qua:
1093 5569 1376 5625 minuenda
1405 5577 1486 5622 est
1512 5575 1565 5621 et
1591 5569 1948 5624 consumenda
1977 5570 2127 5640 cupi-

529 5665 666 5718 ditas
713 5683 726 5718 :
767 5680 887 5734 quae
934 5672 1109 5717 tamen
1141 5661 1392 5733 quamdiu
1417 5668 1498 5716 est
1525 5660 1576 5714 in
1605 5660 1858 5716 membris
1886 5663 2083 5717 nostris
2105 5705 2122 5732 ,

527 5757 645 5827 lege
684 5755 912 5827 quadam
952 5763 1047 5809 sua
1087 5759 1347 5824 repugnat
1374 5752 1475 5822 legi
1504 5751 1730 5815 mentis;
1763 5752 1855 5805 sed
1883 5763 2036 5808 natus
2057 5757 2122 5809 ex

527 5849 663 5916 Deo,
703 5863 799 5904 nec
824 5846 1078 5903 obediens
1097 5841 1376 5904 desideriis
1399 5845 1537 5915 ejus,
1564 5859 1663 5902 nec
1684 5843 1941 5901 exnibens
1958 5862 2125 5902 mem-

1805 361 1861 420 s.
1906 343 2271 419 aneos-“mil
2311 349 2616 421 cnsuevi

2267 476 2358 530 bra
2399 493 2489 533 sua
2517 495 2661 536 arma
2693 483 2987 553 iniquitatis
3018 496 3234 558 peccato
3257 533 3269 556 ,
3301 493 3714 564 potest-amre,
3741 497 3875 554 Jan!

2266 583 2364 624 non
2395 587 2484 644 ego
2511 591 2690 644 operor
2719 578 2872 643 illud,
2905 579 2994 633 sed
3020 581 3152 635 illud
3175 584 3309 653 quod
3334 585 3529 640 habitat
3553 589 3605 642 in
3631 603 3712 643 me
3739 603 3859 661 pec-

2263 675 2429 719 catum
2459 668 2634 738 (Rom.
2657 685 2727 724 vn
2751 712 2766 738 ,
2787 668 2903 742 20).

2338 759 2422 815 18.
2451 761 2554 815 Sed
2587 769 2798 834 quoquo
2828 765 2986 821 mede
3010 780 3068 822 se
3098 763 3294 823 habent
3320 770 3418 825 ista
3451 773 3674 842 qumstin
3698 818 3711 839 ,
3736 776 3856 846 quia

2263 852 2362 903 etsi
2409 858 2511 904 non
2561 853 2827 910 invenitur
2862 853 3026 912 homo
3049 858 3099 912 in
3129 859 3229 914 hac
3254 861 3357 916 vita
3385 864 3501 918 sine
3526 877 3774 934 peccato,
3804 867 3870 923 id'

2266 953 2437 999 tamen
2467 946 2658 1002 dicitur
2685 963 2841 1019 posse
2870 949 2984 1004 ﬁeri
3003 963 3098 1021 per
3121 952 3439 1021 adjuturlum
3461 959 3643 1026 gratia:
3664 967 3719 1014 et
3738 958 3850 1030 Spi-

2263 1037 2395 1090 ritus
2445 1037 2575 1105 Dei,
2611 1038 2750 1109 quod
2796 1043 2852 1094 ut
2891 1037 2982 1096 ila!
3019 1044 3318 1100 Cenandum
3343 1056 3500 1116 atque
3527 1048 3834 1117 poscendun

2262 1137 2344 1182 est
2369 1170 2382 1194 ,
2417 1131 2760 1185 tolerabiliter
2790 1135 2840 1186 in
2869 1148 2933 1186 eo
2960 1135 3182 1204 quiSque
3211 1135 3439 1201 fallitur;
3476 1151 3572 1194 nec
3597 1140 3856 1196 diabolica

2261 1222 2522 1289 impietas,
2553 1225 2644 1278 sed
2664 1242 2814 1279 error
2834 1225 3096 1281 lntmanus
3116 1237 3196 1282 est
3222 1229 3538 1284 elaboranda
3556 1241 3604 1285 et
3623 1231 3856 1300 optanda

2261 1313 2558 1382 al‘llrmare,
2589 1319 2796 1372 etiamsi
2825 1317 2964 1389 quod
2987 1319 3215 1372 afﬁrmat
3235 1321 3850 1389 nonpossitostendere:

2263 1409 2316 1463 id
2360 1411 2498 1463 enim
2546 1411 2711 1467 credit
2759 1413 2870 1466 ﬁeri
2913 1427 3103 1483 posse,
3133 1413 3270 1482 (μιωά
3310 1424 3454 1469 certe
3482 1415 3742 1471 laudabile
3771 1425 3855 1472 est

2260 1502 2416 1556 velle.
2449 1502 2612 1558 Nobis
2637 1514 2811 1558 autent
2835 1503 3026 1559 sullicit
3053 1506 3194 1575 quod
3223 1507 3395 1560 nullus
3419 1507 3468 1560 in
3494 1507 3730 1561 Ecclesia
3758 1508 3852 1563 Dei

2259 1594 2492 1649 ﬁdelium
2525 1598 2788 1665 reperitur
2817 1597 2870 1650 in
2896 1598 3124 1666 quolibet
3153 1604 3406 1668 provectu
3430 1600 3852 1670 excellentiaque

2252 1689 2500 1760 justiti-.12,
2541 1688 2627 1759 qui
2669 1690 2765 1743 sibi
2804 1689 3191 1744 audeatdicere
3216 1706 3319 1743 non
3348 1692 3700 1745 necessariam
3726 1709 3851 1761 pre-

2258 1783 2520 1835 cationem
2553 1781 2806 1835 orationis
2836 1781 3136 1847 dominica},
3172 1781 3377 1835 Dimitte
3401 1781 3541 1836 nobis
3566 1782 3731 1837 debita
3750 1801 3850 1836 ποι

2256 1884 2400 1940 slra;
2436 1885 2486 1928 et
2527 1875 2667 1930 dicat
2709 1892 2764 1930 se
2796 1891 2897 1929 non
2929 1875 3126 1930 habere
3155 1883 3460 1945 peccatum,
3495 1891 3561 1930 ne
3612 1878 3848 1946 seipsn'm

2256 1967 2513 2036 decipiat,
2545 1980 2595 2022 et
2626 1969 2819 2022 veritas
2842 1969 2892 2021 in
2917 1978 2980 2022 en
3004 1985 3106 2020 nan
3130 1969 3195 2021 sit
3229 1967 3267 2038 (Ι
3289 1966 3444 2022 Joan.
3471 1983 3517 2035 1,
3547 1966 3633 2039 8),
3662 1977 3849 2038 quam-

2253 2057 2334 2113 vis
2371 2059 2478 2127 jam
2523 2059 2636 2111 sine
2680 2055 2892 2127 querela
2931 2057 3092 2112 virat.
3132 2055 3246 2111 Non
3283 2055 3423 2112 enim
3460 2060 3846 2130 qualecumque

2254 2153 2410 2206 etiam
2457 2151 2760 2205 lentationis
2803 2151 3085 2214 humanm,
3136 2151 3226 2204 sed
3265 2161 3426 2220 grave
3462 2160 3738 2220 peccatum
3763 2161 3846 2207 cst

2253 2241 2392 2312 quod
2425 2242 2475 2295 in
2503 2243 2769 2310 querelam
2793 2245 2959 2296 venit.

2323 2333 2410 2391 19.
2449 2335 2651 2388 Ctetera
2695 2343 2812 2404 quae
2842 2333 2914 2388 illi
2960 2333 3164 2402 objecta
3206 2343 3354 2397 sunt,
3389 2333 3522 2388 sicut
3548 2333 3722 2388 Gestis
3743 2333 3866 2390 de»

2251 2426 2391 2481 iensa
2428 2425 2745 2495 perviderit,
2775 2425 2843 2480 ita
2873 2424 3043 2480 dehis
3065 2425 3247 2494 procul
3273 2425 3433 2479 dubio
3455 2435 3541 2479 tua
3564 2425 3842 2481 Beatitudo

2242 2517 2517 2588 judicabit.
2542 2517 2695 2571 Dabit
2716 2528 2844 2571 sane
2865 2515 3018 2570 nobis
3050 2516 3255 2571 veniam
3285 2516 3515 2570 suavitas
3561 2517 3840 2572 mitissima

2247 2609 2424 2663 cordis
2445 2610 2518 2662 tui
2542 2652 2555 2675 ,
2581 2608 2719 2679 quod
2742 2608 3084 2678 prolixiorem
3112 2608 3388 2677 epistolam
3412 2606 3656 2662 fortassis
3677 2623 3835 2678 quam

2245 2701 2407 2757 velles
2453 2710 2554 2755 tum
2599 2703 2838 2756 misimus
2867 2700 3164 2758 Sanctitati.
3192 2699 3304 2753 Non
3327 2700 3468 2754 enim
3495 2701 3719 2755 rivulum
3743 2715 3838 2755 n0-

2243 2803 2411 2849 strum
2442 2804 2531 2848 tuo
2557 2793 2702 2865 largo
2727 2794 2856 2849 fonti
2883 2793 3125 2863 augendo
3150 2793 3514 2856 rel‘undimus;
3545 2792 3636 2847 sed
3662 2793 3837 2848 iubae

2242 2904 2350 2943 non
2383 2898 2556 2944 tamen
2587 2904 2742 2958 parva
2776 2887 3065 2942 tentatioue
3093 2885 3377 2956 temporis,
3410 2885 3550 2940 unde
3582 2900 3676 2939 nos
3698 2885 3832 2942 libe-

2242 2989 2323 3035 ret
2348 2979 2430 3035 cui
2462 2979 2688 3036 dicimus
2708 3024 2721 3048 ,
2759 2979 2840 3034 Ne
2866 2981 3173 3051 nosinferas
3200 2979 3253 3032 in
3283 2978 3621 3042 ten‘tationem,
3654 2989 3831 3034 utrum

2240 3073 2398 3127 etiam
2422 3083 2636 3140 noster,
2660 3073 2781 3128 lieet
2810 3073 3059 3143 exiguus,
3093 3087 3158 3127 ex
3198 3072 3384 3126 eodem
3403 3087 3506 3141 quo
3527 3072 3831 3129 etiam-tuus

2239 3165 2514 3220 abundans
2535 3209 2548 3229 ,
2577 3175 2790 3220 emanet
2814 3166 2986 3236 capite
3012 3163 3351 3229 ﬂuentorum,
3371 3163 3472 3219 hoc
3492 3180 3522 3218 a
3545 3172 3595 3220 te
3615 3163 3830 3235 probari

2237 3261 2482 3315 volumus
2515 3259 2720 3330 tuisque
2743 3260 3015 3330 rescriptis
3036 3257 3103 3314 de
3127 3258 3394 3314 communi
3422 3258 3825 3329 participatione

2236 3353 2393 3407 unius
2414 3352 2598 3423 gratiae
2620 3352 2902 3407 consolari.

2624 3467 2954 3524 EPISTOLA
2979 3457 3280 3522 CLXXVIII
3297 3469 3314 3488 ⁶

2233 3582 2541 3652 Augustinus
2588 3579 2825 3645 Hilario,
2875 3581 2939 3634 de
2986 3579 3266 3649 Pelagiana
3313 3577 3488 3634 haeresi
3529 3575 3724 3632 duabus
3770 3576 3827 3631 in

2668 3673 2844 3742 Africa
2872 3672 3097 3726 conciliis
3122 3671 3382 3724 dantnata.

2232 3766 2459 3821 Domino
2495 3765 2802 3820 beatissimo
2822 3805 2836 3828 ,
2877 3774 2929 3818 et
2961 3765 3010 3818 in
3038 3762 3237 3820 Christi
3263 3762 3488 3817 veritate
3518 3760 3824 3816 venerando

2301 3857 2454 3912 fratri
2481 3867 2535 3913 et
2562 3857 2930 3912 consacerdoti
2963 3857 3186 3912 [humo
3219 3854 3290 3928 (ὁ)
3314 3897 3330 3923 ,
3361 3855 3731 3920 Aaeasrmns,
3764 3853 3824 3909 in

2301 3949 2526 4004 Domino
2553 3949 2803 4004 salutem.

2301 4067 2353 4122 1.
2387 4065 2724 4121 Honorabilis
2745 4063 2883 4118 ﬁlius
2909 4072 3090 4118 noster
3111 4061 3376 4117 Palladius
3397 4067 3520 4116 cum
3539 4061 3609 4118 de
3631 4068 3822 4118 nostra

2229 4159 2408 4214 littore
2447 4158 2750 4227 navigaret,
2798 4153 3110 4211 beneﬁcium
3150 4153 3419 4226 poscendo
3443 4154 3611 4224 magis
3639 4152 3815 4220 dedit,

2230 4259 2289 4305 ut
2314 4265 2418 4304 non
2461 4250 2632 4304 solum
2655 4265 2777 4304 eum
2807 4247 3124 4317 Benignitati
3147 4255 3251 4301 tute
3271 4289 3286 4312 ,
3316 4261 3497 4302 verum
3521 4246 3678 4300 etiam
3700 4259 3820 4300 meo

2230 4345 2401 4413 ipsum
2429 4343 2531 4398 tuis
2551 4343 2880 4397 orationibus
2903 4340 3362 4406 commendarem,
3384 4339 3600 4394 domine
3623 4339 3819 4394 beatis-

2229 4436 2396 4502 sime,
2441 4441 2495 4489 et
2533 4435 2586 4488 in
2615 4433 2813 4489 Christi
2839 4433 3096 4488 charitate
3118 4430 3421 4486 venerande
3449 4430 3631 4484 frater.
3661 4427 3818 4496 Quod

2229 4539 2347 4580 cum
2376 4526 2512 4581 iacio
2532 4568 2545 4590 ,
2577 4526 2814 4595 profecto
2844 4532 2898 4579 et
2923 4523 3190 4579 Sanctitas
3215 4534 3302 4578 tua
3319 4521 3482 4578 faciet
3508 4521 3646 4592 quod
3668 4521 3735 4575 de
3763 4522 3822 4577 te

2227 4618 2386 4674 ambo
2427 4618 2815 4687 prtesuniimus.
2850 4617 2982 4684 Qui:
3001 4625 3185 4671 autem
3210 4616 3353 4670 circa
3379 4629 3480 4669 nos
3509 4614 3650 4678 sint,
3674 4621 3818 4682 quos

2228 4711 2369 4764 niam
2392 4708 2503 4764 scio
2525 4709 2864 4764 dilectionem
2885 4717 3116 4764 ve9tram
3144 4721 3241 4778 pro
3269 4706 3420 4762 nobis
3440 4745 3458 4772 ,
3485 4705 3622 4761 sicut
3642 4712 3696 4758 et
3715 4718 3815 4759 no-

2229 4811 2392 4859 stram
2410 4817 2508 4874 pro
2534 4803 2685 4858 vobis
2707 4813 2825 4857 esse
2845 4802 3148 4866 sollicitam,
3176 4813 3207 4856 α
3226 4808 3526 4857 memoratu
3549 4799 3822 4871 perlatore

2291 4959 2311 4979 ‘
2333 4965 2463 5024 Hanc
2483 4958 2847 5024 emendavimns
2865 4957 2927 5008 ad
2947 4955 3018 5009 bl.
3039 4958 3116 5012 cb.
3131 4956 3184 5008 Ε.
3207 4971 3292 5024 gs.
3321 4970 3417 5010 rm.
3438 4970 3515 5010 vc.
3534 4964 3741 5022 quantm
3761 4971 3814 5009 νδ

2229 5028 2280 5072 et
2301 5022 2361 5070 ad
2383 5031 2481 5070 Am.
2507 5021 2614 5070 uad.
2639 5027 2711 5069 Er.
2739 5027 2848 5070 Lov.

2292 5105 2522 5170 (a_)_..\lias
2542 5103 2604 5152 04
2628 5118 2639 5152 :
2667 5117 2776 5170 qute
2800 5109 2962 5152 antem
2987 5099 3076 5153 178
3101 5105 3225 5166 erat,
3270 5110 3399 5153 nunc
3442 5104 3495 5153 in
3539 5099 3815 5165 Appendice
3841 5085 3854 5170 ξ

2231 5173 2307 5218 est
2332 5167 2407 5215 19.
2432 5168 2611 5228 scripta
2635 5167 2810 5214 eodem
2834 5173 3076 5226 tempore.
3184 5227 3189 5228 ί
3250 5227 3258 5228 ί
3331 5225 3344 5228 Α
3526 5225 3549 5228 Δγ
3590 5226 3597 5228 _
3670 5223 3712 5228 Α,
3843 5167 3854 5212 ,ί

2289 5228 2362 5292 (b)
2396 5223 2621 5278 Hilarium
2643 5228 2806 5288 istan,
2827 5230 2907 5278 cui
2931 5223 3260 5292 catuacet‘doti
3278 5225 3486 5292 salutem
3509 5225 3641 5284 dicit,
3667 5223 3713 5292 id
3739 5228 3817 5272 est
3849 5273 3855 5287 ,

2227 5286 2549 5354 coepiseolzo,
2571 5291 2709 5354 juxta
2755 5286 3164 5354 ttzs.r(x_)rbeieusis
3207 5288 3587 5354 inscriptionem,
3630 5286 3814 5354 quique

2227 5355 2276 5404 id
2297 5349 2587 5401 muneris’iti
2610 5355 2792 5401 (ranam
2811 5351 2942 5401 trinis
2963 5352 3182 5413 partibus
3202 5349 3494 5400 sustinuisse
3521 5349 3820 5413 intelligitur

2231 5430 2294 5466 ex
2318 5414 2425 5464 aliis
2447 5414 2694 5473 Augustini
2705 5415 2888 5472 verbis,
2911 5409 3564 5474 Mudimttteriuisustiiceris
3586 5409 3816 5518 cumdie?

2231 5494 2341 5518 ρςςμ
2364 5493 2420 5518 an
2440 5479 2665 5518 Hilarium
2690 5477 3065 5518 Narlmnensmn.
3090 5473 3147 5518 ad
3171 5487 3319 5518 unum
3342 5473 3554 5518 lusimus
3574 5477 3706 5518 anno

2230 5494 2342 5532 esse
2364 5493 2420 5529 ac
2440 5479 2666 5542 Hilarium
2690 5477 3065 5542 barbonensem,
3090 5473 3147 5522 ad
3171 5487 3319 5536 quem
3342 5473 3707 5542 lesimus_ann_o_’

2227 5543 2435 5601 scripsit.
2460 5540 2708 5589 Credimus
2749 5549 2893 5601 porro
2935 5533 3493 5601 diversum—esse,_tum
3538 5536 3599 5583 ab
3638 5533 3820 5581 Hilari!

2229 5596 2516 5661 Arelatensi,
2540 5604 2622 5665 qui
2647 5596 2973 5665 episcopatum
2995 5606 3112 5665 ante
3134 5611 3310 5665 annum
3333 5596 3428 5665 4'28
3451 5610 3554 5665 non,
3569 5601 3812 5665 suscetggt;

2231 5647 2621 5717 iii.ii§t§'iiii..i313
2637 5647 2748 5711 viiii
2761 5647 2939 5724 iiii};
2962 5647 3050 5724 qui
3070 5647 3082 5704 ί
3111 5662 3388 5721 υέιιδιὶιιιιιη
3413 5658 3654 5724 ipsumd‘e
3677 5647 3810 5705 r6131

2231 5731 2371 5788 uiam
2395 5726 2569 5774 hceresl
2594 5727 2641 5774 in
2672 5723 2826 5788 Sicilia
2853 5721 3142 5788 (emergente
3187 5723 3448 5788 certiorem
3491 5721 3697 5788 facient!
3722 5729 3816 5788 per

2234 5785 2438 5844 litmras,
2463 5791 2655 5836 circiter
2679 5801 2754 5834 an.
2802 5787 2893 5835 4H
2919 5799 2930 5833 :
2956 5787 3086 5846 quip;
3109 5798 3136 5832 e
3161 5797 3268 5831 cum
3291 5786 3414 5846 iste,
3427 5785 3506 5831 cui
3531 5795 3657 5846 nunc
3696 5785 3818 5846 scri-

2232 5856 2379 5917 bitur,
2405 5839 2704 5915 tit-tagtanam
2747 5839 2987 5898 hteresitu'
3017 5839 3250 5897 tia‘ctcnus
3569 5839 3812 5895 nam.
