4154 6354
334 382 443 439 ’1ῗῦ

335 498 516 556 audiet
542 496 809 554 Sanctitas
823 495 1311 551 tua.Verumtamen
1327 493 1469 565 quod
1489 496 1719 550 maxime
1739 508 1927 550 neces-

335 592 534 647 sarium
562 600 645 645 est
666 590 897 645 breviter
911 588 1103 643 dicam.
1127 586 1269 641 Nova
1295 586 1538 657 qumdam
1570 587 1792 640 lizeresis
1828 586 1929 639 iui-

336 684 473 740 ntiea
503 684 687 753 gratiae
717 682 910 737 Christi
950 690 1133 735 contra
1160 680 1451 735 Ecciesiam
1478 678 1675 733 Christi
1702 680 1931 732 conatur

335 791 655 848 exsurgere;
673 775 767 830 sed
796 774 1030 829 nondum
1052 773 1322 828 evidenter
1342 773 1407 827 ab
1430 772 1665 826 Ecclesia
1688 779 1931 839 separata

337 877 420 925 est
436 884 449 922 :
468 867 740 922 hominum
758 866 961 921 scilicet
981 866 1069 935 qui
1094 873 1293 919 tantum
1311 863 1508 917 audent
1525 862 1816 916 inﬁrmitati
1837 862 1932 914 Iru-

336 976 510 1018 manat
540 960 773 1015 tribuere
803 959 1075 1029 potestatis
1099 958 1115 988 ¹
1138 997 1152 1024 ,
1181 964 1239 1010 ut
1263 957 1364 1010 hoc
1390 955 1563 1009 solum
1589 953 1655 1008 ad
1686 953 1777 1007 Dei
1806 968 1931 1023 gra—

337 1055 469 1110 tiam
513 1054 781 1126 pertinere
809 1050 1170 1117 contendant,
1203 1049 1343 1120 quod
1371 1063 1489 1103 cum
1520 1049 1688 1102 libero
1714 1046 1932 1099 arbitrio

337 1156 393 1204 et
436 1161 544 1202 non
590 1144 844 1216 peccandi
891 1142 1241 1213 possibilitate
1283 1142 1448 1195 creati
1496 1155 1712 1203 sumus,
1761 1147 1812 1191 et
1842 1136 1933 1189 Dei

338 1242 587 1298 mandata
625 1256 744 1312 qua:
777 1256 808 1293 a
845 1238 1000 1293 nobis
1030 1238 1379 1307 implerentur
1405 1234 1741 1302 accepimus:
1772 1239 1929 1285 ciete-

338 1349 459 1390 rum
500 1333 566 1387 ad
611 1332 794 1386 eadem
836 1329 1082 1384 mandata
1128 1328 1387 1382 servanda
1415 1336 1468 1381 et
1497 1324 1761 1395 implenda
1793 1322 1933 1375 nullo

338 1424 520 1481 tliViuo
540 1423 801 1492 adiutorio
821 1434 918 1477 nos
940 1428 1115 1491 egere.
1129 1420 1493 1474 Necessarium
1508 1432 1633 1472 vero
1648 1416 1801 1470 nobis
1818 1429 1935 1468 esse

338 1514 710 1571 notissioncm
737 1521 1075 1582 peccatorum
1096 1553 1111 1577 ,
1142 1511 1261 1580 quia
1287 1525 1347 1564 ea
1370 1526 1487 1579 qum
1505 1524 1535 1561 a
1558 1507 1707 1561 nobis
1730 1507 1778 1559 in
1798 1520 1934 1574 prte-

340 1607 552 1661 ter'rtum
592 1604 874 1661 malefacta
921 1613 1080 1669 sunt,
1124 1604 1317 1657 infecta
1346 1602 1520 1656 facere
1545 1616 1652 1655 non
1674 1600 1931 1653 valemus.

338 1697 601 1753 Cavendis
625 1706 801 1751 autem
833 1697 1021 1750 futuris
1051 1694 1433 1763 vincendisque
1462 1693 1691 1762 peccatis
1713 1734 1726 1757 ,
1760 1691 1934 1745 omni-

338 1792 546 1861 busque
593 1790 974 1845 tentationilms
1022 1790 1214 1842 virtute
1261 1786 1614 1856 separandis,
1666 1785 1780 1837 sine
1830 1783 1935 1836 ullo

338 1882 593 1951 deinceps
639 1881 902 1949 adiutorio
946 1880 1132 1950 gratiae
1180 1879 1273 1933 Dei
1318 1877 1542 1931 naturali
1585 1875 1936 1945 possibilitate

339 1972 626 2027 humanam
656 1971 902 2027 sufficere
926 1972 1273 2025 voluntatem.
1298 1969 1406 2023 Nec
1432 1968 1675 2037 parvulos
1703 1968 1936 2036 indigere

337 2066 505 2135 gratia
550 2064 870 2130 Salvatoris,
918 2077 1020 2133 qua
1062 2078 1160 2132 per
1194 2062 1310 2130 ejus
1350 2062 1667 2131 baptismum
1701 2076 1728 2111 a
1762 2059 1936 2129 pcrdi-

337 2160 484 2214 tione
513 2159 806 2214 liberentur
824 2199 837 2223 ,
865 2172 931 2213 eo
951 2158 1093 2228 quod
1116 2158 1322 2212 nullum
1347 2172 1413 2213 ex
1436 2156 1603 2211 Adam
1630 2156 1933 2225 contagium

340 2251 697 2307 damnationis
725 2252 1060 2306 attraxerint.

406 2346 460 2399 2.
493 2346 661 2412 Quam
689 2346 796 2399 sint
827 2346 940 2399 hmc
972 2345 1184 2399 inimica
1212 2345 1394 2414 gratiae
1421 2344 1514 2397 Dei
1539 2383 1552 2408 ,
1586 2357 1703 2413 qute
1728 2354 1825 2412 per
1847 2342 1933 2397 Je—

335 2442 452 2493 sum
506 2432 779 2493 Christum
808 2437 1091 2491 Dominum
1124 2442 1377 2492 nostrum
1397 2438 1627 2490 humano
1652 2436 1829 2506 germri
1858 2435 1935 2488 in-

334 2530 488 2585 dulta
524 2538 635 2595 est,
678 2539 734 2584 et
775 2528 1222 2599 quemadmodum
1268 2528 1430 2582 totius
1472 2526 1592 2581 ﬁdei
1632 2527 1934 2581 ehristiana‘e

334 2622 687 2677 fundamenta
728 2622 970 2676 evertere
1014 2623 1332 2686 moliantur,
1381 2620 1622 2690 pervidet
1660 2620 1932 2672 nobiscum

335 2714 723 2769 Venerabilitas
763 2722 960 2767 vestra.
1010 2712 1194 2782 Neque
1236 2712 1372 2782 apud
1419 2724 1513 2767 vos
1549 2723 1725 2767 tacere
1750 2714 1934 2767 t‘lebui—

334 2819 456 2859 mus
479 2846 493 2870 ,
546 2812 605 2857 ut
651 2803 914 2872 ejusmodi
957 2803 1202 2857 homines
1224 2846 1238 2869 ,
1270 2816 1404 2873 quos
1432 2803 1643 2871 quidem
1673 2804 1847 2856 sanari
1882 2805 1932 2856 in

335 2894 599 2961 Ecclesia,
641 2909 799 2963 quam
850 2910 914 2948 ex
960 2894 1046 2948 illa
1090 2895 1322 2948 resecari
1371 2894 1538 2963 magis
1579 2894 1823 2947 volumus
1877 2904 1932 2948 ct

334 2990 587 3056 optamus
606 3028 620 3053 ,
644 3002 767 3041 cura
790 2987 1046 3056 pastorali
1091 2986 1343 3041 caveatis.
1375 2986 1493 3041 .lam
1520 2987 1660 3041 enim
1688 3002 1807 3041 cum
1834 2986 1932 3040 ista

334 3078 659 3141 scriberem,
707 3092 1128 3147 cognoveramus
1170 3078 1220 3130 in
1270 3078 1496 3132 ecclesia
1526 3076 1934 3146 Carthaginensi

334 3170 592 3224 adversus
638 3174 731 3224 eds
766 3171 1087 3240 episcopalis
1114 3171 1325 3225 conciiii
1351 3171 1623 3225 conditum
1656 3171 1817 3225 fuisse
1840 3171 1935 3226 de-

335 3272 539 3316 cretum
560 3296 579 3327 ν
629 3270 723 3332 per
746 3262 1023 3332 epistolam
1052 3274 1238 3317 sancto
1262 3272 1317 3316 ct
1347 3262 1637 3316 venerabili
1666 3262 1822 3330 Papae
1852 3263 1936 3316 ln-

336 3354 585 3408 uocentio
627 3353 959 3422 dirigendum
985 3353 1041 3419 ²;
1087 3362 1140 3407 et
1180 3368 1278 3406 nos
1323 3351 1389 3406 de
1429 3353 1655 3406 concilio
1675 3352 1935 3408 Numidia:

335 3444 405 3499 ad
450 3444 694 3499 eamdem
738 3443 1087 3514 apostolicam
1130 3444 1323 3499 Sedem
1360 3443 1473 3514 jam
1512 3444 1757 3499 simiiiter
1795 3444 1932 3500 scri-

336 3540 633 3606 psermrms.

410 3630 462 3682 5.
493 3629 689 3685 Omnes
716 3629 861 3684 enim
887 3629 975 3699 qui
1001 3642 1148 3698 spem
1182 3626 1441 3682 habemus
1466 3628 1518 3681 in
1540 3627 1781 3693 Christo,
1813 3628 1935 3682 huic

337 3721 605 3792 pestifera:
664 3723 923 3793 impietati
982 3722 1234 3777 res'iStere
1267 3762 1283 3791 ,
1326 3736 1551 3792 eamque
1599 3721 1937 3777 concorditer

337 3813 592 3869 damnare
632 3824 693 3869 et
736 3815 1080 3870 anathemare
1121 3815 1380 3869 debemus
1420 3831 1435 3867 :
1477 3829 1593 3885 qua!
1622 3815 1936 3870 contradicit

343 3906 503 3960 etiam
533 3907 862 3961 orationibus
888 3909 1114 3973 nostris,
1142 3907 1440 3962 concedens
1468 3907 1683 3977 quidem
1710 3919 1767 3962 ut
1791 3909 1934 3964 dica-

336 4013 491 4061 mus,
528 3998 739 4053 Dimitte
770 4000 911 4053 nobis
951 4000 1117 4053 debita
1155 4009 1347 4064 nostra,
1379 4000 1505 4052 sicut
1534 4010 1580 4053 et
1604 4016 1694 4054 nos
1723 4002 1933 4053 dimitti-

337 4105 451 4144 mus
474 4091 776 4145 debitoribus
804 4090 988 4145 nostris
1009 4091 1221 4162 (Matth.
1254 4106 1306 4147 vt
1326 4134 1339 4155 ,
1372 4091 1497 4164 12‘);
1527 4104 1579 4147 et
1603 4094 1704 4147 hoc
1722 4095 1790 4147 ita
1808 4108 1935 4148 con-

337 4186 571 4249 cedens,
612 4194 676 4238 ut
718 4190 923 4238 asserat
952 4184 1223 4239 hominem
1251 4185 1303 4237 in
1332 4184 1435 4239 hoc
1458 4187 1785 4253 corruptibili
1816 4200 1937 4240 cor-

334 4290 471 4350 pore
515 4276 659 4347 quod
702 4275 948 4345 aggravat
985 4276 1249 4343 animam,
1290 4286 1453 4346 posse
1500 4277 1611 4330 suis
1640 4277 1843 4330 viribus
1868 4277 1935 4331 ad

345 4380 550 4424 tantam
591 4369 847 4439 justitiam
887 4368 1203 4438 pervenire,
1246 4375 1301 4422 ut
1329 4380 1504 4437 neque
1528 4366 1630 4421 hcc
1658 4367 1733 4421 illi
1760 4368 1829 4421 sit
1856 4368 1936 4421 di—

345 4467 472 4518 cere
508 4458 910 4527 mteSS‘ai’Mti,
944 4460 1169 4515 Dimitte
1204 4460 1345 4514 tam
1378 4458 1553 4513 debita
1582 4467 1771 4512 nostra.
1805 4457 1933 4513 lllttd

338 4567 468 4610 vero
496 4554 635 4625 quod
661 4556 933 4625 sequitur,
970 4552 1055 4607 Ne
1077 4570 1168 4607 nos
1194 4553 1384 4623 inferas
1402 4552 1455 4606 in
1482 4553 1801 4607 tentatianem
1826 4552 1931 4626 (ID.

342 4647 446 4714 η,
480 4647 570 4717 Hii
591 4688 605 4712 ,
638 4652 743 4701 non
768 4647 850 4701 sic
874 4646 1142 4716 accipiunt
1169 4652 1416 4716 tamquam
1446 4644 1587 4699 Deus
1610 4644 1843 4699 arandus
1866 4646 1935 4699 sit

342 4748 448 4809 quo
488 4746 586 4793 nos
629 4739 697 4793 ad
734 4739 1074 4809 Superandas
1110 4739 1431 4793 tentationes
1455 4738 1667 4808 adjuvet
1692 4745 1935 4807 peccato-

342 4840 460 4889 rum
476 4873 493 4902 ,
524 4832 617 4888 sed
640 4840 706 4889 ne
725 4834 1001 4903 quisquam
1028 4833 1240 4887 irruens
1260 4831 1608 4901 corporaliter
1632 4844 1728 4884 uos
1749 4828 1936 4884 imula;

342 4934 443 4981 nus
479 4932 635 4980 cimus
676 4924 905 4996 afﬂigat;
946 4925 1193 4995 quoniam
1220 4928 1559 4994 peccatorum
1616 4923 1936 4978 tentationcs

343 5017 557 5074 vincere
579 5018 647 5073 ita
676 5018 744 5073 sit
761 5019 873 5089 jam
895 5018 946 5072 in
977 5024 1155 5071 nostra
1185 5017 1415 5088 positum
1446 5024 1736 5087 potestate,
1766 5015 1937 5087 possi-

350 5107 553 5165 bilitate
594 5119 798 5164 natura:
819 5151 834 5177 ,
877 5116 936 5165 tit
954 5110 1055 5163 hoc
1075 5106 1301 5164 inaniter
1322 5108 1710 5179 impetrandum
1733 5109 1935 5163 oratio-

346 5198 500 5254 nibus
547 5200 887 5256 arbitrcmur.
930 5198 1045 5254 Non
1086 5206 1369 5269 possuntus
1408 5216 1508 5254 una
1537 5201 1759 5270 epistola
1789 5199 1937 5257 brevi

346 5293 525 5347 omnia
564 5293 648 5348 vel
680 5294 907 5363 plurima
937 5298 1100 5347 tantae
1132 5291 1417 5361 impietatis
1446 5301 1757 5362 argumenta
1785 5292 1937 5347 colli-

344 5390 473 5454 gere
496 5425 511 5451 ,
550 5385 847 5454 praesertim
876 5387 999 5455 quia
1024 5384 1145 5439 etim
1172 5383 1275 5438 ista
1305 5383 1696 5439 conScribercm
1719 5426 1733 5450 ,
1764 5386 1937 5455 perla-

348 5482 491 5531 tt’ires
534 5476 828 5547 navigaturi
866 5490 953 5531 me
996 5470 1267 5530 immorari
1296 5470 1505 5531 diutius
1533 5488 1641 5531 non
1668 5475 1933 5533 sinebant.

408 5676 517 5745 ‘Jtn
553 5683 659 5726 Mss.
683 5674 960 5740 plerisque,
981 5674 1281 5740 inﬁrmitatis
1317 5673 1542 5726 humarat
1574 5673 1786 5726 tribuere
1807 5678 1937 5740 pete-

350 5744 588 5874 Ὕίωι,
610 5800 876 5874 [νυζρεςηείο
893 5800 1220 5874 dirigentium;
1238 5809 1285 5855 et
1300 5814 1401 5855 nos.
1427 5810 1482 5853 At
1502 5802 1613 5853 add.
1640 5802 1939 5866 antiquiores

351 5870 405 5915 et
424 5869 530 5916 Mss.
556 5866 661 5917 tres
680 5867 849 5929 Vnum,

1521 374 2001 435 EPISTULARUSI
2034 373 2313 436 CLASSIS
2349 374 2437 436 ΠΙ.

2037 494 2172 549 Puto
2208 504 2383 551 autem
2409 508 2694 552 onerosum
2720 508 2808 555 me
2832 508 2939 556 non
2964 499 3125 557 Missis
3152 502 3351 558 sanctis
3377 505 3622 563 sensibus

2038 589 2140 641 tuis
2159 628 2172 651 τ
2213 588 2356 659 quod
2386 589 2452 643 de
2484 601 2629 646 tanto
2654 594 2795 646 man
2815 636 2827 657 ,
2858 596 3107 665 omnique
3132 596 3402 666 vigilantia
3427 600 3445 631 ί
3464 639 3483 668 ,
3514 599 3625 655 Do-

2037 681 2183 735 mino
2212 680 2530 751 adjuvante.
2565 685 2811 753 vitando,
2847 697 3024 742 tacere
3050 700 3155 743 non
3187 692 3353 761 potui.

2442 798 2768 860 nrrsrom
2809 804 3064 863 CLXXIX
3097 812 3115 833 θ
3142 809 3236 881 (α).

2041 884 2352 962 Augustinus
2402 886 2593 949 lumini
2641 898 2874 967 episcopo
2911 897 3340 973 Jeros’olymitmio
3362 945 3373 967 ,
3403 913 3629 974 relegem

2111 983 2312 1057 Pelagii
2342 987 2567 1041 Im’resim
2608 996 2889 1047 sordentem
2926 995 2976 1048 in
3013 996 3121 1064 ejus
3155 994 3301 1061 libro,
3336 994 3479 1065 quem
3522 999 3620 1069 ipsi

2113 1081 2402 1133 transmittit
2444 1088 2541 1134 una
2579 1100 2691 1136 cum
2733 1084 2858 1139 libro
2893 1087 2954 1140 de
2992 1078 3193 1141 Natura
3233 1099 3277 1143 et
3312 1086 3487 1144 Gratia
3510 1108 3542 1144 a
3570 1108 3626 1145 se

2112 1180 2285 1226 contra
2329 1175 2479 1227 istum
2525 1172 2815 1244 elaborato;
2871 1192 3040 1250 petens
3089 1183 3302 1237 vicissim
3352 1194 3408 1239 ut
3462 1188 3626 1242 mittat

2114 1261 2262 1319 Gesta
2300 1266 2637 1321 ecclesiastica
2658 1268 3028 1340 Diuspolitana:
3048 1268 3247 1345 synodi,
3271 1276 3447 1346 quibus
3470 1270 3628 1332 Pela-

2110 1359 2221 1427 gius
2248 1370 2494 1430 purgatus
2524 1377 2629 1414 esse
2655 1360 2961 1431 perhibetur.
3512 1408 3523 1413 η

2042 1449 2269 1504 Domino
2310 1444 2619 1506 beatissimo
2651 1494 2666 1520 ,
2722 1470 2785 1509 ac
2827 1456 3019 1511 merito
3060 1459 3346 1513 venerabili
3390 1458 3536 1515 fratri
3584 1471 3638 1517 et

2112 1544 2430 1613 coepismpo
2465 1544 2674 1613 JOANNI,
2711 1546 3081 1616 AUGUSTINUS,
3123 1550 3177 1605 in
3219 1550 3443 1607 Domino
3483 1553 3632 1608 salu-

2115 1640 2241 1691 tem.

2113 1751 2164 1805 1.
2205 1742 2357 1818 Quod
2395 1760 2499 1806 tum
2539 1752 2848 1811 Sanctitatis
2886 1756 3083 1826 scripta
3120 1772 3223 1811 non
3253 1757 3458 1825 merui,
3490 1758 3623 1812 nihil

2040 1841 2211 1895 audeo
2260 1859 2621 1899 succensere:
2662 1847 2852 1901 melius
2897 1848 3038 1903 enim
3093 1848 3415 1919 perlatorem
3473 1850 3634 1905 credo

2041 1936 2301 2003 defuisse,
2336 1954 2494 2007 quam
2524 1954 2609 1993 me
2650 1940 2893 2009 suspicor
2920 1955 2950 1995 a
2989 1948 3077 1995 tua
3118 1941 3471 1996 ‘iencralione
3505 1958 3635 1996 con-

2045 2034 2302 2097 temptum
2330 2071 2344 2094 ,
2378 2029 2594 2084 domine
2638 2031 2978 2099 beatissime,
3006 2041 3061 2086 et
3088 2033 3277 2087 merito
3314 2034 3633 2090 venerabilis

2041 2117 2225 2173 frater.
2269 2120 2417 2173 Nunc
2443 2137 2569 2176 vero
2598 2123 2846 2191 quoniam
2885 2138 3097 2178 servum
3139 2125 3233 2179 Dei
3272 2126 3506 2191 Lucam,
3538 2141 3634 2196 per

2041 2227 2199 2281 quem
2232 2212 2329 2266 ista
2357 2214 2525 2267 direxi
2550 2257 2565 2281 ,
2599 2216 2705 2269 cito
2726 2217 2963 2286 comperi
2991 2232 3110 2271 esse
3130 2217 3420 2272 rediturum
3440 2260 3454 2284 ,
3477 2234 3633 2289 agam

2043 2304 2288 2369 Domino,
2316 2316 2369 2361 el.
2390 2316 2492 2361 tum
2514 2308 2826 2376 benignitati
2850 2310 3041 2365 uberes
3065 2310 3282 2380 gratias,
3308 2311 3351 2363 si
3373 2326 3458 2366 me
3487 2312 3634 2366 iitte-

2041 2396 2115 2450 ris
2163 2397 2326 2451 fueris
2370 2399 2585 2453 visitare
2620 2399 2884 2469 dignatus.
2934 2401 3206 2472 Pelagium
3248 2417 3373 2456 vero
3416 2402 3633 2458 fratrem

2040 2488 2280 2541 nostrum
2300 2529 2312 2552 ,
2346 2488 2509 2543 ﬁlium
2540 2498 2687 2543 tuum
2710 2533 2724 2556 ,
2756 2508 2911 2561 quem
2945 2492 3102 2547 audio
3128 2492 3269 2562 quod
3300 2494 3521 2548 multum
3552 2494 3634 2549 di-

2040 2580 2180 2650 ligis,
2214 2582 2349 2636 hanc
2380 2582 2452 2635 illi
2475 2598 2703 2652 suggero
2728 2584 2982 2639 exhibeas
3002 2585 3638 2653 (iilcctioncm,’uthomi-

2040 2689 2137 2728 nes
2158 2675 2245 2744 qui
2273 2690 2395 2730 eum
2424 2684 2684 2730 noverunt
2710 2685 2763 2731 et
2791 2677 3074 2747 diligenter
3100 2680 3399 2746 audierunt,
3433 2695 3539 2735 non
3564 2679 3634 2735 ab

2040 2780 2105 2819 eo
2126 2773 2273 2845 tuam
2296 2767 2641 2822 Sanctitatcm
2672 2769 2977 2823 existiment
3006 2769 3136 2824 falli.

2110 2858 2163 2910 2.
2206 2858 2336 2912 Nam
2368 2860 2580 2929 quidam
2606 2876 2668 2914 ex
2698 2860 2970 2930 discipulis
2992 2862 3106 2931 ejus
3133 2861 3497 2918 adolescentes
3527 2862 3627 2917 lto-

2041 2950 2343 3004 neslissime
2369 2952 2500 3016 uati,
2532 2961 2585 3006 et
2612 2952 2867 3007 institutis
2897 2953 3203 3008 liberalibus
3230 2954 3448 3024 eruditi,
3481 2971 3633 3024 spem

2039 3056 2198 3110 quam
2230 3040 2491 3096 habebant
2522 3043 2573 3096 in
2605 3044 2819 3108 smculo,
2856 3045 2973 3113 ejus
3003 3045 3377 3101 exhortatione
3408 3046 3629 3102 dimise-

2039 3141 2163 3185 runt
2193 3134 2234 3198 ²,
2267 3142 2320 3188 ct
2343 3150 2400 3187 se
2421 3134 2489 3188 ad
2522 3136 2613 3188 Dei
2648 3136 2921 3189 servitium
2943 3139 3300 3193 contulerunt.
3344 3137 3402 3192 In
3440 3140 3637 3207 quibus

2043 3233 2218 3278 tamen
2286 3240 2405 3279 cum
2462 3229 2832 3295 apparuissent
2889 3227 3130 3297 quaedam
3184 3244 3328 3283 sana:
3376 3229 3636 3284 doctrina:

2044 3316 2400 3383 adversantia,
2424 3334 2542 3387 quae
2580 3317 2869 3374 Salvatoris
2896 3320 3184 3387 Evangelia
3215 3322 3517 3377 continetur
3536 3363 3550 3387 .
3580 3332 3636 3379 et

2040 3408 2348 3477 apostolicis
2374 3410 2711 3464 sermonibus
2741 3412 3058 3477 declaratur,
3088 3413 3138 3467 id
3164 3423 3247 3469 est
3270 3430 3390 3469 cmn
3424 3416 3631 3470 inveni-

2040 3506 2228 3552 rentur
2267 3507 2451 3553 contra
2491 3501 2585 3555 Dei
2620 3503 2841 3570 gratiam
2878 3502 3172 3572 disputare.
3211 3515 3428 3575 propter
3470 3523 3634 3577 quam

2042 3589 2316 3644 christiani
2341 3606 2545 3658 sumus,
2576 3603 2629 3646 et
2656 3594 2708 3646 iu
2732 3609 2835 3663 qua
2867 3594 3058 3663 spiritu
3082 3611 3146 3650 ex
3174 3597 3277 3652 ﬁde
3306 3613 3454 3666 spem
3476 3598 3635 3667 justi-

2044 3681 2129 3735 tim
2154 3692 2543 3753 exspectamus,
2570 3685 3089 3741 ctadmouitionibus
3112 3689 3308 3742 nostris
3338 3689 3635 3759 inciperent

2041 3776 2349 3841 emendari;
2383 3777 2645 3831 dederunt
2667 3780 2797 3832 mihi
2828 3780 3040 3845 librum,
3068 3797 3223 3851 quem
3262 3781 3501 3852 ejusdem
3535 3782 3635 3837 Pe-

2039 3867 2159 3937 lagii
2189 3882 2307 3923 esse
2346 3868 2613 3934 dixerunt,
2645 3878 2893 3941 rogantes
2930 3880 2988 3925 ut
3027 3872 3075 3925 ci
3118 3872 3291 3941 potius
3337 3872 3631 3942 responde—

2040 3976 2151 4013 rem
2180 3978 2190 4012 :
2219 3960 2359 4029 quod
2384 3970 2725 4031 posteaquam
2756 3963 2858 4016 vidi
2892 3979 2979 4018 me
3018 3963 3191 4019 facere
3220 3964 3436 4029 debere,
3473 3972 3531 4019 ut
3568 3980 3635 4020 eo

2040 4050 2200 4104 modo
2240 4066 2390 4105 error
2426 4053 2539 4120 ipse
2562 4052 2793 4105 nefarius
2836 4052 2903 4107 de
2940 4053 3191 4107 cordibus
3231 4069 3416 4109 eorum
3452 4055 3633 4124 perie-

2039 4140 2178 4194 etius
2207 4140 2524 4203 auferretur,
2557 4141 2655 4209 legi
2691 4152 2851 4210 atque
2876 4143 3147 4211 respondi.

2113 4233 2165 4286 5.
2198 4232 2254 4286 1η
2300 4232 2399 4286 hoc
2433 4233 2569 4286 libro
2612 4234 2697 4288 illc
2740 4234 2833 4287 Dei
2870 4235 3090 4301 gratiam
3124 4249 3228 4289 non
3265 4236 3494 4305 appellat
3527 4230 3633 4292 nisi

2041 4333 2305 4390 naturam,
2329 4340 2434 4394 qua
2463 4324 2635 4379 libero
2661 4325 2881 4379 arbitrio
2905 4326 3100 4380 coaditi
3128 4343 3331 4383 sumus.
3364 4327 3506 4382 illam
3533 4344 3630 4384 ve-

2041 4432 2121 4481 ro,
2148 4432 2306 4485 quam
2338 4418 2811 4472 innumerabilibus
2840 4418 3157 4473 testimoniis
3183 4429 3363 4475 sancta
3394 4418 3633 4492 Scriptu-

2040 4524 2098 4563 ra
2126 4508 2484 4575 commendat,
2517 4525 2576 4563 ea
2607 4525 2705 4564 nos
2725 4509 3024 4579 justiﬁcari,
3049 4511 3152 4567 hoc
3186 4521 3286 4578 est,
3311 4512 3485 4583 justos
3514 4512 3632 4569 ﬁeri

2040 4601 2257 4666 docens,
2284 4611 2337 4658 et
2366 4604 2415 4656 in
2447 4604 2591 4658 omni
2615 4618 2775 4672 opere
2800 4604 2959 4671 bono,
2982 4605 3095 4660 sive
3120 4606 3345 4676 agendo,
3374 4608 3487 4664 sive
3508 4624 3631 4678 pcr-

2040 4693 2290 4762 ﬁcicndo,
2321 4690 2413 4750 Dei
2442 4694 2805 4752 misericordia
2832 4696 3040 4766 juvari;
3068 4698 3211 4768 quod
3240 4699 3397 4753 etiam
3428 4698 3628 4754 oratio-

2040 4802 2136 4843 nes
2156 4796 2462 4843 sanctorum
2487 4789 2823 4859 apertissime
2868 4790 3175 4859 ostendunt,
3217 4792 3411 4862 quibus
3438 4808 3501 4847 ea
3541 4809 3634 4862 pe-

2040 4889 2222 4936 tuntur
2248 4896 2281 4935 a
2313 4882 2555 4945 Domino,
2585 4898 2702 4951 qua:
2730 4882 3107 4952 prmcipiuntur
3130 4898 3160 4937 a
3188 4882 3413 4938 Domino
3446 4902 3458 4937 :
3495 4884 3632 4939 hanc

2041 4987 2167 5043 ergo
2196 4973 2419 5043 gratiam
2446 4988 2551 5026 non
2576 4974 2747 5028 solum
2779 4983 2935 5040 tacet,
2959 4976 3051 5029 sed
3080 4975 3127 5030 ei
3167 4976 3431 5030 contraria
3466 4976 3629 5030 multa

2042 5064 2293 5135 loquitur.
2336 5065 2582 5120 Afﬁrmat
2615 5066 2757 5121 enim
2781 5108 2796 5133 ,
2840 5068 3289 5138 vehementerque
3328 5068 3624 5136 contendit,

2043 5172 2138 5226 per
2175 5156 2347 5212 solum
2390 5156 2611 5211 liberum
2642 5158 2915 5213 arbitrium
2946 5158 3044 5213 sibi
3076 5152 3358 5214 humanam
3387 5161 3633 5217 sufﬁcere

2044 5262 2200 5318 posse
2226 5258 2466 5301 naturam
2490 5248 2554 5301 ad
2578 5249 2899 5318 operandam
2929 5249 3187 5320 justitiam
3236 5260 3286 5306 et
3320 5253 3496 5307 omnia
3536 5253 3632 5309 Det

2041 5338 2291 5395 mandata
2312 5340 2593 5395 servanda.
2636 5341 2783 5398 Unde
2814 5342 2930 5413 quis
2964 5358 3069 5397 non
3098 5343 3292 5412 videat,
3321 5361 3445 5401 cum
3474 5362 3628 5402 eum-

2106 5474 2126 5542 ξ
2152 5482 2251 5542 Arn.
2274 5470 2384 5523 Bad.
2407 5476 2483 5542 Er.
2505 5479 2559 5523 et
2578 5474 2759 5542 aliqum
2780 5481 2907 5542 Mss,
2928 5473 3140 5542 omnium

2107 5538 2127 5568 ³
2161 5538 2238 5601 sic
2277 5536 2505 5601 emendat
2547 5539 2700 5601 code;
2749 5538 2913 5601 Satio”
2949 5551 3057 5601 nam
3084 5539 3129 5601 in
3158 5536 3283 5601 Δκὶὶ1ι1.
3330 5541 3626 5601 legebatur:

2043 5596 2238 5648 Erudili
2258 5611 2401 5661 quam
2418 5597 2651 5647 habebant
2674 5597 2723 5647 iu
2740 5597 2917 5648 amcitia
2926 5599 3302 5651 alienationem
3327 5596 3628 5655 diiitiserunt.

2106 5680 2125 5700 ‘
2148 5680 2280 5731 Edita
2313 5678 2437 5743 ιιι.ὺο
2472 5687 2578 5731 Inv.
2622 5680 2687 5731 e‘x
2728 5688 2812 5731 Ms.
2844 5682 2993 5732 \‘atlc.
3020 5683 3066 5733 in
3092 5688 3187 5747 quo
3210 5684 3313 5736 solo
3336 5696 3362 5736 ιι
3386 5687 3527 5738 nobis
3548 5700 3629 5739 re-

2044 5751 2183 5877 gem
2349 5804 2439 5879 ξ)ὕὲ
2462 5819 2473 5854 :
2500 5819 2610 5868 quae
2654 5814 2818 5858 autem
2866 5810 2953 5858 179
2994 5818 3124 5871 erat,
3149 5812 3403 5864 1151116130.
3450 5814 3627 5879 Scripta

2046 5866 2172 5919 circa
2193 5866 2326 5918 idem
2347 5866 2555 5918 ieiunus.
