4112 6346
1635 228 1806 256 “Lis

506 333 614 395 πε

507 451 632 511 dem
659 450 850 510 librum
872 451 1079 523 legerit,
1110 449 1554 523 quemadmodum
1573 458 1908 522 oppugnetur
1921 449 2091 520 gratia

510 544 628 614 Dei,
675 545 743 600 de
770 561 873 615 qua
899 545 1027 600 dicit
1064 545 1385 615 Apostolus,
1420 542 1578 598 Miser
1607 560 1696 614 ego
1735 543 1884 596 homo
1922 543 1942 598 !
1980 543 2092 613 quis

509 654 589 691 me
614 637 840 692 liberabit
883 636 946 691 de
984 652 1194 706 corpore
1236 636 1415 689 mortis
1450 636 1640 706 hujus?
1665 634 1840 689 Gratia
1863 635 1961 691 Dei
2003 652 2093 706 per

507 726 786 782 Dominum
808 738 1036 782 nostrum
1062 727 1096 781 J
1103 745 1238 782 esum
1260 724 1516 782 Christum
1539 726 1693 798 (Rom
1734 744 1831 795 vtt,
1852 727 1943 796 24,
1973 727 2089 800 25);

506 831 564 877 et
586 822 762 876 nullus
797 821 944 876 locus
969 821 1151 876 divino
1193 821 1458 891 adjutorio
1497 822 1842 892 relinquatur,
1877 831 2094 892 propter

508 914 649 984 quod
678 923 890 968 orantes
917 913 1096 968 dicere
1119 912 1431 978 debeamus,
1465 911 1550 968 Ne
1576 930 1666 968 nos
1689 913 1878 980 inferas
1906 913 1959 966 in
1982 921 2094 966 ten-

508 1005 744 1058 tationem
769 1002 980 1076 (Matth.
1012 1019 1089 1069 vt,
1123 1004 1254 1074 i5);
1288 1004 1402 1058 sine
1440 1018 1598 1058 causa
1633 1003 1790 1058 etiam
1837 1004 2092 1058 Dominus

506 1095 748 1165 apostolo
796 1095 955 1149 Petro
995 1093 1193 1150 dixisse
1234 1094 1494 1159 videatur,
1524 1093 1719 1167 Rogavi
1771 1111 1860 1164 pro
1915 1103 1980 1160 te,
2032 1111 2094 1150 ne

507 1189 707 1256 deﬁciat
737 1188 862 1256 ﬁdes
891 1196 980 1241 tua
1007 1187 1160 1258 (Luc.
1195 1203 1330 1254 xxu,
1362 1186 1477 1253 52‘),
1509 1187 1551 1241 si
1582 1187 1685 1245 hoc
1715 1195 1879 1242 totum
1913 1187 1965 1241 in
1992 1202 2090 1241 no-

504 1280 587 1336 bis
610 1280 754 1335 nullo
789 1280 985 1335 auxilio
1012 1280 1126 1346 Dei,
1159 1279 1253 1335 sed
1282 1288 1541 1350 potestate
1577 1279 1864 1334 voluntatis
1892 1279 2083 1350 imple-

505 1372 629 1427 tur?

574 1464 629 1520 4.
669 1463 765 1519 llis
806 1463 985 1534 itaque
1009 1463 1457 1533 disputationibus
1488 1463 1755 1532 perversis
1791 1471 1846 1519 et
1871 1462 2047 1535 impiis
2073 1506 2087 1531 ,

504 1573 611 1612 non
647 1557 816 1611 solum
855 1556 1237 1612 contradicitur
1265 1554 1594 1610 orationibus
1623 1556 1820 1610 nostris
1843 1598 1858 1622 ,
1899 1556 2092 1626 quibus

503 1661 534 1701 a
568 1647 790 1700 Domino
836 1647 1063 1716 petimus
1092 1646 1345 1717 quidquid
1385 1655 1599 1702 sanctos
1625 1647 1840 1716 petiisse
1868 1647 2091 1717 legimus

503 1749 556 1793 et
586 1749 863 1805 tenemus;
892 1755 1074 1793 verum
1101 1739 1259 1794 etiam
1289 1738 1748 1794 benedictionibus
1773 1739 1971 1794 nostris
2000 1755 2088 1795 re-

435 1889 445 1894 _
502 1830 707 1885 sistitur
727 1872 743 1898 ,
767 1830 979 1902 quando
999 1846 1160 1901 super
1180 1831 1431 1901 populum
1463 1831 1690 1886 dicimus
1705 1872 1718 1896 ,
1746 1840 1992 1901 aptantes
2012 1832 2092 1886 eis

502 1931 558 1978 et
607 1931 887 1994 poscentes
923 1939 953 1977 a
997 1923 1254 1992 Domino,
1295 1933 1353 1978 ut
1394 1939 1489 1980 eos
1527 1924 1798 1979 abundare
1841 1924 1999 1979 faciat
2036 1926 2090 1980 in

503 2015 762 2072 charitate
801 2017 1050 2082 invicem,
1081 2028 1134 2072 et
1163 2017 1215 2071 in
1245 2031 1434 2072 omnes
1459 2017 1513 2090 (l
1537 2016 1710 2072 Thess.
1743 2034 1799 2073 ιιι
1819 2058 1834 2085 ,
1865 2016 2006 2092 12),
2037 2026 2092 2074 et

501 2108 588 2164 det
616 2109 694 2163 eis
727 2108 1018 2164 secundum
1041 2108 1252 2165 divitias
1277 2109 1461 2180 gloria:
1481 2125 1593 2164 sua:
1619 2110 1812 2165 virtute
1832 2111 2087 2167 corrobo-

501 2200 607 2254 rari
635 2215 730 2270 per
749 2199 1002 2270 Spiritum
1034 2201 1150 2270 ejus
1197 2200 1414 2272 (Ep/tes.
1465 2218 1544 2266 ut,
1599 2201 1719 2276 {6);
1772 2213 1826 2258 et
1874 2204 2092 2274 impleat

505 2307 598 2346 eos
625 2292 770 2346 omni
797 2292 1011 2361 gaudio,
1040 2301 1094 2347 et
1121 2307 1249 2362 pace
1269 2293 1323 2347 in
1348 2292 1637 2359 credendo,
1665 2304 1719 2348 et
1739 2295 2006 2349 abundent
2036 2295 2089 2348 in

503 2397 620 2454 spe,
645 2392 700 2439 et
729 2387 964 2454 potentia
981 2383 1219 2463 Spiritus
1242 2386 1411 2439 sancti
1443 2385 1618 2458 (Rom.
1636 2401 1732 2452 xv,
1754 2386 1863 2457 15).
1892 2385 2088 2457 thuid

505 2478 586 2533 eis
608 2479 708 2532 ista
728 2478 978 2549 petimus,
1007 2494 1126 2548 qum
1153 2478 1362 2549 populis
1389 2493 1419 2530 a
1449 2478 1673 2532 Domino
1702 2479 1918 2549 petiisse
1948 2483 2088 2549 Apo-

500 2569 694 2625 stolum
730 2570 1007 2637 novimus,
1045 2570 1090 2624 si
1133 2569 1244 2640 jam
1280 2579 1468 2625 natura
1509 2579 1710 2638 nostra,
1746 2580 1923 2626 creata
1967 2588 2088 2627 cum

501 2659 672 2716 libero
697 2659 950 2727 arbitrio,
986 2662 1163 2714 omnia
1191 2659 1307 2714 haec
1333 2661 1432 2716 sibi
1471 2668 1648 2731 potest
1687 2677 1782 2716 sua
1819 2663 2090 2720 voluntate

501 2751 796 2821 praestare?
835 2750 1019 2822 utquid
1059 2753 1220 2806 etiam
1263 2750 1391 2805 dicit
1437 2751 1574 2807 idem
1617 2752 1731 2822 ipse
1781 2754 2086 2823 Apostolus,

506 2843 763 2912 Quotquot
785 2843 917 2897 enim
947 2842 1146 2913 Spiritu
1175 2841 1274 2896 Dei
1313 2853 1566 2914 aguntur,
1599 2843 1652 2897 lii
1688 2844 1785 2913 '/ilii
1817 2854 1932 2898 sunt
1959 2844 2090 2913 Dei;

501 2931 548 2992 si
575 2937 763 3006 spiritu
803 2944 1006 2990 natura:
1047 2943 1242 2990 nostra:
1285 2935 1511 3006 agimur,
1566 2944 1623 2990 ut
1656 2937 1950 2992 efﬁciamur
1993 2937 2090 2994 ﬁlii

501 3026 638 3083 Dei?
667 3027 851 3098 utquid
875 3027 1006 3082 dicit
1033 3027 1300 3093 similiter,
1334 3026 1560 3098 Spiritus
1587 3027 1795 3098 adjuvat
1815 3028 2088 3096 infirmita-

499 3127 600 3175 tem
626 3118 982 3187 nostramUd.
1014 3135 1106 3174 vm
1131 3161 1147 3186 ,
1181 3119 1274 3184 M,
1303 3119 1434 3188 26);
1468 3119 1510 3174 si
1558 3128 1747 3174 natura
1787 3130 1972 3175 nostra
2010 3120 2089 3177 sic

500 3222 677 3269 creata
705 3221 805 3279 est,
837 3221 895 3268 ut
929 3213 1127 3280 Spiritu
1165 3212 1231 3266 ad
1271 3228 1431 3282 opera
1461 3212 1680 3282 justitize
1715 3227 1820 3266 non
1856 3213 2088 3283 indigeat

500 3306 782 3377 adjuvari?
822 3305 1007 3376 utquid
1045 3305 1300 3374 scriptum
1327 3314 1447 3370 est,
1481 3303 1678 3359 Fidelis
1720 3315 1889 3359 autem
1925 3305 2084 3372 Deus,

498 3397 584 3469 qui
614 3414 715 3452 non
743 3397 991 3471 permittet
1017 3413 1103 3452 vos
1124 3397 1306 3451 tentari
1325 3414 1476 3468 super
1495 3397 1548 3450 id
1567 3398 1702 3467 quod
1729 3399 1930 3466 potestis
1951 3440 1966 3463 ,
1998 3398 2088 3452 sed

499 3491 650 3563 faciet
678 3507 792 3545 cum
818 3490 1088 3545 tentatione
1117 3491 1264 3544 etiam
1297 3491 1512 3554 exitum,
1534 3500 1589 3545 ut
1616 3493 1818 3562 possitis
1845 3493 2089 3548 sustinere

504 3581 549 3654 (l
591 3581 708 3636 Cor.
742 3598 801 3648 x,
830 3582 958 3653 15);
990 3583 1032 3637 si
1058 3583 1166 3651 jam
1198 3582 1265 3635 ita
1301 3583 1499 3637 conditi
1541 3597 1758 3647 sumus,
1802 3592 1858 3638 ut
1887 3584 2087 3638 viribus

501 3673 653 3728 liberi
690 3673 892 3728 arbitrii
926 3673 1203 3729 universas
1235 3673 1554 3728 tentationes
1589 3674 1900 3730 sustinendo
1929 3690 2088 3745 supe-

498 3781 620 3822 rare
640 3766 943 3838 possimus?

570 3857 625 3914 5.
664 3857 801 3927 Quid
827 3858 1069 3929 pluribus
1097 3872 1248 3927 agam
1274 3857 1415 3927 apud
1449 3856 1791 3912 Sanctitatem
1812 3858 2086 3913 vestram?

497 3950 926 4022 quandoquidem
965 3965 1051 4006 me
1093 3965 1379 4005 onerosum
1426 3950 1641 4015 sentio;
1691 3953 1920 4007 maxime
1963 3952 2086 4023 quia

497 4058 597 4114 per
623 4043 968 4114 interpretem
994 4041 1146 4097 audis
1170 4042 1376 4097 litteras
1403 4058 1570 4097 meas.
1599 4042 1656 4098 Si
1687 4042 1902 4114 diligitis
1929 4044 2084 4099 Pela-

496 4136 640 4210 gium
660 4177 676 4202 ,
708 4134 892 4207 diligat
925 4149 1022 4190 vos
1053 4135 1212 4191 etiam
1240 4135 1372 4205 ipse,
1405 4135 1514 4190 imo
1539 4137 1705 4208 magis
1735 4138 2004 4208 seipsum;
2033 4149 2088 4193 et

497 4245 605 4286 non
622 4244 718 4286 vos
744 4228 906 4285 fallat.
932 4228 1063 4283 Cum
1092 4228 1230 4285 enim
1250 4227 1444 4284 auditis
1464 4244 1584 4283 eum
1606 4229 1846 4284 conﬁteri
1863 4231 2082 4300 gratiam

496 4321 594 4377 Dei
623 4330 678 4378 et
703 4320 1023 4393 adjutorium
1056 4319 1172 4384 Dei,
1198 4320 1393 4390 putatis
1433 4319 1534 4374 hoc
1569 4337 1690 4376 eum
1733 4321 1914 4376 dicere
1943 4322 2084 4391 quod

497 4423 553 4471 et
576 4428 672 4469 vos
696 4413 786 4484 qui
820 4413 1080 4469 catholica
1109 4412 1290 4482 regula
1324 4412 1530 4482 sapitis,
1570 4414 1820 4483 quoniam
1865 4413 1990 4484 quid
2031 4414 2085 4469 in

497 4504 636 4559 libro
659 4518 757 4558 suo
782 4503 1054 4573 scripserit
1080 4502 1354 4572 ignoratis.
1385 4503 1611 4572 Propter
1641 4505 1741 4558 hoc
1763 4546 1779 4572 ,
1821 4505 1991 4574 ipsum
2024 4505 2087 4558 li-

497 4595 654 4652 brum
678 4596 818 4662 misi,
841 4604 896 4650 et
919 4610 1095 4649 meum
1119 4610 1225 4666 quo
1249 4595 1297 4650 ei
1319 4595 1605 4665 respondi;
1637 4596 1780 4651 unde
1801 4597 2086 4667 perspiciat

499 4686 887 4745 Venerabilitas
920 4694 1096 4741 vestra
1123 4727 1136 4751 ,
1174 4702 1332 4756 quam
1381 4687 1603 4757 gratiam
1642 4687 1724 4741 vel
1761 4687 2082 4757 adjutorium

500 4781 594 4839 Dei
622 4780 784 4845 dicat,
806 4776 1017 4850 quando
1045 4777 1121 4832 illi
1146 4777 1392 4846 objicitur
1413 4778 1551 4848 quod
1573 4778 1754 4848 gratia:
1792 4778 1886 4834 Dei
1914 4789 1968 4833 et
1987 4778 2085 4834 ad-

494 4873 698 4948 jutorio
735 4870 1082 4928 contradicat.
1115 4868 1344 4925 Proinde
1366 4867 1589 4926 ostende
1617 4868 1692 4923 illi
1729 4868 2005 4935 docendo,
2033 4879 2087 4926 et

502 4968 786 5032 hortando,
811 4975 866 5022 et
891 4980 992 5038 pro
1015 4963 1130 5035 ejus
1157 4963 1349 5030 salute,
1368 4979 1487 5033 quae
1516 4962 1571 5017 in
1595 4961 1809 5018 Christo
1834 4979 1954 5019 esse
1987 4963 2084 5019 de-

501 5064 614 5131 bet,
642 5059 864 5125 orando,
896 5066 1115 5131 ut.cam
1163 5055 1254 5110 Dei
1293 5055 1514 5126 gratiam
1553 5055 1886 5121 conﬁteatur,
1927 5071 2085 5126 quam

504 5157 796 5229 probantur
832 5150 999 5207 sancti
1027 5149 1120 5206 Dei
1149 5148 1312 5204 luisse
1337 5148 1567 5205 confessi
1588 5191 1602 5214 ,
1637 5165 1758 5203 cum
1798 5165 1829 5203 a
1863 5149 2086 5203 Domino

503 5265 566 5306 ea
606 5247 704 5320 ipsi
752 5251 995 5317 peterent
1018 5257 1138 5313 qua:
1177 5241 1280 5297 illis
1323 5241 1537 5311 iubebat
1563 5248 1622 5295 ut
1646 5239 1883 5297 facerent
1912 5259 1925 5295 :
1955 5258 2088 5312 quo-

502 5343 646 5399 niam
668 5352 842 5410 neque
862 5335 1195 5408 iuberentur,
1225 5334 1329 5389 nisi
1357 5342 1411 5389 ut
1436 5341 1617 5388 nostra
1641 5334 1888 5389 voluntas
1907 5345 2089 5391 osten-

498 5436 754 5500 duretur;
777 5445 951 5502 neque
970 5437 1298 5500 peterentur,
1317 5426 1418 5482 nisi
1438 5426 1788 5481 utvoluntatis
1803 5425 2087 5483 inﬁrmitas
2114 5503 2116 5505 j

503 5528 574 5585 ab
600 5527 694 5583 illo
720 5526 809 5597 qui
834 5523 1090 5596 jusserat,
1112 5520 1405 5592 iuvaretur.

575 5619 630 5676 6.
669 5619 866 5690 Aperte
891 5616 1247 5686 interrogetur
1282 5622 1461 5669 utrum
1499 5612 1550 5669 ei
1587 5611 1793 5684 placeat
1826 5613 2086 5672 orandum

501 5728 623 5773 esse
645 5728 676 5768 a
705 5711 930 5768 Domino
953 5724 1024 5765 ne
1051 5722 1354 5780 peccemus.
1380 5707 1534 5775 Quod
1562 5707 1610 5762 si
1633 5707 1684 5762 ei
1712 5707 1971 5778 displicet,
2004 5709 2085 5765 le-

501 5815 657 5890 gatur
683 5805 736 5862 in
764 5802 980 5860 auribus
1003 5801 1120 5878 ejus
1140 5801 1428 5875 Apostolus
1452 5799 1658 5872 dicens,
1687 5797 1904 5857 Oramus
1915 5810 2084 5864 autem

1746 328 1804 388 S.
1845 330 2212 390 AUGUSTINI
2249 331 2553 394 EPISCOPI

2200 450 2270 504 ad
2300 443 2485 522 Deum,
2528 471 2591 509 ne
2611 455 2734 523 quid
2759 456 2958 527 faciatis
2987 460 3109 514 mali
3139 460 3205 530 (ll
3229 461 3347 518 Cor.
3377 479 3491 531 xm,
3515 465 3604 535 7):
3629 469 3673 523 si
3697 485 3791 526 au-

2198 550 2308 599 tem
2351 545 2564 615 placet,
2603 556 2785 617 aperte
2819 549 3072 618 prmdicct
3110 552 3335 622 gratiam
3379 571 3481 626 qua
3515 555 3785 629 juvamur,

2196 648 2264 689 ne
2293 635 2310 666 ¹
2341 636 2454 706 ipse
2485 636 2638 692 faciat
2661 638 2885 696 multum
2915 640 3058 695 mali.
3092 641 3203 697 Hac
3226 645 3366 698 enim
3390 650 3558 716 gratia
3583 650 3676 705 Dei
3694 667 3790 723 per

2195 723 2378 780 Jesum
2414 726 2687 782 Christum
2718 730 3000 786 Dominum
3039 741 3282 790 nostrum
3323 751 3512 794 omnes
3553 741 3788 798 liberau-

2197 825 2316 884 tur,
2360 818 2682 889 quicumque
2720 820 3052 877 liberantur:
3085 826 3334 894 quoniam
3370 844 3549 896 nemo,
3595 841 3788 900 praeter

2197 908 2400 978 ipsam,
2447 911 2688 982 quolibet
2725 914 2830 969 alio
2867 915 3027 970 modo
3071 916 3284 972 liberari
3331 930 3526 991 potest.
3563 922 3816 994 Propter:

2198 999 2302 1057 hoc
2321 1002 2577 1072 scriptum
2603 1014 2706 1070 est,
2738 1005 2884 1061 Sicut
2909 1007 2962 1061 in
2985 1006 3152 1062 Adam
3185 1025 3357 1065 omnes
3389 1013 3694 1084 moriuntur,
3716 1020 3786 1070 sic

2195 1104 2243 1149 et
2269 1096 2320 1149 in
2348 1096 2550 1152 Clu-isto
2575 1115 2747 1154 omnes
2774 1100 3158 1170 vivificabuntur
3187 1103 3231 1176 (l
3260 1105 3382 1159 Cor.
3407 1119 3501 1171 xv,
3519 1107 3613 1179 22)
3639 1127 3652 1140 ·
3675 1126 3784 1164 non

2195 1191 2318 1260 quia
2339 1207 2498 1248 nemo
2524 1193 2893 1262 damnabitur;
2921 1197 3016 1252 sed
3039 1197 3158 1267 quia
3187 1213 3344 1253 nemo
3369 1201 3525 1256 aliter
3541 1203 3779 1258 liberabio

2196 1290 2282 1336 tur
2303 1285 2346 1338 '.
2374 1284 2508 1352 Quia
2537 1287 2672 1341 sicut
2694 1287 2819 1341 nulli
2847 1287 2946 1341 nisi
2977 1303 3074 1357 per
3099 1288 3268 1343 Adam
3297 1291 3388 1344 ﬁlii
3417 1292 3670 1360 hominis,
3701 1294 3769 1347 ita

2195 1373 2326 1428 nulli
2357 1375 2456 1429 nisi
2500 1391 2593 1445 per
2628 1376 2899 1432 Christum
2942 1378 3038 1433 ﬁlii
3080 1379 3196 1433 Dei.
3237 1377 3437 1436 Omnes
3480 1381 3660 1452 itaque
3691 1382 3784 1438 lili.

2196 1465 2424 1522 hominis
2454 1469 2664 1523 nonnisi
2707 1485 2802 1539 per
2837 1469 3036 1536 Adam,
3067 1480 3120 1526 et
3145 1485 3334 1527 omnes
3358 1487 3424 1527 ex
3453 1473 3534 1527 eis
3561 1471 3658 1528 ﬁlii
3694 1471 3787 1528 Dei

2196 1561 2408 1615 nonnisi
2457 1575 2552 1630 per
2597 1561 2871 1616 Christum
2918 1562 3035 1617 ﬁeri
3079 1572 3321 1633 possunt.
3369 1565 3566 1633 Aperte
3612 1564 3787 1634 itaque

2195 1652 2353 1706 etiam
2399 1650 2524 1706 hinc
2551 1653 2814 1723 exprimat
2846 1652 2975 1723 quid
3022 1653 3252 1720 sentiat;
3283 1663 3463 1707 utrum
3508 1653 3714 1724 placeat
3741 1654 3787 1708 ei

2199 1743 2358 1796 etiam
2406 1743 2655 1811 parvulos
2699 1744 2787 1812 qui
2833 1742 3066 1798 nondum
3105 1743 3366 1814 justitiam
3398 1752 3623 1813 possunt
3652 1743 3787 1797 velle

2201 1833 2282 1888 vel
2310 1833 2473 1898 nolle,
2515 1842 2692 1888 tamen
2724 1845 2941 1904 propter
2975 1850 3137 1888 unum
3179 1833 3590 1904 hominem,per
3629 1850 3786 1904 quem

2195 1935 2472 1996 peccatum
2497 1925 2710 1981 intravit
2738 1925 2791 1980 in
2821 1927 3101 1994 mundum,
3119 1934 3174 1980 et
3198 1943 3292 1996 per
3307 1936 3586 1996 peccatum
3610 1942 3778 1991 mors,

2197 2024 2255 2072 et
2300 2017 2372 2071 ita
2398 2017 2449 2071 in
2483 2033 2671 2073 omnes
2701 2017 2944 2073 homines
2983 2018 3323 2088 pertransiit,
3355 2018 3408 2072 in
3456 2033 3565 2088 quo
3601 2033 3789 2072 omnes

2193 2119 2548 2180 peccaverunt
2573 2109 2745 2182 (Rom.
2776 2126 2832 2175 v,
2864 2110 2976 2180 η),
3015 2125 3111 2181 per
3149 2110 3349 2165 Christi
3387 2111 3611 2180 gratiam
3654 2110 3786 2164 libe-

2195 2201 2304 2254 rari
2338 2219 2349 2254 :
2381 2211 2558 2255 utrum
2586 2203 2745 2257 etiam
2769 2217 2868 2272 pro
2905 2201 3032 2272 ipsis
3058 2200 3231 2257 fusum
3261 2202 3447 2257 credat
3475 2202 3786 2272 sanguinem

2194 2289 2392 2346 Christi
2416 2301 2630 2361 propter
2665 2279 2922 2362 originale
2962 2301 3268 2360 peccatum,
3297 2291 3386 2362 qui
3416 2291 3598 2360 utique
3625 2291 3676 2344 iu
3704 2306 3789 2344 re-

2194 2381 2502 2436 missionem
2531 2381 2678 2436 fusus
2708 2369 2788 2436 est
2816 2391 3150 2451 peccatorum
3181 2380 3390 2452 (Matth.
3417 2396 3527 2444 xvt,
3559 2380 3676 2453 28).
3710 2381 3786 2435 De

2195 2471 2278 2526 bis
2309 2473 2545 2527 maxime
2579 2473 2646 2527 ab
2677 2473 2766 2528 illo
2791 2475 3034 2528 volumus
3055 2489 3214 2530 nosse
3251 2474 3378 2544 quid
3406 2474 3618 2538 credat,
3664 2473 3790 2544 quid

2201 2572 2403 2631 teneat,
2426 2564 2552 2636 quid
2579 2575 2724 2620 certe
2743 2566 3060 2620 conﬁteatur
3083 2575 3136 2621 et
3163 2566 3433 2636 praedicet.
3459 2566 3514 2620 In
3545 2567 3664 2621 aliis
3688 2581 3781 2620 au-

2195 2664 2301 2712 tem
2327 2674 2448 2729 quae
2468 2658 2545 2711 illi
2565 2657 2908 2727 objiciuntur,
2948 2659 3156 2713 etiamsi
3202 2675 3388 2714 errare
3421 2658 3788 2722 convincitur.

2197 2758 2376 2806 tamen
2397 2749 2572 2805 donec
2589 2750 2908 2818 corrigatur,
2943 2751 3272 2805 tolerabilius
3299 2752 3606 2804 sustinetur.

2265 2843 2319 2898 7.
2361 2843 2492 2898 Peto
2518 2844 2678 2898 etiam
2704 2843 2858 2897 nobis
2886 2843 3280 2910 transmittere,
3312 2843 3508 2913 quibus
3536 2841 3789 2912 perhibe-

2195 2943 2284 2990 tur
2310 2950 2432 2991 esse
2462 2945 2715 3005 purgatus
2735 2977 2750 3000 ,
2777 2934 3139 2990 ecclesiastica
3167 2933 3326 2989 Gesta
3352 2933 3605 3008 digneris.
3635 2932 3789 3000 Quod

2195 3043 2263 3082 ex
2292 3027 2582 3082 multorum
2608 3028 2980 3098 episcoporum
3015 3027 3284 3084 desiderio
3321 3036 3463 3098 peto,
3507 3042 3641 3098 quos
3676 3043 3788 3082 me-

2192 3135 2314 3176 cum
2341 3120 2410 3175 de
2429 3119 2530 3175 hac
2553 3135 2614 3176 re
2641 3119 2785 3176 fama
2805 3121 3007 3176 incerta
3032 3119 3310 3191 perturbat
3340 3136 3354 3174 :
3381 3119 3477 3175 sed
3503 3120 3624 3174 ideo
3644 3119 3790 3174 solus

2192 3212 2297 3269 hoc
2340 3212 2552 3284 scripsi,
2583 3213 2707 3284 quia
2746 3214 3086 3269 occasionem
3121 3213 3399 3284 perlatoris
3435 3211 3732 3268 festinantis
3756 3227 3788 3266 a

2198 3304 2393 3372 nobis,
2449 3319 2606 3374 quem
2661 3304 2770 3359 cito
2820 3303 2888 3358 ad
2931 3319 3031 3359 nos
3073 3303 3248 3360 audivi
3300 3317 3459 3374 posse
3504 3318 3787 3370 remeare,

2195 3397 2604 3469 praetermittere
2629 3397 2800 3452 nolui.
2824 3397 2934 3474 (Pro
2961 3397 3153 3468 quibus
3181 3394 3357 3451 Gestis
3378 3394 3489 3466 jam
3509 3393 3665 3450 nobis
3683 3393 3788 3448 mi-

2193 3489 2396 3544 sitnon
2432 3487 2645 3559 quidem
2673 3488 2833 3542 ullam
2876 3497 3078 3558 partem
3120 3487 3440 3553 Gestorum,
3471 3486 3567 3542 sed
3601 3501 3788 3556 quam~

2194 3579 2316 3633 dam
2347 3594 2377 3632 a
2407 3594 2466 3634 se
2497 3579 2854 3649 conscriptam
2893 3579 3041 3634 velut
3079 3577 3444 3636 defensionem
3482 3592 3654 3641 suam,
3683 3591 3786 3647 qua

2201 3686 2262 3728 se
2288 3671 2423 3726 dixit
2448 3671 2670 3742 objectis
2696 3671 3037 3742 respondisse
3057 3670 3330 3728 Gallorum
3360 3668 3457 3744 (a).
3489 3669 3545 3724 In
3578 3685 3706 3740 qua,
3727 3677 3786 3725 ut

2191 3763 2296 3817 alia
2316 3762 2581 3830 omittam,
2619 3777 2739 3817 cum
2771 3762 2837 3818 ad
2873 3761 3003 3817 illud
3030 3761 3411 3832 responderet,
3439 3760 3582 3832 quod
3609 3760 3658 3815 ei
3685 3761 3756 3815 ob
3779 3788 3790 3802 -

2187 3854 2387 3924 jectum
2435 3862 2535 3919 est,
2582 3869 2705 3909 enm
2736 3854 2935 3909 dixisse
2982 3869 3139 3925 posse
3187 3854 3459 3909 hominem
3501 3867 3623 3909 esse
3669 3851 3789 3908 sine

2192 3955 2431 4018 peccato,
2459 3955 2513 4002 et
2540 3946 2787 4002 mandata
2818 3947 2911 4002 Dei
2932 3947 3205 4003 custodire
3234 3947 3279 4002 si
3315 3947 3482 4011 velit,
3515 3944 3784 4012 Diximus,

2195 4038 2409 4108 inquit;
2437 4037 2568 4092 hanc
2596 4038 2729 4092 enim
2760 4037 2840 4092 illi
2877 4036 3018 4094 Deus
3051 4037 3429 4104 possibilitatem
3466 4036 3623 4091 dedit.
3663 4033 3786 4090 Non

2191 4129 2432 4196 diximus,
2460 4129 2699 4200 quoniam
2722 4129 3004 4184 inveniatur
3029 4130 3143 4200 quis
3181 4129 3244 4183 ab
3289 4128 3506 4199 infantia
3530 4143 3688 4198 usque
3720 4127 3787 4180 ad

2191 4232 2440 4276 senectam
2464 4263 2479 4289 ,
2518 4221 2606 4292 qui
2654 4237 2911 4292 nunquam
2969 4221 3284 4294 peccaverit;
3335 4221 3424 4275 sed
3464 4218 3706 4290 quoniam
3756 4235 3787 4271 a

2193 4314 2410 4384 peccatis
2433 4329 2702 4368 conversus
2731 4311 2902 4368 labore
2929 4313 3156 4385 proprio,
3188 4321 3234 4368 et
3257 4311 3424 4384 gratia
3450 4309 3546 4365 Dei
3575 4310 3787 4376 adiutus

2193 4414 2354 4474 potest
2374 4403 2560 4474 absque
2586 4413 2786 4475 peccato
2815 4419 2941 4470 esse,
2972 4418 3064 4458 nec
3093 4412 3299 4476 propter
3323 4404 3418 4457 hoc
3445 4402 3500 4456 in
3527 4411 3784 4460 posterum

2191 4495 2286 4550 erit
2312 4495 2726 4550 inconvertibilis.

2193 4594 2205 4640 t
2263 4588 2318 4642 8.
2359 4587 2416 4644 In
2445 4587 2545 4643 hac.
2573 4587 2774 4657 Pelagii
2792 4586 3140 4657 responsione
3157 4587 3333 4643 cernit
3351 4585 3668 4644 Reverentia
3695 4593 3787 4642 tua

2191 4679 2296 4735 hoc
2322 4695 2444 4735 eum
2485 4678 2648 4733 fuisse
2688 4677 3030 4747 confessum,
3059 4679 3292 4750 priorem
3323 4678 3554 4733 hominis
3582 4678 3782 4744 vitam,

2191 4787 2310 4842 quae
2337 4779 2421 4824 est
2441 4770 2509 4824 ab
2537 4770 2756 4826 infantia
2778 4811 2794 4835 ,
2824 4770 2942 4826 sine
2977 4780 3198 4840 peccato
3230 4784 3334 4824 non
3359 4784 3499 4834 esse,
3533 4769 3628 4824 sed
3662 4784 3787 4823 eum

2191 4863 2256 4918 ad
2286 4862 2450 4917 vitam
2480 4877 2599 4931 qua:
2619 4861 2735 4917 sine
2748 4871 2968 4933 peccato
2995 4862 3095 4930 sit,
3127 4863 3311 4918 labore
3341 4862 3559 4932 proprio
3595 4871 3650 4918 et
3690 4861 3789 4916 ad-

2188 4952 2306 5023 juto
2331 4967 2429 5022 per
2455 4951 2681 5023 gratiam
2712 4952 2808 5009 Dei
2836 4967 2994 5024 posse
3021 4952 3282 5008 converti.
3307 4952 3415 5007 Cur
3439 4967 3566 5023 ergo
3595 4952 3646 5006 in
3679 4951 3785 5008 hoc

2190 5045 2350 5112 libro,
2372 5045 2456 5100 cui
2481 5044 2765 5116 respondi,
2796 5045 2880 5100 vel
2906 5045 2975 5099 ita
3012 5044 3100 5100 hic
3129 5045 3324 5100 vixisse
3365 5043 3512 5109 dicit,
3555 5051 3616 5097 ut
3653 5043 3788 5100 nihil

2192 5136 2412 5191 omnino
2462 5135 2794 5206 peccaverit?
2833 5134 2965 5190 Nam
3013 5135 3132 5205 ejus
3169 5135 3238 5191 de
3277 5134 3378 5190 hac
3417 5149 3477 5190 re
3524 5133 3624 5188 ista
3661 5141 3788 5188 sunt

2191 5227 2354 5283 verba
2383 5244 2397 5281 :
2429 5227 2564 5294 Hoc,
2591 5227 2780 5299 inquit,
2804 5236 2937 5282 recte
2953 5227 3055 5280 dici
3079 5234 3236 5298 potest
3263 5226 3327 5281 de
3349 5226 3429 5280 his
3455 5242 3670 5295 quorum
3696 5243 3788 5280 ue-

2191 5335 2291 5391 que
2313 5319 2576 5386 bonorum,
2598 5335 2754 5391 neque
2783 5319 3032 5374 malorum
3064 5318 3334 5391 Scriptura
3367 5318 3430 5373 sit
3460 5333 3651 5372 memor
3678 5332 3700 5372 :
3722 5317 3786 5372 de

2191 5411 2295 5466 illis
2313 5426 2427 5466 vero
2446 5427 2662 5483 quorum
2687 5411 2907 5484 justitice
2945 5411 3204 5479 meminit,
3251 5419 3300 5465 et
3329 5418 3646 5481 peccatorum
3675 5410 3786 5466 sine

2257 5566 2275 5598 ί
2299 5571 2433 5627 Lov.,
2457 5569 2508 5616 ut
2523 5563 2644 5638 ipse.
2669 5571 2726 5615 At
2744 5571 2856 5616 Mss.
2879 5566 3051 5627 vatic.,
3071 5578 3133 5617 ne
3151 5566 3270 5637 ipse.

2255 5629 2277 5660 ³
2303 5634 2355 5677 ιιι
2376 5627 2588 5681 vulgatis
2607 5627 2714 5677 haec
2733 5627 2943 5678 deerant
2967 5641 2980 5676 :
3007 5637 3110 5679 Non
3138 5641 3254 5681 auia
3287 5641 3427 5680 neuio
3449 5627 3701 5681 denasabit

2255 5629 2277 5660 ³
2303 5634 2355 5677 ιιι
2376 5627 2588 5690 vulgatis
2607 5627 2714 5677 haec
2733 5627 2943 5678 deerant
2967 5641 2980 5676 :
3007 5637 3110 5679 Non
3138 5627 3254 5692 quia
3287 5641 3427 5680 neuio
3449 5627 3782 5694 damnabitur,

2191 5688 2416 5764 sedquia
2449 5701 2586 5739 nenia
2625 5686 2766 5740 aliter
2789 5687 3092 5752 liberabitur;
3115 5703 3226 5754 qua:
3249 5704 3314 5741 ex
3340 5699 3444 5740 Mss.
3471 5691 3617 5741 vatic.
3641 5691 3785 5742 resti-

2193 5756 2558 5878 mggjntlerotis
2579 5820 2632 5865 et
2651 5812 2825 5877 laxari,
2846 5813 2912 5866 de
2933 5814 3114 5878 quibus
3139 5815 3189 5864 in
3209 5815 3354 5878 Epist.
3382 5815 3488 5877 175,
3509 5827 3562 5867 ιι.
3585 5815 3633 5870 ί.
