4154 6354
411 378 510 435 πτ

408 494 560 549 dubio
586 494 908 564 meminisset,
933 514 974 551 si
990 514 1090 568 qua
1109 513 1196 551 eos
1216 512 1439 551 peccasse
1455 498 1709 552 ausisset.
1732 458 1867 553 Se,
1857 508 1983 565 esto,

406 583 598 654 inquit,
616 585 731 640 aliis
750 586 1052 656 temporibus
1070 587 1227 642 turba:
1258 588 1607 642 numerositate
1630 588 1849 641 omnium
1881 589 1986 643 dis-

405 675 718 731 simulaverit
750 686 958 748 peccata
975 687 1269 745 contexere;
1296 679 1349 732 in
1367 679 1477 750 ipso
1496 679 1664 733 statim
1682 678 1856 733 mundi
1878 680 1988 749 pri-

405 767 624 833 mordio,
646 766 732 821 ubi
747 769 946 823 nonnisi
961 779 1177 842 quatuor
1194 770 1419 824 homines
1434 778 1599 836 erant,
1621 770 1764 840 quid,
1793 771 1982 841 inquit,

406 856 639 923 dicimus,
686 873 781 912 cur
824 875 928 913 non
967 862 1190 914 omnium
1237 861 1451 915 voluerit
1506 860 1641 915 dicta
1675 861 1987 915 memorare?

410 944 658 1001 Utrumne
702 947 919 1019 ingentis
969 951 1308 1005 multitudinis
1360 967 1544 1018 causa,
1600 967 1713 1023 qua:
1762 951 1987 1005 nondum

405 1036 546 1091 erat?
568 1054 636 1092 an
650 1039 766 1109 quia
782 1038 986 1094 illorum
1002 1048 1218 1107 tantum,
1241 1042 1327 1111 qui
1351 1043 1717 1110 commiserant,
1736 1044 1982 1110 meminit,

412 1126 551 1197 illius
577 1144 691 1182 vero
713 1130 797 1200 qui
824 1130 969 1186 nulla
988 1132 1335 1200 commiserat,
1362 1134 1643 1187 meminisse
1666 1149 1767 1187 non
1786 1134 1987 1204 potuit?

405 1216 567 1284 Certe,
590 1217 782 1289 inquit,
827 1222 989 1290 primo
1009 1222 1062 1275 in
1091 1231 1310 1293 tempore
1322 1222 1486 1277 Adam
1506 1233 1551 1277 et
1570 1224 1699 1289 Eva,
1730 1241 1792 1278 ea:
1808 1225 1983 1295 quibus

412 1307 542 1361 Cain
586 1318 635 1363 et
671 1310 796 1366 Abel
831 1314 937 1366 nati
962 1323 1105 1378 sunt,
1130 1324 1343 1385 quatuor
1365 1317 1589 1372 homines
1615 1326 1805 1372 tantum
1829 1320 1985 1391 fuisse

407 1400 718 1470 referuntur.
770 1400 1002 1457 Peccavit
1045 1403 1200 1470 Eva;
1253 1405 1521 1477 Scriptura
1566 1409 1661 1463 hoc
1706 1410 1979 1480 prodidit:

402 1490 569 1545 Adam
609 1509 809 1563 quoque
842 1494 1087 1566 deliquit;
1131 1497 1303 1551 eadem
1357 1499 1627 1568 Scriptura
1660 1517 1760 1554 non
1788 1502 1982 1555 tacuit:

401 1580 488 1633 sed
529 1590 575 1634 et
604 1581 729 1637 Cain
762 1601 996 1656 peccasse
1018 1587 1131 1658 ipsa
1166 1605 1359 1675 quoque
1394 1590 1660 1660 Scriptura
1686 1600 1863 1646 testata
1887 1601 1977 1646 est.

404 1667 629 1733 Quorum
656 1689 756 1727 non
780 1675 927 1729 modo
952 1687 1177 1747 peccata,
1200 1667 1369 1732 verum
1394 1682 1544 1734 etiam
1566 1692 1882 1752 peccatorum
1906 1684 1981 1736 in-

398 1762 534 1816 dicat
556 1764 866 1833 qualitatem.
892 1766 1038 1834 Quod
1055 1769 1100 1822 si
1123 1778 1170 1823 et
1192 1769 1314 1824 Abel
1326 1773 1593 1842 peccasiet,
1613 1773 1800 1845 inquit,
1822 1775 1979 1829 ethoc

398 1870 507 1909 sine
529 1855 678 1912 dubio
705 1857 973 1930 Scriptura
1001 1861 1248 1917 dixisset:
1279 1862 1325 1917 si
1350 1879 1449 1917 non
1466 1864 1614 1932 dixit,
1638 1882 1754 1937 ergo
1773 1882 1865 1920 nec
1890 1868 1981 1921 ille

398 1947 636 2013 peccavit.

467 2037 519 2091 9.
561 2039 686 2096 Haec
718 2042 878 2098 verba
917 2042 984 2098 de
1021 2043 1162 2100 libro
1190 2044 1305 2116 ejus
1331 2045 1604 2119 decerpsi,
1634 2066 1751 2120 quae
1778 2051 1831 2106 in
1856 2052 1973 2123 ipso

396 2144 607 2198 quoque
648 2132 915 2190 volumine
952 2143 1041 2192 tua
1062 2136 1328 2194 Sanctitas
1367 2142 1561 2210 poterit
1600 2141 1877 2209 invenire;
1916 2154 1975 2200 ut

393 2220 701 2293 intelligetis
729 2227 1176 2295 quemadmodum
1202 2238 1258 2286 et
1292 2240 1486 2286 cmtera
1516 2236 1728 2304 neganti
1754 2236 1973 2293 credere

393 2311 652 2369 debeatis.
678 2315 790 2371 Nisi
832 2316 970 2375 forte
998 2319 1138 2375 dicat
1168 2322 1338 2392 ipsum
1364 2323 1498 2379 Abel
1528 2325 1659 2379 nihil
1686 2342 1968 2397 peccasse;

392 2403 486 2457 sed
526 2404 647 2461 ideo
683 2422 787 2463 non
826 2407 993 2467 fuisse
1036 2413 1151 2468 sine
1189 2425 1424 2483 peccato,
1448 2426 1502 2471 et
1530 2416 1649 2473 ideo
1678 2435 1783 2474 non
1816 2437 1973 2491 posse

388 2494 619 2552 Domino
646 2502 976 2571 comparari,
1007 2505 1096 2573 qui
1134 2505 1188 2559 in
1221 2521 1380 2561 carne
1418 2509 1630 2563 mortali
1666 2511 1814 2566 solus
1853 2512 1971 2570 sine

386 2597 611 2655 peccato
651 2588 779 2656 fuit,
821 2593 945 2662 quia
972 2605 1088 2649 erat
1126 2596 1180 2651 in
1208 2596 1343 2652 Abel
1380 2599 1633 2669 originale
1663 2611 1965 2673 peccatum,

386 2678 528 2747 quod
545 2680 619 2736 de
644 2682 810 2737 Adam
840 2692 1097 2754 traxerat,
1129 2703 1232 2743 non
1260 2688 1312 2743 in
1340 2691 1516 2760 seipso
1543 2692 1656 2761 ipse
1683 2696 1968 2751 commise-

383 2778 504 2826 rat:
530 2772 729 2828 utinam
759 2776 945 2832 saltem
974 2777 1079 2835 hoc
1099 2780 1269 2847 dicat,
1309 2791 1366 2838 ut
1399 2784 1609 2840 interim
1630 2787 1752 2857 ejus
1780 2789 1845 2845 de
1874 2790 1969 2845 ba-

382 2861 579 2930 ptismo
608 2869 942 2935 parvulorum
970 2881 1172 2927 certam
1213 2877 1531 2932 sententiam
1572 2887 1753 2937 tenere
1786 2885 1963 2953 possi-

381 2954 534 3008 mus!
563 2956 667 3011 Aut
692 2958 737 3013 si
765 2959 919 3029 forte,
944 2966 1193 3032 quoniam
1220 2964 1355 3020 dixit
1379 2967 1446 3021 ab
1468 2967 1685 3026 infantia
1710 2988 1876 3043 usque
1896 2974 1963 3030 ad

380 3055 731 3119 senectutem,
748 3052 870 3109 ideo
889 3055 1031 3111 dicat
1046 3056 1177 3112 Abel
1199 3074 1303 3114 non
1326 3075 1595 3130 peccasse,
1614 3065 1737 3135 quia
1759 3081 1858 3122 nec
1879 3082 1963 3125 se-

378 3136 561 3194 nuisse
601 3154 948 3202 monstratur.
976 3147 1093 3203 Non
1124 3151 1225 3206 hoc
1254 3151 1489 3208 indicant
1514 3156 1674 3212 verba
1703 3159 1818 3226 ejus
1850 3178 1862 3214 :
1894 3161 1964 3216 ab

381 3228 532 3287 initio
562 3235 791 3304 priorem
826 3240 987 3296 vitam
1024 3242 1160 3298 dixit
1188 3247 1540 3316 peccatricem
1566 3266 1581 3316 ;
1610 3253 1960 3320 posteriorem

378 3335 507 3376 vero
528 3338 683 3393 posse
702 3343 828 3385 esse
852 3332 972 3389 sine
991 3344 1231 3403 peccato.
1251 3338 1337 3393 Ait
1359 3341 1499 3394 enim
1523 3357 1627 3396 non
1657 3359 1716 3398 se
1737 3344 1954 3413 dixisse,

374 3413 614 3481 quoniam
649 3417 930 3475 inveniatur
964 3426 1076 3495 quis
1121 3426 1182 3480 ab
1219 3430 1435 3500 infantia
1464 3448 1618 3503 usque
1644 3435 1710 3487 ad
1734 3446 1960 3492 senectu-

376 3512 493 3569 tem,
520 3507 605 3577 qui
629 3524 730 3564 non
758 3517 1073 3581 peccaverit;
1098 3519 1187 3572 sed
1204 3522 1442 3588 quoniam
1468 3540 1499 3575 a
1526 3526 1738 3594 peccatis
1757 3544 1965 3583 conver-v

375 3610 463 3650 sus
491 3597 665 3673 labore
688 3604 932 3675 proprio,
963 3617 1010 3660 et
1038 3610 1205 3680 gratia
1232 3610 1329 3665 Dei
1356 3614 1561 3684 adjutus
1588 3626 1747 3687 potest
1774 3619 1959 3687 absque

376 3700 578 3755 peccato
620 3709 745 3748 esse.
787 3696 918 3752 Cum
965 3701 1105 3755 enim
1144 3702 1303 3772 dicit,
1339 3723 1370 3759 a
1409 3711 1625 3778 peccatis
1657 3727 1950 3781 conversus,

375 3782 607 3837 ostendit
636 3786 866 3853 priorem
892 3790 1054 3846 vitam
1083 3794 1134 3847 in
1166 3797 1396 3864 peccatis
1426 3799 1531 3870 agi.
1554 3800 1803 3857 Fateatur
1828 3820 1955 3875 ergo

373 3872 513 3940 quod
542 3880 843 3944 peccaverit
864 3882 1017 3950 Abel,
1041 3887 1192 3955 cujus
1217 3888 1387 3957 prima
1406 3892 1511 3946 vita
1539 3892 1634 3947 fuit
1659 3894 1709 3948 in
1732 3872 1950 3964 sarculo,

371 3977 528 4031 quam
551 3965 745 4024 fatetur
764 3987 869 4027 non
891 3974 906 4005 ¹
924 3989 1109 4031 carere
1130 3981 1381 4046 peccatis,
1405 3991 1458 4037 et
1484 3985 1732 4053 respiciat
1759 3987 1950 4044 librum

375 4058 525 4110 Suum
549 4098 566 4125 ,
596 4058 685 4113 ubi
714 4076 835 4116 eum
867 4063 1067 4121 dixisse
1094 4078 1331 4136 constat,
1359 4072 1500 4142 quod
1530 4075 1603 4127 ait
1647 4076 1698 4129 in
1730 4076 1828 4131 hac
1854 4078 1950 4133 de-

371 4135 631 4205 fensione,
654 4148 776 4205 Non
801 4151 1040 4207 diximus.

445 4230 533 4284 10.
574 4230 629 4285 Si
659 4242 835 4289 autem
863 4251 918 4292 et
940 4243 1081 4300 hunc
1106 4244 1295 4301 librum
1314 4290 1329 4315 ,
1357 4254 1442 4304 vel
1468 4257 1610 4312 hunc
1640 4258 1691 4313 in
1721 4274 1787 4315 eo
1812 4261 1949 4316 libro

366 4320 547 4374 locum
564 4336 685 4379 esse
703 4330 975 4396 negaverit
989 4346 1143 4388 suum
1164 4353 1178 4401 ;
1202 4353 1301 4409 ego
1315 4342 1525 4409 quidem
1550 4344 1768 4404 idoneos
1790 4358 1950 4409 testes

368 4408 543 4501 habeo
567 4412 821 4472 honestos
841 4428 895 4475 et
914 4420 1097 4478 ﬁdeles
1121 4426 1285 4495 viros,
1314 4408 1369 4485 et
1396 4432 1511 4501 ejus
1540 4434 1657 4491 sine
1683 4438 1842 4495 dubio
1867 4408 1953 4498 die

365 4497 629 4571 lectores,
658 4506 852 4576 quibus
893 4516 1268 4572 attestantibus
1309 4497 1533 4592 purgare
1574 4541 1661 4582 me
1697 4544 1942 4601 possum,

364 4591 506 4683 quod
532 4595 778 4654 eumdem
818 4599 1011 4658 librum
1050 4606 1148 4677 ipsi
1192 4609 1323 4665 mibi
1350 4591 1622 4683 dederint,
1652 4591 1709 4673 et
1733 4621 1804 4676 ibi
1844 4591 1947 4680 hoc

364 4676 587 4751 legatur,
609 4702 838 4761 eumque
864 4676 1220 4767 Pelagiiiesse
1248 4701 1512 4772 dixerint,
1541 4716 1600 4762 ut
1626 4710 1811 4767 saltem
1840 4712 1943 4771 hoc

360 4772 490 4828 mihi
521 4776 765 4845 sufficiat,
794 4796 862 4836 ne
887 4784 1031 4842 dicat
1055 4804 1087 4844 a
1116 4806 1203 4846 me
1231 4792 1393 4851 fuisse
1420 4798 1531 4854 sive
1556 4803 1935 4877 conscriptum,

359 4865 473 4921 sive
502 4863 769 4926 falsatum.
797 4871 915 4928 Jam
950 4874 1092 4932 inter
1129 4881 1249 4958 illos
1284 4887 1446 4954 eligat
1471 4891 1693 4963 quisque
1715 4863 1799 4950 cui
1823 4863 1941 4953 ere:

357 4957 483 5024 dat;
510 4974 687 5016 meum
711 4978 818 5019 non
845 4973 928 5020 est
960 4965 1026 5022 de
1053 4966 1155 5025 hac
1190 4957 1249 5027 re
1282 4957 1797 5050 diutius-disputare.
1824 4987 1937 5041 Ro-

356 5064 543 5119 gamus
587 5061 646 5108 ut
685 5063 832 5111 certe
871 5061 1197 5117 transmittas
1225 5064 1355 5134 ipsi,
1384 5067 1427 5121 si
1455 5074 1725 5140 negaverit
1749 5091 1810 5132 se
1836 5077 1933 5133 ista

356 5141 576 5208 sentire,
605 5158 727 5214 quae
769 5146 844 5202 illi
881 5149 1202 5220 objiciuntur
1241 5154 1450 5213 inimica
1487 5165 1669 5231 gratim
1711 5165 1932 5224 Christi.

353 5227 483 5284 Tam
510 5233 705 5305 quippe
733 5248 916 5308 operta
954 5250 1036 5296 est
1070 5243 1185 5312 ejus
1222 5227 1581 5317 defensio,vut
1617 5254 1661 5308 si
1700 5269 1931 5315 vestram

351 5334 593 5377 sanctam
624 5327 977 5396 prudentiam,
1004 5333 1095 5403 qui
1124 5334 1240 5404 ejus
1264 5337 1370 5393 alia
1390 5342 1583 5412 scripta
1605 5359 1711 5400 non
1738 5350 1927 5417 nostis,

349 5412 493 5467 nulla
520 5417 802 5475 verborum
827 5424 1171 5495 ambiguitate
1199 5429 1448 5488 fefellerit
1465 5477 1480 5500 ,
1521 5452 1714 5509 magno
1737 5412 1930 5512 gaudio

344 5508 759 5581 gratulabimur;
789 5531 893 5571 non
923 5521 1143 5576 multum
1180 5536 1427 5583 curantes
1464 5539 1639 5586 utrum
1674 5534 1763 5589 illa
1804 5552 1927 5605 per-

347 5700 582 5822 reiewvo’
603 5726 696 5765 "an
716 5718 923 5780 rm“?
938 5737 1121 5777 carere.
1147 5736 1202 5778 At
1219 5732 1363 5780 vatic.
1391 5739 1489 5796 διὰ,
1516 5735 1691 5796 fatetur
1714 5750 1809 5787 non
1847 5752 1925 5789 ca.

620 5856 845 5923 SANCT.
891 5867 1170 5932 AUGUST.
1202 5874 1280 5932 Il.

1595 382 2069 441 EPISTOLARUM
2107 386 2378 445 CLASSIS
2413 390 2498 445 ΙΙΙ.

3559 404 3661 463 773

2092 513 2243 555 versa
2267 511 2321 556 et
2346 502 2504 573 impia
2531 520 2797 576 nunquam
2826 509 3071 578 senserit,
3116 524 3182 565 an
3230 526 3288 566 se
3329 513 3397 569 ab
3444 515 3521 570 eis
3564 518 3661 574 ali-

2090 594 2303 661 quando
2324 598 2632 652 correxerit.

2493 709 2823 767 EPISTOLA
2859 712 3094 789 CLXXX
3117 720 3131 739 ι
3155 715 3255 790 (a).

2090 807 2395 890 Augustinus
2417 820 2634 889 Oceano,
2654 827 2924 882 rescribens
2948 831 3124 900 paucis
3147 830 3210 885 de
3235 832 3419 886 auium:
3442 833 3656 904 origine,

2158 920 2208 964 et
2240 912 2305 965 de
2339 914 2555 983 oﬂicioso
2590 917 2876 985 mendacio,
2904 931 3166 993 petensque
3194 933 3248 977 ut
3276 924 3440 979 mittat
3466 925 3657 981 Hiero-

2160 1003 2298 1067 nymi
2321 1004 2503 1059 librum
2524 1022 2589 1079 tae
2615 1006 2998 1066 Resurreetione
3020 1014 3211 1069 carnis.

2089 1107 2319 1166 Domino
2342 1116 2530 1170 merito
2557 1117 2889 1187 charissimo,
2916 1131 2969 1177 et
2994 1121 3049 1176 in
3069 1112 3263 1179 Christi
3289 1128 3544 1185 membris
3562 1129 3662 1186 hoc

2212 1204 2454 1260 norando
2474 1206 2618 1263 fratri
2645 1209 2880 1281 OCEANO,
2910 1215 3260 1285 Aucusrmus,
3288 1220 3534 1277 salutem.

2158 1293 2209 1347 l.
2253 1293 2391 1348 Duas
2436 1299 2616 1368 accepi
2658 1300 2813 1355 simul
2860 1305 3109 1379 epistolas
3152 1309 3462 1366 Dilectionis
3512 1324 3657 1379 tuae,

2085 1396 2308 1451 quarum
2351 1385 2403 1439 in
2450 1403 2551 1441 una
2598 1388 2727 1446 facis
2774 1394 2942 1449 tertiae
2984 1397 3336 1467 mentionem,
3372 1410 3427 1456 et
3459 1418 3577 1459 eam
3608 1414 3665 1460 te

2088 1473 2231 1539 prius
2260 1475 2469 1530 misisse
2498 1492 2883 1537 commemoras
2912 1499 2927 1550 ;
2956 1501 3111 1555 quam
3142 1490 3409 1559 accepisse
3435 1509 3541 1549 non
3570 1508 3662 1551 re;

2083 1564 2223 1631 colo,
2248 1564 2359 1619 imo
2386 1566 2523 1623 bene
2549 1570 2678 1624 mihi
2708 1574 2944 1629 recolere
2972 1577 3157 1632 videor
3184 1581 3325 1649 quod
3365 1599 3469 1638 non
3505 1602 3661 1642 acce-

2082 1653 2271 1720 perim.
2302 1655 2376 1711 De
2405 1658 2468 1712 iis
2496 1668 2669 1716 tamen
2710 1679 2841 1733 quas
2879 1668 3089 1737 accepi,
3120 1685 3220 1740 ago
3251 1672 3441 1728 uberes
3464 1678 3661 1745 gratias

2081 1744 2391 1817 benignitati
2418 1767 2542 1821 erga
2568 1768 2666 1807 nos
2691 1764 2812 1811 tute.
2834 1758 3034 1825 Quibus
3060 1770 3118 1815 ut
3141 1777 3246 1818 non
3280 1744 3529 1822 continuo
3571 1785 3659 1823 re-

2082 1839 2401 1907 sponderem
2421 1885 2435 1910 ,
2466 1844 2519 1898 in
2552 1847 2653 1901 alia
2682 1856 2840 1919 atque
2867 1851 2969 1906 alia
2998 1852 3326 1910 diversarum
3354 1861 3663 1929 occupatio-

2078 1946 2204 1985 num
2238 1941 2549 2004 tempestate
2572 1938 2808 2009 direptus
2836 1956 2970 1998 sum.
3000 1944 3156 2007 Unde
3183 1964 3325 2005 nunc
3348 1950 3543 2006 stillam
3569 1968 3661 2007 va-

2077 2024 2246 2079 cantis
2291 2030 2544 2097 temporis
2596 2042 2812 2096 nactus,
2855 2037 3177 2106 respondere
3214 2040 3415 2111 aliquid
3461 2045 3655 2113 malui,

2076 2128 2235 2183 quam
2270 2116 2339 2171 ad
2380 2129 2521 2174 tuam
2547 2122 2960 2182 sincerissimam
2998 2129 3310 2186 charitatem
3347 2133 3661 2192 diuturnum

2076 2203 2272 2263 habere
2299 2209 2586 2277 silentium,
2613 2222 2665 2268 et
2693 2213 2808 2271 ﬁeri
2834 2216 3212 2289 taciturnitate,
3239 2238 3398 2293 quam
3421 2225 3658 2299 loquaci-

2072 2304 2185 2353 tate
2210 2298 2579 2369 importunior.

2143 2387 2197 2443 2‘.
2240 2391 2316 2446 De
2343 2393 2548 2463 origine
2571 2397 2865 2453 animarum
2891 2401 3023 2471 quid
3054 2413 3269 2460 sanctus
3296 2406 3651 2481 Hieronymus

2073 2483 2297 2549 sentiat,
2332 2484 2441 2553 jam
2481 2487 2710 2543 sciebam
2728 2532 2742 2556 ,
2770 2500 2823 2545 et
2848 2490 2964 2548 hzec
2992 2495 3103 2565 ipsa
3130 2512 3250 2568 quae
3278 2514 3346 2555 ex
3372 2501 3509 2558 libro
3537 2506 3654 2573 ejus

2072 2571 2125 2626 in
2166 2575 2388 2645 epistola
2432 2582 2779 2651 tuaposuisti
2821 2585 2983 2642 verba
3024 2588 3134 2658 jam
3173 2591 3426 2663 legeram.
3455 2571 3653 2654 Verum

2068 2679 2176 2719 non
2224 2667 2329 2724 hoc
2369 2673 2715 2740 quaestionem
2755 2677 3035 2736 moiestam
3078 2681 3235 2753 facit,
3286 2688 3428 2757 quod
3474 2701 3654 2748 movet

2066 2756 2359 2826 quosdam,
2388 2764 2653 2830 quomodo
2678 2766 2815 2823 Deus
2844 2769 3156 2828 adulterinis
3183 2756 3345 2832 etiam
3383 2788 3652 2852 concepti-

2067 2845 2167 2901 bus
2198 2847 2341 2916 juste
2368 2852 2575 2908 animas
2604 2854 2885 2926 largiatur;
2915 2876 3034 2916 cum
3064 2863 3201 2922 bene
3233 2845 3565 2939 viventibus,
3595 2885 3651 2931 et

2066 2937 2132 2993 ad
2158 2938 2322 2993 Deum
2346 2941 2450 2997 fide
2469 2957 2531 2997 ac
2548 2944 2747 3015 pietate
2767 2953 3060 3021 conversis,
3084 2971 3152 3011 ne
3175 2961 3387 3029 propria
3412 2937 3645 3032 quidem,

2066 3039 2266 3099 quanto
2291 3034 2479 3107 minus
2495 3047 2795 3109 parentum,
2823 3044 3030 3111 possint
3055 3047 3246 3107 obesse
3275 3064 3509 3122 peccata.
3540 3058 3646 3115 Sed

2066 3122 2259 3177 merito
2288 3128 2562 3195 quaeritur,
2591 3131 2636 3185 si
2660 3146 2846 3187 verum
2870 3144 2954 3191 est
2972 3153 3137 3195 novas
3160 3157 3225 3197 ex
3247 3145 3418 3202 nihilo
3440 3149 3646 3207 animas

2064 3213 2295 3284 singulas
2319 3218 2537 3289 singulis
2563 3226 2903 3282 nascentibus
2934 3227 3045 3285 fieri
3066 3273 3081 3300 ,
3110 3236 3378 3303 quomodo
3411 3247 3516 3295 tam
3560 3242 3645 3297 in-

2064 3308 2422 3365 numerabiles
2443 3312 2636 3369 anima:
2656 3318 3017 3386 parvulorum,
3036 3338 3168 3393 quas
3184 3326 3295 3381 Deo
3316 3338 3517 3386 certum
3541 3344 3641 3401 cst,

2061 3405 2185 3450 ante
2223 3398 2510 3455 rationales
2552 3419 2752 3474 annos,
2793 3418 3076 3481 antequam
3115 3415 3399 3488 quidquam
3440 3423 3642 3490 justum

2061 3486 2381 3556 iujustumve
2411 3508 2597 3564 sapere
2628 3499 2710 3554 vel
2748 3515 2939 3572 capere
2966 3506 3202 3574 possint,
3234 3486 3349 3566 sine
3373 3486 3643 3585 Baptismo

2059 3578 2126 3633 de
2150 3583 2462 3652 corporibus
2488 3588 2739 3657 exituras,
2764 3591 2909 3661 juste
2936 3594 2987 3648 in
3009 3595 3404 3657 damnationem
3426 3578 3638 3673 dentur,

2059 3667 2127 3722 ab
2156 3670 2248 3726 illo
2276 3674 2456 3744 utique
2483 3677 2623 3746 apud
2648 3695 2805 3750 quem
2833 3698 2936 3737 non
2962 3696 3043 3739 est
3072 3687 3323 3758 iniquitas
3353 3694 3529 3763 (Rom.
3560 3667 3638 3762 rx,

2060 3760 2127 3815 M
2150 3760 2188 3829 ).
2217 3762 2331 3818 Non
2364 3780 2498 3835 opus
2523 3778 2605 3823 est
2629 3770 2696 3825 de
2733 3770 2833 3827 hac
2870 3790 2928 3829 re
2960 3777 3107 3845 plura
3133 3778 3331 3848 dicere,
3357 3760 3476 3840 cum
3503 3760 3641 3847 scias

2057 3854 2181 3923 quid
2222 3857 2380 3913 velim
2401 3901 2415 3924 ,
2452 3862 2535 3916 vel
2576 3864 2747 3932 potius
2776 3867 2901 3935 quid
2931 3870 3093 3924 nolim
3123 3872 3339 3941 dicere;
3366 3880 3494 3934 satis
3522 3886 3641 3936 exi-

2057 3947 2216 4002 stimo
2244 3949 2470 4019 sapienti
2496 3967 2617 4008 esse
2636 3956 2775 4024 quod
2802 3957 2932 4012 dixi.
2964 3959 3340 4020 Verumtamen
3369 3969 3412 4022 si
3441 3969 3636 4040 aliquid

2057 4037 2215 4105 hinc,
2238 4057 2343 4111 quo
2368 4043 2466 4097 ista
2489 4046 2710 4115 quaestio
2737 4050 2871 4104 solvi
2899 4061 3088 4120 queat,
3118 4056 3200 4109 vel
3231 4056 3436 4126 legisti,
3459 4037 3545 4116 vel
3571 4080 3636 4119 ex

2056 4142 2150 4182 ore
2179 4131 2296 4198 ejus
2320 4133 2534 4201 audisti,
2559 4137 2638 4190 vel
2669 4138 2762 4192 tibi
2790 4140 2892 4210 ipsi
2915 4142 3170 4201 Dominus
3193 4150 3443 4217 cogitanti
3465 4151 3636 4207 dona~

2056 4220 2131 4273 vit
2157 4230 2211 4274 ut
2239 4225 2481 4289 noveris;
2513 4226 2819 4299 impartire,
2850 4233 3105 4303 obsecro,
3143 4237 3306 4308 mihi,
3344 4251 3401 4297 ut
3437 4247 3634 4314 gratias

2054 4309 2327 4369 uberiores
2355 4330 2527 4385 agam.
3556 4391 3560 4395 φ

2124 4404 2178 4458 5.
2220 4404 2351 4460 lllud
2378 4424 2504 4462 vero
2532 4410 2600 4466 de
2627 4411 2864 4469 officioso
2892 4417 3113 4490 utilique
3148 4422 3453 4493 mendacio,
3490 4430 3632 4497 quod

2051 4494 2296 4564 exemplo
2328 4497 2535 4553 Domini
2565 4500 2633 4555 de
2661 4501 2749 4557 die
2776 4513 2829 4559 et
2859 4505 2989 4561 hora
3017 4508 3177 4579 hujus
3204 4514 3383 4567 saeculi
3414 4494 3631 4573 ﬁniendi

2048 4599 2149 4639 nec
2170 4585 2359 4642 Filium
2386 4590 2525 4647 scire
2543 4592 2769 4649 dicentis
2797 4595 2983 4667 (Marc.
3012 4616 3130 4667 xm,
3158 4601 3274 4675 52),
3295 4609 3489 4675 putasti
3512 4624 3632 4665 esse

2048 4677 2389 4747 solvendum;
2416 4693 2608 4740 conatu
2633 4687 2848 4756 quidem
2878 4690 3075 4763 ingenii
3103 4696 3199 4764 tui,
3223 4712 3343 4754 cum
3370 4701 3626 4771 legerem,

2046 4768 2369 4839 delectabar,
2392 4775 2487 4830 sed
2516 4777 2665 4833 nullo
2688 4780 2848 4835 modo
2876 4783 3007 4839 mihi
3034 4785 3242 4844 videtur
3264 4768 3521 4862 tr0pic'am
3551 4768 3629 4849 lo;

2044 4862 2310 4918 cntionem
2332 4874 2477 4922 recte
2496 4867 2601 4923 dici
2623 4886 2779 4940 posse
2795 4875 3147 4934 mendacium.
3170 4879 3285 4936 Non
3312 4883 3454 4939 enim
3479 4901 3628 4941 men-

2044 4952 2253 5010 dacium
2280 4965 2382 5023 est,
2412 4974 2535 5014 cum
2555 4961 2696 5019 diem
2722 4964 2901 5022 laetum
2927 4969 3174 5040 dicimus,
3197 4975 3338 5045 quod
3368 4975 3519 5031 lmtos
3541 4977 3623 5032 fa-

2042 5045 2185 5111 ciat;
2233 5055 2324 5100 aut
2369 5049 2573 5106 tristem
2620 5053 2889 5124 lupinum,
2928 5061 3069 5130 quod
3116 5064 3378 5133 gustantis
3418 5068 3625 5126 vultum

2004 5188 2009 5197 ,
2042 5149 2225 5192 amaro
2264 5153 2455 5209 sapore
2495 5145 2802 5214 contristet;
2831 5150 2968 5205 sicut
2990 5153 3157 5209 Deum
3185 5156 3353 5223 scire,
3376 5173 3498 5214 cum
3527 5176 3622 5216 co-

2038 5240 2381 5297 gnoscentem
2431 5234 2701 5294 hominem
2753 5239 2920 5308 facit;
2971 5243 3074 5299 hoc
3120 5248 3261 5303 enim
3307 5250 3508 5306 dictum
3544 5254 3621 5308 ad

2038 5321 2308 5378 Abraham
2338 5324 2486 5396 (Gen.
2512 5345 2646 5395 χχιι,
2675 5332 2763 5404 12)
2794 5332 2908 5404 ipse
2933 5340 3381 5394 commemorasti.
3409 5341 3622 5413 Nequa-

2035 5426 2193 5480 quam
2216 5424 2340 5469 sunt
2360 5418 2456 5471 ista
2475 5421 2782 5488 mendacia;
2801 5426 2940 5494 quod
2962 5427 3077 5494 ipse
3097 5426 3342 5486 facillime
3361 5432 3617 5490 advortis.

2036 5501 2265 5561 Proinde
2296 5506 2482 5564 beatus
2513 5511 2759 5581 llilarius,
2800 5532 2921 5570 cum
2961 5518 3239 5576 obscuram
3267 5525 3616 5592 qumstionem

2093 5656 2188 5755 ‘ltn
2209 5688 2316 5755 stas.
2344 5698 2446 5755 non
2459 5697 2657 5750 reperta
2682 5697 2783 5751 est,
2810 5698 3133 5755 praeterquam
3155 5696 3204 5745 in
3227 5698 3465 5748 Vaticano.

2102 5741 2173 5804 (a)
2208 5744 2330 5794 Alias
2361 5747 2451 5798 $60
2476 5762 2486 5795 :
2510 5741 2623 5859 (qua:
2654 5741 2822 5803 autein’
2857 5754 2940 5804 180
2973 5741 3611 5827 ρὶνειῐῖη-ιίιιὸῖνξᾶξκέοτὶρω

2061 5804 2155 5853 irca
2178 5805 2321 5858 tinem
2345 5821 2421 5857 an.
2450 5810 2501 5859 41
2544 5847 2555 5858 .

2768 5901 3255 5981 (Yingt-cinq.)
