2077 3177
271 197 323 226 779

271 255 387 283 obscuro
400 254 451 282 hoc
462 261 559 289 genere
574 252 682 288 trepicae
696 252 836 279 locutionis
851 253 963 287 aperuit,
980 256 1007 280 ut
1024 253 1064 280 iu-

272 302 456 336 telligeremus
471 300 497 327 in
509 307 542 327 eo
557 306 587 326 se
600 298 723 325 nimirum
737 297 835 325 dixisse
848 298 1021 332 nescientem,
1036 298 1063 325 in

273 354 327 382 quo
341 346 407 373 alios
426 344 490 372 facit
510 339 666 371 occultando
680 342 845 375 nescientes,
857 350 909 370 non
928 343 1064 370 excusavit.

272 391 453 425 mendacium,
462 390 509 418 sed
519 390 685 418 mendacium
695 397 747 416 non
758 396 818 417 esse
827 389 998 421 monstravit;
1010 396 1063 417 non

273 438 361 466 solum
375 437 400 464 in
415 436 457 464 his
468 436 648 464 usitatioribus
661 435 754 471 tropis,
768 442 860 462 verum
874 435 901 462 in
917 435 960 462 illa
970 435 1061 468 etiam,

275 491 334 518 qua:
342 483 489 518 appellatur
497 481 661 517 metaphora,
668 489 727 517 quae
738 481 863 515 loquendi
872 480 1063 508 consuetudine

273 529 398 556 oumibus
418 532 478 555 nota
498 532 539 555 est
553 527 563 563 (
576 527 661 554 Ililar.
675 527 706 554 de
718 526 852 559 Trinitate,
868 525 910 553 lib.
925 526 941 554 9
954 525 976 562 ).
996 525 1062 553 Nam

272 582 409 610 gemmare
429 575 510 605 vites.
531 574 658 601 ﬂuctuare
679 578 797 609 segetes,
823 573 918 600 ﬂorere
938 572 1061 607 juvenes,

273 621 417 650 contendet
430 621 560 656 quispiam
578 628 637 648 esse
653 620 831 652 mendacium,
845 619 916 654 quod
930 619 956 646 in
968 619 1009 646 his
1021 626 1064 646 re-

273 668 324 696 bus
336 675 386 696 nec
395 667 481 695 undas
490 688 497 700 ,
511 675 559 695 nec
575 661 687 702 lapides,
701 674 750 694 nec
764 666 859 694 herbas
868 686 875 699 ,
892 673 942 693 nec
953 665 1063 693 arbores

272 713 355 747 Videt,
370 713 421 741 ubi
429 713 535 749 proprie
549 713 599 740 ista
610 713 690 740 verba
701 712 840 740 dicuntur?

309 762 336 788 4.
358 761 441 788 Porro
455 765 543 787 autem
563 767 611 794 pro
629 764 674 786 tuo
693 759 799 794 ingenio
822 763 901 794 atque
915 757 1063 785 eruditione

272 807 397 835 facillime
411 806 540 841 perspicis
554 810 681 841 quantum
698 806 732 832 ab
751 805 793 832 his
810 804 914 832 dili‘erat
934 804 1005 839 quod
1027 804 1063 831 ait

273 853 437 887 Apostolus:
451 852 514 879 Cum
532 852 640 879 riderent
661 851 720 887 quia
736 859 787 878 non
806 855 872 877 recte
890 850 1064 886 ingrediuntur

273 899 307 926 ad
321 900 448 926 veritatem
462 898 593 934 Evangelii
602 919 609 929 ,
628 898 682 925 dixi
695 897 772 925 Petro
788 905 872 924 coram
888 897 1002 924 onmibus
1012 917 1019 929 ,
1032 896 1063 923 Si

272 950 309 977 tu,
319 954 374 972 rum
384 946 419 972 sis
428 944 545 978 .luda’us,
553 945 677 980 gentiliter
685 949 708 972 et
722 952 771 971 non
780 943 884 979 judaice
896 943 966 975 vivis,
977 951 1064 977 quent-

272 990 409 1018 admodum
432 989 522 1017 Gentes
546 990 613 1025 cogis
632 989 768 1024 judaisarc
802 987 910 1025 (Colat.
936 996 965 1021 ιι,
982 987 1064 1021 ΗΠ

270 1037 347 1065 Nulla
361 1040 403 1064 est
424 1036 467 1063 hic
486 1035 588 1070 tropica
608 1035 755 1062 obscuritas
765 1055 772 1065 ,
788 1034 866 1062 verba
881 1039 943 1061 sunt
957 1033 1062 1068 propria

272 1087 372 1118 apertze
393 1082 544 1109 locutionis.
560 1082 614 1108 [loc
626 1081 745 1116 proiecto
760 1081 856 1107 Doctor
868 1080 990 1107 Gentium
1001 1100 1008 1110 ,
1023 1079 1064 1106 his

271 1135 339 1161 quos
360 1126 522 1162 parturiehat
543 1126 627 1153 donec
650 1126 772 1153 Christus
795 1125 953 1152 l'ormaretur
974 1125 998 1151 in
1025 1124 1064 1151 eis

272 1173 281 1207 (
296 1172 340 1198 1d.
352 1180 389 1203 IV,
404 1171 468 1207 l9),
484 1174 512 1198 et
526 1170 620 1205 quibus
641 1171 692 1197 sub
705 1170 794 1197 divina
813 1170 982 1196 attestatime
998 1177 1065 1203 pra!-

270 1217 385 1249 dixerat,
400 1216 464 1249 Qua:
475 1220 559 1242 autent
572 1215 653 1242 scribo
669 1215 750 1246 vobis,
764 1222 819 1241 ecce
830 1222 915 1241 coram
929 1214 991 1244 Deo,
1005 1213 1065 1248 quia

272 1270 323 1289 non
338 1262 444 1288 mentior
457 1261 510 1296 (Id.
523 1269 541 1292 ι,
556 1259 613 1295 20),
626 1264 669 1286 aut
684 1267 775 1287 rerum
790 1259 871 1293 dixit,
887 1263 931 1286 aut
946 1259 1039 1286 falsum
1056 1269 1062 1287 2

270 1307 293 1334 si
316 1307 429 1341 falsum,
449 1306 520 1342 quod
538 1306 622 1340 absit,
646 1314 705 1341 qua:
727 1310 871 1341 sequantur
891 1305 1024 1338 advertis;
1038 1310 1065 1333 et

270 1352 350 1379 ambo
371 1352 421 1378 ista
436 1351 609 1379 exhorrescas
626 1351 751 1378 admonet
767 1352 773 1367 ¹
787 1351 905 1378 veritatis
919 1351 1062 1385 indicium,

270 1402 298 1426 et
312 1398 338 1425 in
352 1397 474 1433 apostolo
487 1398 575 1425 Petro.
586 1397 716 1424 mirabilis
734 1397 889 1424 humilitatis
902 1398 1062 1432 exemplum.

305 1445 332 1473 5.
352 1444 407 1472 Sed
425 1444 488 1480 quid
508 1444 571 1471 hinc
586 1443 704 1471 diutius?
717 1451 777 1471 cum
796 1443 830 1470 de
851 1444 900 1471 hac
918 1444 1064 1479 qutestione

270 1491 340 1518 inter
353 1497 418 1522 nos,
436 1497 485 1524 ego
497 1493 524 1516 ct
541 1489 683 1524 prtedictus
700 1489 858 1516 venerabilis
873 1489 956 1516 frater
968 1489 1063 1517 Hiero—

271 1543 367 1571 nymus
381 1535 446 1562 satis
461 1535 557 1562 litteris
571 1534 722 1569 egerimus;
734 1539 761 1561 et
776 1534 801 1561 in
813 1528 863 1562 hoc
876 1542 956 1569 opere
971 1543 1065 1563 recen-

271 1581 383 1614 tissimo,
396 1580 465 1615 quod
476 1580 525 1607 sub
538 1580 646 1607 nomine
652 1579 781 1607 Critobuli
792 1579 920 1607 adversus
928 1579 1063 1615 Pelagium

271 1626 351 1654 modo
365 1626 449 1654 edidit
463 1625 531 1661 (Lib.
547 1626 556 1652 t
573 1625 693 1653 adversus
704 1625 820 1661 Pelag.),
835 1625 957 1653 eamdem
969 1625 1002 1652 de
1015 1626 1063 1652 ista

271 1681 300 1700 re
313 1676 387 1708 gesta
398 1672 529 1706 dictisque
540 1671 693 1706 apostolicis
706 1671 864 1698 sententiam
879 1671 971 1703 tenuit,
984 1679 1063 1706 quam

272 1717 417 1745 beatissimi
430 1717 555 1752 Cypriani
571 1716 650 1743 etiam
662 1723 710 1743 nos
723 1715 808 1743 secuti
820 1723 912 1743 sumus
923 1715 1017 1751 (Epist.
1030 1716 1060 1743 7i

271 1763 305 1790 ad
316 1763 438 1795 Quintum
448 1762 468 1799 ).
486 1762 551 1789 Illud
564 1762 653 1797 potius
666 1761 698 1789 de
712 1761 814 1796 origine
829 1761 975 1788 animarum
986 1783 994 1794 ,
1009 1769 1062 1789 nou

271 1813 381 1844 propter
393 1812 484 1843 partus
495 1807 674 1839 adulterinos,
689 1806 736 1834 sed
751 1810 859 1841 propter
872 1807 1066 1838 innocentium;

270 1853 341 1889 quod
354 1853 438 1883 absit.
455 1852 669 1883 damnationem,
685 1851 754 1887 quod
765 1872 772 1884 ,
785 1851 896 1886 opinor,
915 1859 967 1878 non
982 1852 1063 1879 stulte

271 1899 408 1934 qumritur;
423 1898 445 1925 si
467 1898 530 1933 quid
547 1905 563 1924 a
582 1898 626 1924 tali
641 1904 672 1923 ac
692 1901 765 1924 tanto
784 1897 896 1924 didicisti
912 1897 978 1930 viro,
992 1897 1063 1932 quod

271 1949 344 1972 recte
362 1943 518 1980 responderi
537 1942 733 1978 ambigentibus
752 1943 849 1978 possit,
865 1950 955 1978 quaeso
971 1944 1062 1970 nobis-

271 1998 331 2018 cum
342 1990 538 2017 communicare
549 1996 600 2016 non
613 1989 724 2016 abnuas.
737 1988 773 2016 lla
785 1989 882 2024 quippe
895 1989 957 2017 mihi
972 1990 997 2016 in
1008 1991 1063 2026 epi-

271 2036 346 2063 stolis
357 2036 409 2063 tuis
419 2035 538 2063 eruditus
551 2040 578 2063 ct
591 2035 679 2062 suavis
690 2035 845 2070 apparuisti,
860 2040 889 2063 ut
902 2043 990 2071 opera:
1004 2044 1063 2072 pre-

272 2084 336 2111 tium
350 2083 385 2111 sit
402 2087 488 2110 tccum
506 2082 600 2110 litteris
613 2082 738 2117 colloqui.
754 2082 848 2110 Nescio
861 2089 925 2110 Sane
940 2091 1017 2118 quem
1034 2084 1064 2110 li-

271 2129 350 2156 brum
365 2128 485 2163 ejusdem
505 2128 621 2155 hominis
634 2128 697 2160 Dei,
712 2136 790 2163 quem
807 2128 945 2164 presbyter
954 2129 1063 2156 Orosius

271 2175 375 2208 attulit,
388 2179 494 2209 tuaeque
505 2174 644 2202 Dilectioui
655 2174 857 2202 describendum
868 2175 957 2208 dedit,
972 2176 1014 2203 ubi
1029 2175 1063 2203 dc

271 2221 467 2247 resurrectione
487 2220 575 2248 carnis
600 2220 726 2254 praeclare
749 2221 899 2255 disputasse
926 2221 1061 2254 laudatur,

269 2266 325 2301 jam
342 2266 419 2294 nobis
433 2271 493 2301 peto
507 2274 559 2293 non
576 2266 683 2293 dilfcras
698 2267 813 2294 mittere.
826 2267 888 2295 Ideo
901 2268 997 2303 quippe
1011 2276 1063 2295 non

272 2319 333 2340 eum
348 2312 401 2339 cito
414 2312 595 2347 poposcimus,
607 2312 668 2347 quia
681 2317 708 2340 et
720 2313 923 2341 describendum
934 2319 961 2342 et
973 2323 1063 2342 cmen.

271 2357 388 2385 dandum
404 2359 496 2393 utique
507 2358 697 2393 cogitavimus;
711 2359 754 2386 eui
767 2359 871 2394 utrique
883 2360 956 2395 operi
972 2360 1064 2396 largis-

271 2403 368 2431 simum
380 2403 435 2438 jam
450 2408 575 2438 putamus
593 2407 697 2439 tempus
711 2404 852 2432 indultum.
865 2405 965 2433 Memor
979 2406 1063 2434 nostri

272 2449 328 2476 Deo
338 2449 421 2477 vivas.

468 2494 629 2522 EPISTOLA
650 2495 780 2522 CLXXXI
794 2498 802 2507 ‘
819 2496 867 2532 (a).

271 2549 445 2583 Innocentius,
452 2550 655 2586 Carthaginensis
666 2551 765 2578 concilii
774 2551 905 2585 Pati-ibus,
911 2553 1063 2587 confirmans

289 2596 402 2631 ipsorum
414 2596 555 2623 doctrinam
562 2605 592 2623 ac
600 2598 746 2624 sententiam
754 2598 872 2626 adversus
881 2597 1044 2634 Pelagianos.

302 2652 385 2682 ‘Lov.,
395 2651 554 2678 exhorrescat
570 2655 661 2679 ornaret
672 2652 786 2679 veritatis.
799 2657 840 2678 trs.
853 2655 937 2684 ratio,
949 2653 1064 2679 exhorre-

270 2689 339 2716 scens
347 2683 467 2716 admonet,
478 2687 526 2708 etc.
545 2685 696 2716 suspicamur
707 2684 821 2709 dilemma
832 2685 911 2709 isthue
931 2685 996 2716 quod
1008 2692 1063 2715 pro-

271 2714 378 2747 ponitur,
390 2713 442 2739 scil.
455 2713 674 2743 Qtutrerum'dixit,
691 2718 733 2747 aut
756 2716 852 2747 falsttnt,
876 2713 1064 2747 etc.,'niem_bro

270 2731 593 2801 ξῖίέίίῐιὲ
600 2731 863 2777 ἕδῖίὲυἷῶἐῦἱῖἷέίίέἰτ
875 2731 1065 2775 ἔιὶἶὶίὶιὰἒὲῖῖξὲῗέ

288 2782 328 2800 um
357 2782 367 2800 ι
406 2794 413 2801 .
427 2782 442 2801 e
467 2793 475 2800 ο

288 2782 328 2800 um
340 2782 413 2806 atra,
427 2782 475 2801 etc.

272 2817 313 2871 Er:
322 2800 451 2873 waste
458 2800 490 2842 id
501 2817 535 2842 bl.
546 2817 619 2842 eh.l'f.
632 2824 673 2849 ες.
686 2800 730 2842 rm.
744 2817 778 2843 th.
791 2824 828 2843 vc.
849 2820 875 2843 et
895 2817 925 2843 ad
946 2818 1065 2843 mm.

305 2887 341 2919 (α)
354 2887 414 2921 Alias
424 2889 451 2921 9,1
467 2896 473 2913 :
486 2895 541 2921 qua;
552 2872 633 2921 autem
646 2889 688 2921 t8!
702 2894 764 2920 erat,
776 2889 862 2915 Italica
874 2890 997 2921 inscripta,
1009 2896 1065 2914 eon-

888 196 915 222 S.
933 193 1113 223 AUGUSTINI
1136 193 1289 237 ΕΡβΟΟίῚ

1855 196 1908 224 τεῦ

1119 252 1303 286 lsxocaarws,
1319 252 1448 285 AURELIO,
1463 251 1576 280 Numero
1588 253 1607 286 ',
1621 252 1793 284 Rusrtcraso,
1808 252 1909 281 FIDEN~

1151 306 1244 332 TMNO,
1269 299 1395 330 Eucnto,
1419 298 1550 331 ANTONIO,
1575 299 1719 332 PALATINO,
1748 300 1907 334 Ancona-ro,

1151 345 1298 372 Vinces-rte
1310 366 1317 377 ,
1342 345 1490 378 PUBLIANO,
1506 345 1638 378 THEASIO,
1654 346 1728 381 Tp'ro
1738 365 1745 378 ,
1761 345 1906 378 Panemo,

1151 390 1276 423 Vtcront,
1299 390 1461 423 Rssmvro,
1485 390 1560 418 alteri
1584 391 1749 424 RESTITUTO,
1777 391 1908 424 RUSTICO,

1152 436 1372 469 Fon'rumt'mxo,
1393 438 1522 471 AMPELIO,
1544 438 1669 471 Aumvro,
1692 438 1802 471 Faue],
1820 438 1907 466 Doru-

1152 489 1242 515 TIANO,
1258 481 1421 514 Αοεοολτο,
1439 482 1572 514 Ocrtmo,
1592 482 1744 515 διεκοτικο,
1761 483 1907 515 Mucium,

1115 560 1117 562 _
1151 528 1348 560 Posrnvnuno,
1371 527 1511 559 Cnisrom.
1535 528 1657 561 Vtcroar,
1683 529 1758 556 alteri
1782 529 1905 562 Vlcronl,

1151 574 1250 601 LEUCIO
1260 594 1268 606 ,
1283 574 1416 607 MARIANO,
1431 573 1600 607 Fuucruoso,
1616 574 1802 606 FAUSTINIANO,
1820 574 1907 608 Quon-

1153 626 1288 653 VULTDEO,
1315 618 1458 652 CANDOIHO,
1483 620 1600 653 Mutuo,
1628 620 1755 653 MEGASIO,
1778 620 1906 651 RUSTICO.

1151 665 1309 698 RUFINIAHO,
1332 665 1464 698 PROCULO,
1488 664 1605 698 Ssvsno,
1626 665 1744 697 Trionis,
1765 665 1906 697 JANUARIO,

1150 711 1315 743 Ocnvuno,
1341 710 1549 743 Pulcrum-ro,
1573 711 1670 744 Suro,
1696 710 1906 744 Quonvuurnzo,

1151 758 1297 792 Psnnmo,
1314 759 1523 794 QUODVULTDEO,
1539 760 1683 791 Crruuxo,
1701 759 1836 790 Senvruo,
1853 759 1907 786 Pl:-

1151 813 1272 839 LAGIANO,
1287 806 1441 841 MARCELLO,
1455 807 1605 841 VENANTIO,
1621 807 1731 839 Dim/uo,
1743 806 1909 839 SATURNiNO,

1150 850 1294 886 BIZACENO,
1311 851 1452 885 Genuam,
1469 852 1654 886 Genumano,
1670 851 1807 884 lxvsxrto,
1823 852 1908 879 Μιυο-

1151 906 1221 930 RINO,
1247 897 1385 931 lnvanno,
1412 899 1540 933 CANDIDO,
1568 899 1711 932 Crrnuno,
1740 898 1907 928 ROMANIANO,

1153 943 1294 977 EMILIANO,
1307 944 1452 976 AFRICANO,
1465 945 1635 972 MARCELLINO
1645 944 1655 959 ¹
1667 949 1694 971 et
1705 943 1809 971 caeteris
1823 942 1867 977 qui
1881 942 1908 969 in

1150 988 1355 1024 Carthaginensi
1363 990 1475 1017 concilio
1483 989 1615 1017 affuerunt
1628 989 1806 1017 dilectissimis
1820 987 1910 1015 fratri-

1151 1033 1210 1065 bus,
1226 1035 1252 1061 in
1268 1035 1380 1062 Domino
1396 1036 1518 1063 salutem.

1151 1079 1177 1106 1.
1192 1079 1225 1106 In
1237 1081 1384 1114 requirendo
1403 1081 1434 1107 de
1445 1081 1455 1096 ³
1466 1081 1505 1107 his
1531 1083 1615 1114 rebus,
1633 1088 1694 1115 quas
1705 1080 1775 1107 omni
1784 1087 1840 1106 cum
1855 1079 1909 1106 sol-

1116 1124 1246 1152 licitudine
1260 1126 1328 1152 deret
1345 1135 1361 1153 a
1371 1126 1550 1155 sacerdotibus.
1567 1127 1747 1160 maaimequea
1757 1132 1814 1152 vero
1821 1125 1908 1160 justo-

1115 1179 1163 1205 qne
1176 1175 1198 1197 et
1217 1171 1341 1198 catholico
1365 1172 1467 1198 tractari
1491 1171 1607 1204 concilio,
1630 1171 1740 1206 antiqua
1763 1170 1910 1197 traditionis

1116 1216 1231 1251 exempla
1243 1222 1378 1247 servantes.
1395 1222 1419 1244 ct
1431 1217 1606 1245 ecclesiasticis
1621 1224 1741 1243 memores
1758 1215 1909 1250 disciplima,

1116 1266 1208 1288 nostra:
1220 1262 1348 1298 religionis
1357 1263 1466 1298 vigorem
1478 1271 1527 1289 non
1538 1263 1619 1289 minus
1629 1270 1695 1288 nunc
1704 1261 1731 1288 in
1740 1260 1909 1292 consulendo,

1115 1314 1190 1341 quam
1209 1312 1282 1333 antea
1294 1315 1352 1333 cum
1366 1307 1571 1342 pronuntiaretis,
1589 1315 1647 1333 vera
1667 1306 1766 1333 ratione
1777 1305 1910 1340 ﬁrmostis.

1116 1352 1159 1386 qui
1173 1352 1206 1378 ad
1219 1356 1332 1379 nostrum
1347 1353 1504 1387 referendum
1524 1351 1682 1387 appr-obortis
1702 1358 1756 1378 este
1770 1350 1908 1385 judicium,

1116 1397 1221 1424 scientes
1235 1397 1296 1432 quid
1306 1398 1453 1432 apostolica:
1469 1397 1540 1430 Sedi,
1556 1405 1613 1423 cum
1630 1387 1777 1424 comes-hoc
1792 1394 1847 1422 loco
1864 1403 1911 1430 po-

1116 1444 1158 1471 siti
1170 1445 1253 1480 ipsum
1267 1446 1335 1479 sequi
1350 1445 1518 1472 desideremus
1528 1444 1681 1478 apostolum,
1691 1443 1821 1474 debeatur,
1835 1450 1851 1468 a
1861 1449 1911 1477 qua

1116 1491 1170 1526 ipse
1184 1491 1341 1526 episcopatus
1351 1495 1374 1518 et
1387 1495 1438 1517 tota
1450 1491 1584 1517 auctoritas
1596 1489 1705 1516 numinis
1714 1489 1792 1524 hujus
1802 1488 1909 1515 emersit.

1118 1536 1197 1568 Quem
1212 1541 1349 1571 sequentes,
1365 1540 1416 1563 tam
1430 1537 1496 1563 mala
1508 1536 1629 1563 damnare
1641 1535 1755 1563 nwimns
1767 1543 1841 1570 quam
1852 1542 1911 1569 pro-

1117 1582 1175 1608 bare
1190 1581 1328 1609 laudanda.
1350 1581 1396 1609 Vel
1409 1582 1437 1609 id
1455 1591 1512 1609 vero
1527 1582 1596 1617 quod
1618 1586 1721 1617 patrum
1741 1581 1856 1608 instituta
1870 1587 1912 1607 sa-

1116 1626 1237 1653 cet'dotali
1252 1626 1423 1654 custodientes
1437 1628 1516 1662 ofﬁcio
1530 1635 1580 1654 non
1593 1627 1700 1654 censetis
1712 1634 1766 1653 esse
1777 1625 1910 1657 calcanda,

1115 1671 1183 1706 quod
1195 1671 1234 1699 illi
1248 1681 1299 1700 non
1318 1673 1439 1706 humana,
1464 1673 1509 1700 sed
1523 1673 1607 1700 divina
1628 1673 1758 1699 decrevere
1777 1671 1910 1703 sententia,

1115 1721 1142 1743 ut
1156 1717 1279 1752 quidqttid
1290 1719 1403 1752 quamvis
1421 1719 1448 1745 in
1462 1718 1597 1754 disjunctis
1614 1716 1764 1752 remotisque
1778 1716 1912 1752 provinciis

1115 1768 1240 1797 agt-retur,
1254 1772 1304 1790 non
1319 1765 1389 1799 prius
1402 1764 1521 1791 ducerent
1544 1763 1693 1799 finiendum.
1712 1764 1762 1791 nisi
1783 1763 1818 1789 ad
1834 1763 1912 1798 hujus

1116 1808 1191 1835 Sedis
1215 1809 1330 1836 notitiam
1357 1810 1494 1844 perveniret
1516 1817 1525 1836 :
1545 1814 1572 1836 ut
1592 1814 1644 1836 tota
1666 1809 1743 1844 hujus
1764 1808 1913 1835 auctoritate

1110 1853 1182 1889 justo
1203 1863 1258 1889 qua:
1275 1855 1351 1890 fuerit
1375 1855 1546 1890 pronuntiatio
1569 1855 1722 1890 ﬁrmaretur,
1745 1854 1854 1888 indeque
1867 1861 1912 1880 sn-

1118 1904 1212 1926 mercnt
1226 1906 1323 1927 cauerat
1336 1900 1456 1928 Ecclesia
1468 1899 1550 1936 (velut
1566 1900 1598 1927 de
1613 1900 1692 1927 natali
1704 1908 1750 1927 suo
1763 1902 1832 1935 fonte
1841 1907 1913 1934 aqua-

1118 1950 1218 1973 rum-tte
1228 1946 1399 1981 procederent,
1411 1950 1434 1973 et
1444 1954 1489 1981 per
1498 1946 1609 1973 diversas
1616 1946 1692 1973 totius
1702 1945 1790 1973 nntndi
1800 1945 1913 1980 regiones

1116 1992 1175 2026 puri
1189 1991 1276 2018 latices
1291 1992 1379 2027 capitis
1391 1992 1531 2027 incorrupti
1547 1991 1697 2025 manarent)
1709 1991 1770 2025 quid
1791 1990 1911 2025 pracipe-

1115 2041 1180 2070 rent,
1194 2045 1257 2072 quos
1269 2036 1409 2071 abluerent,
1421 2045 1484 2072 quos
1495 2037 1562 2064 velut
1574 2045 1644 2064 emno
1659 2036 1841 2063 inemundabili
1850 2038 1905 2058 εον-

1116 2083 1216 2110 didatos
1229 2084 1329 2111 mundis
1339 2083 1416 2119 digna
1429 2083 1574 2117 corporibus
1587 2082 1656 2108 unda
1664 2082 1760 2109 vitat-d-

1149 2129 1178 2156 2.
1194 2129 1315 2156 Gratulor
1323 2129 1408 2162 igitur,
1416 2127 1508 2161 fratres
1517 2124 1667 2157 charisslmi,
1679 2123 1748 2160 quod
1754 2132 1798 2159 per
1805 2125 1909 2159 fratrem

1116 2178 1139 2200 et
1151 2172 1327 2208 coepiscopum
1341 2176 1454 2199 nostrum
1464 2170 1564 2198 Julium
1579 2169 1676 2196 litteras
1692 2168 1726 2195 ad
1742 2176 1788 2195 nos
1799 2169 1909 2195 destina-

1114 2219 1169 2249 stis.
1183 2222 1206 2245 et
1218 2226 1275 2245 cum
1287 2218 1339 2245 illis
1351 2225 1438 2244 curam
1451 2217 1535 2252 geritis
1550 2216 1639 2251 quibus
1662 2214 1801 2250 prtesidetis
1823 2213 1912 2241 Eccle~

1116 2265 1169 2297 siis,
1185 2264 1380 2291 sollicitudinem
1395 2268 1501 2290 vestram
1517 2270 1562 2297 pro
1587 2262 1698 2288 ontninm
1712 2261 1821 2287 utilitate
1832 2267 1909 2287 mon-

1115 2311 1211 2343 stratis,
1226 2314 1248 2336 ct
1260 2318 1303 2343 per
1315 2313 1417 2335 cunctas
1429 2308 1504 2334 totius
1517 2307 1582 2334 orbis
1594 2306 1721 2333 Ecclesia;
1733 2305 1846 2332 omnibus
1858 2311 1911 2331 una

1116 2356 1182 2390 quod
1197 2355 1276 2390 prosit
1289 2354 1470 2381 decernendum
1484 2361 1537 2380 esse
1545 2352 1678 2387 deposcitis
1687 2359 1697 2378 :
1707 2355 1735 2378 ut
1745 2351 1797 2377 suis
1806 2354 1909 2376 comta-

1117 2401 1186 2428 bilita
1199 2400 1293 2436 regulis
1304 2400 1427 2432 Ecclesia,
1439 2403 1463 2426 et
1478 2400 1533 2431 hoc,
1550 2406 1599 2432 quo
1612 2397 1670 2423 illos
1683 2400 1778 2427 caveat,
1795 2403 1910 2431 pronun-

1117 2448 1310 2482 tiationisjustaa
1319 2447 1420 2480 ﬁrmata
1432 2446 1527 2471 decreto
1541 2443 1633 2470 talibus
1644 2451 1732 2478 pavere
1742 2451 1792 2470 non
1804 2443 1883 2479 possit
1897 2444 1906 2457 ‘

1118 2494 1158 2528 qui
1173 2492 1293 2527 perversis
1305 2491 1429 2524 instructi,
1441 2490 1493 2517 imo
1512 2489 1630 2517 dcslructi
1641 2490 1772 2517 verberant
1792 2489 1909 2525 argutiis,

1148 2571 1156 2586 ί
1169 2571 1206 2595 sic
1216 2571 1241 2595 in
1250 2573 1304 2594 ω.
1312 2570 1386 2595 Vatic.
1399 2573 1426 2595 et
1435 2569 1516 2595 Gallic.
1529 2572 1556 2595 At
1567 2569 1592 2593 in
1599 2568 1717 2600 ,vuigartis,
1729 2569 1853 2600 nominato
1861 2575 1912 2594 uno

1115 2601 1220 2657 #:rellig,
1231 2601 1358 2626 subditur:
1369 2603 1398 2626 El
1408 2600 1516 2626 oneribus
1526 2599 1616 2625 sanctis
1636 2599 1761 2632 episcopis,
1784 2599 1821 2625 vel
1837 2602 1911 2626 crete-

1151 2651 1158 2657 .
1169 2639 1183 2657 e
1210 2650 1216 2657 .

1115 2639 1158 2663 ns,
1169 2639 1216 2657 etc.

1147 2674 1158 2689 ²
1169 2675 1203 2698 ita
1212 2676 1266 2698 Mss.
1280 2676 1385 2705 excepto
1395 2673 1467 2698 vatic.
1480 2673 1522 2705 qui
1538 2675 1593 2705 post
1607 2678 1697 2705 nomen
1715 2671 1848 2698 Marcellini
1858 2672 1912 2697 hac

1117 2705 1257 2739 interponit,
1272 2707 1295 2739 et
1309 2703 1418 2729 cautibus
1428 2703 1517 2730 sauciis
1695 2733 1701 2739 _

1149 2736 1159 2752 ³
1234 2735 1303 2760 Corb.
1313 2739 1342 2767 _et
1352 2738 1439 2760 Germ.:
1455 2739 1482 2760 In
1493 2734 1644 2767 rcqitirentlis
1657 2734 1701 2759 Dei
1713 2734 1792 2767 rebus,

1148 2767 1160 2783 ⁸
1170 2766 1206 2791 sic
1217 2770 1269 2791 Mss.
1282 2765 1361 2791 Gallic.
1375 2769 1401 2790 Al
1417 2772 1480 2791 unus
1492 2773 1507 2790 e
1518 2764 1591 2791 Vatia.
1608 2765 1681 2791 habet
1694 2772 1700 2790 :
1718 2767 1745 2789 [τι
1756 2764 1806 2791 suis
1817 2766 1898 2789 conato

1118 2796 1192 2831 bilius
1203 2796 1293 2831 regulis
1304 2796 1416 2822 Ecclesia:
1425 2800 1448 2822 et
1457 2797 1500 2831 hos
1510 2799 1608 2831 caveant
1613 2795 1731 2831 institutis
1739 2795 1819 2831 fu'qia:
1825 2795 1910 2831 docte;

1116 2828 1215 2863 talibus,
1221 2826 1244 2863 git
1252 2827 1419 2863 aliosiquorum
1426 2828 1532 2863 agndum
1539 2826 1643 2863 perﬁdia
1651 2826 1734 2862 patuit,
1739 2826 1786 2863 qui

1117 2855 1234 2886 instructi,
1249 2862 1296 2884 etc.
1309 2855 1363 2883 P.5d.
1376 2862 1426 2883 Am.
1438 2862 1475 2882 t-‘.r.
1486 2862 1513 2883 et
1522 2855 1598 2884 [λιν-’τ
1614 2860 1642 2883 L’l
1650 2855 1699 2883 suis
1710 2855 1859 2883 cinismbils'ta
1870 2861 1911 2879 re-

1117 2889 1179 2921 gulis
1191 2889 1302 2919 Ecclesia,
1314 2896 1345 2921 ea:
1354 2889 1397 2914 hoc
1409 2890 1471 2921 quod
1479 2889 1532 2915 illos
1543 2892 1624 2914 caveat
1632 2886 1828 2921 pronuntiationis
1835 2886 1912 2918 im

273 2919 365 2944 tinetur
373 2920 397 2943 in
407 2919 509 2949 epistola
517 2920 558 2945 M7
569 2920 599 2945 ad
607 2920 734 2946 Paulinam.
741 2922 830 2952 Scripta
838 2924 892 2952 post
903 2919 1063 2952 superiorem.
1086 2925 1097 2940 ο
1116 2919 1214 2952 ﬁrmata
1225 2919 1386 2946 decretalibus
