4112 6346
355 335 453 394 78!

356 451 449 507 sub
475 450 696 523 imagine
720 448 980 504 catholica!
996 448 1117 519 fidei
1135 446 1466 517 disputantes,
1488 442 1620 498 velut
1646 442 1937 515 pestiferum

358 543 646 598 exhalantes
670 543 825 607 virus,
853 552 907 597 ut
936 542 1193 596 hominum
1217 549 1348 595 recte
1374 538 1691 593 sentientium
1725 538 1779 591 in
1804 536 1943 590 dete-

357 634 539 687 riorem
561 642 757 703 partem
782 634 934 687 corda
970 639 1313 703 corrumpant,
1362 638 1519 685 totam
1554 629 1657 683 veri
1690 628 1939 698 dogmatis

353 733 588 795 quierunt
615 733 827 778 evertere
854 723 1194 794 disciplinam.

427 814 481 869 3.
507 812 811 869 Sanandum
850 831 967 884 ergo
1004 814 1233 878 celerius,
1266 830 1327 867 ne
1367 812 1565 883 longius
1606 811 1942 866 exsecrandus

357 905 539 959 animis
563 906 763 960 morbus
790 907 980 977 irrepat
1009 921 1027 960 :
1050 906 1178 962 sicut
1202 905 1423 960 medicus
1444 921 1555 962 cum
1579 904 1758 959 viderit
1786 904 1941 974 hujus

360 999 544 1053 terreni
572 1000 798 1072 corporis
835 1000 1053 1071 aliquem
1093 1016 1200 1055 esse
1229 999 1541 1069 languorem,
1570 1013 1810 1069 magnum
1836 1010 1943 1051 sua:

359 1093 484 1147 artis
509 1095 722 1149 wstimat
747 1094 1123 1158 documentum,
1148 1095 1193 1149 si
1213 1096 1311 1149 cito
1335 1094 1450 1167 quis
1486 1094 1625 1149 illius
1664 1095 1940 1149 interventu

360 1186 652 1258 desperatus
678 1187 889 1253 evadat;
911 1188 989 1243 vel
1012 1206 1126 1242 cum
1152 1197 1297 1259 putre
1330 1188 1511 1243 vulnus
1556 1189 1821 1258 aspexerit,
1851 1186 1945 1241 ad-

359 1277 491 1331 hibet
514 1281 734 1349 fomenta
754 1276 833 1332 vel
859 1288 1057 1345 cratera,
1080 1278 1257 1348 quibus
1284 1278 1414 1333 illud
1433 1279 1589 1349 possit
1617 1279 1751 1348 quod
1771 1287 1943 1331 natum

358 1373 523 1440 fuerat
550 1370 728 1423 vulnus
750 1369 970 1434 obduci;
989 1386 1049 1423 ac
1076 1371 1121 1425 si
1139 1371 1192 1423 id
1215 1387 1421 1425 manens
1443 1371 1615 1423 sanari
1629 1388 1726 1423 non
1741 1370 1940 1440 poterit,

358 1477 419 1514 ne
431 1478 613 1531 corpus
626 1459 870 1531 reliquum
880 1479 971 1516 sua
987 1460 1096 1515 tabe
1106 1470 1413 1535 corrumpat,
1428 1465 1563 1535 ferro
1575 1469 1800 1532 amputat
1810 1459 1945 1531 quod

358 1552 583 1619 nocebat,
610 1569 708 1623 quo
728 1552 977 1625 reliquum
998 1556 1246 1625 integrum
1259 1562 1417 1609 servet
1450 1563 1495 1607 et
1515 1553 1773 1607 intactum.
1799 1549 1945 1605 Prw-

356 1643 625 1697 cidendum
656 1644 709 1697 id
733 1660 851 1716 ergo
871 1653 967 1712 est,
1014 1644 1149 1715 quod
1177 1646 1309 1699 velut
1337 1660 1463 1716 puro
1494 1659 1714 1711 sanoque
1735 1642 1944 1695 nimium

357 1736 557 1805 corpori
580 1735 762 1791 vulnus
789 1735 1030 1808 obrepsit,
1069 1752 1131 1789 ne
1166 1752 1280 1790 cum
1307 1735 1499 1789 tardius
1528 1732 1847 1804 abstergitur,
1892 1731 1943 1784 in

356 1826 482 1894 ipsis
507 1844 634 1899 pene
661 1828 927 1883 visceribus
966 1828 1120 1896 huius
1164 1827 1287 1881 mali
1326 1843 1426 1881 non
1462 1823 1805 1880 exhaurienda
1832 1832 1945 1893 post

355 1916 552 1971 sentina
576 1917 821 1972 considat.

438 2007 493 2063 4.
538 2006 675 2062 Nam
701 2008 823 2079 quid
860 2024 952 2062 nos
1003 2009 1067 2062 de
1108 2006 1186 2062 his
1227 2006 1436 2078 posthac
1468 2014 1658 2062 rectum
1700 2003 1945 2059 mentibus

356 2099 716 2164 existimemus,
746 2099 829 2168 qui
865 2097 959 2153 sibi
984 2115 1038 2152 se
1083 2108 1262 2169 putant
1289 2096 1463 2152 debere
1489 2097 1624 2168 quod
1657 2095 1772 2149 boni
1807 2104 1942 2159 sunt,

361 2205 451 2242 nec
480 2188 622 2241 illum
646 2188 963 2243 considerant
987 2190 1129 2260 cujus
1151 2190 1376 2259 quotidie
1393 2189 1607 2260 gratiam
1634 2204 1946 2257 consequun-

362 2290 445 2333 tur
466 2281 491 2334 ?
512 2280 617 2334 Sed
624 2281 738 2350 jam
771 2280 875 2345 isti,
906 2282 990 2351 qui
1026 2281 1150 2335 tales
1190 2290 1325 2346 sunt,
1357 2280 1550 2333 nullam
1589 2278 1687 2332 Dei
1730 2279 1947 2350 gratiam

357 2382 750 2440 consequuntur,
783 2370 869 2440 qui
891 2372 999 2425 sine
1017 2371 1106 2425 illo
1134 2381 1325 2425 tantum
1356 2388 1409 2423 se
1432 2368 1628 2438 assequi
1653 2386 1797 2439 posse
1820 2385 1946 2422 con-

359 2461 549 2529 ﬁdunt,
577 2470 818 2532 quantum
859 2461 943 2515 vix
968 2463 1044 2516 illi
1083 2462 1169 2532 qui
1194 2460 1254 2514 ab
1282 2461 1370 2515 illo
1407 2460 1685 2532 postulant,
1726 2460 1949 2530 accipere

356 2562 724 2622 promerentur.
761 2553 895 2618 Quid
919 2554 1050 2606 enim
1089 2564 1190 2606 tam
1226 2553 1453 2623 iniquum
1484 2559 1641 2622 potest
1679 2567 1801 2615 esse,
1846 2561 1946 2603 tam

358 2641 650 2708 barbarum,
680 2653 782 2696 tam
811 2645 961 2699 totius
990 2645 1243 2715 religionis
1267 2645 1520 2715 ignarum,
1542 2653 1642 2695 tam
1661 2641 1949 2696 Christianis

355 2734 609 2787 mentibus
639 2734 916 2801 inimicum,
943 2752 1093 2805 quam
1135 2736 1248 2789 huic
1289 2745 1334 2788 te
1371 2751 1551 2805 negare
1578 2732 1753 2787 debere
1794 2731 1948 2802 quid-

353 2824 485 2893 quid
510 2826 561 2878 in
590 2826 881 2896 quotidiana
913 2828 1075 2897 gratia
1105 2826 1437 2896 consequeris,
1473 2826 1554 2878 cui
1581 2834 1626 2878 te
1650 2825 1758 2893 ipse
1785 2824 1947 2891 conﬁ-

354 2915 483 2968 teris
510 2915 686 2970 debere
714 2916 848 2988 quod
877 2928 1025 2970 natus
1052 2934 1102 2972 es
1120 2919 1145 2971 Σ)
1170 2916 1306 2987 Ergo
1334 2918 1429 2969 eris
1459 2917 1545 2969 tibi
1566 2918 1616 2969 in
1642 2916 1948 2986 providendo

356 3007 704 3074 prtestantior,
729 3024 877 3076 quam
902 3017 1059 3077 potest
1083 3008 1134 3059 in
1165 3016 1210 3061 te
1238 3024 1362 3072 esse,
1389 3008 1474 3076 qui
1498 3016 1545 3060 te
1579 3014 1631 3059 ut
1672 3023 1799 3060 esses
1824 3004 1948 3072 (⁷πέ-

358 3098 429 3149 cit
453 3096 476 3151 !
499 3096 566 3150 Et
590 3116 705 3151 cum
727 3108 773 3152 te
796 3108 938 3169 putes
980 3099 1024 3152 ei
1065 3097 1237 3150 debere
1263 3098 1396 3167 quod
1432 3098 1572 3163 vivis,
1618 3097 1869 3170 quomodo
1905 3106 1951 3150 te

358 3208 465 3245 non
496 3201 643 3261 putas
663 3191 742 3244 illi
759 3191 935 3245 debere
954 3191 1090 3262 quod
1109 3191 1453 3260 quotidianam
1473 3193 1581 3261 ejus
1605 3190 1949 3258 consequendo

356 3284 578 3352 gratiam
605 3284 772 3337 taliter
809 3284 970 3336 vivis?
998 3281 1065 3334 Et
1103 3282 1187 3350 qui
1220 3298 1310 3336 nos
1338 3283 1590 3352 adjutorio
1630 3298 1780 3350 negas
1819 3280 1952 3334 indi-

356 3391 481 3444 gere
503 3374 691 3440 divino,
716 3374 860 3443 quasi
896 3392 959 3429 ex
992 3384 1162 3429 nostra
1196 3374 1249 3427 in
1287 3382 1445 3427 totum
1474 3373 1797 3443 possibilitate
1834 3390 1949 3443 per-

355 3465 541 3533 fectos,
575 3465 824 3533 quomodo
856 3482 955 3519 non
977 3466 993 3496 ¹
1025 3465 1335 3537 adjutorium
1358 3464 1465 3527 ejus
1483 3464 1533 3516 in
1554 3480 1666 3531 nos,
1687 3480 1801 3517 cum
1828 3463 1951 3517 tales

356 3574 391 3610 a
420 3557 566 3610 nobis
592 3557 740 3610 etiam
766 3573 872 3612 esse
893 3575 1178 3629 possumus,
1206 3572 1532 3628 provocamus
1548 3556 1574 3610 .’

434 3650 493 3705 5.
525 3649 626 3713 Qui
652 3650 783 3703 enim
814 3651 1123 3720 adjutorium
1146 3649 1240 3702 Dei
1260 3658 1428 3720 negat,
1452 3648 1626 3704 vellem
1644 3648 1955 3720 interrogare

356 3739 491 3810 quid
513 3741 680 3806 dicat;
723 3758 813 3794 nos
861 3757 960 3794 non
1003 3740 1199 3807 mereri,
1246 3756 1311 3793 an
1341 3740 1486 3793 illum
1533 3740 1627 3792 hoc
1664 3756 1765 3793 non
1812 3756 1955 3815 posse

361 3835 646 3904 praestare?
687 3851 753 3886 an
794 3833 922 3887 nihil
947 3850 1052 3887 esse
1078 3842 1281 3903 propter
1305 3831 1440 3903 quod
1481 3825 1816 3901 unusquisque
1859 3832 1954 3884 hoc

361 3926 542 3981 debeat
572 3927 867 3998 postulare?
895 3926 1050 3979 Posse
1075 3927 1169 3979 hoc
1211 3925 1392 3989 Deum,
1436 3943 1588 3996 opera
1627 3926 1739 3996 ipsa
1769 3932 1955 3978 testan-

365 4028 491 4083 tur;
527 4026 573 4070 et
598 4017 854 4087 adjutorio
883 4016 1175 4086 quotidiana
1200 4033 1291 4069 nos
1320 4032 1479 4087 egere,
1508 4032 1690 4087 negare
1718 4032 1817 4068 non
1839 4032 1957 4086 pos-

367 4118 563 4160 sumus.
600 4106 710 4161 Hoc
731 4108 860 4161 enim
884 4124 969 4159 seu
996 4106 1116 4159 bene
1144 4103 1372 4171 vivimus,
1404 4123 1750 4173 provocamus,
1779 4114 1835 4159 ut
1854 4121 1957 4158 me-

370 4191 473 4245 lius
499 4201 815 4260 sanctiusque
838 4197 1094 4261 vivanms;
1135 4214 1221 4249 seu
1263 4212 1413 4265 prave
1439 4198 1700 4250 sentientes
1743 4212 1775 4248 a
1816 4195 1956 4249 bonis

367 4283 662 4345 avertimur,
695 4292 750 4335 ut
786 4283 853 4334 ad
892 4297 1079 4335 rectam
1132 4286 1392 4339 redeamus
1429 4287 1578 4353 viam,
1618 4286 1729 4357 ejus
1765 4285 1956 4340 auxilio

369 4375 493 4443 plus
520 4390 735 4444 egemus.
768 4373 904 4427 Nam
942 4374 1063 4445 quid
1097 4384 1200 4429 tam
1228 4378 1562 4449 mortiferum,
1599 4387 1701 4431 tam
1734 4393 1957 4449 prwceps

369 4466 601 4519 videatur
623 4464 691 4519 ad
714 4482 907 4531 casum,
952 4477 1055 4520 tam
1080 4462 1361 4538 expositum
1398 4467 1464 4521 ad
1501 4469 1671 4521 omnia
1710 4469 1953 4539 pericula,

368 4558 414 4610 si
440 4558 536 4610 hoc
552 4558 714 4611 solum
743 4558 884 4611 nobis
906 4567 1137 4628 putantes
1158 4576 1302 4628 posse
1326 4559 1565 4629 suﬁicere,
1592 4560 1728 4630 quod
1748 4560 1957 4614 liberant

369 4646 638 4700 arbitrium
653 4663 762 4700 eum
777 4664 1093 4702 nasceremur
1105 4650 1409 4719 accepimus,
1429 4652 1564 4703 ultra
1568 4650 1682 4721 jam
1698 4667 1727 4702 a
1744 4649 1957 4704 Domino

372 4735 511 4790 nihil
525 4737 886 4807 quatramusjd
903 4741 1215 4805 est,auctoris
1231 4740 1671 4813 nostriobliti,ejus
1689 4743 1957 4813 potentiam

369 4836 428 4881 ut
460 4843 552 4882 nos
579 4827 896 4881 ostendamus
913 4830 1110 4898 liberos,
1131 4831 1437 4902 abjuremus,
1460 4836 1603 4901 quasi
1612 4835 1725 4903 jam
1741 4835 1959 4903 amplius

370 4916 514 4987 quod
538 4918 693 4989 possit
719 4917 840 4971 dare
869 4933 970 4971 non
997 4916 1194 4984 habeat,
1227 4922 1311 4989 qui
1337 4932 1383 4973 te
1413 4924 1465 4975 in
1493 4933 1578 4977 tuo
1608 4935 1720 4978 ortu
1748 4926 1958 4982 liberum

370 5009 823 5081 fecitinescientes
863 5008 997 5079 quod
1035 5010 1132 5063 nisi
1175 5012 1369 5082 magnis
1397 5014 1623 5082 precibus
1650 5017 1702 5070 in
1732 5034 1821 5072 nos
1864 5017 1959 5072 Dei

371 5100 543 5171 gratia
569 5100 841 5171 implorata
864 5100 1152 5162 descendat,
1190 5118 1500 5173 nequaquam
1527 5113 1740 5161 terrente
1763 5106 1886 5163 labis
1913 5120 1958 5162 et

372 5191 626 5246 mundani
649 5193 876 5262 corporis
904 5193 1100 5246 vincere
1139 5208 1377 5247 conemur
1420 5196 1634 5264 errores,
1665 5216 1778 5254 cum
1814 5218 1958 5271 pares

370 5300 472 5338 nos
506 5283 573 5338 ad
597 5285 926 5339 resistendum
953 5300 1051 5338 non
1074 5284 1281 5338 liberum
1307 5285 1588 5357 arbitrium,
1619 5290 1709 5346 sed
1745 5292 1841 5347 Dei
1871 5310 1956 5346 so-

442 5437 597 5503 *_Bad.
622 5446 723 5487 Am.
747 5440 820 5503 Ei.
857 5445 907 5488 ct
935 5444 1069 5503 Lov._,
1096 5437 1327 5499 quomodo
1348 5451 1476 5489 vero.
1510 5447 1565 5490 At
1585 5449 1691 5493 Mss.
1716 5445 1873 5495 Gallic.
1909 5457 1961 5503 et

370 5499 548 5560 Vatia,
572 5502 805 5567 quomodo
813 5512 925 5567 non.
949 5500 1023 5567 sic
1043 5498 1306 5567 legendum
1326 5514 1438 5551 esse
1450 5503 1748 5567 intelligitur
1770 5520 1833 5556 ex
1850 5498 1959 5559 con;

370 5560 728 5623 sequentibus;
744 5562 856 5627 quia
879 5562 1085 5627 probare
1103 5560 1207 5610 'vult
1222 5564 1543 5627 Innocentius,
1556 5560 1743 5627 jus'tum
1760 5569 1853 5619 vita
1872 5584 1960 5623 sua

373 5634 642 5690 provocare
662 5624 894 5690 anguium
914 5624 1021 5690 Dei,
1032 5636 1127 5686 quo
1148 5624 1359 5690 sanctius
1378 5625 1521 5674 vivat.
1544 5624 1661 5677 Hinc
1682 5629 1820 5690 paulo
1842 5632 1961 5685 intra

374 5687 490 5753 uss.
512 5684 659 5734 iidem
677 5686 877 5745 habent,
900 5699 983 5737 seu
1006 5683 1120 5735 bene
1142 5683 1355 5747 rivinms,
1387 5683 1696 5750 provocamus
1707 5704 1726 5753 ;
1741 5692 1823 5741 ubi
1844 5695 1955 5743 ωδ.

374 5741 573 5808 plures,
596 5759 857 5809 precantur.

1542 321 2020 383 EPISTOLARUM
2054 315 2328 379 CLASSIS
2364 316 2450 381 ΙΙΙ»

3530 320 3636 382 Ἶὲῐι

2050 439 2154 493 lum
2174 439 2338 510 facere
2358 439 2514 509 possit
2544 437 2807 492 auxilium.

2119 531 2173 588 6.
2217 530 2354 585 Nam
2382 530 2424 584 si
2450 528 2538 585 ille
2555 530 2740 584 clamat
2762 527 3014 599 adjutorio
3037 527 3133 583 sibi
3151 544 3279 598 opus
3304 542 3410 583 esse
3427 526 3617 598 divino,

2047 623 2134 691 qui
2152 623 2303 694 digne
2329 624 2424 676 hoc
2464 639 2563 676 non
2608 628 2866 693 quwreret,
2913 621 2955 675 si
2984 620 3066 674 cui
3109 620 3317 674 liberum
3361 620 3626 675 arbitrium

2050 714 2167 783 plus
2198 715 2492 785 prodesset;
2518 714 2705 783 quippe
2728 729 2843 767 cum
2882 713 2957 766 vir
2980 712 3150 766 beatus
3174 722 3219 766 et
3235 712 3351 783 jam
3378 712 3563 767 electus
3593 730 3628 767 a

2048 804 2268 860 Domino
2296 806 2426 859 nihil
2454 813 2655 876 egeret;
2693 814 2859 858 tamen
2902 804 2973 857 ita
3011 802 3173 857 Deum
3214 804 3512 875 deprecatur
3536 821 3632 875 po-

2050 898 2261 965 stulans,
2300 917 2317 949 ς
2341 897 2559 969 Adjutor
2579 914 2716 952 meus
2737 906 2876 963 esto;
2902 914 2963 951 ne
2989 896 3302 967 derelinquas
3327 913 3425 965 me,
3474 913 3632 968 neque

2050 991 2295 1059 despicias
2317 1008 2414 1055 me,
2441 989 2580 1044 Deus
2598 990 2836 1043 salutaris
2866 1005 3032 1043 meust
3061 986 3229 1058 (Psal.
3257 1003 3405 1056 ιινι,
3426 987 3485 1059 9)
3510 988 3633 1059 {nos

2050 1085 2191 1138 nobis
2218 1085 2426 1138 liberant
2472 1084 2769 1148 arbitrium;
2796 1084 2883 1138 ille
2909 1083 3003 1137 sibi
3029 1082 3190 1137 Deum
3226 1083 3448 1153 postulat
3472 1082 3633 1152 adju-

2049 1184 2204 1230 torem
2228 1178 2253 1230 .'
2276 1176 2410 1249 quod
2455 1177 2561 1230 nati
2602 1192 2774 1231 sumus
2812 1192 2957 1247 posse
2995 1176 3219 1246 sufﬁcere
3255 1191 3348 1229 nos
3388 1175 3629 1243 dicimus,

2047 1271 2131 1325 ille
2155 1269 2314 1323 Deum
2340 1287 2401 1323 ne
2420 1270 2792 1340 derelinquatur
2815 1279 2985 1323 exorat
3000 1270 3020 1323 !
3043 1268 3181 1335 Non,
3198 1284 3342 1340 rogo,
3367 1270 3633 1341 manifeste

2049 1362 2307 1425 discimus,
2338 1360 2459 1430 quid
2497 1377 2694 1415 oremus
2727 1362 2766 1426 ί,
2811 1377 2924 1413 cum
2950 1358 3037 1414 ille
3063 1368 3321 1430 tantopere
3356 1359 3548 1426 beatus,
3578 1370 3636 1414 ut

2048 1471 2202 1522 supra
2244 1453 2483 1517 diximus,
2533 1454 2609 1506 vir
2649 1468 2711 1505 ne
2746 1451 3055 1520 despiciatur
3091 1452 3334 1521 exoptat?
3373 1450 3463 1506 Illi
3502 1453 3637 1506 enim

2048 1560 2245 1599 necesse
2263 1552 2334 1598 est
2358 1543 2455 1597 ista
2476 1551 2711 1613 arguant,
2740 1543 2824 1611 qui
2842 1542 2933 1596 illa
2957 1542 3282 1610 confirmant.
3311 1540 3481 1597 David
3503 1544 3636 1598 enim

2049 1636 2289 1690 orationis
2316 1637 2545 1706 ignarus,
2593 1644 2638 1689 et
2667 1649 2772 1688 sua:
2798 1641 2994 1687 naturee
3019 1633 3215 1686 nescius
3242 1642 3521 1699 accusetur,
3549 1633 3638 1704 qui

2049 1743 2162 1781 cum
2190 1728 2212 1759 ¹
2240 1728 2367 1781 sciat
2391 1734 2584 1780 tantum
2612 1726 2667 1779 in
2710 1742 2803 1779 sua
2857 1726 3021 1779 inesse
3084 1733 3266 1778 natura
3288 1764 3303 1789 ,
3352 1725 3639 1795 adjutorem

2048 1819 2143 1874 sibi
2169 1819 2332 1874 Deum
2353 1828 2401 1873 et
2429 1819 2688 1874 assiduum
2728 1817 3029 1887 adjutorem,
3058 1832 3148 1870 nec
3189 1816 3267 1870 illi
3303 1817 3482 1888 sufﬁcit
3502 1818 3637 1873 assi-

2050 1915 2224 1981 duum,
2256 1915 2346 1971 sed
2392 1932 2456 1970 ne
2491 1916 2765 1985 aliquando
2808 1916 2953 1969 illum
2994 1914 3240 1985 despiciat
3271 1955 3286 1979 ,
3326 1913 3638 1969 orationibus

2051 2024 2241 2076 pronus
2262 2016 2483 2077 exaptat,
2512 2016 2557 2060 et
2578 2023 2665 2077 per
2690 2024 2871 2077 corpus
2900 2024 3045 2061 omne
3066 2004 3307 2061 Psalterii
3326 2006 3421 2061 hoc
3440 2014 3486 2061 et
3507 2022 3639 2077 pra-

2050 2097 2187 2152 dicat
2210 2106 2255 2152 et
2281 2096 2506 2152 clamat!
2536 2099 2597 2152 Si
2633 2114 2752 2169 ergo
2775 2099 2869 2151 hoc
2893 2099 2980 2151 ille
3006 2108 3109 2151 tam
3134 2114 3347 2169 magnus
3373 2098 3503 2151 sicut
3547 2114 3636 2152 as-

2050 2190 2194 2243 sidue
2238 2189 2422 2254 dicere,
2462 2190 2535 2242 ita
2559 2190 2894 2243 necessarium
2940 2188 3197 2258 confessus
3225 2198 3298 2242 est
3324 2197 3378 2242 ut
3402 2188 3639 2254 doceret;

2050 2281 2474 2349 quemadmodum
2504 2279 2744 2351 Pelagius
2771 2279 3108 2351 Celestiusque
3131 2282 3349 2350 seposita
3387 2282 3523 2335 omni
3560 2297 3641 2335 re-

2051 2375 2319 2442 sponsione
2346 2371 2696 2439 Psalmorum,
2721 2373 2907 2443 talique
2930 2372 3162 2426 abdicata
3187 2372 3434 2435 doctrina.
3456 2389 3640 2428 suasu-

2051 2481 2136 2518 ros
2156 2481 2208 2519 se
2232 2464 2480 2534 aliquibus
2508 2480 2614 2518 esse
2643 2464 2925 2533 conﬁdunt,
2957 2480 3049 2518 nos
3070 2464 3381 2534 adjutorium
3410 2463 3507 2518 Dei
3548 2480 3640 2519 nec

2053 2556 2231 2609 debere
2257 2571 2499 2627 qutrrere,
2524 2571 2613 2609 nec
2642 2571 2697 2609 eo
2719 2570 2896 2627 egere;
2916 2571 3029 2608 cum
3058 2570 3229 2609 omnes
3255 2556 3416 2609 sancti
3443 2556 3572 2611 nihil
3587 2571 3642 2610 se

2051 2646 2159 2700 sine
2184 2646 2279 2699 hoe
2296 2661 2440 2716 agere
2466 2662 2611 2717 posse
2638 2654 2876 2700 testentur
2908 2646 2933 2700 Ξ)

2124 2736 2177 2791 7.
2220 2736 2451 2790 Liberum
2469 2739 2601 2791 enim
2626 2737 2888 2791 arbitrium
2922 2738 3042 2791 olim
3079 2738 3166 2791 ille
3190 2753 3473 2808 perpessus,
3516 2738 3640 2791 dum

2053 2828 2157 2882 suis
2179 2828 2512 2882 inconsultius
2534 2830 2691 2883 utitur
2712 2830 2873 2893 bonis,
2918 2829 3101 2883 cadens
3127 2831 3180 2883 in
3210 2830 3640 2901 prwvaricationis

2055 2920 2311 2991 profunda
2353 2923 2609 2976 demersus
2636 2928 2745 2985 est;
2771 2930 2818 2975 et
2840 2920 2967 2975 nihil
2998 2922 3422 2991 quemadmodum
3460 2922 3641 2976 exinde

2053 3029 2256 3081 surgere
2286 3023 2448 3081 posset
2472 3014 2657 3067 invenit
2678 3029 2699 3077 ;
2718 3029 2908 3083 suaque
2939 3014 2992 3067 in
3028 3024 3267 3069 teternum
3294 3015 3517 3069 libertate
3542 3015 3636 3070 de-

2052 3110 2227 3172 ceptus
2256 3102 2407 3172 Imjus
2452 3103 2614 3156 ruinae
2641 3104 2885 3173 jacuisset
2927 3118 3188 3174 oppressu,
3233 3105 3329 3159 nisi
3358 3122 3474 3159 eum
3528 3117 3642 3177 post

2052 3190 2240 3247 Christi
2266 3209 2357 3262 pro
2374 3209 2467 3245 sua
2492 3194 2653 3262 gratia
2678 3193 2939 3247 relevasset
2968 3194 3212 3249 adventus
3236 3213 3251 3250 :
3279 3199 3365 3266 qui
3388 3214 3477 3268 per
3497 3212 3642 3252 nam

2052 3284 2441 3354 regenerationis
2476 3284 2898 3352 purificationem,
2941 3301 3088 3339 omne
3130 3288 3438 3356 praeteritum
3466 3289 3642 3342 vitiant

2053 3375 2130 3428 sui
2156 3373 2465 3443 baptismatis
2491 3373 2690 3427 lavacro
2727 3376 2976 3445 purgavit,
3008 3385 3054 3428 et
3079 3378 3188 3446 ejus
3212 3378 3420 3445 ﬁrmans
3446 3387 3637 3433 statum

2053 3481 2149 3533 quo
2178 3465 2361 3518 rectius
2386 3463 2708 3536 stabiliusque
2734 3466 3037 3535 procederet,
3062 3474 3228 3521 tamen
3254 3484 3398 3521 suam
3422 3470 3640 3540 gratiam

2053 3556 2107 3610 in
2127 3564 2379 3626 posterum
2408 3570 2510 3608 non
2548 3556 2763 3625 negavit.
2798 3554 2936 3609 Nam
2960 3558 3185 3627 quamvis
3225 3558 3510 3614 redemisset
3541 3560 3645 3615 ho-

2054 3647 2239 3699 minem
2282 3661 2313 3697 a
2358 3645 2621 3715 prwteritis
2661 3645 2750 3699 ille
2788 3648 3024 3717 peccatis,
3074 3656 3241 3702 tamen
3277 3649 3439 3703 sciens
3461 3650 3643 3704 iterum

2056 3754 2203 3810 posse
2253 3753 2477 3809 peccare,
2528 3738 2598 3792 ad
2646 3740 3019 3809 reparationem
3065 3740 3177 3807 sibi,
3223 3742 3642 3812 quemadmodum

2059 3839 2222 3899 posset
2250 3828 2399 3883 illum
2426 3838 2470 3884 et
2501 3837 2611 3900 post
2636 3829 2734 3884 ista
2759 3830 3025 3901 corrigere,
3056 3832 3216 3885 multa
3236 3835 3449 3887 servavit
3476 3850 3495 3888 :
3518 3852 3645 3907 αιτιοι

2057 3923 2253 3977 tidiana
2281 3930 2483 3993 prwstat
2510 3923 2598 3977 ille
2624 3924 2874 3990 remedia,
2905 3924 3083 3992 quibus
3109 3925 3207 3979 nisi
3231 3927 3349 3995 freti
3369 3929 3642 3998 conﬁsique

2058 4016 2297 4079 nitamur,
2328 4015 2614 4068 nullatenus
2639 4014 2832 4068 vincere
2859 4015 3107 4067 humanos
3130 4017 3405 4083 poterimus
3425 4034 3639 4071 errores.

2061 4107 2279 4162 Necesse
2299 4114 2375 4161 est
2400 4106 2533 4160 enim
2557 4114 2611 4158 ut
2644 4122 2740 4175 quo
2765 4106 3042 4159 auxiliante
3068 4106 3329 4171 vincimus,
3366 4122 3425 4160 eo
3458 4108 3643 4161 iterum

2059 4213 2160 4251 non
2188 4196 2459 4266 adjuvante
2481 4195 2761 4248 vincamur.
2792 4194 2896 4249 Sed
2926 4209 3121 4263 possem
3150 4195 3301 4263 plura
3326 4197 3511 4265 dicere,
3545 4200 3644 4253 nisi

2059 4303 2144 4342 vos
2165 4295 2411 4340 constaret
2431 4293 2609 4339 cuncta
2628 4285 2834 4339 dixisse.

2131 4379 2184 4432 8.
2220 4376 2458 4446 Quisquis
2482 4392 2599 4447 ergo
2626 4377 2741 4431 huic
2774 4376 3046 4431 assentiens
3069 4376 3267 4431 videtur
3295 4394 3400 4433 esse
3436 4388 3642 4435 senten-

2060 4470 2162 4535 tiw,
2194 4486 2293 4540 qua
2317 4469 2449 4521 dicat
2469 4469 2724 4540 adjutorio
2749 4468 2889 4521 nobis
2912 4485 3013 4522 non
3038 4484 3165 4539 opus
3189 4485 3298 4524 esse
3320 4471 3510 4537 divino,
3539 4473 3643 4526 ini-

2062 4562 2247 4615 micum
2271 4576 2324 4614 se
2361 4560 2621 4613 catholicae
2664 4559 2801 4628 ﬁdei,
2852 4567 2897 4612 et
2945 4558 3041 4613 Dei
3081 4559 3334 4630 beneﬁciis
3379 4564 3647 4634 proﬁtetur

2059 4652 2333 4723 ingratum.
2365 4649 2503 4703 Nam
2533 4648 2554 4679 ⁸
2581 4665 2670 4703 nec
2713 4658 2884 4702 nostra
2921 4652 3271 4705 communione
3321 4663 3440 4707 sunt
3479 4654 3644 4726 digni,

2060 4758 2208 4812 quam
2231 4738 2555 4812 praedicando
2571 4738 2736 4792 taliter
2755 4739 3061 4808 polluerunt.
3084 4739 3113 4793 1
3118 4742 3197 4810 psi
3212 4742 3345 4795 enim
3361 4759 3455 4796 sua
3469 4754 3649 4813 sponte

2062 4833 2183 4887 dum
2207 4842 2485 4901 sequuntur
2501 4829 2593 4884 illa
2617 4846 2727 4899 qua:
2754 4830 2945 4898 dicunt,
2979 4830 3182 4903 longius
3214 4849 3246 4885 a
3269 4847 3387 4887 vera
3404 4834 3647 4906 religione

2064 4928 2375 4994 refugerunt.
2406 4920 2532 4976 Cum
2575 4922 2705 4975 enim
2735 4922 2829 4975 hoc
2859 4931 3015 4976 totum
3040 4930 3094 4976 in
3120 4930 3291 4978 nostra
3339 4923 3648 4993 professione

2064 5015 2320 5077 consistat,
2340 5013 2740 5084 quotidiauisque
2756 5014 2980 5083 precibus
2995 5013 3123 5067 nihil
3140 5030 3353 5084 agamus
3364 5014 3461 5068 nisi
3474 5031 3649 5086 quem-

2062 5104 2339 5160 admodum
2376 5102 2473 5156 Dei
2522 5103 2917 5157 misericordiam
2956 5120 3354 5173 consequamur;
3402 5109 3646 5175 quemad-

2064 5199 2269 5253 modum
2290 5201 2421 5269 ferre
2447 5211 2710 5266 possumus
2734 5196 2827 5248 ista
2835 5196 3089 5266 jactantes
3106 5196 3131 5249 ?
3150 5195 3290 5262 Quis,
3312 5212 3454 5267 rogo,
3480 5206 3648 5252 tantus

2063 5290 2269 5344 illorum
2317 5297 2517 5358 pectora
2564 5304 2703 5340 error
2727 5286 2962 5355 obcaecat,
3003 5296 3078 5354 ut,
3109 5288 3154 5343 si
3190 5288 3288 5359 ipsi
3318 5288 3514 5344 trullam
3549 5289 3651 5345 Dei

2130 5448 2145 5481 ί
2172 5448 2243 5498 Sic
2263 5453 2371 5510 Mss.
2407 5450 2461 5495 At
2486 5441 2663 5510 “ligati
2698 5443 2957 5507 plerique:
2984 5452 3077 5495 Nos
3113 5456 3228 5510 ergo
3258 5444 3465 5497 dicimus
3492 5446 3649 5498 mani0
3724 5412 3727 5415 b

2064 5511 2195 5575 feste,
2223 5507 2346 5569 Quid
2362 5520 2558 5575 premas
2573 5505 2605 5556 '?
2707 5505 2711 5506 “
2828 5565 2841 5575 ι

2127 5573 2148 5603 s
2173 5566 2252 5620 ms;
2275 5570 2411 5632 com,
2426 5602 2441 5628 ,
2465 5566 2547 5631 qui
2567 5579 2676 5632 cum
2697 5578 2749 5632 se
2768 5566 2913 5623 sciat,
2942 5572 3033 5632 etc.
3058 5568 3201 5618 Paulo
3222 5576 3331 5632 post
3350 5575 3480 5631 Lov.,
3502 5576 3550 5622 et
3569 5585 3648 5622 ass

2064 5632 2258 5706 siduzun
2278 5628 2547 5693 adjutorem
2568 5628 2771 5680 invocat.
2794 5635 2849 5677 At
2870 5628 2979 5677 Bad.
3004 5636 3073 5678 Er.
3103 5638 3154 5679 et
3179 5628 3281 5680 Mss.
3308 5628 3475 5682 carent
3496 5634 3650 5683 verba

2064 5698 2446 5818 mvf‘iigj'ecimus
2465 5764 2594 5815 utan,
2619 5763 2683 5801 ex
2704 5749 2872 5801 codice
2895 5754 3038 5804 νεαρ.
