4154 6354
530 345 633 401 783

530 459 748 531 gratiam
772 461 1011 527 sentiunt,
1040 459 1159 530 quia
1184 474 1270 513 nec
1297 459 1435 529 digni
1458 468 1575 513 sunt
1603 473 1692 513 nec
1714 469 1990 527 merentur,
2014 475 2104 514 nec

529 554 595 608 de
625 551 740 607 aliis
769 552 1086 606 considerent
1106 550 1228 621 quid
1267 550 1487 620 quotidie
1516 550 1728 621 singulis
1750 551 1912 621 gratia
1941 551 2111 605 divina

525 644 781 717 largitur?
803 642 936 699 Sunt
963 642 1165 713 quidem
1189 642 1273 697 isti
1291 642 1429 696 omni
1445 642 1668 696 caecitate
1692 642 1991 713 dignissimi,
2023 643 2108 713 qui

526 752 616 791 nec
640 735 735 790 hoc
757 734 853 789 sibi
874 735 1197 805 reliquerunt,
1230 743 1284 788 ut
1327 750 1383 789 se
1413 734 1605 789 auxilio
1644 734 1851 788 credant
1887 735 2108 787 revocati

524 829 589 883 ab
608 828 859 883 erroribus
900 842 1047 898 posse
1083 827 1272 882 divino.
1319 825 1575 899 Negantes
1597 829 1731 881 enim
1772 827 2102 897 adjutorium,

522 937 625 975 non
646 920 780 983 aliis,
808 920 897 975 sed
923 919 1018 974 sibi
1043 920 1136 974 hoc
1165 920 1361 989 penitus
1380 920 1726 985 abstulerunt;
1753 920 1838 990 qui
1857 919 2106 974 avellendi

518 1022 636 1067 sunt
663 1012 879 1083 longius,
907 1012 1033 1066 etab
1054 1011 1298 1067 Ecclesia
1311 1010 1491 1084 procul
1508 1012 1793 1066 removendi
1813 1010 2099 1078 visceribus,

518 1120 581 1159 ne
613 1104 701 1158 diu
719 1104 912 1157 inultus
940 1104 1099 1157 multa
1126 1104 1141 1135 ί
1165 1119 1437 1176 occupans,
1483 1102 1776 1157 insanabilis
1804 1110 1916 1174 post
1962 1118 2103 1156 error

513 1195 777 1249 increscat.
803 1194 863 1250 Si
884 1195 1016 1249 enim
1036 1195 1123 1248 diu
1142 1195 1233 1249 sub
1255 1195 1350 1248 hac
1370 1195 1557 1264 fuerint
1578 1194 1874 1264 impunitate
1894 1192 2096 1260 versati,

514 1302 709 1341 necesse
736 1294 807 1340 est
831 1286 1015 1340 multas
1048 1284 1102 1339 in
1127 1285 1257 1339 hanc
1281 1300 1388 1340 sua:
1411 1287 1706 1355 pravitatem
1732 1284 1911 1337 mentis
1948 1282 2101 1336 indu-

510 1387 628 1432 cant
656 1377 1004 1449 decipiantque
1038 1376 1347 1443 innocentes,
1402 1376 1479 1430 vel
1530 1377 1694 1445 potius
1732 1372 2095 1444 imprudentes,

509 1469 597 1537 qui
617 1468 770 1538 ,‘idem
793 1468 1091 1543 catholicam
1115 1477 1404 1541 sequuntur.
1428 1466 1685 1521 Putabant
1704 1468 1835 1521 enim
1859 1483 1941 1520 eos
1966 1475 2099 1520 recte

507 1559 712 1624 sentire,
741 1575 867 1631 quos
906 1558 1073 1613 adhuc
1095 1558 1306 1612 viderint
1333 1558 1385 1612 in
1415 1557 1640 1612 Ecclesia
1670 1556 1961 1628 perdurare.

579 1660 633 1715 9.
666 1660 945 1731 Separetur
980 1676 1098 1730 ergo
1145 1676 1177 1712 a
1221 1675 1345 1713 sano
1372 1675 1581 1730 corpore
1621 1658 1801 1713 vulnus
1837 1659 2092 1724 insanum,

504 1763 792 1821 remotoque
808 1753 966 1807 morbi
993 1752 1237 1807 saevientis
1266 1752 1439 1823 afflatu
1475 1752 1671 1807 cautius
1712 1767 1827 1823 qua:
1848 1759 1964 1805 sunt
1990 1751 2095 1805 sin-

506 1861 621 1898 cera
646 1844 939 1915 perdurent,
974 1852 1020 1898 et
1048 1859 1173 1914 grex
1197 1843 1369 1913 purior
1400 1844 1463 1897 ab
1489 1843 1585 1896 hac
1610 1842 1731 1896 mali
1760 1842 1951 1913 pecoris
1975 1857 2097 1895 con-

504 1936 709 2008 tagione
742 1944 1003 2008 purgetur.
1044 1934 1125 1990 Sit
1157 1935 1308 1989 totius
1337 1935 1564 2004 corparis
1588 1933 1787 1987 illibata
1826 1934 2091 2005 perfectio,

502 2042 653 2096 quam
673 2042 758 2081 vos
784 2026 920 2096 sequi
943 2034 991 2080 et
1026 2034 1190 2080 tenere
1216 2025 1310 2080 hac
1345 2026 1399 2080 in
1419 2026 1534 2080 illas
1557 2025 1964 2100 pronuntiatione
2002 2041 2092 2079 ca-

502 2118 791 2187 gnovimus,
819 2126 866 2170 et
905 2133 1008 2171 una
1044 2116 1297 2171 vobiscum
1342 2118 1457 2187 pari
1496 2117 1782 2194 assensione
1814 2133 2088 2172 servamus.

505 2206 606 2271 Qui
636 2207 680 2261 si
705 2215 868 2261 tamen
896 2207 1104 2277 aliquod
1140 2208 1193 2261 in
1227 2224 1281 2261 se
1321 2207 1418 2263 Dei
1444 2207 1776 2278 adjutorium,
1802 2209 1936 2279 quod
1962 2210 2090 2262 huc-

501 2316 659 2369 usque
694 2310 1017 2371 negaverunt,
1058 2302 1396 2371 provocarint,
1430 2311 1474 2355 et
1502 2318 1628 2372 apus
1655 2303 1749 2355 sibi
1765 2304 1876 2373 ejus
1896 2304 2090 2359 auxilio

499 2406 606 2445 esse
624 2391 962 2461 cognoverint,
990 2401 1043 2444 ut
1067 2391 1164 2444 hac
1186 2389 1295 2444 labe
1322 2392 1375 2445 in
1394 2408 1545 2462 quam
1569 2392 1647 2446 sui
1669 2394 1836 2447 cordis
1854 2393 2091 2447 incurva-

496 2486 631 2539 tione
659 2493 969 2549 corruerant,
1014 2485 1307 2550 liberentur,
1353 2494 1399 2539 et
1422 2485 1567 2557 quasi
1590 2488 1642 2539 in
1667 2486 1829 2539 lucem
1861 2485 1923 2539 de
1950 2485 2087 2555 fmda

438 2588 446 2595 '
496 2575 642 2629 tracti
670 2575 907 2646 caligine,
933 2576 1137 2629 remotis
1168 2575 1506 2647 abdicatisque
1527 2576 1777 2639 omnibus,
1807 2576 1985 2647 quibus
2003 2586 2083 2630 ta-

495 2675 595 2733 tus,
614 2681 853 2720 neverum
871 2667 1170 2736 aspicerent,
1196 2666 1479 2738 foedabatur
1501 2675 1547 2720 et
1563 2667 1811 2737 caligabat
1830 2678 2081 2738 aspectus,

494 2757 731 2811 damnent
761 2756 867 2811 hac
894 2772 1007 2827 qute
1030 2757 1287 2828 hucusque
1302 2766 1584 2824 senserunt,
1607 2766 1653 2811 et
1673 2757 1946 2828 aliquando
1966 2759 2083 2812 ani-

492 2864 635 2903 mum
681 2848 830 2904 rectis
883 2848 1307 2919 disputationibus
1350 2850 1744 2914 commodantes,
1773 2850 1834 2903 ab
1862 2849 1957 2903 hac
1981 2850 2082 2903 ali-

491 2940 788 3011 quantulum
831 2939 943 2995 labe
993 2941 1246 3005 correcti,
1288 2941 1415 2994 veris
1461 2956 1515 2995 se
1556 2940 1810 2994 sanandas
1858 2941 2082 2996 consiliis

492 3032 712 3087 tribuant
736 3042 887 3103 atque
919 3034 1232 3087 submittant.
1269 3032 1416 3099 Quod
1443 3032 1488 3087 si
1516 3033 1738 3105 fecerint,
1772 3032 1865 3087 erit
1907 3033 1960 3086 in
1990 3049 2083 3103 po-

492 3132 667 3177 testate
692 3123 1006 3194 pontificum,
1041 3124 1151 3178 istis
1178 3123 1497 3193 aliquatenus
1518 3122 1793 3189 subvenire,
1826 3132 1871 3177 et
1899 3123 2081 3178 talibus

490 3217 712 3287 aliquam
739 3232 914 3271 curam
939 3226 1183 3287 prcstare
1221 3215 1530 3281 vulneribus,
1556 3231 1709 3286 quam
1750 3216 1873 3269 solet
1899 3215 2074 3286 lapsis,

488 3309 942 3378 cumresipuerint,
975 3308 1203 3362 Ecclesia
1233 3324 1333 3362 non
1361 3324 1543 3379 negare
1574 3322 1593 3361 :
1622 3316 1675 3360 ut
1714 3324 1747 3361 a
1787 3308 1891 3362 suis
1938 3323 2079 3361 revo-

488 3400 589 3452 cati
618 3399 932 3470 prtecipitiis,
962 3399 1097 3453 intra
1122 3399 1249 3453 ovile
1275 3397 1481 3453 Domini
1508 3398 1839 3470 redigantur;
1868 3415 1929 3452 ne
1950 3399 2076 3471 faris

488 3492 658 3561 positi,
690 3500 734 3545 et
766 3500 905 3545 tanta
928 3490 1163 3561 prtesidio
1192 3508 1223 3543 a
1258 3491 1360 3560 fide
1382 3492 1673 3545 munitionis
1700 3493 1908 3557 exclusi,
1938 3493 2073 3561 peri—

485 3582 615 3635 culis
651 3581 881 3636 omnibus
921 3591 1255 3651 exponuntur,
1288 3582 1559 3636 devorandi
1589 3582 1823 3652 luporum
1844 3582 2074 3636 dentibus

483 3681 633 3743 atque
658 3672 892 3736 vexandi,
930 3671 1109 3743 quibus
1130 3671 1366 3726 absistere
1392 3671 1506 3738 hac,
1528 3688 1627 3739 qua
1646 3671 1762 3727 illas
1789 3673 1840 3725 in
1864 3688 1917 3725 se
1950 3673 2070 3725 irri-

483 3772 709 3819 taverant
727 3764 970 3819 doctrinae
982 3764 1324 3836 perversitate,
1342 3780 1443 3818 non
1472 3765 1682 3835 possint.
1708 3763 1813 3819 Sed
1836 3765 1957 3818 satis
1984 3781 2068 3819 ve-

479 3855 600 3910 stris
624 3854 847 3920 monitis,
885 3855 959 3909 sic
1006 3853 1375 3908 abundantibus
1402 3866 1587 3909 nostra:
1630 3856 1751 3926 legis
1805 3855 2065 3925 exemplis,

480 3946 723 4016 probatur
758 3961 865 4000 esse
912 3960 1240 4015 responsum;
1269 3961 1358 3999 nec
1381 3945 1655 4015 quidquam
1683 3960 1942 4014 superesse
1966 3945 2065 3998 du-

480 4036 646 4090 ximus
670 4035 806 4105 quod
832 4034 1078 4100 dicamus,
1108 4051 1223 4089 cum
1255 4036 1383 4090 nihil
1411 4036 1803 4105 praetermissum
1839 4052 1869 4088 a
1906 4037 2062 4102 vobis,

478 4130 608 4191 nihil
636 4138 827 4184 constet
851 4145 955 4184 esse
976 4144 1325 4201 suppressum,
1356 4145 1453 4200 qua
1483 4129 1559 4182 illi
1586 4129 1790 4198 refutati
1806 4137 1851 4182 et
1867 4129 2065 4196 penitus

475 4231 815 4292 agnoscantur
856 4239 961 4277 esse
1002 4221 1232 4276 convicti.
1282 4220 1505 4291 Ideoque
1530 4238 1562 4274 a
1598 4220 1738 4275 nobis
1785 4221 2065 4275 testimonia

477 4313 620 4367 nulla
648 4322 925 4384 ponuntur,
968 4314 1088 4384 quia
1124 4321 1171 4366 et
1198 4313 1276 4366 his
1308 4313 1457 4382 plena
1501 4314 1679 4367 relatio
1709 4322 1801 4378 est,
1850 4324 1898 4366 et
1936 4315 2062 4367 satis

475 4411 672 4457 constat
692 4411 765 4457 tot
784 4402 1096 4477 doctissimos
1116 4402 1397 4457 sacerdotes
1425 4412 1604 4457 cuncta
1632 4404 1837 4467 dixisse,
1858 4420 1946 4458 nec
1973 4404 2062 4458 de-

474 4502 551 4548 cet
569 4493 768 4549 credere
793 4509 881 4548 vos
900 4494 1110 4565 aliquid,
1144 4494 1279 4565 quod
1305 4494 1372 4547 ad
1394 4511 1597 4548 causam
1615 4495 1771 4564 possit
1792 4496 2056 4565 pro/icere,

475 4586 790 4656 prteteriisse.
827 4587 891 4640 El.
915 4586 1015 4641 alia
1043 4603 1203 4641 manu
1234 4605 1246 4640 :
1274 4585 1406 4640 Bene
1446 4585 1623 4650 valete,
1669 4589 1868 4656 fratres.
1898 4587 1965 4640 Et
1992 4588 2061 4642 ad

473 4680 612 4735 latus
643 4697 656 4735 :
686 4678 825 4734 Data
856 4696 909 4735 γι
929 4679 1028 4735 cal.
1058 4682 1079 4712 ¹
1116 4680 1241 4753 febr.
1289 4691 1401 4750 post
1437 4679 1752 4735 consulatum
1794 4680 2061 4736 Theodosii

475 4771 688 4843 Augusti
702 4787 796 4838 vn,
818 4780 863 4827 et
881 4769 1028 4825 Junii
1057 4770 1236 4836 Quarti
1263 4786 1314 4824 v.
1343 4785 1394 4826 c.

847 4912 1180 4968 EPISTULA
1220 4894 1503 4968 CLxxx'n
1534 4915 1552 4935 ο
1582 4911 1677 4985 (a).

471 5050 794 5106 Innocentius
825 5047 1084 5103 Romanus
1140 5048 1393 5120 pontifex,
1437 5046 1675 5102 Patribus
1717 5048 1915 5102 concilii
1953 5046 2056 5101 Ili-

534 5183 551 5213 ι
576 5182 649 5233 sic
669 5189 749 5233 Ms.
772 5180 910 5231 σοι-ι).
935 5188 989 5231 Al.
1010 5180 1144 5241 Edd.,
1167 5194 1227 5232 ne
1251 5178 1432 5231 diutius
1451 5179 1617 5231 "mlta.

531 5245 553 5275 ²
574 5244 663 5294 Sic.
688 5251 794 5294 Mss.
809 5256 829 5311 ;_
848 5249 899 5293 at
918 5241 1052 5304 ΕΜ..
1075 5240 1239 5306 quinto
1268 5241 1517 5311 calmdas,
1542 5243 1736 5311 omissis
1756 5242 2052 5307 consulibus,

467 5318 589 5374 quos
608 5305 942 5374 annotavimus
964 5318 1026 5374 egi
1052 5305 1156 5354 Mss.
1181 5306 1328 5354 Vatic.
1351 5306 1568 5374 (norbaet
1586 5305 2054 5374 Germ_'._,quanquatn

466 5364 518 5435 in
539 5369 675 5435 corn.
699 5366 825 5416 alter
846 5364 1105 5435 cpnsulumr
1121 5375 1273 5435 tuitus
1289 5364 1569 5435 seu_t.zmius
1591 5364 1876 5435 appellatur.
1902 5364 1951 5416 ua
1971 5376 2056 5417 va-

466 5427 549 5497 tio.
571 5434 755 5488 autem,
773 5427 955 5487 Lucius,
976 5427 1046 5475 uti
1063 5434 1115 5476 et
1131 5429 1189 5497 in
1199 5434 1358 5476 Germ.
1377 5428 1427 5475 in
1443 5439 1545 5497 quq
1557 5427 1633 5497 ex:
1645 5439 1789 5497 prava
1810 5428 2053 5490 interpre-

466 5490 651 5599 tatione
672 5496 893 5540 notarum
913 5502 962 5538 ν.
984 5501 1029 5538 c.
1052 5490 1280 5552 scriptum
1304 5497 1410 5550 est,
1433 5490 1572 5538 Lucio
1606 5494 1781 5549 Quarto
1808 5497 1848 5536 γ
1873 5497 2053 5541 Consu-

538 5563 610 5599 us.

532 5631 550 5651 "
574 5634 825 5682 necensita
845 5631 907 5682 ad
925 5630 994 5681 bl.
1019 5630 1070 5680 Π.
1096 5631 1166 5683 th.
1192 5631 1315 5681 duos
1336 5646 1383 5682 ν.
1412 5639 1509 5680 Am.
1536 5630 1643 5681 Bad.
1669 5637 1740 5681 Er.
1765 5638 1875 5683 nov.

529 5712 603 5776 (a)
623 5713 749 5779 tilias
764 5714 826 5763 95
849 5728 862 5763 :
886 5725 997 5778 qua:
1018 5720 1182 5779 autem
1205 5715 1295 5765 l8:
1316 5722 1437 5778 erat,
1461 5727 1589 5767 nunc
1608 5715 1658 5764 in
1684 5715 1951 5779 Appendice
1974 5725 2051 5772 est

467 5774 514 5825 l.
540 5774 717 5838 wipta
738 5774 941 5828 ineunte
962 5787 1041 5828 an.
1063 5775 1171 5826 417.

1605 5859 1644 5874 τι.

1770 347 1825 403 S.
1868 347 2139 406 AUGUST
2145 348 2209 404 IN
2215 349 2230 404 l
2273 341 2571 399 EPISCOPI

3705 368 3805 433 ἰα

2290 463 2510 533 levitani,
2544 468 2874 541 comprobaus
2902 473 3104 531 illorum
3132 485 3247 533 acta
3295 495 3535 537 adversus
3565 480 3801 559 Pelagia-

2288 571 2377 609 ηοε
2384 597 2397 611 ο

2214 645 2583 719 lssocsurms,
2604 652 2837 712 Summo
2861 660 2996 723 seni,
3032 658 3356 728 VALENTINO,
3379 675 3437 721 et
3460 668 3673 724 exteris
3700 670 3791 741 qui

2282 756 2335 794 in
2360 742 2656 798 Milevitana
2685 749 2891 816 synodo
2911 751 3260 809 interfuerunt.
3281 756 3644 815 dilectissimis
3683 760 3791 816 ira-

2284 832 2470 898 tribus,
2495 834 2546 889 in
2572 828 2796 892 Domino
2824 841 3071 897 salutem.
3162 899 3166 903 .

2280 924 2331 978 1.
2371 923 2516 980 Inter
2549 938 2753 985 caeteras
2772 928 3020 989 Romante
3043 934 3286 991 Ecclesia
3310 955 3481 1007 curas,
3513 949 3562 995 et
3585 952 3790 1012 aposto-

2209 1014 2319 1102 licte
2357 1017 2507 1072 Sedis
2548 1025 2931 1092 occupationes,
2961 1027 3140 1094 quibus
3182 1028 3493 1085 diversorum
3521 1034 3538 1065 ¹
3564 1036 3791 1089 consulta

2206 1107 2347 1175 fideli
2371 1126 2431 1162 ac
2456 1111 2654 1166 modica
2678 1114 3039 1185 disceptatione
3062 1128 3356 1184 tractamus,
3374 1126 3533 1192 frater
3554 1133 3599 1178 et
3625 1127 3789 1195 caepi-

2203 1213 2388 1268 scapus
2415 1212 2581 1257 noster
2608 1202 2781 1259 Julius
2808 1207 3106 1265 Dilectionis
3139 1222 3311 1267 vestra:
3341 1213 3555 1282 litteras,
3584 1234 3709 1287 quas
3727 1236 3791 1275 es:

2207 1289 2498 1348 Milevitana
2517 1295 2730 1351 concilia
2747 1300 2767 1329 ²
2797 1316 2917 1353 cura
2943 1301 3064 1370 fidei
3084 1305 3406 1376 propensiore
3430 1308 3649 1373 misistis,
3666 1313 3788 1367 mihi

2201 1381 2520 1453 inopinanter
2539 1388 2763 1460 ingessit,
2786 1390 3195 1465 Carthaginensis
3212 1398 3360 1452 etiam
3381 1402 3563 1471 synodi
3575 1405 3789 1472 querela

2201 1475 2377 1543 parilis
2415 1478 2603 1548 scripta
2637 1481 2959 1555 subjungens.
3008 1485 3265 1541 Nimirum
3310 1490 3524 1544 exsultat
3553 1490 3782 1549 Ecclesia

2200 1576 2393 1621 tantam
2420 1569 2812 1628 sollicitudinem
2850 1578 3128 1633 commissis
3155 1582 3385 1651 gregibus
3428 1583 3659 1639 exhibere
3696 1603 3789 1656 pa-

2202 1667 2379 1726 stores,
2410 1669 2463 1713 ut
2508 1678 2609 1715 non
2632 1666 2795 1718 solum
2842 1668 3088 1722 neminem
3112 1685 3177 1723 ex
3197 1672 3275 1724 his
3300 1673 3561 1743 patiantur
3591 1691 3783 1743 errare,

2198 1745 2289 1801 sed
2315 1750 2359 1804 si
2382 1767 2509 1822 quas
2538 1754 2697 1823 magis
2714 1756 2877 1809 ovium
2897 1773 3070 1811 scwvte
3093 1758 3435 1816 delectationis
3462 1762 3615 1817 herba
3633 1764 3785 1818 sedn-

2195 1839 2292 1905 xit,
2324 1856 2383 1893 ac
2407 1842 2449 1895 si
2478 1841 2530 1896 in
2568 1860 2736 1899 errare
2752 1850 3119 1917 permanserint
3137 1892 3153 1916 ,
3181 1860 3268 1903 aut
3309 1853 3567 1924 segregari
3592 1855 3786 1922 penitus

2196 1928 2377 1995 velint,
2406 1941 2495 1986 aut
2543 1934 2785 1989 illicenter
2832 1937 3027 1993 dudum
3065 1942 3218 2011 petita
3253 1942 3492 2007 vitantes,
3543 1946 3787 2001 custodite

2197 2020 2425 2089 pristinae
2452 2024 2894 2097 circumspectione
2920 2032 3107 2099 tutari,
3139 2032 3192 2086 in
3218 2042 3430 2103 utraque
3456 2045 3601 2105 parte
3644 2038 3784 2092 vide-

2196 2110 2306 2165 licet
2338 2112 2673 2183 consulentes,
2707 2135 2770 2171 ne
2794 2120 2870 2174 vel
2892 2122 3213 2193 suscipiendo
3260 2123 3385 2179 tales
3410 2127 3785 2182 simili-aeterm

2192 2202 2497 2259 seducantur
2531 2210 2796 2279 exempla;
2820 2212 2896 2265 vel
2921 2214 3206 2283 spernendo
3234 2217 3519 2284 redeuntes,
3548 2218 3783 2288 inperant

2192 2294 2437 2350 morsibus
2450 2297 2722 2377 .videantur
2761 2302 2984 2372 ingestae.
3033 2303 3268 2360 Prudens
3296 2306 3571 2362 admodum
3599 2317 3647 2362 st
3689 2327 3780 2363 ca-

2191 2382 2392 2439 tholij
2412 2386 2533 2453 fidei
2550 2387 2700 2458 plena
2725 2392 3027 2447 consultatio
3050 2393 3092 2447 ³.
3123 2394 3248 2462 Quis
3286 2398 3420 2451 enim
3446 2409 3534 2451 aut
3562 2400 3776 2455 tolerare

2191 2475 2347 2543 possit
2368 2487 2632 2544 errantem,
2656 2491 2743 2535 aut
2772 2498 2871 2536 non
2901 2485 3122 2555 recipere
3159 2503 3215 2541 se
3240 2488 3607 2560 corrigentem?
3633 2489 3775 2545 Nam

2190 2576 2246 2617 ut
2271 2566 2452 2619 durum
2473 2569 2690 2624 arbitror
2709 2574 3077 2628 conniventiam
3104 2577 3324 2646 prtebere
3338 2580 3675 2649 peccantibus,
3703 2583 3777 2637 ita

2188 2655 2398 2728 intpium
2424 2660 2594 2727 iudica
2622 2680 2827 2718 manum
2856 2683 3041 2736 negare
3063 2671 3333 2724 conversis.

2258 2749 2312 2802 2.
2353 2744 2775 2827 ὒὶΙὲῃεηιενένςο
2792 2766 2838 2811 et
2866 2774 3088 2830 congrue
3115 2763 3381 2829 apostolici
3399 2764 3657 2820 consulitis
3677 2766 3771 2820 hoc

2187 2842 2325 2895 noris
2354 2858 2540 2897 arcana
2558 2844 2784 2915 (honoris
2814 2847 2855 2913 ⁸,
2884 2850 3111 2920 inquam,
3137 2850 3275 2907 illius
3294 2870 3459 2925 quem,
3483 2865 3663 2924 praeter
3680 2854 3776 2911 illa

2185 2948 2298 3002 quia
2316 2943 2430 2987 sunt
2459 2937 2783 3003 extrinsecus,
2816 2938 3106 2995 sollicitudo
3141 2952 3307 2998 manet
3352 2946 3575 2999 omnium
3598 2945 3774 3001 Eccle-

2183 3023 2373 3076 siarum
2395 3023 2459 3097 [ll
2488 3023 2605 3081 Cor.
2635 3043 2708 3093 XI,
2732 3027 2847 3101 28])
2884 3047 3035 3102 super
3057 3033 3224 3087 anxiis
3252 3032 3417 3097 rebus,
3445 3051 3560 3105 qua
3596 3039 3660 3091 sit
3700 3045 3772 3105 te-

2184 3113 2347 3168 nenda
2369 3119 2630 3185 sententia,
2658 3120 2880 3191 antiqua:
2903 3123 3091 3177 scilicet
3116 3124 3306 3194 regulis
3348 3124 3564 3195 formam
3590 3128 3767 3191 secuti,

2182 3220 2333 3275 quant
2362 3216 2463 3259 toto
2491 3224 2686 3280 semper
2710 3210 2771 3263 ab
2811 3211 2927 3267 orbe
2956 3229 3151 3267 mecum
3190 3216 3348 3270 nostis
3370 3231 3477 3270 esse
3498 3226 3765 3272 servatam.

2196 3293 2372 3349 Verum
2398 3297 2504 3351 Iure
2534 3300 2690 3353 missa
2719 3301 2890 3370 facio;
2918 3320 3076 3373 neque
3095 3305 3229 3358 enim
3256 3306 3352 3359 hoc
3376 3315 3590 3360 vestram
3613 3308 3766 3361 credo

2180 3395 2337 3441 tatere
2365 3390 2685 3459 prudentiam
2717 3394 2839 3461 :qui
2881 3394 2935 3446 id
2962 3395 3096 3447 enim
3128 3396 3322 3450 actione
3365 3398 3631 3467 ﬁrmastis,
3667 3400 3769 3455 nisi

2178 3478 2383 3533 scientes
2403 3480 2537 3548 quod
2563 3498 2650 3550 per
2691 3499 2860 3536 omnes
2905 3486 3187 3553 provincias
3214 3487 3278 3540 de
3304 3490 3584 3557 apostolico
3626 3493 3766 3561 fonte

2178 3571 2452 3639 petentibus
2480 3588 2723 3642 responsa
2750 3590 2945 3643 semper
2970 3580 3240 3632 emanent?
3266 3582 3541 3648 prwsertim
3567 3582 3762 3653 quoties

2176 3660 2298 3729 fidei
2325 3663 2455 3716 ratio
2475 3665 2764 3731 ventilatur,
2789 3666 3006 3721 arbitror
3039 3685 3209 3723 omnes
3235 3673 3416 3742 fratres
3436 3680 3484 3724 et
3504 3672 3762 3739 coepisco-

2175 3768 2267 3822 pos
2307 3762 2524 3821 nostros,
2556 3757 2760 3811 nonnisi
2783 3760 2851 3810 ad
2883 3757 3113 3826 Petrum,
3158 3760 3214 3813 id
3244 3771 3335 3827 est,
3365 3763 3445 3816 sui
3471 3764 3687 3817 nominis
3715 3772 3764 3818 et

2175 3843 2381 3897 honoris
2411 3854 2663 3899 auctorem
2689 3851 2876 3911 referre
2906 3848 3102 3916 debere,
3138 3852 3270 3905 velut
3311 3868 3444 3905 nunc
3468 3852 3640 3906 retulit
3677 3869 3762 3907 ve-

2174 3941 2281 3985 stra
2312 3932 2554 4001 Dilectio,
2581 3936 2824 4006 quodper
2868 3949 3026 3992 totum
3073 3940 3318 3994 mundum
3349 3942 3504 4011 possit
3526 3943 3759 3997 omnibus

2177 4023 2416 4079 Ecclesiis
2445 4027 2499 4080 in
2528 4044 2788 4082 commune
2815 4030 3069 4099 prodesse.
3105 4030 3264 4085 Fiant
3287 4033 3418 4086 enim
3460 4047 3658 4088 necesse
3683 4034 3753 4080 ιιι

2173 4119 2441 4183 cautiores,
2466 4135 2580 4173 cum
2610 4122 2890 4176 inventores
2912 4123 3181 4189 malarum,
3213 4123 3281 4177 ad
3306 4124 3525 4196 duplici:
3549 4118 3754 4172 νειαιὶοο

2169 4223 2282 4261 nem
2296 4209 2499 4279 synodi,
2525 4212 2785 4264 sententia:
2808 4222 2996 4266 nostra:
3021 4214 3218 4267 statutis
3257 4208 3467 4263 viderint
3502 4212 3564 4263 ab
3592 4209 3752 4263 eccle-

2167 4299 2369 4351 siastica
2392 4300 2741 4353 communione
2758 4302 3029 4371 sejunctas.

2238 4390 2291 4444 5.
2334 4388 2542 4443 Gemina
2568 4391 2719 4459 igitur
2738 4389 2866 4444 bona
2896 4391 3116 4445 charitas
3145 4400 3306 4445 vestra
3331 4391 3584 4461 fungetur.
3612 4390 3750 4445 Nam

2166 4489 2212 4533 et
2241 4496 2492 4534 canonum
2507 4482 2766 4551 patiemini
2785 4483 2951 4554 gratia
2978 4494 3307 4546 servatorum,
3336 4493 3383 4536 et
3411 4482 3644 4551 beneﬁcia
3664 4497 3750 4535 ve-

2164 4582 2267 4626 stro
2294 4582 2428 4627 tatus
2453 4574 2595 4639 orbis
2616 4583 2799 4627 utetur.
2822 4574 2947 4638 Quis
2984 4576 3117 4628 enim
3137 4576 3499 4629 catholicorum
3527 4574 3749 4627 virorum

2164 4679 2277 4716 cum
2298 4664 2597 4719 adversariis
2621 4664 2807 4719 Christi
2834 4664 2949 4719 velit
2973 4666 3182 4720 ulterius
3210 4666 3415 4720 miscere
3427 4680 3707 4719 sermonem
3723 4665 3751 4719 .’

2162 4756 2273 4826 quis
2292 4756 2471 4810 saltem
2495 4756 2513 4808 i
2518 4773 2661 4825 psam
2692 4755 2852 4810 lucem
2882 4758 2995 4811 vitae
3015 4758 3360 4811 communione
3378 4756 3557 4827 partiri
3573 4756 3599 4809 .’
3632 4754 3747 4809 Νο-

2161 4861 2237 4899 va:
2291 4850 2534 4900 haereseos
2578 4849 2816 4900 nimirum
2862 4849 3125 4915 fugiantur
3164 4858 3413 4902 auctores.
3442 4850 3576 4915 Quid
3608 4850 3741 4902 enim

2161 4936 2386 4989 acerbius
2410 4936 2465 4988 in
2487 4935 2649 4988 Deum
2686 4935 2873 5006 ﬁngere
2902 4945 3191 5003 potuerunt,
3231 4954 3381 5009 quam
3404 4956 3519 4993 cum
3543 4940 3747 5010 adjuto-

2160 5027 2240 5080 ria
2283 5026 2454 5079 divina
2483 5035 2758 5091 cessarent,
2786 5043 3085 5097 causamque
3102 5030 3413 5101 quotidiani:
3442 5034 3745 5103 precationis

2158 5116 2451 5188 auferrent?
2478 5114 2591 5169 Hoc
2616 5125 2689 5170 est
2714 5115 2899 5184 dicere,
2921 5117 3056 5183 Quid
3079 5120 3205 5174 mihi
3223 5137 3350 5192 apus
3374 5131 3448 5176 est
3468 5121 3614 5177 Deo?
3635 5122 3746 5177 Ms-

2223 5289 2240 5320 ι
2265 5295 2348 5338 Ms.
2372 5289 2540 5348 vatic.,
2565 5287 2908 5339 universarum.

2159 5351 2411 5460 wzovatic.
2436 5358 2540 5398 Mss.
2572 5350 2669 5399 duo
2688 5363 2701 5398 :
2723 5358 2799 5400 Ex
2829 5349 3097 5402 Milevitana
3126 5359 3290 5404 nostra
3320 5354 3598 5406 auctoritate
3628 5369 3742 5407 coss-

2223 5446 2363 5537 i'siss.
2381 5473 2528 5522 vatic.
2547 5450 2598 5521 ei
2617 5471 2947 5537 wncil._tdd.,
2971 5474 3113 5537 plena
3132 5476 3488 5537 consultationis
3508 5476 3741 5529 voluntas.

2415 5540 2489 5582 Er.
2517 5542 2568 5584 et
2600 5541 2729 5596 Lov.,
2756 5533 2899 5599 plena
2921 5533 3190 5588 consolatio.
3215 5537 3433 5588 Nonnulli
3454 5540 3588 5601 cdd.,
3628 5552 3741 5589 cou-

2153 5607 2526 5707 “iﬁmw.
2550 5656 2664 5706 add.
2691 5664 2745 5707 At
2764 5670 2893 5708 unus
2916 5671 2947 5707 θ
2968 5661 3114 5709 vatic.
3137 5666 3244 5711 Mss.
3269 5660 3447 5713 habet:
3474 5658 3641 5712 oneris
3662 5672 3742 5709 ar~

2153 5730 2291 5789 clusa,
2316 5716 2489 5777 oneris,
2727 5754 2740 5776 ,
2761 5727 2854 5789 etc:
2873 5718 3008 5789 ultor
3030 5724 3195 5789 vatim,
3213 5721 3404 5774 honoris
3429 5720 3639 5773 arcanis.
3661 5726 3737 5776 δι’.

2155 5788 2204 5830 et
2237 5786 2365 5843 l.ov.,
2390 5779 2645 5845 apostolico
2666 5780 2905 5832 consulitis
2929 5780 3112 5834 honori.
