4112 6346
364 385 467 449 785

360 507 460 560 rita
486 504 541 560 in
582 503 674 560 hos
716 503 849 560 dicat
895 503 1270 578 Hymnidicus:
1308 524 1327 559 t
1357 505 1489 562 Ecce
1533 510 1757 565 homines
1779 551 1792 574 ,
1848 511 1935 583 qui

362 614 462 651 non
491 606 765 663 posuerunt
789 596 952 652 Deum
978 601 1262 669 adjutorem
1281 599 1376 653 sibi
1403 618 1421 651 ι
1448 598 1618 668 (Psal.
1644 617 1715 666 LI,
1733 600 1812 670 9).
1831 601 1939 655 Ne-

358 674 535 760 gantes
563 706 682 761 ergo
706 691 953 745 auxilium
980 690 1099 758 Dei,
1129 692 1359 761 inquiunt
1383 692 1634 747 hominem
1674 692 1769 748 sibi
1796 709 1939 763 posse

356 779 600 850 suﬁcere,
628 798 718 835 nec
737 783 901 852 gratia
922 784 1055 836 hunc
1078 799 1220 854 egere
1242 783 1434 847 divina,
1469 800 1569 852 qua
1598 785 1821 854 privatus
1850 800 1941 839 ne-

356 886 492 924 cesse
514 880 590 923 est
611 870 800 925 diaboli
827 872 1019 940 laqueis
1040 874 1261 927 irretitus
1293 873 1569 941 occumbat,
1594 876 1713 928 dum
1732 874 1801 941 ad
1823 891 1937 927 om-

356 961 443 1014 nia
470 962 585 1015 vitta
604 962 909 1031 perficienda
934 964 1193 1032 mandata,
1217 964 1328 1019 sola
1346 966 1692 1019 tantummodo
1712 966 1938 1019 libertate

353 1050 643 1105 contendat.
662 1050 707 1105 0
729 1053 1139 1121 pravisslmarum
1158 1054 1400 1108 mentium
1424 1071 1655 1125 perversa
1671 1054 1939 1108 doctrina!

352 1141 591 1197 Advertat
620 1142 676 1196 id
701 1144 902 1198 tandem
926 1144 1061 1214 quod
1090 1146 1312 1215 primum
1356 1146 1610 1200 hominem
1637 1147 1709 1200 ita
1735 1146 1937 1199 libertas

351 1231 465 1302 ipsa
488 1232 702 1303 decepit,
728 1242 804 1300 ut,
833 1234 957 1288 dum
988 1235 1333 1307 indulgentius
1360 1238 1516 1308 frenis
1541 1238 1650 1308 ejus
1679 1238 1853 1302 utitur,
1881 1238 1937 1290 in

350 1325 811 1395 pravaricatianem
840 1329 1230 1399 praesumptione
1256 1330 1566 1395 conciderit;
1608 1347 1697 1384 nec
1738 1345 1803 1385 ea:
1840 1330 1936 1385 hac

350 1418 513 1483 potuit
538 1418 669 1483 erui,
711 1419 809 1471 nisi
834 1419 1146 1487 providentia
1175 1422 1581 1491 regenerationis,
1614 1430 1799 1477 statum
1829 1422 1935 1492 pri-

344 1508 495 1563 stina
538 1508 780 1563 libertatis
830 1508 1016 1564 Christi
1058 1510 1268 1565 Domini
1313 1516 1632 1583 reformasset
1671 1512 1930 1568 adventus.

346 1598 533 1652 Audiat
553 1598 721 1653 David
739 1600 1002 1666 dicentem,
1037 1620 1056 1653 ι
1084 1602 1401 1674 Adjutarium
1424 1612 1646 1657 nostrum
1663 1606 1716 1658 in
1732 1604 1931 1659 nomine

345 1687 555 1745 Domini
591 1709 610 1743 ι
637 1690 810 1764 (Psal.
840 1708 1024 1758 cum,
1051 1692 1142 1764 8);
1163 1703 1226 1758 et,
1258 1711 1276 1745 t
1307 1694 1526 1764 Adjutar
1551 1712 1689 1749 meus
1714 1704 1840 1764 esto,
1869 1713 1932 1753 ne

341 1780 660 1853 derelinquas
696 1798 794 1848 me,
842 1799 1001 1849 neque
1046 1784 1293 1853 despicias
1348 1800 1427 1837 me
1446 1824 1461 1850 ,
1514 1784 1653 1840 Deus
1691 1784 1931 1844 salutaris

340 1890 479 1927 meus
511 1893 530 1927 ι
565 1872 734 1947 (Psal.
778 1892 929 1943 xxvn,
958 1875 1014 1945 9)
1046 1893 1058 1929 :
1086 1893 1197 1945 qua
1225 1878 1480 1932 incassum
1506 1878 1711 1944 dixerit,
1740 1879 1785 1933 si
1817 1890 1930 1934 tan-

339 1974 447 2018 tum
478 1966 530 2019 in
557 1967 669 2036 ejus
695 1976 802 2021 erat
830 1968 1049 2038 positum
1079 1969 1333 2025 voluntate
1357 1970 1493 2041 quod
1517 1986 1550 2024 a
1580 1968 1802 2027 Domino
1835 1972 1930 2041 fie-

339 2055 427 2109 bili
450 2072 680 2129 sermone
708 2061 965 2128 poscebat.

364 2172 369 2177 ι
406 2147 460 2201 4.
479 2146 606 2213 Qua:
630 2164 746 2204 cum
762 2150 834 2202 ita
858 2150 979 2217 sint,
996 2166 1209 2224 cumque
1221 2152 1274 2206 in
1286 2153 1513 2209 omnibus
1527 2154 1710 2209 divinis
1726 2155 1926 2227 paginis

335 2240 577 2295 voluntati
604 2240 771 2298 libere
793 2244 995 2299 nonnisi
1020 2244 1332 2316 adjutorium
1354 2247 1449 2302 Dei
1475 2248 1700 2319 legamus
1716 2266 1821 2305 esse
1838 2266 1926 2305 ne-

332 2334 591 2401 ctendum,
611 2353 820 2406 eamque
854 2338 983 2393 nihil
1010 2355 1159 2408 posse
1184 2339 1460 2395 caelestibus
1487 2342 1740 2411 prasidiis
1764 2344 1922 2399 desti-

337 2436 502 2479 tutam
522 2442 541 2490 ,'
565 2443 783 2497 quonam
809 2429 959 2484 modo
984 2431 1104 2484 huic
1131 2431 1227 2485 soli
1252 2432 1631 2502 possibilitatem
1663 2435 1794 2490 hanc
1814 2454 1922 2507 per-

335 2517 581 2584 tinaciter,
607 2527 663 2572 ut
703 2520 947 2585 asseritis,
994 2521 1335 2593 defendentes,
1364 2524 1580 2589 sibimet,
1636 2528 1757 2593 imo,
1784 2528 1923 2597 quod

341 2618 404 2663 °st
422 2608 631 2679 dignius
659 2609 834 2665 dolore
856 2614 1131 2676 communi,
1154 2614 1269 2684 jam
1308 2614 1538 2684 plurimis
1569 2615 1810 2688 Pelagius
1829 2618 1924 2674 Ce-

329 2699 600 2769 lestiusque
628 2703 965 2769 persuadent?
991 2701 1296 2776 Multifariis
1324 2705 1552 2776 equidem
1572 2706 1641 2760 ad
1660 2712 1922 2764 destruen-

328 2788 451 2842 dum
470 2790 571 2845 tale
602 2792 947 2863 magisterium
970 2795 1045 2847 uti
1074 2811 1331 2865 possemus
1350 2799 1613 2869 exemplis,
1637 2801 1735 2855 nisi
1761 2802 1916 2857 scire-

329 2897 443 2936 mus
479 2882 808 2939 Sanctitatem
838 2894 1054 2939 vestram
1098 2887 1168 2940 ad
1193 2888 1398 2959 plenum
1423 2890 1718 2961 Scripturas
1746 2910 1920 2949 omnes

327 2973 511 3027 callere
538 2974 766 3039 divinas;
811 2978 1090 3047 prtesertim
1127 2994 1243 3032 cum
1262 2988 1427 3034 vestra
1454 2981 1636 3036 relatio
1659 2985 1812 3040 tantis
1856 3003 1919 3040 ac

327 3063 512 3120 talibus
531 3068 822 3122 testimoniis
849 3068 913 3122 sit
937 3072 1144 3140 referta,
1166 3078 1220 3123 ut
1244 3070 1321 3125 his
1354 3072 1476 3125 solis
1509 3072 1673 3127 valeat
1698 3090 1918 3144 praesens

327 3152 510 3225 dogma
535 3156 783 3221 rescindi;
804 3174 1027 3229 opusque
1044 3175 1144 3213 non
1170 3175 1277 3213 esse
1300 3160 1570 3216 reconditis
1585 3204 1601 3228 ,
1647 3179 1759 3217 cum
1783 3174 1828 3218 et
1854 3165 1917 3221 iis

325 3262 441 3316 qut:
466 3248 617 3319 facile
634 3249 770 3303 vobis
799 3250 1112 3303 occurrentia
1151 3251 1407 3321 posuistis,
1457 3269 1549 3307 nec
1572 3254 1797 3309 audeant
1821 3257 1912 3310 ob-

324 3342 481 3405 viare,
507 3356 599 3395 nec
625 3342 837 3411 possint.
869 3342 1008 3413 Ergo
1052 3342 1148 3397 Dei
1174 3345 1392 3415 gratiam
1412 3355 1662 3401 conantur
1686 3350 1910 3419 auferre,

322 3448 477 3496 quam
504 3449 700 3487 necesse
725 3443 819 3501 est,
845 3435 995 3489 etiam
1016 3436 1243 3490 restituta
1267 3437 1410 3491 nobis
1436 3448 1596 3493 status
1624 3442 1824 3509 pristini
1850 3443 1915 3496 li-

325 3520 536 3587 bertate,
568 3539 851 3592 (luseramus
874 3540 895 3579 :
920 3527 1106 3596 quippe
1131 3527 1218 3598 qui
1244 3544 1335 3581 nec
1355 3528 1485 3583 alias
1513 3529 1702 3586 diaboli
1717 3533 1911 3587 machi-

323 3629 436 3677 nas,
466 3614 565 3668 nisi
593 3615 766 3669 eadem
796 3633 1061 3686 possumus
1086 3619 1296 3691 iuvante
1338 3620 1515 3675 vitare.

396 3703 451 3757 5.
492 3700 521 3755 l
528 3702 638 3757 llud
664 3720 780 3758 vero
804 3704 941 3776 quod
958 3722 1041 3761 eos
1061 3708 1222 3762 vestra
1247 3709 1545 3779 fraternitas
1575 3714 1752 3767 asserit
1779 3732 1912 3786 prae-

324 3798 512 3863 dicare,
548 3799 783 3867 parvulos
802 3809 1009 3854 aeterna:
1032 3802 1146 3856 vita:
1166 3804 1386 3873 praemiis
1414 3805 1563 3859 etiam
1594 3807 1703 3861 sine
1725 3805 1908 3879 Bapti-

322 3890 497 3945 smatis
526 3891 691 3961 gratia
727 3908 872 3961 posse
918 3894 1118 3966 donari,
1166 3898 1453 3967 perfatuum
1482 3906 1575 3953 est.
1624 3898 1742 3955 Nisi
1775 3901 1908 3956 enim

321 3982 731 4037 manducaver‘int
750 4000 969 4041 carnem
998 3984 1124 4040 Filii
1144 3988 1382 4055 hominis,
1400 3999 1444 4041 et
1460 3988 1671 4045 biberint
1694 3994 1906 4064 sangui-

324 4084 435 4122 nem
459 4075 586 4141 ejus,
628 4090 737 4128 non
755 4074 1003 4128 habebunt
1045 4077 1199 4129 vitam
1232 4077 1283 4131 in
1322 4080 1599 4149 semetipsis
1622 4078 1796 4149 (.laan.
1830 4098 1903 4147 VI,

318 4159 437 4230 5b).
466 4158 565 4225 Qui
592 4175 757 4219 autem
789 4165 919 4219 hanc
959 4166 1032 4221 eis
1057 4167 1166 4220 sine
1202 4169 1580 4238 regeneratione
1608 4169 1902 4240 defendunt,

321 4251 552 4305 videntur
576 4253 701 4306 mihi
725 4254 891 4323 ipsum
906 4256 1222 4325 Baptismum
1250 4258 1375 4312 velle
1390 4275 1607 4326 cassare,
1634 4277 1747 4314 cum
1768 4278 1904 4331 pra:-

321 4343 494 4397 dicant
532 4343 623 4399 hos
652 4344 833 4401 habere
868 4347 1004 4416 quod
1034 4348 1083 4401 in
1131 4365 1216 4401 eos
1242 4349 1463 4403 creditur
1491 4352 1693 4405 nonnisi
1726 4350 1907 4422 Bapti-

319 4444 481 4488 smate
507 4435 885 4505 conferendum.
918 4437 979 4493 Si
1010 4454 1128 4509 ergo
1150 4438 1279 4493 nihil
1306 4441 1477 4494 volunt
1494 4442 1684 4511 ofﬁcere
1704 4460 1805 4498 non
1827 4461 1905 4498 re-

321 4526 481 4591 nasci,
530 4526 784 4596 fateantur
826 4544 1023 4583 necesse
1064 4538 1138 4583 est
1188 4546 1278 4585 nec
1331 4534 1723 4603 regenerationis
1758 4553 1903 4590 sacra

317 4618 511 4686 fluenta
535 4618 790 4690 prodesse.
825 4617 1005 4673 Verum
1027 4629 1079 4674 ttt
1099 4623 1471 4692 superfluarum
1500 4624 1758 4679 hominum
1779 4644 1903 4697 pra-

318 4724 379 4762 va
416 4708 646 4764 doctrina
674 4711 821 4765 celeri
862 4712 1086 4766 veritatis
1115 4714 1272 4783 possit
1297 4716 1492 4769 ratione
1511 4717 1746 4785 discindi,
1777 4736 1899 4789 pra-

318 4801 507 4853 clamat
533 4800 626 4853 hoc
657 4798 905 4855 Dominus
934 4802 988 4855 in
1018 4801 1316 4873 Evangelia,
1343 4804 1514 4859 dicens
1543 4822 1602 4860 :t
1637 4806 1800 4863 Sinite
1817 4811 1901 4864 in-

318 4892 485 4959 fantes
522 4893 688 4946 venire
728 4893 795 4945 ad
822 4908 927 4959 me,
979 4901 1026 4946 et
1073 4895 1225 4948 nolite
1255 4911 1339 4950 eos
1383 4896 1648 4967 prohibere
1660 4914 1681 4964 ;
1720 4901 1899 4956 talium

316 4996 388 5039 est
416 4986 549 5040 enim
569 5001 776 5056 regnum
796 4967 1034 5039 cmlohm
1067 5003 1085 5037 ι
1115 4985 1262 5057 (Luc.
1290 5003 1440 5055 xvm,
1458 4988 1569 5060 16).

386 5076 440 5132 6.
487 5075 654 5143 Quare
700 5074 963 5145 Pelagium
995 5074 1387 5148 Celestiumque,
1432 5079 1487 5132 id
1521 5089 1592 5135 est
1620 5082 1898 5141 inventores

314 5180 494 5220 vocum
516 5182 779 5232 novarum,
802 5181 932 5235 quia,
963 5166 1091 5219 sicut
1110 5165 1240 5220 dixit
1264 5166 1558 5237 Apostolus,
1595 5174 1897 5242 aedificatio-

314 5258 395 5312 uis
437 5257 595 5324 nihil,
645 5256 735 5311 sed
777 5256 938 5325 magis
982 5257 1280 5311 vanissimas
1316 5272 1678 5314 consueverunt
1723 5280 1899 5332 parere

315 5348 633 5419 quaestiones,
660 5347 997 5402 ecclesiastica
1025 5348 1378 5401 communione
1406 5349 1614 5417 privari,
1633 5354 1898 5422 apostolici

314 5437 502 5509 vigoris
529 5437 827 5491 auctoritate
844 5451 1122 5502 censemus,
1139 5434 1297 5489 donec
1314 5439 1609 5507 resipiscam
1633 5440 1695 5492 de
1711 5443 1899 5498 diaboli

317 5527 530 5598 laqueis,
555 5544 587 5579 a
613 5543 712 5597 quo
730 5527 915 5596 captivi
933 5536 1164 5580 tenentur
1178 5527 1449 5582 secundum
1476 5528 1634 5599 ipsius
1663 5530 1895 5587 volunta-

316 5626 416 5670 tem
449 5617 514 5689 (.ll
536 5617 671 5672 Tim.
696 5633 753 5683 ιι,
781 5618 852 5672 23
871 5659 885 5682 ,
924 5616 1047 5688 26);
1085 5634 1264 5695 eosque
1287 5618 1483 5677 interim
1505 5620 1758 5676 dominico
1778 5628 1897 5680 ovili

318 5722 421 5761 non
448 5708 623 5777 recipi,
651 5708 788 5773 quod
814 5708 933 5779 ipsi,
960 5724 1205 5781 perversa:
1222 5708 1316 5763 via:
1338 5712 1495 5765 secuti
1517 5713 1786 5781 tramitem,
1818 5716 1897 5771 de-

316 5814 480 5854 serere
498 5798 759 5856 voluerunt
790 5816 807 5857 :
836 5800 1157 5857 abscindcudi
1180 5811 1295 5859 sunt
1323 5803 1456 5859 enim
1476 5805 1667 5875 quires
1689 5818 1894 5863 contur-

1532 386 2015 452 EPISTULARUM
2052 388 2328 453 CLASSIS
2368 395 2454 454 lli.

2566 298 2637 317 uol

3523 392 3635 454 786

2049 518 2187 571 oant,
2216 518 2262 563 et
2296 511 2465 585 volun;
2485 522 2765 569 convertere
2791 512 3121 587 Evangelium
3144 517 3331 573 Christi
3365 518 3559 593 (Galat.
3592 537 3632 587 ι,

2050 599 2122 668 7).
2148 601 2316 656 Simul
2339 614 2504 660 autem
2529 607 2846 678 precipimus
2877 618 2930 661 ut
2954 610 3255 678 quicumque
3274 610 3330 663 id
3354 608 3634 681 pertinacia

2044 692 2198 745 simili
2220 693 2479 763 defensare
2512 682 2759 763 nituntur,
2792 714 2886 766 par
2928 714 3010 751 eos
3030 699 3251 751 vindicta
3292 699 3628 768 constringat.

2047 782 2167 837 Non
2191 784 2355 838 solum
2386 787 2518 839 enim
2546 788 2630 856 qui
2668 789 2880 857 faciunt,
2903 787 2994 839 sed
3021 789 3168 841 etiam
3205 788 3290 857 qui
3314 789 3631 841 consentiunt

2046 874 2343 942 facientibus
2370 874 2512 942 digni
2540 886 2655 927 sunt
2685 886 2843 929 morte
2874 878 2887 908 ¹
2924 874 3096 949 (Rom.
3128 892 3177 940 ι,
3208 876 3335 947 32);
3386 877 3502 945 quia
3529 891 3630 928 non

2045 963 2254 1015 multum
2284 964 2517 1017 interesse
2535 966 2749 1018 arbitror
2768 966 2898 1019 inter
2922 967 3273 1019 committentis
3301 966 3548 1032 animum,
3572 975 3627 1019 et

2043 1056 2390 1109 consentientis
2418 1060 2659 1126 favorem.
2680 1056 2825 1110 Addo
2848 1066 2894 1111 et
2920 1057 3144 1127 amplius
3168 1074 3187 1112 :
3212 1057 3504 1128 plerumque
3527 1058 3623 1111 de~
3654 1066 3659 1069 “

2043 1145 2187 1198 discit
2217 1164 2405 1211 errare,
2448 1149 2533 1202 cui
2576 1165 2720 1203 nemo
2762 1151 3025 1203 consentit.
3069 1148 3195 1205 Htcc
3223 1151 3396 1222 igitur,
3445 1154 3629 1221 fratres

2042 1234 2345 1302 charissimi,
2387 1238 2440 1292 in
2466 1240 2783 1309 supradictas
2807 1248 3007 1294 maneat
3031 1241 3137 1310 fixa
3162 1241 3436 1305 sententia;
3465 1240 3629 1295 absint

2041 1326 2184 1379 atriis
2212 1326 2437 1393 Domini,
2468 1339 2671 1384 careant
2699 1332 2718 1361 ²
2740 1330 2969 1384 custodia
2996 1332 3260 1403 pastorali,
3310 1349 3373 1385 ne
3406 1331 3625 1386 duarum

2040 1414 2203 1468 ovium
2222 1416 2335 1470 dira
2362 1420 2593 1490 contagia
2620 1429 2824 1490 serpant
2850 1421 3064 1491 forsitan
3104 1438 3194 1492 per
3231 1422 3412 1494 vulgus
3442 1423 3623 1476 incau-

2040 1512 2164 1571 tum,
2193 1509 2465 1577 rapacique
2491 1510 2641 1580 lupus
2681 1510 2831 1565 corde
2860 1510 3056 1566 lauetur
3084 1512 3219 1566 intra
3253 1511 3382 1567 ovile
3406 1512 3625 1566 domini~

2038 1612 2152 1649 cum
2172 1606 2337 1652 tantas
2359 1600 2525 1654 ovium
2547 1603 2689 1673 fusas
2710 1612 2953 1668 catervas,
2984 1601 3107 1656 dum
3134 1621 3166 1657 a
3202 1604 3488 1659 custodibus
3513 1604 3623 1659 dis-

2034 1689 2331 1745 simulanter
2359 1691 2569 1747 habetur
2610 1694 2792 1748 vulnus
2818 1693 3055 1749 duarum.
3100 1692 3519 1769 Prospiciendunt
3550 1705 3624 1751 est

2035 1796 2152 1852 ergo
2196 1799 2258 1836 ne
2286 1784 2615 1853 permittendo
2638 1784 2811 1857 lupos,
2858 1788 3152 1841 mercenarii
3181 1788 3342 1860 magis
3364 1786 3623 1843 videamur

2035 1888 2139 1927 esse
2156 1892 2315 1945 quam
2336 1886 2580 1948 pastores.

2104 1967 2157 2021 7.
2181 1966 2425 2023 .lubemus
2448 1987 2588 2037 sane,
2617 1971 2857 2040 quoniant
2881 1970 3109 2027 Christus
3133 1970 3383 2027 Dominus
3405 1973 3615 2045 propria

2031 2072 2148 2112 voce
2170 2059 2475 2130 signiﬁcavit
2510 2060 2646 2116 nolle
2686 2079 2738 2117 se
2766 2073 2978 2117 mortem
3015 2064 3294 2132 morientis,
3325 2073 3522 2118 tantum
3562 2072 3622 2119 ut

2028 2159 2304 2205 revertatur
2334 2162 2383 2206 et
2413 2152 2543 2207 vivat
2574 2152 2786 2218 (Matth.
2820 2170 2874 2209 Ix
2899 2196 2912 2220 ,
2947 2154 3058 2227 l3),
3096 2156 3139 2210 si
3172 2172 3394 2226 unquam
3431 2156 3499 2210 ad
3531 2173 3618 2211 sa-

2030 2257 2167 2306 num,
2201 2242 2428 2313 deposito
2449 2244 2589 2315 pravi
2613 2244 2866 2317 dogmatis
2903 2262 3093 2312 errore,
3140 2246 3475 2318 rcsipuerint,
3524 2247 3619 2302 da-

2028 2334 2344 2405 mnarintque
2358 2352 2415 2389 ea
2436 2353 2645 2407 quorum
2662 2354 2715 2391 se
2733 2338 2833 2409 ipsi
2859 2338 3269 2409 prcevaricatione
3288 2338 3615 2402 damnarunt,

2027 2426 2099 2480 eis
2142 2426 2442 2481 medicinam
2485 2429 2708 2494 solitam,
2754 2429 2810 2483 id
2845 2440 2917 2484 est
2958 2430 3328 2501 receptaculum
3371 2446 3516 2485 suum
3554 2429 3618 2484 ab

2029 2515 2258 2571 Ecclesia
2281 2535 2382 2572 non
2403 2519 2579 2589 negari
2597 2536 2615 2573 :
2643 2536 2705 2573 ne
2728 2519 2848 2573 dum
2870 2537 2952 2575 eos
2972 2522 3234 2575 redeuntes
3256 2520 3470 2592 forsitan
3495 2538 3619 2591 pro-

2027 2607 2271 2675 hibernus,
2306 2625 2419 2664 vere
2459 2622 2605 2666 extra
2641 2612 2769 2666 ovile
2810 2622 3124 2667 remanentes
3167 2622 3213 2667 et
3249 2622 3613 2685 exspectantes,

2024 2700 2182 2756 hostis
2212 2700 2233 2731 ³
2262 2700 2452 2757 rabidis
2484 2703 2715 2773 faucibus
2753 2704 3058 2775 glutiantur,
3085 2721 3210 2774 quas
3242 2705 3295 2758 in
3321 2705 3615 2775 semctipsos

2022 2792 2233 2863 spiculis
2254 2795 2404 2849 mala:
2435 2795 2791 2867 disputationis
2824 2807 3108 2852 armarunt.
3135 2796 3272 2852 Bene
3298 2798 3476 2863 valete,
3504 2801 3615 2869 fra-

2025 2894 2142 2938 tres.
2168 2883 2355 2937 Datum
2378 2895 2519 2941 sexta
2549 2885 2747 2958 calend.
2777 2886 3080 2957 februarias,
3124 2886 3355 2943 Honorio
3389 2899 3435 2942 et
3472 2886 3610 2943 Con-

2022 2976 2209 3031 stantio
2234 2978 2355 3032 viris
2383 2978 2679 3033 clarissimis
2705 2980 3017 3035 consulibus.

2377 3090 2705 3147 EPISTOLA
2738 3092 3048 3148 CLXXX"!
3071 3096 3089 3117 ‘
3118 3092 3216 3167 (a).

2022 3203 2306 3259 Innocentii
2327 3206 2394 3259 ad
2420 3207 2640 3276 quinque
2665 3206 2948 3279 Episcopos
2971 3209 3289 3279 rescriptum,
3316 3210 3612 3280 improban-

2092 3299 2155 3352 tis
2184 3298 2465 3352 doctrinam
2498 3298 2712 3371 Pelagii,
2753 3316 2964 3370 eumque
2984 3343 2999 3367 ,
3036 3302 3135 3356 nisi
3166 3300 3397 3356 haeresim
3422 3302 3602 3373 ejuret,

2091 3388 2439 3443 danmandum
2476 3406 2581 3443 esse
2612 3392 3006 3460 pronuntiantis.

2019 3497 2385 3554 Dilectissimis
2416 3497 2667 3554 fratribus
2685 3501 2954 3569 Auueuo,
3002 3502 3223 3567 Anno,
3274 3507 3603 3573 Ancusrtuo,

2089 3590 2291 3646 Evomo
2315 3598 2369 3646 el
2392 3590 2633 3647 POSSIDIO
2650 3592 2933 3663 episcOpis,
2960 3574 3329 3659 luuocuumis,
3345 3595 3596 3652 salutem.

2089 3708 2140 3763 1.
2173 3706 2533 3763 Fraternitatis
2562 3717 2739 3762 vestra:
2768 3706 2984 3776 litteras,
3022 3708 3197 3780 plenas
3232 3709 3373 3778 ﬁdei,
3402 3719 3605 3781 totoque

2014 3799 2272 3871 religionis
2319 3800 2586 3854 catholicis
2632 3801 2801 3872 vigore
2838 3801 3089 3870 firmatas,
3130 3819 3162 3857 a
3200 3802 3397 3859 duobus
3426 3804 3606 3859 missas

2013 3891 2239 3946 conciliis
2286 3908 2375 3961 per
2420 3895 2629 3963 fratrem
2672 3901 2719 3946 et
2748 3892 3101 3962 coepiscopum
3141 3906 3368 3950 nostrum
3405 3894 3605 3951 Julium

2014 3992 2247 4053 pergrata
2275 3983 2586 4054 suscepimus
2620 3984 2812 4048 animo,
2848 3984 2986 4053 quod
3019 4001 3192 4039 earum
3224 3994 3368 4039 tenor
3401 3988 3599 4041 omnis-

2011 4090 2106 4143 que
2132 4074 2456 4128 contextioin
2490 4073 2893 4129 consideratione
2928 4075 3234 4145 quotidiana
3272 4077 3450 4147 gratia:
3478 4075 3596 4143 Dei,

2011 4172 2058 4217 et
2081 4163 2132 4217 in
2154 4181 2327 4218 eorum
2362 4165 2671 4219 correctione
2702 4166 2789 4234 qui
2816 4176 2991 4218 contra
3017 4166 3257 4230 sentiunt,
3291 4167 3486 4239 integra
3515 4184 3601 4222 ra-

2013 4254 2147 4307 tione
2170 4254 2433 4318 consistit;
2458 4264 2512 4308 ut
2536 4265 2583 4308 et
2606 4254 2707 4309 illis
2734 4272 2931 4309 omnem
2966 4256 3141 4310 tollere
3175 4258 3331 4327 possit
3353 4274 3592 4327 errorem,

2010 4356 2057 4400 et
2082 4346 2339 4413 idoneum,
2371 4346 2490 4400 data
2523 4347 2698 4418 quavis
2740 4346 2762 4378 ‘
2788 4356 2976 4401 nostri:
3010 4347 3132 4419 legis
3169 4351 3419 4419 exemplo,
3451 4368 3597 4419 quem

2009 4439 2151 4508 sequi
2179 4437 2388 4493 debeant
2410 4438 2620 4511 dignum
2650 4440 2843 4509 possint
2864 4440 3083 4509 praebere
3108 4440 3381 4495 doctorem.
3407 4442 3517 4500 Sed
3534 4444 3598 4503 de

2009 4531 2088 4585 his
2102 4532 2216 4603 jam
2236 4530 2379 4597 satis,
2410 4539 2463 4584 ut
2483 4532 2683 4601 opinor,
2722 4548 2878 4603 supra
2904 4530 3146 4597 diximus.
3170 4550 3283 4587 cum
3312 4536 3485 4589 vestris
3514 4552 3595 4593 re-

2010 4621 2281 4677 lationibus
2310 4623 2665 4692 respondentes
2694 4625 3045 4693 rescripsimus
3064 4624 3187 4694 quid
3207 4626 3283 4680 vel
3301 4625 3365 4680 de
3384 4626 3593 4682 illorum

2009 4713 2246 4782 perfidia,
2269 4712 2347 4767 vel
2365 4712 2428 4766 de
2454 4722 2617 4768 vestra
2640 4715 2885 4769 sententia
2908 4716 3221 4772 sentiremus.
3248 4715 3355 4771 Sed
3381 4717 3592 4775 subinde

2009 4813 2183 4858 contra
2212 4819 2296 4858 eos
2322 4804 2546 4859 subvenit
2586 4813 2632 4858 et
2654 4805 2944 4875 suppeditat
2966 4807 3104 4879 quod
3131 4807 3348 4874 dicatur,
3379 4826 3467 4863 nec
3496 4826 3591 4879 po-

2008 4903 2099 4949 test
2119 4894 2394 4966 aliquanda
2435 4894 2607 4949 deesse
2636 4895 2657 4927 '
2682 4896 2817 4967 quod
2844 4898 3028 4963 vincat,
3067 4915 3184 4953 cum
3220 4908 3322 4954 tam
3351 4899 3590 4955 miserum

2006 4986 2314 5058 impiumque
2341 4986 2406 5041 sit
2430 4986 2565 5057 quod
2600 4996 2784 5043 nostris
2810 4988 2929 5059 fidei
2956 4991 3138 5045 virtute
3167 4999 3214 5046 et
3250 4992 3362 5063 ipsa
3389 4993 3591 5062 plenius

2069 5164 2086 5197 ί
2113 5170 2177 5238 ξπ
2191 5171 2307 5238 uss.
2334 5165 2758 5238 Vgt._restituirnus
2775 5202 2789 5227 ,
2813 5163 2951 5231 digni
2966 5172 3076 5217 sunt
3100 5172 3286 5231 marte;
3307 5168 3434 5232 quod
3456 5170 3590 5221 desi-

2004 5225 2266 5276 derabatur
2288 5228 2337 5275 in
2358 5227 2470 5275 Edd.
2775 5225 2782 5227 ⁷
2864 5225 2886 5231 ⁷
3266 5225 3277 5231 ’
3323 5225 3340 5232 “
3432 5282 3435 5285 η

2054 5291 2095 5352 _'_
2111 5290 2255 5339 vatio.
2276 5296 2355 5338 Ms.
2377 5293 2612 5339 :Careant
2634 5286 2871 5340 duntaxat
2890 5288 3107 5341 custodia
3118 5303 3137 5352 ;
3153 5290 3225 5343 sic
3244 5289 3393 5343 etiam
3412 5292 3585 5345 conci].

2005 5349 2182 5477 mgsic
2198 5418 2276 5459 Ms.
2297 5410 2441 5460 vatic.
2464 5417 2516 5477 At
2533 5410 2713 5473 vulgati
2733 5424 2746 5460 :
2766 5418 3067 5477 Remmeiues
3086 5413 3406 5477 exspectastis
3420 5414 3586 5467 hostis.

2066 5473 2089 5504 λ
2110 5472 2189 5543 sic
2205 5479 2388 5543 sisset
2409 5473 2516 5522 uad.
2544 5472 2642 5522 Am.
2669 5481 2743 5522 Er.
2770 5480 2823 5523 et
2843 5480 2950 5524 tm.
2972 5508 2988 5535 ,
3010 5473 3122 5525 dato
3142 5472 3327 5539 cuivis;
3350 5484 3403 5527 et
3436 5490 3550 5529 mox
3570 5515 3584 5540 ,

2004 5532 2139 5626 sequi
2156 5532 2338 5583 debeat.
2359 5596 2369 5606 O
2973 5532 2982 5535 '

2115 5594 2224 5642 Edd.
2250 5594 2491 5658 plerique,
2515 5608 2632 5646 esse.
2659 5604 2762 5647 Mss.
2788 5604 2958 5656 Vnum,
2982 5596 3162 5648 deesse.

2068 5677 2085 5694 '
2109 5676 2340 5738 Casligala
2362 5677 2419 5726 ad
2441 5677 2519 5727 cb.
2544 5678 2593 5727 if.
2619 5679 2688 5729 th.
2713 5679 2834 5729 duos
2856 5692 2903 5729 ν.
2928 5688 3029 5728 Am.
3054 5679 3162 5731 Bad.
3189 5687 3265 5730 Br.
3289 5688 3397 5732 ων.

2068 5757 2141 5819 (a)
2160 5756 2289 5827 _Alias_
2303 5760 2364 5808 96
2381 5773 2393 5808 :
2413 5772 2525 5823 qua:
2548 5767 2711 5827 autem
2737 5760 2826 5813 185
2848 5768 2971 5825 erat,
2995 5775 3123 5815 nunc
3142 5763 3193 5813 ia
3218 5764 3487 5827 Appcndicc
3513 5773 3582 5816 cst

2006 5817 2052 5868 2.
2078 5817 2255 5883 sc't'ipta
2278 5817 2478 5872 incunic
2502 5835 2582 5871 an.
2608 5820 2706 5876 ιιι
