4120 6358
515 387 614 448 787.
957 454 962 460 1
1127 456 1131 460 ,
1717 347 1807 429 ἐ.
1849 349 2221 428 ΑυρυετιΝι
2256 369 2554 428 EPISCOPI
2594 361 2598 364 ’

511 505 719 558 ueritate
735 503 983 556 vincatur.
1010 500 1111 564 Qui
1133 499 1264 552 enim
1297 511 1490 551 omnem
1513 494 1626 547 vitae
1645 507 1787 565 spem
1811 490 2000 560 respuit
2018 497 2092 541 at-

510 607 608 660 que
630 591 948 659 contempsit,
987 588 1190 642 inimica
1223 585 1596 655 danmabilique
1628 600 1714 638 cor
1747 599 1896 637 suum
1921 582 2096 651 dispu-

513 683 701 738 tatione
725 680 1058 750 confundens,
1090 695 1205 732 cum
1240 679 1397 732 credit
1435 677 1565 730 nihil
1594 692 1700 732 esse
1736 677 1872 749 quod
1911 692 1944 728 a
1984 673 2095 728 Deo

511 771 749 840 accipiat,
781 787 872 824 nec
900 769 1094 837 aliquid
1121 784 1379 838 superesse
1399 768 1533 837 quod
1560 776 1694 835 petat
1713 766 1782 818 ad
1808 765 2096 820 sanandum

508 876 597 924 se;
625 860 712 932 qui
736 859 831 914 sibi
858 859 952 913 hoc
974 857 1199 920 abstulit,
1222 857 1431 911 ulterius
1459 856 1583 928 quid
1609 856 1856 926 reliquit?

576 950 631 1004 2.
656 949 718 1007 Si
737 967 855 1022 ergo
874 957 994 1006 sunt
1021 947 1197 1021 aliqui,
1234 964 1358 1018 quos
1393 948 1446 1001 in
1470 948 1551 1002 sui
1591 946 1934 1016 defensionem
1971 962 2092 1016 per-

507 1042 715 1098 versitas
741 1051 881 1095 tanta
914 1039 1155 1103 devinxit,
1177 1039 1262 1110 qui
1289 1038 1406 1092 huic
1444 1053 1498 1090 se
1533 1037 1757 1107 dogmati
1792 1034 1980 1090 dedant
2006 1045 2088 1090 at-

506 1147 605 1200 que
629 1131 956 1202 coniungant,
988 1138 1243 1201 sperantes
1272 1128 1366 1182 hoc
1397 1126 1467 1181 ad
1499 1126 1802 1180 catholicam
1841 1125 2091 1196 pertinere

506 1222 810 1287 doctrinam,
844 1220 979 1292 quod
1001 1220 1274 1275 abhorrens
1303 1218 1504 1288 longius
1541 1226 1588 1272 et
1615 1218 1811 1288 penitus
1837 1216 2090 1288 approba-

505 1322 591 1366 tur
613 1311 907 1378 adversum,
932 1311 1106 1383 infecti
1141 1310 1348 1365 illorum
1379 1317 1426 1363 et
1452 1308 1653 1362 monitis
1679 1317 1726 1362 et
1747 1307 1904 1362 verbis
1925 1316 1980 1361 ut
2007 1307 2087 1361 la-

504 1403 742 1457 berentur
757 1401 970 1468 inducti,
999 1412 1245 1474 quatenus
1271 1399 1338 1453 ad
1359 1409 1551 1454 rectum
1576 1399 1670 1454 vice
1691 1399 1940 1453 tramitem
1967 1397 2087 1452 νεός

501 1503 619 1549 eant
662 1491 988 1566 festinabant,
1020 1509 1082 1546 ne
1105 1493 1294 1546 diutius
1345 1502 1560 1546 mentem
1586 1489 1816 1544 obsidens
1843 1487 1977 1544 velut
2005 1505 2088 1543 eo-

502 1601 617 1639 rum
653 1585 878 1639 sensibus
917 1593 1093 1654 pastus
1131 1599 1272 1638 error
1311 1581 1536 1636 invadat.
1575 1579 1715 1635 Nam
1746 1580 1790 1635 si
1840 1578 2087 1651 Pelagius

501 1693 813 1746 quocumque
850 1676 1030 1731 restitit
1075 1675 1206 1740 loco,
1247 1692 1420 1730 eorum
1457 1675 1654 1729 animos
1693 1674 1777 1746 qui
1818 1674 1970 1744 facile
2011 1674 2088 1728 vel

497 1769 797 1838 simpliciter
834 1768 1090 1823 crederent
1122 1767 1420 1839 disputanti,
1456 1766 1552 1821 hac
1586 1765 1916 1838 affirmatione
1941 1765 2087 1820 dece-

498 1866 574 1933 pit
597 1877 615 1916 :
638 1878 726 1917 seu
763 1861 859 1916 hac
884 1860 963 1915 illi
989 1862 1044 1915 in
1073 1861 1196 1916 urbe
1218 1861 1318 1916 sint
1349 1860 1514 1931 (quos
1555 1860 1829 1914 nescientes
1856 1875 1944 1912 nec
1976 1874 2087 1911 ma-

496 1953 737 2023 nifestare
767 1969 1034 2026 possumus
1063 1968 1152 2006 nec
1185 1968 1393 2023 negare,
1435 1967 1550 2005 cum
1577 1958 1622 2003 et
1650 1950 1695 2005 si
1721 1958 1836 2004 sunt
1872 1949 2080 2015 lateant,

496 2060 586 2102 nec
623 2044 900 2116 aliquando
933 2043 1154 2099 audeant
1190 2043 1266 2097 vel
1298 2040 1446 2096 illum
1478 2041 1836 2112 prazdicantem
1872 2040 1970 2094 ista
1995 2039 2084 2094 de-

498 2133 726 2204 fendere,
747 2135 824 2189 vel
847 2133 970 2188 talia
990 2134 1159 2203 aliquo
1179 2142 1464 2188 nostrorum
1495 2140 1739 2203 prcesente
1751 2131 1970 2202 jactare,
1993 2147 2083 2185 nec

495 2225 550 2278 in
589 2232 729 2279 tanta
771 2223 949 2296 papuli
987 2223 1308 2278 multitudine
1341 2223 1650 2293 deprehendi
1683 2223 1868 2293 aliquis
1906 2223 2079 2294 facile,

493 2331 586 2368 nec
609 2313 794 2369 alicubi
815 2315 972 2385 possit
1000 2314 1261 2386 agnosci),
1294 2315 1395 2368 sive
1420 2315 1472 2368 in
1495 2315 1669 2384 quovis
1699 2323 1950 2368 terrarum
1972 2313 2082 2367 loco

496 2403 714 2475 degant;
762 2403 856 2459 Dei
915 2406 1073 2459 nostri
1118 2404 1462 2458 misericordia
1513 2404 1775 2475 gratiaque
1828 2402 2082 2457 credimus

495 2497 631 2566 quod
669 2497 820 2569 facile
861 2497 1216 2569 corrigantur,
1261 2496 1436 2551 audita
1480 2497 1592 2567 ejus
1635 2496 1957 2550 damnatione
1994 2495 2081 2568 qui

494 2587 647 2659 fuerit
685 2592 918 2658 pertinax
955 2597 1000 2641 et
1046 2588 1277 2642 resistens
1313 2587 1466 2658 hujus
1502 2587 1754 2656 dogmatis
1788 2594 1967 2640 auctor
2001 2586 2081 2640 in-

493 2687 666 2734 uentus
689 2695 708 2733 :
732 2696 823 2734 uec
846 2681 1052 2735 interest
1077 2680 1161 2734 ubi
1188 2680 1272 2734 isti
1297 2679 1506 2752 fuerint,
1531 2681 1653 2734 dum
1677 2679 1976 2751 ubicumque
1992 2680 2078 2734 in-

494 2769 651 2824 ueniri
681 2770 936 2840 potuerint
959 2771 1062 2826 sint
1079 2770 1320 2826 sanandi.

561 2861 616 2917 3.
650 2859 816 2918 Nobis
836 2870 1002 2915 tamen
1027 2878 1117 2915 nec
1155 2860 1447 2932 persuaderi
1474 2870 1634 2933 potest
1669 2877 1782 2916 eum
1819 2877 1928 2916 esse
1949 2877 2079 2932 pur-

492 2963 662 3026 gatum
682 2995 697 3022 ,
731 2953 958 3023 quamvis
996 2951 1065 3005 ad
1103 2968 1194 3006 nos
1230 2968 1262 3005 a
1296 2953 1465 3007 nescio
1507 2953 1686 3023 quibus
1731 2952 1873 3007 laicis
1915 2953 1933 2985 ¹
1976 2953 2079 3008 sint

493 3045 648 3104 Gesta
669 3044 886 3116 perlata,
910 3044 1089 3116 quibus
1114 3043 1202 3099 ille
1233 3052 1280 3099 et
1309 3042 1541 3098 auditum
1568 3059 1622 3098 se
1657 3043 1881 3098 crederet
1914 3051 1961 3098 et
1988 3042 2079 3096 ab-

489 3135 712 3191 solutum
746 3149 765 3190 :
808 3149 922 3206 quae
956 3142 1127 3188 utrum
1161 3148 1278 3188 vera
1321 3133 1422 3188 sint
1468 3133 1778 3200 dubitamus,
1809 3133 1945 3204 quod
1985 3131 2077 3188 sub

491 3229 638 3284 nulla
659 3226 800 3283 illius
820 3225 1022 3282 concilii
1054 3228 1076 3258 ³
1109 3226 1459 3297 prosecutione
1487 3233 1749 3293 venerunt,
1791 3241 1882 3280 nec
1904 3241 2078 3279 eorum

491 3320 689 3390 aliquas
730 3318 1015 3389 accepimus
1048 3317 1114 3372 de
1144 3317 1240 3371 hac
1276 3333 1332 3372 re
1367 3316 1582 3382 litteras,
1611 3315 1754 3387 apud
1785 3332 1910 3386 quos
1932 3315 2085 3370 istius.

489 3410 570 3464 rei
599 3410 692 3465 iste
718 3409 951 3481 praestitit
987 3424 1186 3475 causas.
1220 3406 1369 3474 Quod
1408 3407 1452 3462 si
1493 3406 1556 3460 de
1581 3423 1675 3460 sua
1719 3407 1806 3462 ille
1836 3407 2078 3477 potuisset

493 3501 794 3572 purgatione
809 3499 1091 3568 ‘conﬁdere,
1124 3487 1218 3552 hoc
1255 3498 1416 3570 magis
1441 3497 1691 3552 credimus
1717 3496 1853 3568 quod
1874 3499 2072 3568 egisset,

490 3590 627 3658 quod
654 3589 814 3645 multo
853 3591 1016 3644 verius
1048 3606 1158 3644 esse
1184 3598 1435 3660 potuerat,
1465 3597 1522 3642 ut
1562 3587 1679 3642 illos
1723 3597 1920 3658 cogeret
1960 3590 2073 3656 epi-

488 3681 632 3738 stolis
651 3681 776 3748 suis,
792 3681 880 3749 qui
906 3679 1329 3752 dijudicaverunt,
1356 3680 1599 3734 indicare.
1628 3679 1812 3734 Verum
1832 3695 1945 3732 cum
1973 3680 2076 3734 sint

488 3772 662 3843 aliqua
682 3773 738 3827 in
765 3771 891 3842 ipsis
916 3773 1078 3841 posita
1113 3771 1298 3837 Gestis,
1329 3787 1442 3842 qua:
1461 3771 1656 3842 objecta
1683 3771 1869 3842 partim
1889 3771 1976 3825 ille
2001 3771 2076 3826 vi—

491 3863 647 3917 tando
667 3862 967 3933 suppressit,
1001 3861 1185 3932 partim
1209 3859 1370 3914 multa
1402 3860 1456 3914 in
1492 3875 1545 3914 se
1567 3861 1715 3914 verba
1741 3859 2073 3931 retorquendo

488 3963 594 4012 tota
645 3953 947 4008 obscuritate
998 3950 1266 4023 confudit;
1322 3949 1494 4021 aliqua
1532 3952 1694 4021 magis
1737 3950 1885 4024 falsis
1919 3965 2074 4020 argu-

485 4048 666 4106 mentis
691 4061 843 4118 quam
871 4060 987 4099 vera
1019 4044 1231 4107 ratione,
1258 4051 1311 4096 ut
1342 4041 1409 4094 ad
1440 4050 1638 4110 tempus
1669 4049 1864 4112 poterat
1891 4040 2068 4103 videri,

485 4139 744 4212 purgavit,
767 4136 998 4209 negando
1032 4136 1167 4203 alia,
1210 4135 1316 4189 alia
1351 4134 1486 4207 falsa
1523 4134 1934 4205 interpretatione
1962 4150 2069 4191 ver-

484 4233 743 4380 ιεηὲοιὲεά
771 4322 983 4384 utinam,
1013 4319 1149 4391 quod
1167 4319 1444 4390 optandum
1474 4320 1635 4389 magis
1660 4329 1752 4382 est,
1775 4320 1890 4390 jam
1911 4335 1965 4373 se
1985 4318 2072 4375 ille

487 4413 556 4466 ad
582 4427 752 4467 veram
779 4410 1042 4464 catholica:
1063 4408 1181 4478 fidei
1212 4409 1342 4462 viam
1361 4408 1422 4461 ab
1450 4405 1541 4461 illo
1569 4409 1650 4461 sui
1670 4409 1885 4462 tramitis
1905 4424 2072 4463 errore

486 4510 762 4568 convertat.
787 4511 841 4555 ut
862 4502 1032 4571 cupiat
1057 4498 1272 4568 velitque
1292 4499 1520 4568 purgari,
1549 4498 1876 4552 considerans
1901 4499 2070 4568 quoti-

484 4595 693 4653 dianam
720 4593 817 4647 Dei
843 4593 1078 4664 gratiam,
1104 4590 1512 4660 adjutoriumque
1549 4605 1873 4660 cognoscens,
1917 4599 1973 4644 ut
1998 4591 2071 4644 vi-

483 4687 663 4744 deatur
685 4701 877 4752 verum,
908 4692 954 4738 et
994 4681 1300 4753 approbetur
1336 4680 1398 4738 ab
1426 4680 1654 4735 omnibus
1687 4681 1953 4751 manifesta
1984 4698 2070 4735 ra-

484 4781 618 4834 tione
638 4785 909 4843 correctus,
938 4793 1039 4830 non
1056 4774 1322 4830 Gestorum
1348 4774 1555 4840 indicio,
1581 4773 1669 4827 sed
1683 4774 1750 4826 ad
1767 4775 2068 4828 catholicam

482 4870 636 4941 ﬁdem
661 4868 812 4922 corde
832 4867 1106 4921 converso!
1141 4864 1287 4920 Unde
1312 4881 1412 4918 non
1455 4881 1719 4936 possumus
1745 4864 1949 4919 illorum
1977 4881 2068 4922 nec

482 4962 692 5034 culpare
717 4977 806 5015 nec
844 4957 1125 5030 approbare
1141 4957 1420 5028 judicium,
1442 4973 1553 5009 cum
1593 4956 1874 5010 nesciamus
1898 4964 2068 5012 utrum

480 5070 600 5110 nera
623 5055 723 5108 sint
762 5051 1062 5117 Gesta;aut
1088 5049 1132 5103 si
1169 5065 1284 5102 vera
1318 5039 1466 5112 sunt;
1497 5047 1646 5102 illum
1682 5056 1873 5103 constet
1906 5050 2068 5120 magis

480 5146 859 5216 subterfugisse,
882 5159 1034 5214 quam
1052 5158 1105 5197 se
1134 5150 1238 5196 tota
1256 5142 1462 5196 veritate
1482 5158 1739 5214 purgasse.
1766 5141 1867 5208 Qui
1884 5143 1930 5198 si
1947 5159 2068 5197 con~

483 5236 597 5306 fidit
621 5235 855 5305 novitque
886 5249 992 5288 non
1017 5249 1070 5287 se
1113 5241 1288 5287 nostra
1328 5231 1536 5304 dignum
1579 5249 1683 5288 esse
1720 5235 2061 5302 damnatione,

480 5327 618 5397 quod
651 5327 787 5380 dicat
817 5326 930 5397 jam
960 5332 1122 5379 totum
1154 5323 1249 5380 hoc
1290 5340 1344 5378 se
1384 5326 1630 5396 refutasse
1669 5325 1805 5394 quod
1845 5325 2062 5391 dixerat,

479 5435 582 5474 uon
603 5434 636 5471 a
663 5415 805 5477 nobis
824 5415 1081 5484 accersiri,
1105 5413 1196 5469 sed
1215 5414 1324 5485 ipse
1355 5413 1496 5466 debet
1522 5415 1690 5482 potius
1723 5413 1978 5482 festinare,
2010 5426 2065 5468 ut

479 5514 638 5584 possit
661 5511 875 5566 absolvi.
911 5507 1052 5564 Nam
1085 5509 1133 5562 si
1165 5506 1336 5561 adhuc
1369 5504 1537 5560 taliter
1577 5507 1746 5573 sentit,
1782 5507 1985 5577 quando
2011 5524 2066 5562 se

479 5612 652 5655 nostro
665 5601 862 5672 judicio
886 5599 1139 5669 quibusvis
1171 5597 1386 5668 acceptis
1423 5596 1632 5663 litteris,
1662 5613 1776 5651 cum
1815 5597 1941 5653 sciat
1978 5599 2064 5653 da-

544 5737 560 5767 ⁸
586 5742 692 5785 Mss.
715 5736 784 5784 sic
804 5734 1004 5784 habent.
1027 5732 1301 5795 admisero,
1324 5743 1355 5781 a
1376 5729 1549 5782 nostris
1568 5729 1854 5795 quibusdam
1875 5731 2028 5785 laicis.

542 5797 564 5832 ι
587 5797 693 5852 ωλι.
721 5797 1005 5851 omittebant
1026 5792 1214 5850 concilii
1233 5807 1250 5858 ;
1273 5807 1382 5862 quae
1406 5807 1498 5846 vox
1521 5792 1742 5849 restituta
1767 5803 1842 5848 est
1865 5809 1926 5845 ex
1955 5805 2056 5846 Mss.

2205 485 2477 540 mnandum
2493 503 2548 541 se
2561 503 2683 553 esse,
2699 488 2968 544 committet
2983 489 3010 544 Ρ
3030 488 3179 556 Quod
3195 491 3240 546 si
3254 487 3598 554 accersiendus
3615 511 3775 568 esset,

2203 576 2264 629 ab
2289 578 2351 630 iis
2375 577 2552 632 melius
2576 579 2737 648 ﬁeret,
2762 581 2848 647 qui
2884 581 3044 652 magis
3069 584 3285 650 proximi
3309 593 3355 639 et
3380 602 3480 641 non
3503 587 3654 661 longo
3680 600 3780 646 ter-

2201 684 2375 723 rarum
2419 673 2585 741 spatio
2623 672 2856 726 videntur
2898 689 3005 728 esse
3039 667 3296 745 disjuricti.
3339 678 3444 733 Sed
3479 696 3581 735 non
3617 681 3781 739 deerit

2201 775 2342 823 cura,
2373 761 2417 813 si
2451 761 2711 816 medicina:
2738 762 2959 832 prazbeat
2987 765 3077 819 ille
3120 767 3401 822 materiam.
3446 768 3620 826 Potest
3644 775 3781 828 enim

2201 850 2446 905 damnare
2471 869 2584 920 qute
2607 864 2848 921 senserat,
2877 872 2955 920 ac,
2989 857 3124 912 datis
3161 859 3359 924 litteris,
3388 862 3577 917 erroris
3599 866 3698 932 sui,
3722 877 3780 920 ut

2198 957 2477 1010 regressum
2496 944 2564 996 ad
2591 959 2682 998 nos
2706 944 2866 1014 decet,
2893 947 3090 1002 veniam
3133 951 3407 1019 postulare,
3439 956 3624 1023 fratres
3654 957 3780 1010 cha-

2197 1045 2403 1086 ηδεηηι.

2267 1119 2321 1176 5.
2352 1120 2560 1177 Librum
2585 1140 2724 1192 sane,
2752 1126 2839 1196 qui
2875 1127 2986 1196 ejus
3018 1144 3125 1183 esse
3159 1128 3427 1197 diceretur,
3467 1133 3610 1188 nobis
3638 1135 3671 1190 ὰ
3697 1152 3782 1192 ve-

2195 1221 2302 1268 stra
2346 1212 2613 1271 Charitate-
2643 1219 2993 1274 transmissum
3035 1221 3306 1278 evolvimus
3331 1239 3350 1278 :
3392 1224 3447 1280 in
3485 1241 3583 1290 quo
3617 1227 3776 1283 multa

2195 1314 2373 1359 contra
2397 1305 2495 1360 Dei
2517 1308 2733 1377 gratiam
2759 1309 2970 1380 legimus
3003 1327 3110 1366 esse
3138 1315 3448 1385 conscripta,
3475 1317 3637 1371 multa
3665 1318 3780 1372 bla-

2194 1394 2423 1462 sphema,
2445 1396 2577 1451 nihil
2590 1397 2724 1466 quod
2752 1400 2989 1470 placeret,
3019 1411 3068 1455 et
3089 1402 3221 1456 nihil
3244 1419 3372 1472 pene
3397 1407 3532 1475 quod
3557 1422 3662 1461 non
3685 1424 3777 1479 pe-

2194 1486 2329 1541 nitus
2375 1488 2680 1559 displiceret,
2729 1507 2762 1545 a
2801 1494 2975 1563 quovis
3007 1493 3354 1552 damnandum
3389 1507 3540 1570 atque
3570 1501 3777 1556 calean-

2194 1580 2350 1644 dum;
2376 1581 2523 1651 cujus
2539 1582 2746 1650 similia,
2777 1583 2877 1637 nisi
2902 1585 2989 1653 qui
3023 1584 3123 1641 ista
3147 1589 3441 1659 scripserat,
3475 1605 3618 1644 nemo
3645 1591 3778 1645 alter

2192 1670 2247 1724 in
2274 1680 2486 1726 mentem
2504 1673 2746 1744 reciperet
2767 1683 2918 1746 atque
2933 1677 3157 1732 sentiret.
3192 1678 3332 1734 Nam
3363 1680 3459 1734 hoc
3482 1680 3595 1736 loco
3619 1681 3776 1737 latius

2192 1760 2256 1815 de
2297 1762 2408 1833 lege
2449 1762 2710 1834 disputare
2728 1807 2742 1831 ,
2778 1766 2914 1821 velut
2955 1783 3130 1821 coram
3166 1769 3332 1840 posito
3366 1781 3774 1843 repugnanqu

2194 1853 2429 1926 Pelagio,
2459 1857 2797 1911 necessarium
2823 1873 2930 1913 esse
2957 1875 3060 1912 non
3079 1859 3342 1929 duximus,
3375 1878 3492 1916 cum
3517 1861 3775 1917 vobiscum

2193 1953 2348 1999 totam
2375 1946 2392 1978 ⁸
2414 1946 2682 2000 scientibus
2710 1947 2921 2018 parique
2953 1948 3209 2004 nobiscum
3237 1951 3526 2006 assensione
3547 1953 3775 2022 gauden-

2191 2037 2322 2092 tibus
2339 2038 2704 2108 colloquamur.
2740 2039 2881 2094 Tunc
2915 2041 3050 2096 enim
3084 2043 3262 2099 melius
3285 2045 3394 2098 htec
3415 2045 3644 2116 exempla
3675 2061 3774 2116 po-

2191 2138 2399 2197 nuntur,
2421 2131 2625 2201 quando
2658 2147 2776 2185 cum
2803 2131 2867 2187 iis
2895 2148 3022 2203 quos
3050 2134 3236 2188 harum
3261 2145 3457 2190 constat
3485 2153 3656 2191 rerum
3677 2137 3778 2192 im-

2191 2221 2463 2290 prudentes
2487 2237 2614 2290 esse,
2637 2230 2929 2278 tractamus.
2954 2223 3095 2279 Nam
3118 2225 3183 2280 de
3209 2235 3406 2282 natura
3425 2226 3772 2298 possibilitate,

2189 2310 2252 2368 de
2290 2312 2445 2367 libero
2473 2313 2701 2382 arbitrio,
2740 2322 2788 2370 et
2819 2315 2882 2370 de
2905 2316 3042 2370 omni
3076 2315 3174 2371 Dei
3197 2319 3380 2388 gratia,
3408 2327 3456 2372 et
3478 2319 3773 2391 quotidiana

2187 2404 2373 2474 gratia,
2395 2404 2479 2458 cui
2509 2421 2611 2458 non
2637 2405 2702 2459 sit
2733 2415 2865 2460 recte
2882 2407 3112 2461 sentienti
3137 2407 3445 2463 uberrimum
3472 2409 3732 2480 disputare
3748 2411 3780 2465 Ρ

2186 2496 2583 2551 Anathematiset
2610 2513 2729 2568 ergo
2750 2498 2848 2551 ista
2865 2514 2979 2568 quae
2991 2501 3164 2565 sensit,
3179 2509 3234 2554 ut
3255 2499 3335 2554 illi
3350 2501 3437 2571 qui
3451 2503 3564 2572 ejus
3577 2517 3771 2556 sermo-

2187 2586 2332 2643 nibus
2364 2591 2565 2659 fuerant
2593 2589 2950 2660 prteceptisque
2971 2589 3203 2661 collapsi,
3231 2591 3356 2662 quid
3375 2593 3576 2646 tandem
3592 2593 3780 2648 habeat

2187 2678 2315 2749 fides
2341 2695 2476 2744 vera,
2506 2687 2828 2749 cognoscant.
2861 2678 3092 2736 Facilius
3113 2682 3245 2735 enim
3261 2667 3484 2736 revocari
3503 2691 3734 2753 poterunt
3750 2722 3777 2752 ,,

2185 2785 2301 2824 cum
2324 2769 2423 2824 ista
2467 2785 2499 2822 a
2519 2785 2614 2824 suo
2641 2771 2889 2824 senserint
2909 2779 3115 2825 auctore
3135 2770 3388 2825 damnari.
3424 2770 3573 2836 Quod
3601 2773 3646 2826 si
3681 2771 3776 2826 ills

2185 2859 2506 2932 pertinaciter
2528 2860 2582 2914 in
2597 2860 2694 2914 hac
2717 2861 2924 2915 voluerit
2941 2861 3196 2932 impietate
3217 2862 3499 2933 persistere,
3517 2861 3772 2934 agndum

2184 2960 2258 3006 est
2287 2961 2534 3024 quatenus
2560 2951 2638 3006 vel
2654 2951 2718 3006 iis
2741 2953 2896 3022 possit
2929 2951 3200 3020 subveniri,
3237 2968 3362 3023 quos
3388 2969 3492 3007 non
3513 2969 3654 3020 suus,
3680 2953 3771 3007 sed

2184 3043 2336 3114 hujus
2351 3045 2511 3115 magis
2525 3059 2667 3098 error
2678 3042 2927 3110 induxit”;
2941 3060 3006 3099 ne
3016 3054 3063 3099 et
3077 3045 3179 3100 illis
3194 3045 3302 3100 haec
3325 3045 3572 3100 medicina
3597 3053 3769 3114 pereat

2184 3136 2332 3204 cujus
2354 3135 2449 3190 iste
2475 3136 2626 3190 talem
2638 3151 2738 3191 non
2758 3135 2977 3191 admittit
3002 3153 3093 3192 nec
3112 3138 3333 3209 postulat
3351 3153 3544 3192 curam.
3562 3137 3651 3209 (Et
3662 3136 3768 3192 alia

2183 3224 2407 3299 manu):
2438 3227 2460 3260 ³
2496 3226 2633 3283 Deus
2669 3243 2757 3283 vos
2794 3227 3070 3284 incolumes
3105 3229 3352 3284 custodiat
3374 3269 3391 3297 ,
3432 3232 3614 3302 fratres
3637 3229 3768 3283 cha-

2182 3320 2388 3374 rissimi.
2419 3319 2554 3374 Data
2591 3335 2646 3376 Vl
2687 3321 2924 3376 calendas
2960 3321 3240 3393 februarias
3254 3362 3270 3387 ,
3299 3330 3412 3391 post
3445 3320 3765 3376 consulatum

2181 3408 2530 3479 gloriosissimi
2580 3409 2848 3465 Theodosii
2892 3410 3108 3481 Augusti
3151 3425 3250 3476 vn,
3299 3418 3346 3465 et
3389 3409 3537 3464 Junii
3581 3409 3767 3480 Quarti

2183 3505 2410 3562 Palladii
2458 3489 2611 3563 ΐῖῖ
2628 3505 2651 3539 ι

2572 3636 2896 3694 EPISTOLA
2928 3634 3233 3693 CLXXXIV
3257 3639 3276 3661 ο
3298 3636 3398 3709 (α).

2311 3751 2676 3819 lunocsmws,
2693 3753 2943 3808 Αυιιειιο
2968 3760 3023 3806 et
3047 3752 3348 3808 Aucusnso
3369 3751 3656 3822 episoOpis.

2251 3883 2594 3955 Acceptissimi
2625 3882 2753 3937 mihi
2778 3880 3017 3936 Ceramni
3051 3882 3439 3953 compresbyteri
3471 3881 3562 3936 illo
3587 3896 3763 3935 recur-

2178 3991 2264 4029 sus
2285 3991 2472 4028 vacuus
2493 3974 2651 4046 officio
2673 3982 2843 4028 nostro
2859 3989 2965 4028 esse
2983 3989 3085 4027 non
3100 3973 3285 4027 debuit.
3312 3972 3412 4027 Per
3429 3973 3613 4026 charos
3625 3972 3760 4027 enim

2177 4067 2398 4122 salutare
2426 4067 2768 4132 charissimos,
2802 4064 3032 4120 naturale
3057 4064 3428 4136 quodammodo
3449 4063 3592 4118 nobis
3614 4060 3759 4112 vide~

2179 4170 2260 4213 tur
2292 4170 2339 4213 et
2383 4173 2704 4227 consequens.
2753 4155 2984 4211 Gaudere
3023 4171 3142 4226 ergo
3187 4157 3242 4209 in
3277 4155 3497 4210 Domino
3541 4158 3756 4204 vestram

2180 4249 2570 4304 Germanitatem
2605 4247 2936 4301 amantissimi
2963 4247 3213 4315 cupimus,
3251 4251 3297 4296 et
3325 4258 3416 4314 pro
3445 4241 3588 4296 nobis
3605 4240 3757 4312 paria

2177 4344 2245 4397 ad
2277 4343 2440 4396 Deum
2464 4351 2576 4395 vota
2597 4339 2869 4409 rependere
2889 4353 3168 4409 precamur,
3196 4335 3333 4405 quia,
3359 4343 3411 4386 ut
3437 4333 3556 4387 bene
3573 4331 3756 4398 nostis,

2177 4432 2521 4488 communibus
2545 4443 2589 4485 et
2619 4431 2827 4485 alternis
2858 4429 2974 4497 plus
2998 4428 3193 4500 agimus
3237 4422 3578 4490 orationibus,
3601 4437 3761 4493 quam

2177 4523 2514 4596 singularibus
2542 4530 2627 4574 aut
2650 4519 2878 4591 privatis.

2239 4662 2256 4692 ί
2282 4666 2390 4708 Mss.
2410 4656 2578 4714 Villio...
2613 4657 2761 4702 totam
2780 4663 2901 4714 rem.
2921 4650 3034 4714 add.
3071 4649 3315 4714 plerique,
3337 4652 3502 4714 totum.
3543 4653 3762 4714 Questio-

2174 4705 2291 4779 lius,
2304 4705 2448 4771 totam
2470 4731 2486 4779 ;
2510 4705 2776 4779 ct’melius,
2798 4705 3141 4779 reipreinlo'ad
3157 4705 3345 4779 _l.e'gein
3371 4722 3383 4758 :
3407 4708 3459 4779 tit
3481 4708 3612 4757 enim
3634 4705 3763 4758 allu-

2173 4757 2482 4845 ἔιῖξὶιὲἷῑίἱὶά
2497 4757 2629 4845 ιὶὄιὶἱξ
2639 4757 3073 4845 iiii]
3087 4757 3216 4845 enim
3429 4757 3615 4845 amr.

2239 4827 2258 4876 ἱ
2372 4843 2422 4906 ip
2443 4848 2550 4906 Mss:
2576 4844 2630 4887 Al.
2649 4827 2961 4906 minimique
2984 4833 3150 4896 plures
3179 4827 3325 4882 Eddf:
3351 4842 3472 4895 quos
3487 4827 3588 4883 non
3607 4827 3762 4884 scelus

2174 4905 2283 4966 huc,
2311 4903 2397 4954 sed
2417 4897 2571 4966 magis
2591 4909 2730 4966 error
2750 4896 2963 4966 induant.

2238 4945 2357 5014 ἶἘῖ
2364 4945 2636 5013 ἆέὖ.”ὧᾶᾲ
2659 4945 2761 5007 huc
2775 4945 3124 5016 transtuliimﬂ
3144 4960 3191 5005 et
3210 4953 3310 5016 alia
3328 4967 3494 5016 maius.

2235 5029 2258 5061 ι
2279 5027 2389 5078 Bad.
2414 5033 2514 5078 Am.
2537 5029 2612 5071 Βο.
2637 5028 2690 5070 et
2709 5026 2818 5079 Lov.
2843 5025 3092 5076 aunotant,
3116 5031 3142 5066 v
3163 5015 3257 5066 cal.
3281 5015 3483 5079 febrnst
3502 5021 3584 5065 Ms.
3609 5021 3758 5079 Veisa.

2175 5099 2227 5142 et
2247 5075 2415 5140 condi.
2429 5075 2541 5135 ωδ.
2558 5083 2605 5146 iy'
2626 5080 2724 5134 cal.
2741 5078 2879 5146 [ζώνη
2903 5075 3240 5146 praeripias
3260 5075 3555 5146 oonsuliims,
3574 5075 3658 5146 qui
3673 5076 3765 5125 ὀμ

2171 5138 2424 5214 signatum
2443 5149 2496 5214 in
2513 5138 2653 5214 βρὶυο
2675 5138 2981 5214 οὲίιίοθέὲίοο
3001 5141 3201 5214 quiq?!“
3221 5141 3383 5214 “92.8".
3413 5138 3671 5214 δειζψρξιξλεξ,
3680 5151 3762 5214 ‘1”?

2441 5211 2490 5259 in
2513 5209 2624 5258 hist.
2650 5205 2810 5268 Pelag.
2836 5197 2919 5252 lib.
2955 5217 2997 5268 I_,
3020 5197 3066 5268 ὃς
3092 5202 3144 5268 η
3166 5197 3391 5268 ,_scilicct
3421 5219 3444 5245 ι
3465 5206 3582 5248 Data
3604 5199 3761 5268 pridie

2179 5261 2314 5325 (cui.
2334 5261 2463 5324 t‘eﬁr.
2490 5261 2920 5333 posthusulatuni
2943 5262 3350 5333 gioriosjssimi,»
3379 5269 3512 5333 fele;
3539 5261 3756 5333 seque;

2179 5321 2200 5387 ἆ
2224 5321 2338 5389 iiiis
2358 5321 2514 5398 biidié
2537 5331 2628 5383 cal.
2651 5330 2777 5400 rem,
2802 5321 3132 5390 gloriosissimi
3154 5323 3409 5395 'l‘lietuiosii
3441 5321 3640 5385 Augusti
3657 5321 3764 5429 θυι

2180 5420 2200 5429 -
2221 5409 2266 5429 η.
2300 5399 2412 5429 mni:
2436 5395 2593 5429 nllnrli
2611 5390 2796 5429 ηειιιειτὶιί
2823 5396 2872 5429 v-
2889 5394 2935 5429 Ω.
2953 5399 3138 5429 conss-»
3163 5385 3247 5429 llbl
3262 5385 3359 5429 duo
3372 5396 3601 5429 necuisse
3624 5397 3669 5429 VI
3707 5395 3760 5429 c-

2179 5385 2201 5449 .1
2221 5385 2272 5451 ξι
2290 5385 2413 5450 Junii
2436 5395 2596 5456 Quarti
2611 5385 2872 5442 Palladii'v.
2889 5394 2935 5435 C.
2953 5399 3138 5456 oqussn
3262 5385 3359 5456 duo
3371 5396 3601 5447 peccasse
3617 5385 3760 5456 fide-

2170 5447 2270 5517 iui?
2290 5447 2556 5520 euscrifntor
2578 5471 2591 5506 :
2618 5457 2847 5520 primum,
2885 5447 3013 5512 quod
3050 5454 3190 5520 notas
3217 5455 3268 5496 P.
3290 5453 3361 5520 C._,
3384 5458 3501 5520 qum,
3529 5449 3761 5520 post

2167 5503 2752 5584 sulntiini'siéiiiiieaiiant,
2890 5503 3094 5584 {noveps
3106 5503 3464 5584 interpretatus
3480 5503 3574 5569 est,
3594 5503 3756 5570 pridie

2167 5571 2287 5646 25L;
2300 5571 2529 5640 alterum,
2551 5582 2665 5646 quia
2687 5571 2752 5646 eli
2774 5575 2900 5646 uotis
2919 5587 2998 5646 vn,
3025 5571 3140 5646 fecit

2233 5633 2448 5699 ‘V'céllsta
2469 5633 2584 5695 cuni
2599 5642 2678 5691 οὶ).
2701 5637 2751 5688 ti'.
2777 5635 2964 5685 duobus
2983 5647 3030 5683 ν.
3057 5641 3155 5680 Am.
3173 5633 3290 5682 ωδ.
3313 5637 3388 5680 Er.
3412 5637 3520 5680 ιον.
3569 5651 3574 5654 -

2229 5734 2300 5794 (a)
2325 5730 2450 5780 Alias
2468 5727 2530 5794 _97
2550 5739 2562 5775 :
2583 5734 2694 5794 gum
2713 5727 2881 5794 autem
2903 5719 2994 5771 184
3016 5723 3138 5779 erat,
3162 5729 3290 5768 nunc
3312 5717 3361 5766 in
3387 5712 3656 5779 Appendice
3678 5716 3756 5759 est

2168 5796 2213 5846 5.
2236 5785 2418 5862 Μήνη
2438 5790 2564 5841 circa
2583 5785 2715 5838 idem
2735 5788 2945 5848 tempus.
