4120 6358
482 364 580 424 791

479 483 611 536 bona
634 481 864 537 uoluntas
883 479 1083 550 quidem
1102 480 1268 535 cordis
1294 478 1411 543 mei,
1440 488 1485 531 et
1509 475 1792 546 deprecatio
1808 474 1879 527 ad
1902 472 2065 526 Deum

480 575 539 643 ﬁt
567 592 659 645 pro
684 575 787 630 illis
814 576 867 629 in
901 575 1115 629 salutem
1153 572 1326 646 (Rom.
1354 587 1410 637 x,
1446 570 1533 642 l);
1562 583 1660 639 pro
1689 568 1796 623 illis
1834 564 2059 631 scilicet,

480 667 570 739 qui
592 667 899 722 occiderant
919 665 1210 727 Christum,
1234 667 1321 735 qui
1341 666 1357 696 ¹
1380 664 1618 735 profecto
1642 663 1801 717 istum
1830 674 2062 732 quoque,

479 761 524 816 si
556 768 789 829 potestas
810 758 1045 826 daretur,
1072 756 1393 813 occiderent.
1421 755 1527 809 Pro
1546 753 1789 823 qualibus
1808 762 1861 806 et
1887 750 2065 805 Domi-

479 867 602 915 nus,
629 866 750 907 cum
780 849 1018 922 pendens
1047 847 1356 903 irrideretur
1380 844 1528 918 (Luc.
1551 860 1703 911 xxm,
1730 842 1844 915 54),
1868 850 1922 897 et
1940 842 2066 896 bea-

478 949 565 997 tus
590 942 910 1012 Stephanus,
942 955 1064 995 cum
1087 938 1411 1009 lapidaretur
1436 936 1571 1009 (Act.
1599 951 1693 998 vn,
1725 933 1839 1007 59),
1870 933 2060 988 oravit.

551 1034 778 1090 CAPUT
815 1034 903 1089 lll.
930 1063 1003 1074 ——
1029 1032 1082 1089 5.
1135 1032 1360 1087 istorum
1398 1043 1529 1085 sane
1573 1026 1881 1089 infidelium,
1926 1038 2063 1095 quos

483 1128 567 1183 vel
589 1126 849 1194 Gentiles,
877 1126 958 1181 vel
979 1126 1089 1195 jam
1125 1124 1282 1194 vulgo
1309 1122 1504 1177 usitato
1532 1119 1790 1175 vocabulo
1823 1118 2063 1187 Paganos

482 1220 747 1290 appellare
791 1218 1183 1281 consuevimus,
1230 1215 1480 1287 quoniam
1520 1212 1625 1267 duo
1665 1219 1789 1267 sunt
1823 1224 2054 1280 genera;

481 1326 641 1366 unum
661 1326 866 1377 eorum,
892 1311 978 1381 qui
1000 1310 1422 1381 superstitiones,
1446 1304 1665 1377 quasta)
1687 1311 1887 1374 putant,
1908 1300 2063 1356 Chri-

479 1405 664 1461 stianae
682 1402 925 1473 religioni
945 1407 1302 1470 anteponunt;
1325 1399 1548 1452 alterum
1576 1410 1783 1459 eorum,
1806 1393 1895 1463 qui
1918 1391 2061 1445 nullo

479 1497 747 1569 religionis
787 1497 1001 1552 nomine
1039 1495 1278 1550 obstricti
1316 1501 1473 1557 sunt;
1512 1505 1613 1561 ego
1654 1490 1705 1543 in
1748 1484 2059 1558 quibusdam

477 1589 648 1656 libris,
680 1602 812 1659 quos
832 1588 899 1643 de
924 1588 1148 1643 Civitate
1174 1586 1267 1640 Dei
1288 1582 1598 1656 praznotavi,
1628 1594 1852 1650 quorum
1875 1576 1942 1631 ad
1966 1591 2061 1631 vos

476 1680 724 1735 existimo
750 1679 857 1750 jam
894 1678 1199 1749 pervenisse
1228 1676 1491 1737 notitiam,
1531 1681 1586 1726 et
1623 1684 1848 1741 quorum
1887 1666 2061 1721 adhuc

475 1773 733 1843 reliquos,
772 1772 820 1827 si
853 1772 1105 1826 Dominus
1130 1768 1378 1833 voluerit,
1409 1763 1761 1822 absolvendos
1790 1762 1842 1815 in
1870 1758 2061 1814 mediis

479 1864 613 1918 meis
628 1861 1059 1933 occupationibus
1081 1860 1290 1925 molior,
1314 1858 1570 1913 adversus
1596 1854 1822 1926 primum
1840 1851 2059 1905 istorum

476 1967 668 2025 genus,
694 1951 836 2023 quod
858 1951 1142 2022 Apostolus
1164 1958 1332 2017 notat,
1361 1949 1449 2004 ubi
1477 1947 1625 2013 dicit,
1652 1945 1779 2011 Qua:
1798 1941 2061 1997 immolant

477 2051 664 2113 gentes,
692 2043 975 2109 dcemoniis,
1016 2050 1066 2096 et
1100 2059 1200 2095 non
1226 2039 1333 2095 Deo
1355 2039 1617 2093 immolant
1635 2036 1677 2105 (l
1705 2036 1821 2089 (ἔον.
1851 2050 1907 2100 x,
1929 2029 2056 2103 20);

477 2134 563 2189 vel
596 2142 763 2200 certe,
804 2134 891 2189 ubi
934 2133 1080 2200 dicit,
1111 2131 1387 2186 Coluerunt
1430 2139 1477 2184 et
1511 2129 1784 2183 servierunt
1817 2132 2061 2178 creatura:

479 2227 647 2297 potius
683 2242 835 2296 quam
873 2223 1099 2281 Creatori
1124 2223 1297 2296 (Rom.
1323 2239 1362 2289 ι,
1390 2222 1519 2293 25);
1560 2221 1747 2276 decem
1792 2215 2061 2272 volumina

479 2332 585 2371 non
614 2332 776 2387 parva
818 2315 1043 2383 confeci,
1076 2306 1301 2386 quorum
1344 2314 1519 2383 priora
1550 2312 1782 2383 quinque
1811 2308 1931 2362 illos
1969 2321 2057 2361 rc-

476 2407 763 2478 darguunt,
804 2408 892 2477 qni
931 2416 1149 2477 propter
1186 2403 1579 2475 adipiscendam
1609 2401 1691 2457 vel
1729 2396 2058 2455 retinendam

480 2500 831 2555 humanarum
870 2516 1047 2555 rerum
1096 2500 1250 2554 istam
1293 2507 1557 2553 terrenam
1606 2491 2061 2565 temporalemque

476 2593 810 2658 felicitatem,
850 2609 958 2648 non
991 2592 1146 2647 unius
1171 2590 1365 2646 summi
1391 2598 1446 2645 et
1484 2588 1617 2653 veri,
1649 2585 1744 2641 sed
1771 2584 2059 2639 multorum

475 2686 699 2742 deorum
730 2686 929 2741 cultum
968 2683 1326 2740 necessarium
1352 2697 1470 2738 esse
1496 2678 1847 2737 contendunt.
1877 2677 2062 2732 Poste-

476 2777 623 2832 riora
647 2792 782 2856 vero
804 2777 903 2831 alia
931 2777 1163 2847 quinque
1202 2784 1385 2830 contra
1425 2773 1547 2828 illos
1574 2780 1716 2836 sunt,
1745 2769 1834 2841 qui
1870 2783 1928 2824 se
1967 2768 2060 2821 ad~

476 2884 661 2925 versus
699 2869 984 2924 salutarem
1005 2867 1299 2923 doctrinam
1332 2866 1584 2922 tumidius
1618 2874 1673 2921 et
1707 2862 1941 2919 inflatius
1969 2876 2061 2915 ex-

476 2963 743 3029 tollentes,
775 2962 841 3016 ad
864 2961 1266 3027 beatitudinem,
1295 2974 1415 3030 qua
1443 2968 1565 3028 post
1584 2957 1722 3012 hanc
1752 2957 1914 3010 vitam
1940 2968 2062 3023 spe-

477 3063 663 3122 ratur,
703 3054 860 3107 etiam
910 3067 1007 3123 per
1049 3052 1351 3107 daemonum
1403 3050 1795 3118 multorumque
1834 3046 2059 3102 deorum

477 3147 674 3201 cultum
713 3144 1016 3200 existimant
1061 3143 1354 3214 pervenire.
1395 3141 1496 3197 Ubi
1530 3152 1586 3196 et
1623 3140 1827 3195 nobiles
1868 3152 2057 3193 eorum

476 3238 787 3308 philosophi.
806 3239 857 3292 in
881 3238 1046 3292 tribus
1070 3237 1152 3291 his
1173 3235 1245 3309 (b)
1267 3235 1518 3305 quinque,
1545 3233 1638 3288 sed
1661 3231 1858 3301 ultimis
1882 3230 2054 3295 libris,

476 3329 792 3385 refelluntur
832 3345 862 3382 a
907 3326 1078 3382 nobis.
1110 3326 1299 3381 Caeteri
1340 3326 1407 3380 ab
1451 3324 1732 3379 undecimo
1770 3332 1896 3392 quot
1935 3335 2056 3376 esse

476 3421 764 3492 potuerint,
796 3436 1019 3491 quorum
1046 3422 1154 3491 jam
1194 3429 1301 3474 tres
1334 3418 1557 3485 absolvi,
1586 3404 1831 3487 quartum
1863 3414 1914 3468 in
1948 3428 2060 3467 ma-

479 3515 632 3569 nibus
667 3513 853 3578 habeo,
883 3529 943 3568 ea
972 3528 1091 3583 qua:
1120 3526 1219 3566 nos
1246 3511 1314 3566 de
1342 3509 1564 3567 Civitate
1606 3507 1698 3562 Dei
1729 3516 1971 3562 tenemus
2005 3511 2061 3558 et

477 3604 765 3668 credimus,
797 3602 1177 3667 continebunt;
1220 3617 1288 3657 ne
1325 3602 1496 3656 aliena
1521 3597 1892 3655 tantummodo
1918 3595 2061 3651 refu-

478 3706 613 3760 tare,
643 3710 747 3748 non
773 3695 932 3748 etiam
962 3703 1142 3749 nostra
1168 3694 1224 3748 in
1249 3693 1351 3747 hoc
1378 3707 1539 3761 opere
1566 3705 1815 3745 asserere,
1830 3688 2060 3742 voluisse

480 3785 773 3863 videamur.
809 3786 913 3842 Iste
951 3796 1128 3841 autem
1166 3794 1288 3855 post
1313 3785 1496 3839 decem
1533 3790 1774 3854 quartus,
1814 3778 2060 3850 idemque

480 3878 642 3933 totius
670 3864 847 3949 operis
875 3888 1093 3949 quartus
1121 3877 1359 3933 decimus
1398 3874 1554 3941 liber,
1592 3875 1636 3928 si
1686 3872 1941 3927 Dominus
1968 3885 2061 3924 vo-

480 3970 662 4037 luerit,
691 3968 946 4025 euodatas
978 3968 1192 4024 habebit
1216 3982 1423 4032 omnes,
1463 3978 1597 4035 quas
1622 3962 1751 4018 mihi
1787 3961 2061 4033 proposui-

478 4059 573 4115 stis
598 4060 651 4115 in
680 4070 851 4114 vestra
878 4058 1119 4130 epistola,
1154 4056 1494 4127 quaestiones.

553 4153 606 4208 6.
649 4154 815 4207 Porro
841 4167 960 4207 cum
982 4152 1148 4206 altero
1170 4148 1459 4203 infidelium
1485 4160 1700 4218 genere,
1732 4143 1820 4214 qui
1846 4143 1931 4198 vel
1956 4143 2060 4196 vim

480 4246 687 4301 nullam.
717 4260 835 4299 esse
861 4244 1094 4299 divinam
1133 4242 1380 4307 credunt,
1410 4239 1493 4293 vel
1520 4239 1583 4293 ad
1616 4253 1733 4293 eam
1765 4251 1850 4291 res
1876 4236 2063 4291 huma-

480 4352 580 4393 nas
598 4336 870 4407 pertinere
914 4350 1021 4389 non
1062 4333 1305 4399 credunt,
1352 4330 1534 4385 nescio
1569 4337 1743 4382 utrum
1776 4341 1954 4382 sermo
1994 4327 2063 4380 sit

482 4427 764 4483 habendus
789 4427 856 4482 de
883 4427 1062 4497 aliqua.
1092 4425 1381 4493 quaestione
1404 4421 1658 4491 ,pietatis;
1688 4418 1928 4488 quamvis
1959 4432 2059 4471 non

483 4518 596 4574 fere
636 4518 919 4588 quisquam.
956 4516 1154 4571 nostris
1196 4510 1616 4584 temporibns(c)
1658 4510 1953 4580 reperiatur
1990 4510 2060 4562 ita

485 4609 705 4675 stultus,
731 4609 820 4678 qui
849 4608 934 4662 vel
970 4608 1021 4660 in
1052 4604 1215 4661 corde
1245 4618 1342 4659 suo
1366 4604 1543 4658 dicere
1571 4600 1765 4655 audeat
1794 4618 1808 4656 :
1842 4598 1961 4652 Non
1990 4610 2063 4652 est

482 4701 625 4760 Deus
658 4698 827 4771 (Psal.
857 4715 972 4767 xm,
1002 4700 1075 4769 l).
1108 4698 1185 4751 llli
1215 4705 1387 4751 autem
1416 4694 1505 4747 alii
1548 4693 1691 4746 stulti
1732 4706 1837 4745 non
1869 4690 2063 4745 desunt

483 4792 574 4863 qui
602 4790 851 4856 dixerint,
884 4788 1007 4842 Non
1032 4788 1212 4843 videbit
1242 4786 1485 4840 Dominus
1513 4782 1681 4854 (Psal.
1712 4797 1860 4847 xcm,
1885 4780 1975 4851 7);
2010 4781 2061 4835 id

482 4892 586 4952 est,
613 4882 999 4954 providentiam
1020 4896 1170 4936 suam
1192 4881 1242 4934 in
1271 4880 1385 4935 lucc
1410 4888 1618 4932 terrena
1648 4890 1753 4930 non
1778 4873 2057 4947 tcndit(d).

546 4996 564 5027 ⁸
588 5001 658 5045 ιω
676 4992 791 5044 οοίισ
805 4999 973 5044 cmm-
999 4999 1053 5064 ιει
1072 4991 1189 5064 me:
1210 4990 1541 5064 W999.
1554 4999 1701 5064 seu
1714 4982 2061 5064 arefacta???

483 5067 776 5163 perperam
808 5067 911 5126 _non
951 5056 1081 5126 enim
1116 5054 1183 5124 ait
1206 5059 1322 5114 Aug.
1356 5046 1578 5121 inﬁdeles
1612 5046 1811 5111 quoilue
1827 5046 2062 5095 Christum

483 5129 726 5168 occisuros
773 5128 905 5165 uisse
925 5129 967 5164 SI
987 5116 1098 5164 data
1119 5114 1292 5162 luisset
1323 5112 1440 5172 ipSlS
1476 5117 1721 5172 potestas:
1744 5108 1833 5172 sed
1848 5108 2061 5172 iudicas,

481 5123 726 5168 occisuros
754 5123 905 5165 tuisse
925 5123 967 5164 si
987 5123 1098 5164 data
1119 5123 1292 5162 luisset
1323 5123 1440 5173 lpSlS
1476 5123 1721 5172 paternas:
1744 5123 1833 5157 seu
1856 5123 2061 5167 Juuaeos,

483 5180 643 5228 occiso
661 5178 864 5236 Christo,
888 5175 1083 5225 Paulum
1103 5186 1300 5237 quoque
1323 5173 1565 5237 occisuros
1598 5169 1748 5218 fuisse
1772 5169 1861 5237 nisi
1882 5179 1911 5216 a
1944 5181 2063 5217 cen-

485 5241 679 5290 turione
721 5228 946 5301 prohibiti
983 5228 1189 5301 fuissent
1208 5228 1296 5284 {ac
1332 5231 1640 5301 nihilominus
1670 5228 1941 5301 Apostolurn
1977 5243 2065 5301 pro

484 5301 661 5365 mss
680 5290 873 5359 cosse.
898 5300 1150 5365 ninam.
1176 5303 1232 5365 μς
1252 5308 1366 5365 mox
1389 5294 1633 5365 summa
1656 5290 1747 5365 ρξο
1772 5290 1999 5365 ,συαιίθω
2018 5297 2064 5341 ει

486 5360 732 5420 Donu'nus,
746 5351 1081 5423 cum'pendens
1097 5351 1401 5417 irridentur,
1424 5360 1470 5405 et
1485 5353 1646 5406 beatus
1658 5351 1934 5416 Stephanus,
1955 5364 2065 5401 cum

485 5418 801 5487 lapidaretur,
825 5418 991 5471 oravit.

570 5507 622 5566 a)
651 5509 810 5564 Forte,
829 5516 955 5566 quas
972 5504 1134 5566 magni
1159 5507 1344 5564 putant.

570 5520 601 5555 a
651 5509 810 5564 Forte,
833 5516 955 5566 quas
972 5507 1134 5564 magni
1159 5507 1254 5564 put:

573 5568 600 5615 b
647 5574 805 5626 Forte,
828 5565 998 5615 horum
1019 5564 1254 5626 quinque.

573 5642 599 5677 c
644 5636 796 5677 Serm.
814 5626 894 5684 69,
918 5638 1022 5697 cap.
1047 5624 1096 5683 2,
1118 5638 1251 5673 num.

614 5696 814 5749 )Forte,
852 5700 947 5736 non
979 5685 1186 5749 intendit
1210 5685 1254 5734 :l

478 5674 483 5679 .
551 5623 621 5684 (εδ
644 5623 799 5677 Serm.
814 5626 894 5684 69,
918 5638 1022 5684 cap.
1037 5623 1096 5683 ’2,
1118 5623 1251 5673 num.
1275 5623 1322 5671 5.

614 5678 631 5752 )
656 5696 814 5748 Forte,
852 5678 947 5736 non
977 5678 1186 5752 intendit
1210 5698 1223 5733 :
1243 5685 1307 5734 ita
1339 5694 1487 5752 scrin.
1511 5680 1604 5752 69,
1626 5692 1669 5752 e.
1695 5678 1754 5738 2,
1777 5692 1826 5729 ιι.
1850 5678 2064 5752 ξν-Ιᾶθιιῃ

490 5741 828 5813 argumentum
865 5755 1115 5813 tractans,
1146 5747 1249 5796 ait:
1284 5765 1305 5791 α
1325 5743 1522 5795 Oculum
1560 5743 1607 5791 in
1638 5751 1688 5791 te
1728 5753 1823 5791 non
1862 5741 2065 5791 intendit

501 5807 786 5877 «ξιιιιωειιιί
811 5810 922 5861 fecit
943 5807 1150 5860 tuum?»

1730 354 1786 414 5.
1826 350 2189 413 AUGUSTINI
2226 348 2531 410 EPISCOP!

3643 344 3752 406 79!

2174 470 2551 525 Verumtamen
2578 470 2635 524 in
2653 465 2738 524 bis
2761 465 2931 535 libris,
2951 478 3090 538 quos
3115 462 3238 523 volo
3257 470 3318 522 ut
3338 462 3479 538 legat
3504 462 3753 523 Charitas

2170 568 2371 629 vestra,
2397 560 2526 617 dum
2553 559 2631 634 (a)
2669 560 2861 616 asserit
2897 558 3096 615 Civitas
3122 556 3236 625 Dei,
3278 570 3387 613 non
3423 556 3598 613 solum
3632 568 3753 613 esse

2172 652 2357 717 Deum,
2380 652 2521 724 quod
2548 661 2735 707 natura
2755 651 2971 707 insitum
2994 650 3079 705 vix
3106 648 3212 704 ulla
3239 664 3470 720 unquam
3492 649 3752 719 exstirpat

2170 745 2449 815 impietas;
2472 745 2569 801 sed
2586 746 2748 799 etiam
2774 759 2951 799 rerum
2980 742 3327 798 humanarum
3353 756 3534 797 curam
3562 756 3754 812 gerere

2168 836 2237 890 ab
2265 837 2377 906 ipsa
2403 836 2732 892 institutione
2765 835 3037 890 hominum
3066 849 3234 905 usque
3262 834 3329 889 ad
3368 832 3750 889 beatificandos

2163 928 2341 999 justus
2356 943 2475 984 cum
2507 928 2722 999 Angelis
2741 927 2955 991 sanctis,
2980 935 3034 982 et
3060 926 3390 980 damnandos
3412 926 3603 996 impios
3625 940 3749 981 cum

2168 1020 2371 1091 angelis
2399 1019 2664 1090 malignis,
2696 1018 2741 1075 si
2775 1018 2917 1074 Deus
2946 1016 3197 1085 voluerit,
3224 1024 3280 1073 et
3305 1015 3497 1087 quibus
3521 1016 3749 1071 voluerit

2167 1112 2419 1167 credibile
2448 1112 2555 1168 fiet.

2238 1203 2289 1256 7.
2332 1203 2448 1258 Non
2484 1204 2662 1274 itaque
2699 1203 2920 1259 ulterius
2948 1202 3215 1258 oneranda
3243 1211 3327 1258 est
3353 1202 3470 1258 haec
3497 1201 3744 1272 epistola,

2166 1292 2517 1349 dilectissimi.
2559 1294 2661 1351 Ubi
2687 1295 2829 1351 enim
2871 1294 3097 1364 speretis
3126 1310 3220 1364 per
3262 1294 3612 1350 ministerium
3651 1309 3748 1349 no-

2166 1393 2332 1439 strum
2364 1400 2521 1440 nosse
2548 1385 2687 1455 quod
2709 1386 2886 1449 vultis,
2918 1384 3046 1440 satis
3074 1385 3337 1451 diximus;
3366 1393 3420 1439 et
3438 1384 3657 1440 eosdem
3684 1385 3751 1440 1i-

2166 1473 2312 1541 bros,
2345 1475 2387 1527 si
2424 1474 2657 1529 nondum
2689 1474 2913 1540 habetis,
2941 1486 2997 1529 ut
3020 1474 3215 1529 habere
3244 1475 3479 1544 possitis,
3506 1488 3603 1544 per
3625 1490 3751 1530 san-

2166 1573 2309 1620 ctum
2330 1564 2546 1620 fratrem
2573 1574 2627 1620 et
2653 1566 3146 1636 compresbyterum
3174 1581 3348 1619 meum
3381 1565 3615 1620 Firmum
3648 1565 3745 1637 (b),

2166 1658 2253 1727 qui
2276 1672 2370 1712 vos
2390 1658 2612 1711 multum
2634 1658 2824 1727 diligit,
2848 1658 3106 1727 nobisque
3127 1657 3430 1729 diligentius
3451 1657 3711 1712 intimavit
3728 1700 3746 1723 ,

2166 1754 2224 1801 ut
2247 1755 2438 1801 vestra:
2477 1754 2674 1802 mutua:
2701 1747 2973 1802 dilectioni
3012 1746 3210 1816 gratias
3247 1754 3387 1816 agat,
3424 1762 3521 1817 pro
3549 1756 3751 1803 nostra)

2168 1838 2436 1893 tenuitatis
2465 1837 2713 1893 facultate
2738 1838 3061 1893 curavimus.

2457 1951 2545 2006 DE
2572 1950 2901 2006 EPlSTOLA
2939 1948 3451 2016 SUBSEQUENTE.

2523 2062 2653 2133 (ιω.
2680 2077 2718 2117 ιι
2743 2076 3031 2126 uernam"
3049 2075 3167 2116 car.
3188 2058 3396 2130 nvln.)

2236 2173 2432 2229 Eodem
2469 2183 2691 2241 tempore
2728 2174 2908 2245 scripsi
2947 2174 3096 2229 etiam
3131 2174 3311 2229 librum
3342 2174 3404 2227 de
3433 2172 3754 2230 Corrections

2164 2264 2572 2332 Donatistarum,
2603 2274 2808 2336 propter
2831 2282 2917 2320 eos
2945 2265 3031 2335 qui
3055 2263 3285 2319 uolebant
3308 2264 3425 2319 illos
3444 2263 3631 2335 legibus
3653 2264 3750 2318 in»

2165 2356 2435 2424 perialibus
2458 2358 2661 2427 corrigi.
2677 2356 2780 2423 Hic
2803 2356 2927 2411 liber
2963 2357 3038 2411 sic
3062 2356 3237 2427 incipit
3263 2370 3283 2412 :
3317 2374 3335 2408 ι
3354 2354 3550 2423 ιηιιάυ,
3568 2356 3614 2411 et
3632 2354 3755 2427 grai

2164 2450 2318 2518 tutor,
2345 2458 2392 2503 et
2413 2449 2658 2504 admiror.
2693 2468 2714 2502 ι

2376 2586 2464 2641 DE
2492 2585 2971 2643 CORRECTIONE
3014 2582 3543 2641 DONATISTARUM

2812 2698 3107 2766 LIBER,

2553 2903 2885 2960 EPISTULA
2932 2900 3220 2958 CLXXXV
3246 2899 3361 2975 ‘(c).

2165 3020 2477 3091 Augustinus
2505 3018 2771 3090 Bonifacio
2799 3019 3020 3091 (tribuno
3043 3033 3105 3071 ac
3124 3016 3324 3071 demum
3351 3016 3523 3070 comiti
3542 3015 3595 3070 in
3620 3016 3755 3087 Afri-

2233 3128 2325 3175 ca,
2349 3128 2411 3166 ea:
2442 3113 2586 3181 epist.
2627 3110 2734 3166 220
2748 3108 2791 3182 ),
2823 3117 3219 3164 commonstrans
3254 3107 3332 3162 illi
3371 3106 3754 3162 Donatistarum

2235 3206 2463 3260 heresim
2506 3204 2634 3258 nihil
2677 3204 2858 3258 habere
2896 3217 3157 3257 commune
3186 3216 3302 3254 eum
3330 3200 3548 3265 Ariona,
3581 3209 3628 3254 et
3651 3215 3754 3267 qua

2234 3298 2572 3351 moderatione
2614 3311 2702 3364 per
2744 3305 2930 3349 metum
2969 3294 3137 3364 legum
3162 3292 3500 3364 imperialium
3532 3290 3755 3345 heretici

2237 3399 2445 3459 possunt
2481 3390 2550 3443 ad
2583 3388 2827 3442 Ecclesiae
2858 3386 3143 3441 societatem
3180 3384 3353 3442 reduci
3380 3399 3398 3437 :
3423 3382 3665 3437 nonnulla
3690 3382 3753 3436 de

2235 3481 2615 3535 Donatistarum
2643 3488 2691 3534 et
2720 3476 3192 3534 Circumcellionum
3215 3475 3544 3538 immanitate,
3577 3489 3635 3527 ac
3662 3489 3753 3541 po-

2233 3583 2417 3627 stremo
2446 3572 2507 3624 de
2535 3580 2734 3640 peccato
2762 3571 2816 3623 in
2844 3569 3093 3638 Spiritum
3119 3576 3346 3622 sanctum
3380 3583 3482 3619 non
3501 3565 3755 3619 remitten-

2235 3664 2324 3716 do.
2347 3662 2491 3716 Idem
2515 3669 2862 3730 argumentum
2888 3658 3116 3711 tractavit
3140 3658 3193 3710 in
3214 3657 3426 3728 epistola
3453 3656 3542 3711 95.

2235 3752 2458 3809 CAPUT
2485 3750 2850 3806 PR1MUM.—
2866 3750 2889 3803 l
2904 3788 2917 3801 .
2938 3747 3139 3814 Laudo,
3154 3757 3207 3802 et
3227 3745 3481 3816 gratulor,
3503 3754 3558 3800 et
3584 3742 3752 3799 admi-

2165 3859 2271 3911 ror,
2291 3844 2359 3897 ﬁli
2385 3841 2726 3897 dilectissime
2740 3838 2994 3905 Bonifaci,
3007 3836 3149 3906 quod
3164 3837 3300 3890 inter
3315 3849 3470 3889 curas
3492 3834 3751 3890 bellorum

2164 3946 2219 3992 et
2240 3950 2533 4001 armorum,
2558 3932 2904 3987 vehementer
2927 3928 3198 3984 desideras
3235 3942 3299 3983 ea
3328 3941 3485 3981 nosse
3509 3941 3627 3996 quae
3658 3923 3751 3981 Dei

2165 4034 2307 4081 sunt.
2338 4025 2474 4080 Vere
2503 4023 2627 4077 hinc
2659 4032 2709 4077 te
2728 4028 2947 4090 apparet
2975 4019 3136 4073 etiam
3163 4017 3231 4072 de
3256 4016 3371 4085 ipsa
3398 4017 3588 4070 virtute
3614 4016 3751 4069 mili-

2168 4118 2289 4183 tari,
2317 4116 2436 4172 fidei
2466 4115 2667 4171 servire
2691 4124 2848 4183 quam
2876 4110 3040 4166 habes
3055 4110 3107 4163 in
3132 4108 3365 4163 Christo.
3387 4108 3455 4163 Ut
3483 4122 3611 4176 ergo
3631 4106 3751 4160 bre~

2166 4212 2304 4266 viter
2330 4208 2592 4263 insinuem
2623 4203 2899 4260 Dilectioni
2926 4210 3049 4265 tute,
3072 4200 3210 4255 inter
3226 4199 3543 4254 Arianorum
3566 4206 3621 4252 et
3646 4197 3750 4251 Do-

2167 4303 2477 4357 natistarum
2506 4298 2632 4369 quid
2676 4296 2881 4351 intersit
2916 4308 3184 4355 errorem;
3231 4291 3411 4346 Ariani
3454 4290 3647 4355 Patris,
3694 4298 3750 4344 et

2166 4392 2306 4457 Filii,
2343 4398 2399 4446 et
2436 4390 2664 4460 Spiritus
2692 4386 2857 4441 sancti
2888 4386 3126 4439 diversas
3154 4381 3476 4437 substantias
3519 4395 3639 4435 esse
3662 4381 3746 4434 di-

2167 4494 2331 4540 cunt:
2364 4482 2647 4537 Donatistae
2694 4487 2871 4533 autem
2918 4490 3022 4530 non
3062 4473 3165 4529 hoc
3199 4472 3411 4539 dicunt,
3450 4471 3546 4527 sed
3588 4487 3748 4526 unam

2167 4575 2438 4631 Trinitatis
2464 4570 2809 4626 substantiam
2840 4566 3175 4622 confitentur.
3216 4565 3283 4619 Et
3329 4563 3374 4617 si
3416 4562 3574 4631 aliqui
3606 4562 3751 4631 ipso-

2166 4682 2283 4721 rum
2319 4665 2578 4719 minorem
2625 4660 2813 4714 Filium
2851 4673 2970 4713 esse
2994 4657 3238 4712 dixerunt
3265 4670 3424 4725 quam
3451 4654 3607 4708 Pater
3626 4660 3744 4717 est;

2168 4756 2404 4827 ejusdem
2426 4763 2601 4807 tamen
2622 4748 2927 4805 substantia:
2953 4761 3059 4801 non
3084 4752 3373 4815 negarunt:
3393 4742 3599 4813 plurimi
3618 4756 3749 4797 vero

2168 4850 2222 4905 in
2248 4851 2325 4905 eis
2352 4848 2456 4904 hoc
2480 4862 2539 4901 se
2565 4845 2745 4900 dicunt
2772 4840 2988 4896 omnino
3014 4837 3232 4894 credere
3256 4836 3324 4892 de
3352 4836 3509 4891 Patre
3533 4843 3587 4890 et
3612 4833 3747 4889 Filio

2230 4982 2249 5002 ‘
2282 4988 2334 5030 tn
2366 4979 2509 5041 huius
2535 4942 2829 5041 recensione
2844 4970 3003 5041 collati
3023 4975 3138 5020 sunt
3157 4981 3206 5041 a.
3223 4968 3309 5041 bg_.
3331 4965 3576 5041 b_l.bn._c.
3597 4976 3669 5041 ec.
3696 4962 3746 5014 α.

2167 5058 2217 5109 g.
2242 5028 2331 5107 εἰ
2343 5043 2381 5103 j.
2405 5028 2446 5090 εἶ
2471 5048 2510 5089 t.
2535 5051 2608 5089 vc.
2630 5038 2728 5087 duo
2748 5036 2824 5084 sb.
2846 5035 3063 5097 quinque
3084 5045 3133 5081 v.
3158 5028 3397 5079 Amead.
3416 5034 3494 5109 Er.
3518 5032 3631 5076 Lov.

2231 5125 2303 5196 (ει)
2324 5130 2391 5171 ει
2413 5120 2593 5192 vetusti
2632 5107 3749 5196 wei915_9°£i§.itsi39£ib:s$eﬂ§§£‘m

2168 5173 2300 5235 oculi
2315 5183 2509 5244 assequi
2531 5193 2628 5244 non
2650 5184 2888 5244 poterant,
2906 5173 3075 5225 voceni
3094 5173 3216 5244 dum
3236 5173 3750 5244 cogitatam-essetin?

2168 5230 2417 5296 inﬁrmi
2435 5230 2942 5301 ‘modum'orationem
2978 5236 3153 5301 cruciat
3191 5246 3248 5301 ac
3272 5232 3533 5301 deformat,
3544 5230 3640 5301 qui

2168 5292 2470 5417 sdsg—ieantes
2489 5308 2693 5352 censent
2714 5298 2995 5372 legendum,
3020 5297 3145 5381 quod
3165 5292 3361 5354 quidem
3382 5292 3570 5365 asserit.

2230 5368 2249 5417 f
2286 5369 2303 5417 l
2326 5374 2526 5417 Firmus.
2549 5365 2613 5413 de
2634 5374 2731 5417 quo
2752 5362 2846 5417 hic,
2878 5360 2986 5407 Afer
3004 5364 3109 5406 erat
3131 5394 3143 5404 .
3173 5368 3284 5403 eum
3309 5361 3570 5417 Augustum

2230 5360 2303 5430 (δ)
2326 5368 2526 5430 Firmus
2549 5365 2613 5413 de
2632 5374 2731 5430 suo
2752 5360 2846 5430 βίον
2878 5360 2986 5430 “er
3004 5364 3143 5430 erat}
3169 5368 3284 5430 Ψ)
3309 5360 3750 5430 Ἢμδὲἓίὶιὲἱῗέθὲῗ

2168 5412 2474 5478 πιῖέιῐῖἱξὶἶίἁ
2492 5412 2919 5486 complectebatur.
2941 5420 3238 5486 Monastiqu
3253 5412 3507 5486 agebatasi
3529 5412 3751 5486 tamen‘is

2172 5470 2248 5539 ἓέἱ
2268 5470 2474 5551 ἷέὶὶἱὶιῖ
2484 5470 2799 5551 evasimus,
2826 5482 2883 5530 ad
2905 5480 3215 5551 Αυειιειέηιιφ
3253 5470 3399 5551 ἶβίξέξ
3416 5475 3524 5551 ἓξ)
3547 5474 3632 5551 (Illi

2169 5532 2711 5615 (ἴυέιῦςῖίιῖῖιῖιξιῖἒοδθῖιι
2747 5532 3050 5615 Hieronimi
3086 5538 3247 5615 P3913:
3267 5532 3625 5615 M9233}

2169 5603 2347 5661 s'anetis
2380 5608 2661 5659 Bethlehem
2690 5603 3009 5655 commoratus
3028 5607 3121 5651 est.
3143 5607 3286 5649 certe
3321 5603 3625 5661 conventum
3645 5603 3752 5654 ejus

2172 5657 2484 5733 Qui:
2500 5681 2593 5733 nec
2613 5680 2708 5717 non
2726 5679 2791 5716 ex
2807 5664 3078 5733 248_epi.st.,

2234 5716 2531 5795 (Filias—$6
2543 5716 2555 5779 ἐ
2574 5716 2685 5792 quae
2704 5734 2870 5795 autem
2895 5716 2982 5777 183
3005 5716 3128 5785 erat,
3154 5735 3279 5773 num
3301 5722 3354 5771 in
3375 5716 3648 5783 Appendice
3672 5720 3750 5765 est

2175 5797 2218 5845 4.
2240 5787 2420 5858 scripta
2444 5793 2565 5843 circa
2588 5787 2664 5840 an.
2692 5787 2798 5837 417.
