4120 6358
397 348 505 413 795

395 475 451 524 et
474 462 674 539 Spiritu
692 472 893 535 sancta,
916 463 1054 538 quod
1081 462 1337 525 catholica
1363 469 1533 525 credit
1557 471 1812 527 Ecclesia.
1863 473 1970 528 Nec

393 557 507 631 ipsa
525 570 646 614 cum
667 558 771 613 illis
796 559 1017 613 vertitur
1031 560 1284 629 quaestio;
1316 558 1410 615 sed
1430 559 1497 615 de
1510 562 1619 615 sola
1638 566 1968 618 communio-

395 661 463 706 ne
486 648 765 704 infeliciter
794 649 1018 718 litigant,
1048 657 1102 703 et
1127 660 1309 703 contra
1348 650 1601 708 unitatem
1640 651 1836 706 Christi
1880 669 1965 708 re-
2006 672 2019 679 ν

395 740 559 797 belles
610 739 914 796 inimicitias
955 742 1295 811 perversitate
1341 743 1420 797 sui
1463 744 1657 797 erroris
1697 756 1963 799 exercent.

394 832 687 902 Aliquando
718 842 915 898 autem,
938 833 1071 887 sicut
1113 834 1426 900 audivimus,
1469 836 1705 889 nonnulli
1732 852 1798 891 ex
1838 837 1967 905 ipsis

393 923 637 977 volentes
681 922 779 977 sibi
822 922 1022 978 Gothos
1060 925 1363 988 conciliare,
1395 925 1604 994 quando
1650 940 1742 980 eos
1790 927 1967 981 vident

391 1011 586 1081 aliquid
615 1028 792 1081 posse,
836 1013 1015 1067 dicunt
1047 1012 1149 1068 hoc
1170 1028 1227 1067 se
1256 1015 1473 1069 credere
1498 1015 1635 1084 quod
1664 1024 1717 1070 et
1745 1015 1819 1069 illi
1848 1031 1964 1069 cre-

389 1100 541 1156 dunt.
574 1102 678 1156 Sed
701 1101 957 1171 majorum
978 1117 1193 1156 suorum
1212 1104 1521 1159 auctoritate
1547 1105 1960 1169 convincuntur;

387 1194 508 1262 quia
535 1207 633 1248 nec
660 1193 895 1247 Donatus
923 1195 1035 1262 ipse
1063 1194 1138 1247 sic
1157 1193 1445 1249 credidisse
1470 1194 1742 1261 asseritur,
1773 1196 1840 1249 de
1867 1210 1961 1250 cu-

379 1282 468 1352 jus
496 1291 647 1353 parte
672 1297 730 1337 se
750 1298 867 1337 esse
886 1283 1193 1352 gloriantur.

452 1373 508 1426 ε.
532 1371 645 1427 Non
671 1382 722 1426 te
757 1382 931 1426 autem
961 1374 1057 1427 ista
1093 1373 1428 1439 conturbent,
1474 1375 1544 1429 ﬁli
1595 1374 1958 1431 dilectissime.

383 1464 626 1519 Hiereses
644 1464 783 1518 enim
799 1471 853 1518 et
872 1463 1115 1518 scandala
1144 1463 1315 1517 futura
1343 1465 1591 1533 przedicta
1621 1474 1762 1531 sunt,
1790 1474 1847 1519 ut
1875 1466 1958 1518 in-

382 1563 465 1609 ter
487 1556 727 1609 inimicos
764 1554 1091 1618 erudiamur;
1124 1569 1185 1608 ac
1204 1555 1279 1609 sic
1320 1565 1373 1609 et
1397 1556 1525 1610 lides
1550 1564 1603 1609 ct
1622 1555 1838 1610 dilectio
1859 1572 1957 1610 no-

380 1657 489 1702 stra
520 1647 685 1717 possit
710 1662 829 1702 esse
849 1646 1117 1716 probatior
1147 1664 1162 1701 :
1196 1646 1325 1701 tides
1352 1648 1549 1718 utique,
1580 1663 1646 1703 ne
1670 1648 1737 1702 ab
1766 1649 1842 1702 eis
1865 1648 1959 1703 de-

378 1740 666 1808 cipiantur;
709 1738 923 1794 dilectio
950 1748 1148 1806 autem,
1177 1748 1233 1794 ut
1256 1742 1414 1795 etiam
1444 1741 1575 1810 ipsis
1611 1742 1953 1812 corrigendis,

377 1837 630 1899 quantum
659 1844 959 1899 possumus,
987 1831 1355 1897 consulamus;
1377 1846 1482 1885 non
1503 1831 1671 1886 solum
1701 1834 1956 1889 instantes

377 1935 446 1975 ne
488 1920 709 1975 infirmis
742 1930 985 1988 noceant,
1032 1932 1190 1991 atque
1246 1928 1304 1975 ut
1339 1920 1406 1976 ab
1435 1937 1615 1978 errore
1647 1924 1847 1978 nefario
1886 1924 1953 1979 li-

375 2012 649 2078 berentur,
674 2012 772 2067 sed
798 2013 957 2077 etiam
983 2020 1197 2066 orantes
1217 2027 1314 2082 pro
1334 2013 1431 2077 eis,
1465 2020 1524 2066 ut
1554 2014 1755 2082 aperiat
1779 2015 1956 2069 Domi-

374 2120 474 2160 nus
504 2104 607 2158 illis
648 2120 884 2166 sensum,
931 2113 985 2158 et
1026 2104 1320 2174 intelligant
1356 2104 1674 2173 Scripturas.
1725 2105 1857 2172 Quia
1901 2107 1953 2161 in

374 2195 569 2249 sancth
596 2194 767 2248 Libris
801 2194 887 2249 ubi
931 2193 1294 2248 manifestatur
1323 2193 1572 2247 Dominus
1588 2192 1852 2257 Christus,
1881 2194 1953 2271 ibi

373 2294 429 2341 et
452 2287 567 2355 ejus
601 2286 836 2340 Ecclesia
866 2284 1165 2340 declaratur
1197 2303 1209 2338 :
1244 2285 1327 2338 isti
1370 2294 1544 2338 autem
1582 2286 1812 2340 mirabili
1846 2302 1953 2341 ca:-

370 2377 547 2441 citate,
564 2392 685 2431 cum
703 2378 871 2446 ipsum
887 2375 1153 2431 Christum
1174 2385 1366 2445 prtctcr
1380 2375 1677 2445 Scripturas
1692 2379 1950 2445 nesciant,

369 2467 485 2538 ejus
524 2476 697 2523 tamen
729 2468 1018 2523 Ecclesiam
1049 2484 1153 2523 non
1180 2467 1477 2522 divinarum
1514 2468 1830 2524 Litterarum
1860 2486 1953 2525 auo

368 2561 611 2614 ctoritate
642 2570 985 2631 cognosctmt,
1031 2558 1124 2614 sed
1164 2559 1514 2613 humanarum
1567 2559 1951 2616 calumniarum

368 2654 597 2707 vanitate
620 2654 946 2723 conﬁngunt.
1038 2646 1049 2654 ’

438 2745 490 2799 3.
526 2744 833 2813 Agnoscunt
874 2743 1149 2799 nobiscum
1189 2738 1455 2798 Christum
1484 2744 1535 2799 in
1564 2759 1630 2798 eo
1657 2744 1795 2813 quod
1819 2745 1951 2815 legi-

366 2841 472 2897 tur,
502 2832 759 2888 Foderunt
784 2851 962 2888 manus
988 2851 1121 2888 meas
1142 2843 1187 2887 et
1217 2836 1365 2904 pedes
1398 2851 1565 2901 meos;
1607 2836 1952 2890 dinumerans-

363 2935 480 2979 runt
507 2925 675 2979 omnia
701 2941 815 2978 ossa
842 2942 972 2977 mea.
1005 2924 1118 2995 Ipsi
1158 2940 1271 2978 vero
1297 2924 1731 2978 consideraoerunt
1759 2934 1805 2977 et
1832 2941 1953 2978 con-

364 3025 631 3087 spexerunt
652 3031 761 3081 me;
791 3015 1060 3069 diviserunt
1098 3014 1192 3068 sibi
1237 3016 1524 3069 vestimenta
1565 3031 1693 3078 mea,
1724 3024 1772 3068 et
1800 3031 1955 3085 super

360 3114 545 3160 vestem
593 3121 755 3160 meam
809 3106 1049 3159 miserunt
1090 3115 1320 3159 sortem:
1354 3114 1407 3160 et
1435 3105 1622 3159 nolunt
1664 3120 1953 3175 agnoscere

364 3197 656 3254 Ecclesiam
688 3198 739 3251 in
771 3213 837 3253 eo
870 3197 1011 3267 quod
1050 3206 1171 3267 post
1209 3197 1473 3267 paululum
1516 3197 1773 3266 sequitur,
1802 3195 1952 3252 Com-

363 3290 771 3343 memorabuntur
788 3298 832 3342 et
855 3298 1202 3341 convertentur
1240 3289 1307 3341 ad
1334 3287 1605 3341 Dominum
1633 3290 1847 3343 universi
1884 3290 1951 3358 ﬁ-

360 3396 448 3433 sus
471 3388 650 3444 terra;
688 3388 734 3433 et
777 3379 1057 3432 adorabunt
1082 3379 1133 3433 in
1160 3390 1424 3449 conspectu
1452 3380 1559 3450 ejus
1592 3380 1834 3434 universa
1859 3397 1951 3450 pa-

360 3473 470 3525 tria
502 3474 722 3541 gentium
746 3486 764 3523 :
786 3471 1023 3540 quoniam
1047 3468 1252 3522 Domini
1288 3478 1357 3523 est
1386 3486 1613 3539 regnum,
1644 3480 1689 3523 et
1716 3470 1824 3539 ipse
1859 3469 1951 3522 do-

360 3564 629 3617 minabitur
656 3563 875 3633 gentium
897 3560 1067 3635 (Psal.
1087 3576 1196 3625 XXI,
1213 3560 1299 3625 17,
1325 3560 1613 3625 18,19,28,
1632 3559 1745 3631 29).
1774 3563 1951 3630 Agno-

359 3661 512 3707 scunt
533 3652 804 3707 nobiscum
832 3650 1098 3705 Christum
1121 3650 1172 3704 in
1199 3664 1265 3703 eo
1289 3650 1429 3719 quod
1455 3650 1666 3720 legitur,
1699 3650 1947 3704 Dominus

360 3743 486 3797 dixit
521 3742 588 3796 ad
619 3759 717 3810 me,
749 3741 916 3795 Filius
953 3758 1090 3795 meus
1123 3758 1173 3794 es
1195 3752 1279 3804 tu,
1312 3758 1402 3811 ego
1432 3741 1580 3794 hodie
1601 3740 1750 3821 genui
1772 3751 1819 3793 te
1849 3755 1868 3793 :
1895 3748 1949 3794 et

359 3836 546 3891 nolunt
588 3850 876 3906 agnoscere
913 3834 1201 3887 Ecclesiam
1234 3832 1284 3886 in
1306 3848 1372 3887 eo
1395 3831 1532 3902 quod
1558 3832 1814 3901 sequitur,
1842 3829 1949 3884 Po-

356 3929 490 3982 stula
507 3944 539 3981 a
566 3944 664 3995 me,
690 3938 734 3981 et
763 3927 891 3980 dabo
914 3926 999 3979 tibi
1019 3935 1185 3997 gentes
1213 3926 1549 3980 htereditutem
1577 3936 1734 3991 luant,
1762 3934 1809 3979 et
1836 3942 1949 3994 pos-

352 4018 623 4072 sessionem
651 4028 787 4070 tuam
816 4017 1053 4069 terminos
1082 4025 1228 4068 terra:
1255 4014 1436 4087 (Psat.
1465 4033 1522 4081 ll,
1552 4019 1605 4082 7,
1641 4016 1727 4086 8).
1768 4018 1945 4086 Agno-

355 4118 510 4161 scunt
534 4108 809 4161 nobiscum
831 4105 1099 4159 Christum
1128 4106 1178 4157 in
1199 4120 1264 4159 eo
1292 4105 1435 4173 quod
1464 4107 1573 4173 ipse
1603 4107 1855 4161 Dominus
1883 4108 1935 4161 iu

352 4197 646 4268 Evangelio
665 4197 917 4265 loquitur,
952 4195 1221 4264 Oportebat
1253 4196 1513 4249 Christum
1552 4198 1676 4264 pati,
1699 4208 1747 4251 et
1772 4215 1943 4251 resur-

350 4306 473 4362 gere
516 4306 549 4342 a
578 4289 788 4341 mortuis
828 4287 971 4341 tertia
996 4287 1078 4340 die
1109 4302 1127 4339 :
1149 4295 1201 4339 et
1224 4285 1412 4339 nolunt
1440 4299 1726 4355 agnoscere
1755 4288 1941 4342 Eccle-

352 4383 489 4437 siam
512 4380 564 4434 in
591 4394 657 4433 eo
683 4378 822 4449 quod
862 4378 1119 4448 sequitur,
1151 4386 1196 4431 et
1223 4376 1488 4446 praedicari
1516 4376 1566 4429 in
1603 4378 1801 4430 nomine
1832 4380 1940 4447 ejus

354 4472 695 4545 panitentiam
715 4479 762 4524 et
782 4469 1124 4524 remissionem
1148 4477 1464 4539 peccatorum
1493 4485 1583 4537 per
1602 4484 1773 4522 onmes
1815 4485 1938 4539 gen-

357 4573 451 4630 tes,
482 4559 832 4632 incipientibus
849 4560 909 4614 ab
936 4559 1222 4614 Jerusalem
1252 4557 1399 4628 (Luc.
1429 4573 1579 4624 xxxv,
1610 4558 1699 4625 46,
1728 4559 1837 4630 47).
1873 4561 1939 4616 Et

354 4652 759 4710 innumerabilia
798 4660 922 4705 sunt
950 4651 1249 4705 testimonia
1291 4649 1569 4703 Librorum
1596 4643 1933 4717 sanctorum,

351 4760 471 4816 quae
505 4745 558 4798 in
591 4742 731 4798 hunc
756 4740 946 4796 librum
984 4748 1256 4796 coarctare
1281 4756 1385 4794 non
1416 4740 1592 4801 debui.
1644 4742 1699 4796 In
1746 4744 1935 4812 quibus

350 4836 488 4891 sicut
511 4840 729 4904 apparet
756 4832 1013 4887 Dominus
1039 4830 1298 4895 Christus,
1333 4831 1444 4885 sive
1490 4834 1777 4890 secundum
1804 4834 1936 4888 divi-

349 4927 567 4981 nitatem
610 4940 711 4996 qua
741 4923 958 4994 {aqualis
1002 4930 1084 4976 est
1127 4922 1290 4986 Patri,
1329 4922 1416 4990 qui
1452 4923 1504 4976 in
1545 4924 1793 4993 principio
1830 4934 1937 4978 erat

358 5016 612 5084 Verbum,
653 5024 701 5070 et
737 5013 951 5068 Verbum
988 5020 1091 5066 erat
1128 5013 1265 5083 apud
1308 5011 1507 5079 Deum,
1554 5025 1599 5068 et
1652 5015 1788 5069 Deus
1827 5026 1935 5070 erat

357 5108 605 5172 Verbum;
631 5107 742 5162 sive
770 5104 1059 5162 secundum
1088 5115 1346 5175 susceptae
1371 5106 1547 5160 carnis
1563 5104 1931 5175 humilitatem,

345 5216 448 5270 qua
478 5198 694 5255 Verbum
716 5213 834 5251 caro
862 5199 1049 5268 factum
1069 5205 1162 5261 est,
1186 5205 1232 5249 et
1256 5194 1495 5248 habitavit
1515 5195 1565 5249 in
1592 5196 1731 5251 nobis
1755 5197 1929 5265 (Joan.

346 5307 388 5358 ι,
412 5291 464 5357 1,
497 5289 587 5363 14)
616 5307 629 5343 :
657 5290 736 5345 sic
761 5295 981 5358 apparet
1006 5287 1164 5342 etiam
1193 5285 1308 5354 ejus
1325 5286 1587 5349 Ecclesia,
1611 5302 1715 5340 non
1737 5288 1791 5341 in
1817 5289 1930 5343 sola

346 5380 545 5447 Africa,
595 5382 733 5437 sicut
774 5380 860 5435 isti
907 5377 1362 5449 impudentissima
1404 5378 1635 5432 vanitate
1678 5377 1927 5446 delirant,

347 5470 442 5527 sed
460 5480 569 5527 toto
584 5471 713 5526 orbe
740 5479 1001 5526 terrarum
1031 5468 1240 5522 ditl‘usa.

415 5562 473 5617 4.
505 5561 842 5617 Testimoniis
881 5561 1022 5617 enim
1068 5559 1259 5613 divinis
1298 5558 1416 5613 lites
1458 5573 1583 5614 suas
1620 5559 1927 5631 praeferunt,

346 5653 470 5724 quia
514 5654 569 5709 in
606 5668 765 5709 causa
801 5652 1067 5709 Caeciliani
1086 5650 1351 5722 quondam
1377 5651 1630 5707 Ecclesiae
1657 5652 1930 5726 Carthagi-

346 5744 526 5801 nensis
553 5744 809 5817 episcopi,
830 5743 913 5801 cui
940 5743 1161 5801 crimina
1190 5742 1499 5815 objecerunt
1539 5760 1657 5816 qua:
1698 5761 1799 5803 nec
1830 5762 1927 5819 po-

1578 352 2054 417 stusrounun
2090 326 2358 422 CLASSIs
2398 360 2484 423 tu.

3547 370 3647 441 791

2076 485 2287 532 tnerunt
2309 480 2531 549 probare
2552 495 2650 537 nec
2678 491 2917 553 possunt,
2947 500 3007 543 se
3024 486 3092 543 ab
3109 486 3340 547 Ecclesia
3362 495 3640 564 catholica,

2074 566 2176 621 hoc
2211 578 2313 635 est,
2358 572 2426 625 ab
2468 574 2670 630 unitate
2720 577 2955 633 omnium
3007 582 3240 651 gentiam
3269 626 3283 649 ,
3328 585 3639 643 diviserunt.

2072 654 2321 722 Quamvis
2347 669 2401 714 et
2429 662 2473 715 si
2500 678 2621 717 vera
2642 675 2817 720 essent
2837 683 2955 737 qua:
2981 670 3050 724 ab
3063 672 3140 725 cis
3168 673 3372 742 objecta
3391 685 3513 731 sunt
3535 676 3642 733 Ca:-

2070 748 2282 815 ciliano,
2308 763 2362 806 et
2392 754 2542 807 nobis
2571 766 2784 825 possent
2810 760 3090 830 aliquando
3126 768 3439 830 monstrari,
3468 767 3642 838 ipsum

2066 837 2173 906 jam
2206 852 2467 897 mortuum
2488 847 3050 906 anatbeutatizaremus
3076 853 3152 925 (α)
3188 874 3203 910 :
3231 857 3321 910 sed
3344 837 3518 912 tamen
3549 860 3642 915 Ec-

2068 927 2279 983 clesiam
2305 929 2520 995 Christi,
2552 951 2670 1004 qua:
2700 954 2801 992 non
2838 940 3079 1010 litigiosis
3116 945 3451 1013 opinionibus
3488 948 3641 1019 lingi-

2071 1027 2173 1083 tur,
2202 1019 2295 1073 sed
2319 1021 2509 1077 divinis
2542 1028 2964 1083 attestationibus
2988 1034 3379 1100 comprobatur,
3426 1046 3641 1106 propter

2066 1108 2351 1176 quemlibet
2398 1110 2662 1168 hominem
2713 1116 3010 1187 relinquere
3051 1137 3157 1176 non
3191 1122 3472 1191 debemus;
3516 1126 3640 1196 quia

2068 1196 2262 1253 bonum
2288 1211 2369 1254 est
2394 1203 2660 1260 conlidere
2698 1207 2749 1260 in
2789 1209 3033 1276 Domino,
3077 1228 3231 1281 quam
3274 1211 3540 1271 conlidere
3583 1216 3637 1271 in

2068 1286 2280 1344 homine
2309 1289 2476 1363 (Psal.
2502 1310 2664 1360 cxvu,
2697 1296 2775 1367 8).
2807 1298 2988 1370 Neque
3014 1303 3193 1365 enim,-
3217 1305 3356 1373 quod
3396 1307 3510 1361 sine
3547 1305 3634 1361 in-

2058 1377 2195 1445 juria
2223 1380 2535 1437 innocentia:
2565 1387 2704 1441 illius
2725 1389 2970 1455 dixerim,
2988 1395 3031 1447 si
3050 1396 3283 1462 peccavit
3303 1398 3632 1463 Cmcilianus,

2063 1467 2181 1523 ideo
2201 1469 2559 1527 barreditatem
2591 1491 2737 1530 suam
2783 1480 3013 1548 perdidit
3040 1483 3298 1540 Christus.
3340 1487 3636 1543 Facile-est

2063 1555 2281 1624 homini,
2312 1576 2403 1616 seu
2435 1580 2578 1629 vera,
2606 1582 2699 1621 seu
2731 1570 2857 1623 falsa
2884 1570 2951 1625 de
2972 1572 3139 1627 altero
3163 1574 3376 1632 homine
3391 1578 3629 1645 credere;

2061 1649 2153 1705 sed
2180 1653 2446 1709 sceleratae
2476 1656 2813 1725 impudentia:
2831 1670 2932 1727 est,
2973 1672 3187 1735 propter
3209 1666 3429 1724 crimina
3457 1669 3633 1724 homi-

2061 1740 2162 1804 nis,
2186 1756 2310 1825 quae
2338 1745 2451 1799 orbi
2474 1754 2733 1802 terrarum
2770 1764 2873 1804 non
2920 1753 3090 1820 possis
3131 1757 3440 1825 ostendere,
3484 1773 3633 1814 com-

2058 1822 2361 1886 munibnem’
2392 1836 2535 1889 orbis
2566 1846 2823 1893 terrarum
2857 1842 2995 1897 velle
3024 1843 3296 1902 damnare.

2128 1918 2182 1974 5.
2214 1919 2401 1976 Utrum
2427 1924 2738 1983 C:ccilianus
2771 1944 2799 1982 a
2829 1931 3167 1988 traditoribus
3213 1936 3507 1991 divinorum
3531 1936 3632 1993 Co-

2057 2008 2232 2065 dicum
2264 2014 2421 2070 fuerit
2452 2017 2745 2085 ordinatus,
2790 2024 2997 2083 nescio;
3029 2040 3133 2080 non
3154 2026 3278 2092 vidi,
3313 2029 3379 2083 ab
3405 2028 3632 2085 inimicis

2057 2103 2170 2170 ejus
2193 2106 2367 2160 audivi
2398 2126 2409 2161 :
2440 2124 2543 2163 non
2574 2110 2700 2166 mihi
2722 2112 2789 2167 de
2820 2114 2955 2185 Lege
2994 2116 3109 2182 Dei,
3144 2133 3249 2173 non
3276 2120 3343 2174 de
3367 2120 3633 2189 prteconio

2056 2194 2460 2267 Prophetarum,
2488 2217 2593 2256 non
2620 2202 2686 2258 de
2725 2204 3007 2261 sanctitate
3052 2207 3401 2273 Psalmorum,
3439 2223 3543 2265 non
3566 2209 3635 2265 de

2056 2286 2311 2355 Apostolo
2358 2291 2574 2358 Christi,
2619 2309 2723 2347 non
2769 2295 2837 2351 de
2879 2295 3075 2351 Christi
3124 2298 3335 2369 eloquio
3363 2299 3631 2354 recitatur.

2056 2375 2347 2434 Ecclesiam
2375 2396 2499 2435 vero
2526 2390 2638 2436 toto
2663 2394 2919 2438 terrarum
2954 2387 3084 2441 orbe
3112 2386 3378 2453 dill‘usam,
3414 2387 3498 2442 cui
3527 2402 3633 2445 non

2055 2470 2408 2528 communicat
2436 2486 2557 2541 pars
2588 2473 2796 2539 Donati,
2836 2475 3198 2531 universarum
3242 2476 3635 2547 Scripturarum

2055 2556 2359 2612 testimonia
2403 2575 2636 2616 consona
2681 2578 2810 2619 voce
2850 2566 3192 2633 proclamant.
3223 2564 3289 2619 In
3328 2567 3513 2622 semine
3551 2577 3636 2622 tuo

2055 2645 2402 2703 benedicentur
2427 2667 2597 2706 omnes
2616 2658 2807 2723 gentes,
2825 2655 2929 2709 Lex
2950 2656 3184 2711 Deidixit
3206 2656 3354 2729 (Gen.
3379 2674 3530 2724 xxvr,
3553 2658 3633 2729 4).

2042 2735 2130 2789 Ἀὺ
2150 2747 2263 2789 ortu
2285 2739 2407 2793 solis
2429 2757 2585 2805 usque
2613 2743 2680 2795 ad
2704 2760 2956 2807 occasum,
2974 2747 3278 2811 sacrificium
3300 2748 3539 2801 mundum
3564 2749 3636 2817 ορ

2055 2829 2215 2897 fertur
2259 2830 2450 2883 nomini
2496 2848 2638 2897 meo;
2682 2835 2917 2903 quoniam
2958 2836 3293 2906 glori/ictuum
3335 2846 3409 2892 est
3456 2854 3636 2893 nomen

2054 2932 2217 2969 meum
2247 2918 2297 2970 in
2325 2920 2566 2989 gentibus,
2602 2937 2697 2990 pr-r
2719 2923 3033 2992 Prophetam
3057 2925 3305 2981 Dominus
3332 2927 3462 2982 dixit
3489 2927 3637 2998 (Ha-

2055 3005 2187 3059 lach.
2205 3022 2242 3073 ι,
2277 3006 2384 3079 11).
2410 3009 2759 3065 Dominabitur
2773 3029 2803 3065 a
2828 3016 2956 3067 mari
2971 3032 3125 3081 usque
3146 3017 3213 3069 ad
3237 3035 3394 3083 utare,
3418 3028 3464 3071 et
3489 3035 3520 3071 a
3538 3020 3637 3089 ﬂu-

2054 3097 2188 3150 mine
2212 3115 2368 3168 usque
2393 3100 2461 3152 ad
2482 3103 2716 3158 terminos
2753 3104 2885 3158 orbis
2930 3116 3196 3174 terrarum,
3224 3124 3323 3179 per
3369 3110 3634 3165 Psalmum

2055 3185 2306 3242 Dominus
2331 3189 2461 3245 dixit
2483 3190 2650 3264 (Paul.
2681 3209 2829 3258 un,
2861 3193 2938 3267 8).
2963 3196 3300 3267 Fructiﬁcans
3329 3209 3375 3253 et
3414 3196 3636 3255 cresc‘ens

2053 3278 2106 3330 in
2131 3279 2357 3333 universo
2384 3283 2589 3349 nnmdo,
2622 3300 2717 3353 per
2744 3286 3053 3354 Apostolum
3078 3289 3332 3344 Dominus
3358 3290 3489 3344 dixit
3509 3290 3637 3361 (Co-

2054 3367 2175 3421 loss.
2208 3385 2243 3432 l,
2265 3370 2339 3441 6).
2372 3369 2529 3426 Eritis
2549 3374 2668 3427 mihi
2698 3383 2842 3430 testes
2859 3377 2909 3429 in
2930 3376 3234 3445 Jerusalem,
3261 3389 3307 3431 et
3332 3395 3383 3431 ιη
3410 3389 3512 3432 ιοια
3536 3379 3638 3433 Ju-

2030 3460 2183 3525 ‘dcea,
2217 3471 2262 3514 et
2292 3462 2344 3514 in
2376 3462 2631 3529 Samaria,
2661 3474 2705 3517 et
2734 3482 2888 3535 usque
2914 3468 2965 3519 in
2991 3467 3116 3536 ﬁnes
3142 3478 3307 3532 terra',
3340 3468 3504 3523 Filius
3541 3470 3634 3523 Dei

2053 3564 2145 3604 ore
2175 3564 2272 3604 suo
2298 3551 2425 3605 dixit
2455 3553 2589 3622 (Act.
2616 3570 2652 3618 ι,
2677 3552 2760 3627 ~8).
2790 3556 3103 3609 Caecilianus
3130 3558 3377 3612 Ecclesia:
3414 3559 3637 3613 Cartha-

2050 3639 2283 3708 ginensis
2310 3642 2589 3711 episcopus
2620 3643 2863 3698 humanis
2893 3645 3071 3699 litibus
3110 3658 3385 3701 accusatur
3410 3664 3421 3699 :
3452 3648 3637 3705 Eccle-

2050 3729 2128 3783 sia
2149 3729 2343 3785 Christi
2377 3732 2427 3785 iu
2455 3734 2700 3789 omnibus
2730 3735 2973 3804 gentibus
2997 3738 3299 3802 constituta,
3325 3737 3518 3791 divinis
3544 3752 3635 3792 vo-

2049 3820 2196 3876 cibus
2221 3824 2640 3879 commendatur.
2666 3826 2778 3895 lpsa
2822 3828 3009 3895 pietas,
3038 3829 3255 3895 veritas,
3273 3829 3519 3894 Charitas,
3538 3846 3635 3885 nos

2049 3926 2155 3965 non
2184 3912 2437 3980 permittit
2465 3924 2649 3968 contra
2679 3914 3019 3970 Caecilianum
3041 3932 3224 3990 eorum
3255 3918 3522 3973 hominum
3548 3935 3635 3975 ac-

2048 4002 2224 4071 cipere
2249 3994 2624 4070 testimonium,
2649 4022 2782 4075 quos
2810 4008 2860 4060 in
2884 4007 3121 4062 Ecclesia
3149 4024 3256 4063 non
3283 4010 3523 4064 videmus
3548 4012 3632 4064 cui

2049 4092 2188 4147 Deus
2217 4095 2457 4162 perhibet
2504 4098 2863 4152 testimonium
2903 4101 3033 4168 :qui
3071 4101 3212 4154 enim
3258 4101 3433 4154 divina
3479 4102 3629 4156 testi-

2046 4184 2221 4237 monia
2247 4200 2351 4238 non
2375 4195 2685 4255 sequuntur,
2716 4187 2918 4257 pondus
2946 4188 3159 4243 humani
3184 4190 3471 4244 testimonii
3510 4205 3632 4260 per-

2045 4271 2307 4326 diderunt.

2113 4363 2338 4419 CAPUT
2368 4363 2429 4418 11.
2452 4394 2524 4406 -
2548 4365 2600 4420 6.
2628 4366 2780 4421 Addo
2803 4366 2945 4437 quod
2970 4366 3237 4423 Cmciliani
3261 4384 3473 4425 causam
3491 4411 3506 4436 ,
3526 4368 3628 4440 ipsi

2043 4454 2108 4507 ad
2132 4454 2468 4523 imperatoris
2494 4456 2822 4513 Constantini
2845 4459 3099 4529 judicium
3127 4461 3425 4515 accusando
3463 4462 3628 4517 misc-

2042 4554 2192 4611 runt;
2236 4545 2344 4600 imo
2385 4561 2510 4601 vero
2560 4548 2729 4617 ipsum
2776 4548 3113 4604 Czrciliauum
3158 4559 3276 4619 post
3311 4551 3627 4622 episc0palia

2037 4634 2233 4704 judicia
2262 4634 2358 4709 (b),
2394 4638 2479 4691 ubi
2509 4654 2627 4691 eum
2650 4641 2947 4710 opprimere
2977 4657 3082 4695 non
3106 4651 3409 4710 potuerunt,
3436 4643 3503 4697 ad
3534 4658 3626 4699 su-

2042 4728 2263 4796 pradicti
2288 4730 2619 4799 imperatoris
2646 4747 2888 4796 exatncn,
2921 4734 3353 4801 pertinacissimis
3380 4750 3628 4804 persecu-

2042 4817 2271 4872 tiouibus
2299 4819 2675 4891 perduxerunt.
2717 4821 2782 4873 Et
2821 4823 2959 4890 quod
2991 4824 3045 4877 in
3065 4825 3217 4876 nobis
3244 4825 3404 4879 modo
3441 4839 3625 4895 repre—

2040 4911 2301 4977 hendunt,
2330 4923 2385 4966 ut
2410 4914 2675 4984 decipiant
2704 4913 2997 4982 imperitos,
3020 4915 3258 4971 dicentes
3294 4933 3397 4971 non
3428 4917 3627 4973 debere

2038 5002 2356 5057 christianos
2383 5015 2563 5057 contra
2596 5004 2839 5059 inimicos
2874 5002 3068 5059 Christi
3096 5007 3291 5075 aliquid
3321 5023 3350 5061 a
3381 5007 3625 5063 christia-

2039 5095 2121 5149 nis
2166 5096 2569 5164 imperatoribus
2609 5097 2910 5166 postulare,
2956 5096 3054 5167 ipsi
3100 5099 3305 5168 priores
3357 5098 3620 5155 fecerunt.

2036 5187 2196 5253 Quod
2228 5190 2385 5241 etiam
2407 5186 2459 5241 in
2489 5188 2768 5244 collatione
2794 5204 2949 5259 quam
2981 5190 3136 5244 simul
3174 5191 3311 5260 apud
3348 5192 3623 5264 Carthagi~

2036 5294 2157 5334 nem
2186 5278 2485 5345 habuimus,
2510 5296 2701 5349 negare
2714 5296 2818 5336 non
2840 5282 2951 5336 ausi
2976 5293 3137 5338 sunt:
3162 5283 3269 5339 imo
3316 5293 3370 5338 et
3404 5285 3620 5355 gloriari

2035 5373 2148 5425 ausi
2177 5380 2300 5425 sunt
2328 5372 2465 5440 quod
2492 5372 2628 5439 apud
2652 5372 3027 5442 imperatorem
3055 5374 3282 5445 majores
3309 5392 3492 5432 eorum
3514 5378 3619 5432 cri-

2035 5463 2301 5517 minaliter
2324 5460 2661 5516 Caecilianum
2686 5462 2880 5519 fuerint
2908 5465 3129 5521 insecuti
3150 5483 3165 5533 ;
3186 5468 3399 5540 insuper
3420 5469 3621 5527 adden-

2095 5573 2421 5643 (αλῐνι-οᾴιιοιᾳ
2439 5572 2529 5624 fuit
2548 5573 2653 5623 baro
2671 5574 2873 5637 epistola
2900 5577 2947 5626 iu
2973 5578 3141 5641 quinta
3161 5579 3364 5643 Syncdo,
3385 5579 3544 5633 colit.
3567 5582 3619 5643 5,

2034 5636 2142 5707 cum
2152 5636 2223 5685 de
2246 5636 2846 5707 ftheodose‘atojsueSteno
2861 5636 3110 5702 ageretur,
3130 5636 3534 5707 qdiererétm‘que
3554 5636 3618 5694 ui

2037 5699 2079 5748 is
2099 5703 2265 5758 posset
2287 5705 2394 5758 post
2415 5697 2596 5746 obitum
2618 5697 2850 5758 damnari.

2120 5757 2169 5821 b)
2193 5757 2445 5809 Rationum
2466 5766 2517 5808 et
2540 5757 2835 5821 Arelatem.
