4086 6350
435 5764 468 5815 iv

512 336 618 394 795

512 463 594 507 tes
622 451 976 518 mendacium,
1008 448 1148 522 quod
1185 463 1306 504 eum
1345 447 1450 502 illic
1497 443 1714 498 vicerint
1761 439 2087 508 fecerimque

511 542 772 596 damnari.
804 540 1080 608 Quomodo
1106 554 1232 608 ergo
1260 538 1356 608 ipsi
1385 551 1490 590 non
1534 541 1657 588 sunt
1697 538 2086 612 persecutores,

507 633 604 702 qui
631 640 754 687 cum
792 612 1088 688 accusando
1122 628 1382 700 persecuti
1411 628 1516 681 sint
1551 624 1910 687 Cmcilianum,
1940 619 2090 676 etab

504 736 579 780 eo
604 721 800 778 fuerint
827 722 1083 792 superati,
1114 719 1298 774 falsam
1323 717 1424 772 sibi
1442 717 1666 786 gloriam
1692 712 2090 782 impudentissi-

508 828 603 868 mo
626 811 903 869 mendacio
927 809 1174 883 arrogare
1199 810 1506 874 voluerunt;
1538 822 1643 860 non
1671 805 1844 860 solum
1881 802 2091 872 culpam

512 920 620 960 non
641 913 905 974 putantes,
944 919 1128 960 verum
1154 901 1314 959 etiam
1341 915 1436 970 pro
1473 914 1567 953 sua
1611 896 1767 952 laude
1802 895 2088 965 jactantes,

511 995 558 1050 si
580 995 864 1064 probarent
891 993 1228 1050 Caecilianum
1254 990 1540 1061 majoribus
1583 989 1694 1044 suis
1722 983 2090 1042 accusantibus

509 1084 678 1142 fuisse
688 1081 1493 1153 damnatumiQuemadmodum
1516 1087 1689 1134 autem
1715 1078 1769 1132 in
1799 1076 1912 1145 ipsa
1925 1073 2092 1130 colla-

511 1175 656 1230 tione
675 1176 850 1231 modis
881 1176 1125 1230 omnibus
1141 1175 1263 1229 victi
1289 1174 1416 1239 sint,
1439 1171 1685 1241 quoniam
1711 1167 1863 1222 valde
1891 1164 2090 1235 prolixa

508 1274 637 1320 sunt
655 1264 836 1331 Gesta,
856 1274 910 1320 ct
939 1266 1030 1320 tibi
1047 1265 1166 1319 aliis
1189 1263 1347 1318 rebus
1368 1262 1619 1316 Romanae
1639 1257 1753 1327 paci
1775 1253 2092 1311 necessariis

509 1365 787 1423 occupato,
816 1357 1038 1410 multum
1071 1364 1153 1410 est
1190 1361 1248 1408 ut
1275 1354 1532 1423 legantur,
1555 1349 1878 1404 Breviarium
1900 1343 1972 1416 (a)
2002 1359 2093 1398 eo-

509 1459 629 1497 rum
655 1444 750 1498 tibi
783 1445 885 1516 legi
915 1444 1137 1500 forsitan
1170 1445 1386 1516 poterit,
1416 1442 1556 1512 quod
1578 1439 1739 1495 credo
1767 1438 1963 1492 habere
1989 1434 2093 1489 fra-

510 1541 649 1588 trem
677 1543 732 1589 et
757 1536 1130 1606 coepiscopum
1170 1550 1345 1590 meum
1372 1533 1652 1602 Optatum;
1683 1538 1771 1585 aut
1794 1530 1839 1584 si
1867 1543 1971 1583 non
1997 1526 2092 1580 ha-
2139 1565 2145 1575 ι

510 1618 623 1689 bet,
643 1631 819 1693 potest
847 1624 1095 1680 facillime
1116 1624 1356 1693 accipere
1393 1623 1458 1678 dc
1488 1621 1726 1676 Ecclesia
1766 1617 2002 1675 Sitifensi
2029 1618 2046 1648 ¹
2073 1634 2088 1671 :

509 1714 724 1784 quando
761 1714 972 1784 quidem
1015 1717 1174 1770 etiam
1220 1715 1352 1770 liber
1392 1715 1492 1768 iste
1528 1713 1637 1784 jam
1667 1726 1761 1766 sua
1795 1709 2092 1782 prolixitate

510 1805 653 1859 curis
677 1806 779 1861 tuis
805 1805 1025 1863 forsitan
1050 1822 1306 1863 onerosus
1331 1815 1434 1862 est.
1915 1814 1956 1848 ο

580 1894 634 1948 7.
663 1893 779 1951 Hoc
818 1897 958 1952 enim
1003 1898 1221 1968 contigit
1263 1896 1570 1962 Donatistis,
1601 1893 1741 1965 quod
1770 1891 2090 1949 accusatori-

510 1986 611 2044 bus
627 1988 793 2043 sancti
821 1989 1072 2044 Danielis.
1092 1989 1238 2044 Sicut
1251 1988 1390 2042 enim
1414 1987 1465 2041 in
1490 1987 1608 2042 illos
1627 1987 1810 2041 leones
1834 1983 1996 2054 (Dan.
2011 1999 2087 2050 vt,

508 2083 628 2153 24),
651 2084 730 2138 sic
757 2083 808 2136 in
834 2082 966 2137 istos
991 2095 1262 2136 conversae
1287 2089 1411 2134 sunt
1435 2079 1580 2148 leges
1610 2077 1802 2146 quibus
1841 2076 2093 2129 innocen-

507 2182 618 2229 tem
646 2173 948 2244 opprimere
973 2171 1288 2235 voluerunt;
1322 2169 1423 2223 nisi
1460 2167 1601 2238 quod
1627 2176 1846 2238 propter
1882 2163 2092 2219 miseri-

510 2263 750 2318 cordiam
792 2261 1023 2327 Christi,
1062 2261 1229 2331 magis
1264 2274 1360 2329 pro
1386 2259 1464 2314 eis
1487 2265 1611 2315 sunt
1647 2256 1763 2312 ista:
1786 2256 1952 2324 leges,
1974 2269 2092 2324 quae

510 2353 620 2409 illis
655 2353 901 2408 videntur
931 2351 1166 2406 adversa:
1198 2368 1211 2403 :
1241 2349 1491 2419 quoniam
1529 2348 1678 2402 multi
1707 2362 1803 2416 per
1830 2346 1945 2400 illas
1971 2359 2091 2399 cor-

510 2441 643 2498 recti
668 2447 812 2505 sunt,
840 2450 895 2496 et
921 2440 1156 2510 quotidie
1179 2441 1547 2508 corriguntur;
1587 2445 1642 2492 et
1683 2451 1742 2492 se
1780 2450 1897 2490 esse
1916 2449 2094 2489 corre-

510 2540 654 2599 ctos,
681 2539 839 2600 atque
860 2531 929 2584 ab
962 2529 1050 2586 illa
1085 2528 1280 2584 furiosa
1321 2527 1555 2598 pernicie
1597 2527 1846 2581 liberatos
1897 2523 2094 2594 gratias

513 2628 697 2691 agunt.
719 2620 786 2673 Et
809 2611 896 2688 q'ui
926 2619 1149 2673 oderant
1167 2617 1409 2687 diligunt,
1430 2617 1784 2686 maiestasque
1812 2615 1912 2669 sibi
1931 2613 2094 2668 fuisse

510 2709 890 2765 saluberrimas
915 2709 1078 2778 leges,
1101 2717 1353 2778 quantum
1375 2707 1427 2760 in
1448 2706 1649 2760 insania
1670 2702 2088 2770 detestabantur,

514 2810 720 2856 tantum
749 2808 963 2869 recepta
1003 2798 1225 2852 sanitate
1260 2797 1622 2867 gratulantur;
1669 2802 1724 2850 et
1749 2794 1800 2847 in
1830 2792 2089 2858 residuos,

513 2907 636 2947 cum
660 2891 850 2962 quibus
874 2890 1080 2944 fuerant
1107 2888 1349 2959 perituri,
1378 2887 1486 2957 jam
1511 2886 1671 2942 simili
1699 2885 1981 2940 dilectione
2000 2897 2099 2937 no-

513 2983 744 3050 biscum,
773 2991 832 3036 ut
858 2981 1052 3051 pariter
1079 2980 1336 3035 instemus
1364 2993 1431 3032 ne
1456 2976 1532 3030 illi
1565 2984 1808 3048 pereant,
1856 2974 2096 3030 excitan-

515 3081 623 3129 tur.‘
651 3073 903 3128 Molestus
929 3081 1012 3127 est
1034 3071 1178 3126 enim
1206 3079 1259 3124 et
1282 3068 1517 3124 medicus
1537 3066 1731 3121 furenti
1763 3065 2092 3136 phrenetico,

513 3172 574 3220 et
596 3162 1149 3232 paterindisciplinato
1167 3159 1305 3225 filio;
1329 3159 1417 3214 ille
1440 3156 1670 3228 ligando,
1697 3156 1798 3210 iste
1821 3153 2094 3218 czedendo;

517 3253 614 3309 sed
638 3253 796 3309 ambo
821 3250 1110 3322 diligendo.
1138 3249 1193 3306 Si
1223 3259 1398 3305 autem
1428 3249 1545 3303 illos
1573 3247 1863 3318 negligant,
1891 3253 1945 3300 et
1970 3260 2096 3314 per-

515 3345 602 3400 ire
626 3343 949 3415 permittant,
976 3343 1075 3397 ista
1100 3340 1276 3411 potius
1313 3337 1664 3393 mansuetudo
1699 3335 1832 3391 falsa
1869 3333 2098 3389 crudelis

514 3443 624 3490 est.
639 3434 695 3490 Si
715 3433 856 3488 enim
875 3447 1042 3503 equus
1057 3440 1111 3488 et
1125 3431 1319 3496 mulus,
1340 3429 1530 3500 quibus
1553 3435 1754 3483 nonest
1779 3425 2096 3491 intellectus,

516 3523 788 3579 morsibus
827 3531 882 3578 et
919 3523 1150 3578 calcibus
1195 3521 1450 3576 resistunt
1503 3517 1805 3573 hominibus
1843 3533 1873 3571 a
1911 3516 2100 3587 quibus

515 3629 708 3669 eorum
733 3613 965 3668 curanda
999 3612 1214 3666 vulnera
1259 3618 1688 3674 contrectantur;
1721 3616 1776 3662 et
1816 3622 1936 3662 cum
1963 3607 2102 3661 inter

517 3703 709 3760 dentes
737 3717 920 3757 eorum
946 3710 1000 3756 et
1022 3702 1195 3757 calces
1215 3715 1356 3770 saepe
1375 3700 1616 3754 homines
1644 3697 2024 3768 periclitentur,
2047 3705 2102 3752 et

516 3791 808 3862 aliquaado
839 3798 1120 3857 vexentur,
1167 3807 1270 3844 non
1309 3797 1488 3845 tamen
1513 3804 1607 3844 eos
1633 3789 1904 3854 deserunt,
1930 3786 2102 3842 donec

519 3897 620 3960 per
639 3880 850 3937 dolores
869 3888 920 3936 et
940 3880 1212 3936 molestias
1237 3878 1576 3934 medicinales
1599 3885 1848 3933 revocent
1873 3875 1940 3931 ad
1961 3877 2102 3931 salu-

519 3985 630 4031 tem
663 3991 678 4030 :
703 3980 900 4045 quanto
921 3968 1088 4042 magis
1114 3971 1272 4026 homo
1296 3970 1362 4026 ab
1387 3969 1618 4037 homine,
1648 3976 1704 4024 et
1739 3966 1905 4024 frater
1931 3983 1960 4022 a
1989 3966 2103 4022 fra-

519 4073 625 4131 tre,
647 4078 714 4119 ne
738 4063 792 4120 in
817 4071 1073 4118 azternum
1115 4068 1316 4130 pereat,
1358 4073 1466 4115 non
1507 4069 1588 4114 est
1631 4058 1976 4124 deserendus,
2006 4061 2097 4128 qui

518 4164 795 4210 correctus
823 4153 1118 4224 intelligere
1155 4160 1328 4223 potest
1351 4160 1605 4222 quantum
1629 4150 1727 4206 sibi
1755 4152 2102 4220 prmstabatur

521 4246 859 4314 beneﬁcium,
887 4245 1096 4318 quando
1121 4257 1180 4300 se
1218 4242 1641 4314 persecutionem
1671 4241 1874 4312 perpeti
1911 4255 2101 4310 quere-

521 4335 680 4393 batur
711 4337 726 4390 l

592 4427 648 4482 8.
675 4426 822 4482 Sicut
839 4441 967 4496 ergo
985 4426 1269 4495 Apostolus
1288 4425 1436 4491 dicit,
1459 4423 1831 4494 Infatigabiles,
1853 4439 1968 4478 cum
1983 4431 2101 4477 tem-

535 4530 631 4582 pus
675 4514 934 4574 habemus.
982 4530 1244 4584 cperemur
1289 4511 1473 4567 bonum
1509 4513 1576 4566 ad
1600 4514 1796 4580 omnes(
1821 4512 1991 4567 Galat.
2021 4528 2095 4576 Vt,

526 4602 639 4675 10)
672 4621 686 4658 :
717 4603 810 4673 qui
828 4613 1069 4673 possunt,
1097 4602 1482 4658 catholicorum
1510 4602 1911 4672 praedicatorum
1937 4605 1958 4634 ¹
1983 4617 2102 4658 ser-

525 4694 810 4762 monibus;
834 4693 925 4763 qui
950 4701 1190 4763 possunt,
1233 4692 1611 4749 catholicorum
1641 4691 1935 4762 principum
1963 4693 2098 4763 legi-

525 4787 662 4852 bus;
687 4785 878 4856 partim
901 4799 996 4855 per
1013 4799 1106 4840 eos
1125 4784 1214 4854 qui
1241 4783 1434 4839 divinis
1461 4782 1928 4848 admonitionibus,
1974 4799 2096 4854 par-

525 4878 621 4933 tim
662 4891 760 4948 per
781 4891 875 4932 eos
899 4876 992 4948 qui
1011 4875 1175 4946 jussis
1202 4873 1561 4944 imperialibus
1589 4883 1794 4944 parent,
1817 4889 2003 4930 omnes
2029 4874 2096 4929 ad

529 4969 761 5024 salutem
781 4977 1056 5035 vocentur,
1086 4980 1270 5022 omnes
1294 4980 1328 5020 a
1352 4965 1586 5034 pernicie
1603 4974 1935 5022 revocentur.
1961 4964 2094 5032 Quia

523 5067 579 5113 et
606 5061 957 5127 imperatores
996 5055 1207 5127 quando
1234 5070 1332 5126 pro
1348 5055 1574 5110 falsitate
1615 5064 1795 5112 contra
1821 5056 2094 5110 veritatem

521 5148 856 5204 constituunt
880 5147 1044 5202 malas
1071 5145 1238 5216 leges,
1264 5144 1551 5224 probantur
1575 5145 1710 5200 bene
1732 5143 2097 5208 credentes,et

522 5246 850 5294 coronantur
876 5245 1278 5308 perseverantes
1302 5252 1317 5290 :
1350 5235 1561 5306 quando
1581 5244 1754 5289 autem
1783 5250 1880 5305 pro
1901 5235 2097 5290 verita-

522 5337 576 5387 te
601 5340 783 5386 contra
808 5329 1088 5386 falsitatem
1111 5328 1616 5385 constituuntbonas
1640 5327 1805 5398 leges,
1831 5335 2095 5397 terrentur

523 5420 828 5488 swvientes,
869 5430 923 5476 et
970 5421 1305 5491 corriguntur
1355 5417 1726 5486 intelligentes.
1771 5417 2096 5487 Quicumque

582 5574 605 5607 ί
625 5572 763 5634 ttdd.,
785 5570 1016 5625 sum.
1041 5581 1097 5624 At
1115 5580 1220 5623 Mss.
1243 5571 1497 5634 tredecim,
1521 5567 1744 5633 sitifaasi.

583 5635 608 5667 ⁸
627 5631 762 5696 adit,
785 5641 1150 5698 prtecepwrum.
1175 5640 1245 5683 At.
1270 5641 1374 5682 Mss.
1399 5631 1652 5697 plerique,
1676 5631 2064 5706 prtrdicatorum.

583 5711 660 5784 (α)
683 5715 956 5771 Brevlculus
975 5715 1238 5781 collationis
1261 5721 1419 5766 exstat
1450 5721 1565 5765 tom.
1591 5714 1639 5763 7.

1683 374 1686 383 .
1741 326 1798 382 S.
1838 320 2196 380 AUGUSTINI
2239 323 2536 384 EPISCOPI

3669 334 3766 388 796

2198 450 2326 505 ergo
2345 437 2547 507 legibus
2575 438 2971 508 imperatorum,
2999 455 3118 511 qua:
3141 449 3325 496 contra
3354 443 3631 499 veritatem
3666 446 3759 502 Dei

2197 527 2459 592 feruntur,
2489 529 2856 598 obtemperare
2881 547 2984 584 non
3006 531 3134 597 vult,
3157 533 3380 604 acquirit
3407 534 3608 604 grande
3635 519 3761 604 pne-

2199 619 2360 672 mium
2393 637 2407 674 :
2446 620 2760 691 quicumque
2795 631 2972 677 autem
2997 622 3203 692 legibus
3225 624 3622 694 imperatorum,
3644 643 3761 696 qua:

2201 729 2294 781 pro
2315 715 2407 769 Dei
2435 716 2652 770 veritate
2687 716 2943 784 feruntur,
2969 719 3336 788 obtemperare
3367 735 3473 775 non
3504 722 3639 788 vult,
3668 737 3762 776 ac-

2197 806 2358 873 quirit
2379 808 2576 876 grande
2599 809 2930 879 supplicium.
2949 810 3078 865 Nam
3099 820 3154 866 et
3173 813 3495 882 temporibus
3516 813 3758 883 Prophe-

2201 903 2371 950 tarum
2412 912 2598 955 omnes
2625 914 2776 969 reges
2796 901 2884 971 qui
2911 901 2963 955 in
2992 902 3185 970 populo
3211 903 3304 958 Dei
3331 918 3436 958 non
3467 904 3758 972 prohibue-

2197 994 2320 1040 runt
2339 1002 2436 1042 nec
2462 998 2763 1045 everterunt
2779 1006 2896 1061 quae
2920 999 3103 1046 contra
3129 992 3222 1047 Dei
3268 1002 3528 1064 praecepta
3555 993 3763 1050 fuerant

2197 1078 2453 1146 instituta,
2479 1082 2793 1150 culpantur;
2827 1090 2884 1138 et
2907 1083 2999 1153 qui
3046 1084 3427 1153 prohibuerunt
3453 1093 3508 1142 et
3549 1095 3757 1142 everte-

2197 1177 2339 1234 runt,
2363 1184 2522 1238 super
2537 1171 2760 1227 aliorum
2802 1173 2987 1228 merita
3012 1172 3310 1228 laudantur.
3345 1174 3412 1228 Et
3459 1190 3556 1230 rex
3580 1175 3758 1230 Nabu-

2195 1257 2551 1324 chodonosor,
2571 1276 2692 1315 cum
2719 1277 2902 1318 servus
2928 1273 3071 1319 esset
3084 1263 3364 1331 idolorum,
3381 1265 3656 1320 constituit
3676 1280 3762 1320 sa-

2196 1351 2444 1420 crilegam
2471 1352 2643 1422 legem
2680 1361 2737 1406 ut
2759 1354 3101 1410 simulacrum
3130 1355 3441 1410 adoraretur
3469 1371 3484 1420 ;
3515 1355 3610 1411 sed
3637 1355 3753 1424 ejus

2196 1441 2371 1510 impiae
2395 1443 2751 1498 constitutioni
2781 1445 2870 1513 qui
2895 1444 3111 1500 obedire
3139 1445 3444 1511 noluerunt,
3480 1445 3566 1514 pie
3595 1444 3761 1501 ﬁdeli-

2196 1538 2381 1600 terque
2425 1531 2696 1588 fecerunt:
2730 1533 2868 1588 idem
2909 1543 3085 1588 tamen
3129 1549 3244 1600 rex,
3283 1534 3463 1589 divino
3491 1542 3760 1590 correctus

2196 1620 2475 1687 miraculo,
2493 1620 2632 1692 piam
2661 1631 2714 1677 et
2737 1621 3048 1678 laudabilem
3075 1624 3243 1693 legem
3270 1639 3366 1693 pro
3391 1625 3613 1679 veritate
3636 1639 3761 1684 con.-

2199 1710 2393 1778 stituit,
2432 1719 2488 1765 ut
2506 1711 2826 1782 quicumque
2863 1713 3063 1768 diceret
3106 1713 3487 1782 blaSpbemiam
3513 1713 3566 1767 in
3595 1713 3757 1768 Deum

2193 1817 2378 1858 verum
2418 1801 2624 1871 Sidrac,
2670 1803 2850 1870 Misac,
2882 1812 2936 1858 et
2980 1803 3288 1874 Abdenago,
3331 1819 3452 1858 cum
3479 1803 3639 1859 domo
3666 1820 3758 1859 sua

2194 1894 2400 1962 penitus
2429 1893 2666 1948 interiret
2690 1892 2708 1965 (
2729 1893 2964 1960 Dau.ttl,
2987 1895 3042 1960 5,
3072 1894 3195 1964 96).
3225 1894 3370 1949 Hanc
3393 1895 3564 1964 legem
3595 1895 3640 1950 si
3666 1895 3754 1964 qui

2194 1990 2646 2053 contempserunt,
2673 1992 2727 2038 et
2749 1983 2801 2038 id
2825 1983 2967 2051 quod
2991 1985 3157 2039 fuerat
3177 1985 3522 2039 constitutum
3569 1985 3758 2040 merito

2195 2075 2432 2145 perpessi
2471 2083 2613 2140 sunt,
2638 2075 2934 2131 debuerunt
2975 2076 3151 2132 dicere
3193 2075 3334 2148 quod
3361 2077 3447 2132 isti
3472 2077 3673 2144 dicunt,
3704 2093 3761 2134 se

2189 2164 2362 2235 justos
2385 2181 2524 2232 esse;
2552 2165 2675 2236 quia
2715 2181 2782 2220 ex
2810 2165 2926 2236 lege
2966 2166 3106 2236 regis
3147 2168 3568 2236 persecutionem
3597 2167 3762 2237 patie-

2194 2254 2387 2310 bantur
2418 2272 2434 2312 :
2463 2255 2608 2326 quod
2636 2256 2816 2325 utique
2832 2256 3087 2322 dicerent,
3117 2258 3164 2312 si
3198 2257 3268 2311 ita
3294 2257 3610 2325 insanirent,
3655 2259 3759 2314 sic-

2195 2346 2270 2399 uti
2287 2345 2371 2399 isti
2390 2345 2656 2400 insaniunt
2673 2346 2766 2415 qui
2782 2345 3022 2400 dividunt
3036 2347 3270 2402 membra
3287 2346 3500 2416 Christi,
3513 2355 3567 2402 et
3586 2347 3759 2402 exsuf-

2197 2433 2324 2488 ﬂant
2337 2434 2674 2490 Sacramenta
2693 2435 2906 2500 Christi,
2919 2443 2974 2490 et
2988 2435 3053 2490 de
3071 2437 3434 2506 persecutione
3451 2436 3756 2506 gloriantur;

2196 2526 2320 2597 quia
2366 2525 2710 2594 prohibentur
2756 2526 2855 2581 ista
2901 2525 3074 2581 facere
3116 2526 3319 2597 legibus
3360 2526 3758 2597 imperatorum,

2197 2631 2328 2686 quas
2355 2618 2740 2673 constituerunt
2758 2632 2854 2689 pro
2883 2619 3089 2675 unitate
3105 2617 3300 2674 Christi
3325 2635 3339 2684 ;
3371 2628 3422 2674 et
3444 2618 3646 2689 jac-tant
3667 2618 3760 2674 falo

2197 2708 2382 2764 laciter
2425 2709 2778 2764 innocentiam
2815 2723 2984 2773 suam,
3029 2719 3084 2764 et
3127 2725 3284 2780 quam
3329 2725 3434 2765 non
3477 2720 3696 2780 possunt
3731 2726 3759 2762 a

2201 2798 2422 2853 Domino
2446 2798 2704 2869 accipere,
2737 2798 2805 2855 ab
2849 2797 3150 2854 hominibus
3194 2807 3436 2871 quairunt
3471 2807 3760 2872 martyrum

2197 2890 2441 2961 gloriam.

2267 2982 2321 3040 9.
2350 2982 2471 3038 Veri
2499 2991 2674 3039 autem
2705 2991 2964 3056 martyres
3002 2982 3077 3037 illi
3111 2989 3252 3048 sunt,
3279 2981 3347 3036 de
3373 2981 3565 3052 quibus
3584 2982 3764 3037 Domi-

2199 3087 2301 3128 nus
2353 3072 2446 3137 ait,
2500 3072 2646 3127 Beati
2689 3073 2776 3144 qui
2823 3074 3211 3144 persecutionem
3249 3073 3509 3144 patiuntur
3563 3082 3763 3144 propter

2191 3163 2442 3236 justitiam
2460 3165 2478 3233 (
2499 3162 2684 3216 Matth.
2710 3179 2766 3230 ν,
2798 3161 2926 3235 i0).
2951 3162 3065 3217 Non
3092 3178 3217 3232 ergo
3243 3162 3331 3232 qui
3352 3160 3766 3231 propteriniqui—

2205 3265 2390 3321 tatem,
2422 3263 2474 3310 et
2498 3265 2717 3324 propter
2739 3254 3042 3310 christiana:
3077 3255 3290 3308 unitatis
3316 3255 3533 3324 impiam
3555 3253 3768 3309 divisio-

2201 3362 2344 3413 nem,
2373 3346 2467 3402 sed
2491 3346 2580 3416 qui
2608 3353 2820 3414 propter
2837 3345 3091 3414 justitiam
3120 3344 3539 3414 persecutionem
3561 3344 3770 3414 patiun-

2203 3444 2308 3502 tur,
2323 3436 2376 3490 hi
2397 3442 2660 3506 martyres
2681 3435 2790 3490 veri
2816 3442 2956 3488 sunt.
2983 3433 3113 3488 Nam
3143 3441 3197 3487 et
3216 3433 3356 3504 Agar
3377 3447 3528 3501 passa
3547 3441 3627 3488 est
3644 3448 3765 3504 per-

2203 3526 2525 3581 secutionem
2551 3540 2580 3577 a
2601 3525 2730 3578 Sara
2759 3522 2975 3597 (Cenes.
2999 3538 3108 3589 xvr,
3133 3521 3228 3594 6);
3261 3531 3315 3576 et
3339 3522 3423 3576 illa
3453 3533 3566 3578 erat
3591 3531 3767 3577 sancta

2203 3631 2322 3686 qua:
2347 3614 2594 3680 faciebat,
2633 3614 2719 3667 illa
2761 3613 2938 3683 iniqua
2981 3629 3098 3683 qua:
3143 3612 3461 3683 patiebatur.
3507 3613 3768 3683 Numquid

2204 3705 2328 3760 huic
2351 3702 2706 3774 persecutioni
2733 3718 2886 3773 quam
2915 3717 3067 3772 passa
3088 3711 3169 3757 est
3193 3703 3351 3772 Agar,
3388 3701 3770 3772 comparandus

2206 3804 2288 3850 est
2309 3805 2521 3849 sanctus
2548 3794 2710 3848 David
2734 3808 2890 3863 quem
2928 3801 3236 3863 persecutus
3279 3800 3363 3847 est
3406 3792 3618 3862 iniquus
3647 3792 3768 3847 Saul

2206 3884 2266 3958 (l
2295 3883 2422 3955 Reg.
2450 3899 2601 3950 xvm,
2636 3899 2749 3951 xix,
2794 3891 2838 3937 et
2859 3883 2990 3954 sqq.)
3010 3883 3033 3936 ?
3057 3881 3224 3938 Valde
3247 3883 3428 3951 utique
3455 3882 3635 3948 distat,
3665 3898 3769 3937 non

2205 3977 2326 4048 quia
2357 3975 2671 4045 patiebatur,
2703 3974 2797 4030 sed
2822 3975 2943 4046 quia
2989 3982 3204 4044 propter
3248 3974 3502 4042 justitiam
3541 3974 3772 4042 patiebar

2206 4077 2309 4123 tur.
2340 4068 2405 4123 Et
2450 4068 2564 4139 ipse
2612 4067 2864 4122 Dominus
2890 4082 3008 4121 cum
3056 4066 3347 4121 latronibus
3385 4067 3666 4121 crucifixus
3689 4077 3768 4123 est

2210 4159 2374 4232 (Luc.
2404 4175 2558 4224 χχιιι,
2588 4156 2699 4229 55)
2729 4175 2741 4210 :
2773 4156 2867 4211 sed
2916 4171 3048 4227 quos
3077 4156 3256 4228 passio
3292 4156 3563 4226 jungebat,
3614 4171 3771 4213 causa

2205 4248 2505 4319 separabat.
2535 4247 2657 4303 ldeo
2673 4248 2724 4302 in
2746 4246 2956 4302 Psalmo
2979 4263 3078 4302 vox
3103 4247 3193 4301 illa
3219 4247 3552 4317 intelligenda
3572 4254 3656 4302 est
3678 4262 3770 4304 ve-

2205 4355 2386 4395 rorum
2416 4346 2726 4409 martyrum,
2754 4338 3037 4393 volentium
3063 4352 3121 4393 se
3141 4337 3367 4393 discerni
3396 4353 3425 4392 a
3451 4337 3769 4409 martyribus

2205 4429 2372 4493 falsis,
2395 4427 2583 4481 Judica
2611 4443 2708 4491 me,
2751 4425 2908 4492 Deus,
2935 4435 2984 4480 et
3009 4427 3234 4481 discerne
3275 4443 3480 4480 causam
3510 4441 3670 4479 meam
3708 4426 3770 4480 de

2205 4531 2348 4594 gente
2368 4537 2467 4575 non
2487 4517 2700 4592 sancta(
2717 4518 2856 4572 Psal.
2885 4534 3012 4586 xui,
3044 4519 3110 4588 l)
3144 4536 3158 4574 :
3189 4534 3294 4574 non
3325 4519 3478 4583 dixit,
3507 4518 3760 4572 Discerne

2207 4627 2419 4682 paruam
2461 4626 2664 4676 meam;
2696 4609 2811 4677 sed,
2863 4609 3087 4665 discerne
3124 4626 3328 4664 causam
3368 4624 3547 4662 meam.
3595 4607 3773 4662 Potest

2205 4704 2344 4758 enim
2373 4717 2492 4756 esse
2520 4700 2802 4771 impiorum
2840 4699 3026 4754 similis
3071 4714 3248 4769 poena,
3272 4697 3366 4752 sed
3389 4696 3660 4752 dissimilis
3689 4705 3773 4751 est

2206 4802 2496 4865 martyrum
2523 4807 2710 4856 causa;
2737 4807 2960 4862 quorum
2990 4799 3044 4846 et
3068 4791 3156 4844 illa
3177 4806 3279 4844 vox
3307 4798 3407 4857 est,
3434 4786 3634 4859 Injuste
3657 4803 3773 4858 per-

2205 4883 2360 4939 secuti
2382 4892 2499 4937 sunt
2522 4899 2618 4947 me,
2640 4881 2826 4952 adjuva
2863 4897 2942 4934 me
2973 4880 2990 4951 (
3015 4879 3157 4933 Psal.
3185 4895 3366 4946 cxvm,
3396 4877 3498 4950 86)
3533 4895 3549 4931 :
3581 4877 3700 4932 ideo
3720 4891 3775 4932 se

2207 4974 2421 5044 dignum
2463 4971 2784 5028 existimavit
2829 4971 2919 5041 qui
2959 4969 3298 5039 adjuvaretnr
3332 4967 3494 5038 juste,
3525 4966 3647 5036 quia
3694 4965 3770 5018 illi

2208 5063 2658 5133 persequebantur
2683 5061 2910 5130 injuste;
2945 5074 3066 5114 nam
3112 5059 3158 5114 si
3199 5059 3344 5128 juste
3382 5057 3454 5111 illi
3483 5069 3775 5126 perseque-

2205 5161 2410 5217 rentur,
2439 5169 2542 5206 non
2573 5150 2748 5206 fuerat
2770 5148 3117 5220 adjuvandus,
3147 5148 3241 5204 sed
3270 5144 3635 5215 corrigendus.

2280 5242 2366 5298 l0.
2396 5241 2452 5298 Si
2487 5252 2664 5296 autem
2689 5248 2892 5311 putant,
2925 5239 3066 5309 quod
3109 5253 3267 5293 nemo
3310 5236 3476 5307 possit
3511 5235 3656 5304 juste
3681 5232 3776 5287 ali-

2208 5350 2366 5406 quem
2414 5333 2679 5404 persequi,
2716 5331 2853 5386 sicut
2899 5330 2952 5384 in
2999 5329 3280 5384 collatione
3315 5326 3584 5387 dixerunt,
3633 5323 3773 5377 illam

2209 5440 2329 5481 esse
2373 5439 2552 5480 veram
2596 5421 2890 5476 Ecclesiam
2936 5434 3054 5489 qua:
3105 5415 3531 5488 persecutionem
3562 5411 3776 5483 patitur,

2208 5532 2313 5572 non
2343 5532 2459 5587 qua:
2485 5513 2645 5578 facit;
2676 5512 2862 5567 omitto
2892 5510 3072 5565 dicere
3097 5507 3240 5579 quod
3267 5505 3514 5575 superius
3537 5515 3780 5558 comme-

2209 5607 2431 5674 moravi,
2458 5606 2578 5676 quia
2604 5604 2648 5659 si
2676 5605 2745 5658 ita
2770 5609 2852 5658 est
2872 5609 2930 5656 ut
2951 5600 3153 5665 dicunt,
3181 5597 3492 5654 Caecilianus
3510 5592 3578 5647 ad
3597 5605 3782 5647 veram

2213 5701 2502 5757 Ecclesiam
2543 5695 2859 5768 pertinebat,
2905 5691 3116 5765 quando
3155 5691 3282 5746 eum
3313 5686 3545 5757 majores
3571 5683 3785 5740 illorum
