4120 6358
373 400 478 457 797

360 528 544 584 usque
567 511 635 568 ad
662 508 997 582 lmperatoris
1035 507 1291 577 judicium
1337 505 1634 561 accusando
1663 519 1951 575 perseque-

372 612 587 668 bantur.
614 604 721 661 Nos
747 605 887 659 enim
909 603 1135 658 dicimus
1160 601 1278 656 ideo
1296 600 1445 654 illum
1467 599 1531 653 ad
1559 614 1741 654 veram
1766 598 1952 652 Eccle-

373 702 506 757 siam
537 698 872 769 pertinuisse,
901 712 1003 750 non
1035 695 1155 765 quia
1182 692 1601 764 persecutionem
1636 690 1949 760 patiebatur,

373 793 467 849 sed
502 792 627 863 quia
677 797 894 861 propter
940 789 1195 857 justitiam
1242 785 1569 856 patiebatur;
1611 783 1727 838 illos
1770 790 1948 836 autem

373 883 496 940 ideo
522 883 683 937 fuisse
728 880 1052 934 abalienatos
1089 879 1156 932 ab
1185 877 1442 941 Ecclesia,
1490 890 1593 929 non
1619 874 1739 944 quia
1766 888 1951 943 perse-

372 974 691 1045 quebantur,
724 969 817 1025 sed
846 970 965 1041 quia
997 968 1186 1039 injuste
1207 966 1661 1037 persequebantur
1692 982 1705 1017 :
1736 979 1832 1019 nos
1854 964 1952 1017 ita-

372 1083 476 1137 que
502 1065 603 1121 hoc
631 1065 876 1120 dicimus.
903 1062 982 1117 llli
1007 1076 1133 1117 vero
1153 1061 1197 1115 si
1226 1075 1331 1114 non
1352 1066 1594 1130 quaerunt
1616 1072 1801 1112 causas
1822 1070 1953 1125 qua-

374 1174 433 1213 re
460 1158 683 1229 quisque
714 1154 869 1209 faciat
911 1152 1350 1224 persecutionem,
1382 1150 1467 1204 vel
1497 1164 1662 1218 quare
1690 1147 1943 1218 patiatur,

376 1249 470 1304 sed
496 1248 597 1303 hoc
616 1254 803 1318 putant
830 1262 950 1301 esse
978 1246 1182 1315 signum
1213 1244 1323 1298 veri
1358 1241 1668 1307 Christiani,
1694 1241 1738 1295 si
1768 1254 1954 1310 perse-

375 1337 641 1393 cutionem
668 1351 771 1391 non
800 1335 972 1399 faciat,
1013 1334 1105 1390 sed
1154 1335 1418 1403 patiatur;
1451 1332 1567 1387 sine
1595 1331 1753 1386 dubio
1782 1330 1950 1386 Cmci-

375 1427 575 1483 lianum
606 1426 658 1482 in
687 1441 747 1481 ea
770 1426 1076 1480 definitione
1097 1424 1444 1487 constituunt,
1463 1422 1551 1492 qui
1576 1437 1681 1475 non
1705 1420 1946 1487 faciebat,

375 1517 471 1573 sed
495 1517 790 1588 patiebatur
822 1536 835 1571 :
868 1516 1098 1585 majores
1118 1524 1293 1569 autem
1324 1528 1449 1568 suos
1470 1513 1536 1566 ab
1555 1527 1617 1566 ea
1644 1511 1950 1566 definitione

375 1608 517 1664 foras
542 1607 775 1674 mittunt,
805 1608 892 1677 qui
918 1606 1195 1671 faciebant,
1228 1619 1333 1659 non
1366 1603 1723 1674 patiebantur.

448 1699 534 1753 11.
562 1696 666 1753 Sed
697 1698 817 1761 hoc,
850 1705 907 1750 ut
931 1696 1059 1762 dixi,
1079 1695 1300 1759 omitto;
1332 1692 1459 1748 illud
1495 1692 1614 1746 dico
1652 1707 1666 1743 :
1698 1690 1741 1744 si
1769 1689 1953 1744 Eccle-

374 1790 452 1848 sia
483 1805 605 1845 vera
627 1789 739 1859 ipsa
769 1796 849 1843 est
873 1804 993 1858 qua:
1022 1786 1441 1857 persecutionem
1466 1787 1681 1852 patitur,
1706 1796 1810 1853 non
1835 1797 1951 1849 qua:

374 1880 536 1947 facit;
568 1886 807 1949 quierant
845 1877 913 1932 ab
954 1876 1208 1948 Apostolo
1234 1890 1392 1945 quam
1422 1873 1716 1928 Ecclesiam
1746 1871 1951 1941 signifi-

373 1970 527 2027 cabat
557 1970 707 2035 Sara,
752 1966 961 2038 quando
1011 1966 1432 2037 persecutionem
1479 1964 1703 2019 faciebat
1726 1961 1951 2017 ancillze.

374 2061 619 2117 Liberam
654 2060 848 2129 quippe
893 2068 1117 2113 matrem
1149 2064 1407 2119 nostram,
1439 2056 1715 2110 caelestem
1739 2053 1953 2108 Jerusa-

372 2151 499 2219 lem,
527 2151 578 2205 id
607 2160 691 2206 est
716 2164 893 2206 veram
921 2150 1013 2204 Dei
1051 2148 1363 2212 Ecclesiam,
1395 2147 1447 2202 in
1475 2147 1563 2201 illa
1586 2147 1805 2201 muliere
1825 2145 1955 2200 dicit

372 2243 538 2300 fuisse
587 2244 881 2314 figuratam,
924 2256 1042 2312 qua:
1072 2240 1346 2309 affligebat
1372 2237 1651 2309 ancillam(
1675 2236 1845 2292 Gafat.
1876 2252 1947 2304 tv,

371 2334 599 2405 22-51).
628 2332 683 2388 Si
708 2342 882 2387 autem
916 2332 1105 2387 melius
1132 2331 1497 2397 discutiamus,
1526 2328 1693 2399 magis
1720 2328 1807 2382 illa
1832 2342 1952 2397 per-

372 2424 699 2495 sequebatur
743 2422 931 2478 Saram
983 2420 1361 2491 superbiendo,
1412 2435 1571 2489 quam
1622 2418 1767 2472 illam
1818 2417 1949 2472 Sara

369 2513 666 2569 coercendo
695 2531 707 2567 :
737 2512 826 2568 illa
848 2513 989 2567 enim
1030 2511 1259 2565 domina:
1300 2508 1525 2564 faciebat
1552 2508 1817 2578 injuriam,
1852 2507 1949 2562 ista

369 2605 673 2674 imponebat
694 2602 934 2673 superbae
959 2601 1310 2671 disciplinam.
1341 2598 1538 2654 Deinde
1563 2613 1763 2669 qumro,
1796 2598 1840 2651 si
1856 2597 1953 2652 bo-

369 2696 423 2752 ni
453 2705 508 2751 et
538 2695 706 2750 sancti
737 2695 937 2749 nemini
976 2694 1173 2747 faciunt
1226 2692 1670 2762 persecutionem,
1716 2689 1809 2743 sed
1838 2696 1954 2743 tan-

368 2784 642 2840 tummodo
672 2784 959 2854 patiuntur,
991 2784 1142 2852 cujus
1170 2789 1359 2851 putant
1397 2796 1517 2835 esse
1543 2780 1595 2835 in
1619 2780 1833 2835 Psalmo
1852 2794 1950 2833 νοι-

367 2890 505 2942 cem,
531 2876 620 2930 ubi
644 2876 853 2945 legitur,
880 2873 1162 2943 Persequar
1182 2874 1413 2927 inimicos
1449 2889 1604 2935 meos,
1638 2880 1685 2925 et
1715 2887 1946 2942 compre-

368 2967 737 3028 hendamiuos,
781 2974 955 3019 etnon
997 2974 1255 3017 convertar
1293 2964 1451 3016 donec
1493 2963 1730 3031 deﬁciant
1758 2961 1945 3030 (Psal.

366 3074 499 3126 xvn,
525 3059 593 3115 38
617 3058 659 3130 ).
692 3057 747 3113 Si
784 3071 910 3128 ergo
941 3071 1123 3111 verum
1161 3055 1339 3111 dicere
1360 3055 1447 3109 vel
1476 3069 1765 3125 agnoscere
1802 3056 1952 3109 volu-

366 3165 505 3217 mus,
533 3156 617 3204 est
636 3149 936 3219 persecutio
957 3147 1172 3216 injusta,
1196 3162 1354 3217 quam
1380 3144 1582 3201 faciunt
1608 3146 1757 3216 impii
1774 3147 1950 3201 Eccle-

366 3240 460 3296 siae
486 3239 720 3307 Christi;
748 3249 801 3297 et
830 3249 911 3296 est
934 3240 1081 3309 justa
1103 3239 1425 3308 persecutio,
1454 3254 1613 3308 quam
1641 3238 1837 3294 faciunt
1860 3240 1950 3294 im-

364 3332 468 3403 piis
494 3332 751 3387 Ecclesiae
781 3330 999 3387 Christi.
1028 3329 1131 3385 lsta
1158 3329 1333 3399 itaque
1360 3328 1512 3384 beata
1540 3337 1753 3399 estquae
1774 3344 1950 3399 perse-

364 3425 631 3481 cutionem
677 3424 875 3495 patitur
914 3435 1133 3495 propter
1175 3422 1471 3492 justitiam;
1504 3423 1581 3477 illi
1604 3439 1729 3478 vero
1768 3425 1948 3479 miseri

365 3515 455 3585 qui
474 3514 895 3585 persecutionem
926 3514 1197 3583 patiuntur
1213 3520 1429 3582 propter
1450 3512 1782 3581 injustitiam.
1810 3514 1944 3567 Pro-

364 3604 489 3659 inde
516 3604 613 3661 ista
647 3606 981 3674 persequitur
1003 3604 1293 3675 diligendo,
1325 3603 1399 3657 illi
1430 3602 1737 3669 saaviendo;
1772 3604 1868 3657 ista
1889 3611 1947 3658 ut

364 3695 612 3764 corrigat,
636 3695 711 3749 illi
759 3706 815 3747 ut
838 3702 1117 3761 evertant;
1162 3696 1259 3750 ista
1303 3702 1358 3747 ut
1386 3701 1601 3747 revocet
1646 3693 1713 3747 ab
1739 3709 1941 3758 errore,

364 3784 440 3841 illi
468 3795 527 3841 ut
551 3786 880 3855 praecipitent
910 3787 962 3840 in
990 3802 1224 3841 errorem
1256 3804 1269 3840 :
1297 3786 1527 3856 denique
1553 3785 1652 3840 ista
1676 3787 1947 3856 persequi-

366 3885 450 3930 tur
475 3876 718 3931 inimicos
740 3886 795 3932 et
814 3878 1235 3949 comprehendit,
1260 3878 1428 3932 donec
1444 3878 1692 3932 deficiant
1718 3879 1771 3932 in
1799 3878 1947 3932 vani-

362 3975 493 4035 tate,
518 3977 575 4023 ut
595 3970 646 4023 in
676 3968 900 4024 veritate
923 3969 1229 4038 proficiant;
1260 3969 1332 4022 illi
1375 3976 1553 4023 autem
1584 3969 1944 4025 retribuentes

363 4059 499 4112 mala
535 4074 633 4128 pro
658 4058 832 4121 bonis,
866 4059 987 4127 quia
1018 4058 1095 4111 eis
1123 4058 1451 4112 consulimus
1481 4057 1547 4110 ad
1572 4066 1825 4113 teternam
1853 4074 1943 4115 sa-

362 4146 547 4211 lutem,
586 4148 744 4201 etiam
774 4147 1118 4215 temporalem
1145 4146 1298 4199 nobis
1322 4153 1582 4198 conantur
1605 4147 1834 4212 auferre,
1867 4148 1945 4202 sic

361 4244 604 4290 amantes
627 4235 933 4302 homicidia,
965 4246 1023 4290 ut
1056 4236 1108 4289 in
1148 4236 1339 4304 scipsis
1365 4249 1427 4289 ea
1456 4236 1750 4305 perficiant,
1778 4253 1947 4306 quan-

360 4326 435 4381 do
465 4326 516 4379 in
539 4326 657 4380 aliis
682 4334 991 4396 perpetrare
1015 4341 1120 4380 non
1154 4334 1394 4395 possunt.
1422 4325 1571 4379 Sicut
1603 4327 1745 4380 enim
1772 4326 1947 4381 chari-

363 4425 447 4470 tas
476 4415 681 4469 laborat
709 4416 963 4471 Ecclesizc
985 4416 1062 4471 sic
1092 4431 1186 4470 eos
1214 4417 1282 4471 ab
1308 4416 1392 4469 illa
1417 4415 1717 4486 perditione
1747 4418 1946 4472 libera-

360 4523 443 4574 re,
463 4516 523 4561 ut
545 4520 728 4562 eorum
757 4522 915 4563 nemo
940 4508 1232 4573 moriatur;
1252 4508 1329 4562 sic
1356 4523 1539 4561 eorum
1566 4507 1771 4562 laborat
1797 4509 1945 4564 furor

362 4607 454 4653 aut
476 4612 573 4651 nos
605 4597 870 4663 occidere,
902 4608 959 4652 ut
1008 4614 1119 4653 sua:
1162 4598 1487 4653 crudelitatis
1515 4606 1735 4667 pascant
1768 4600 1943 4653 libidi-

362 4703 506 4753 nem,
525 4696 617 4743 aut
645 4688 803 4743 etiam
830 4689 1057 4758 seipsos,
1076 4704 1143 4743 ne
1167 4688 1461 4758 perdidisse
1496 4690 1775 4745 videantur
1798 4691 1945 4746 occi-

362 4779 655 4836 dendorum
685 4780 956 4835 hominum
986 4789 1322 4850 potestatem.

336 4870 353 4875 “
432 4872 657 4930 CAPUT
696 4871 781 4927 Ill.
814 4903 885 4913 —
910 4872 995 4927 l2.
1042 4873 1141 4941 Qui
1172 4882 1348 4927 autem
1384 4873 1631 4928 nesciunt
1654 4882 1943 4929 consuetu-

362 4965 539 5021 dinem
581 4966 814 5032 illorum,
857 4974 1043 5035 putant
1079 4980 1172 5019 eos
1225 4964 1383 5019 modo
1422 4966 1626 5035 seipsos
1679 4965 1940 5032 occidere,

360 5057 575 5128 quando
601 5056 667 5112 ab
684 5071 867 5112 eorum
903 5055 1239 5111 insanissima
1265 5055 1645 5121 dominatione,
1670 5071 1767 5126 per
1790 5071 1946 5112 occa-

361 5147 565 5203 sionem
588 5148 764 5217 !egum
791 5147 1008 5201 istarum
1039 5161 1157 5215 qua:
1182 5161 1277 5215 pro
1307 5146 1509 5200 unitate
1537 5154 1661 5200 sunt
1683 5149 1945 5202 constitu-

362 5247 448 5303 tas,
479 5239 612 5294 tanti
640 5238 816 5309 populi
851 5238 1168 5293 liberantur.
1195 5236 1293 5302 Qui
1319 5243 1497 5290 autem
1540 5238 1718 5291 sciunt
1740 5245 1795 5292 et
1821 5246 1945 5292 ante

361 5331 506 5403 ipsas
531 5332 679 5403 leges
719 5330 843 5402 quid
872 5330 1047 5384 facere
1075 5328 1302 5391 soleant,
1332 5343 1436 5382 non
1464 5342 1651 5381 eorum
1682 5328 1942 5383 mirantur

363 5433 582 5490 mortes,
613 5422 705 5478 sed
731 5421 1079 5478 recordantur
1106 5435 1313 5486 mores;
1351 5419 1582 5474 maxime
1606 5419 1818 5489 quando
1845 5420 1942 5473 atl-

360 5513 466 5571 buc
490 5517 662 5571 cultus
691 5515 861 5570 fuerat
887 5514 1167 5579 idolorum,
1202 5513 1266 5567 ad
1295 5514 1623 5584 Paganorum
1649 5513 1939 5568 celeberri-

361 5623 476 5663 mas
497 5608 856 5663 solemnitates
877 5607 1107 5678 ingentia
1125 5606 1393 5661 turbarum
1411 5607 1621 5677 agmina
1639 5606 1941 5675 veniebant,

365 5714 468 5759 non
502 5710 559 5757 ut
585 5701 725 5756 idola
755 5700 1081 5771 frangerent,
1111 5698 1207 5755 sed
1234 5707 1291 5753 ut
1321 5699 1753 5754 interficerentur
1777 5714 1806 5752 a
1832 5700 1944 5753 cul-

365 5794 563 5851 toribus
592 5791 875 5849 idolorum.
915 5790 1045 5848 Nam
1064 5791 1189 5847 illud
1219 5791 1263 5847 si
1292 5799 1503 5862 accepta
1530 5790 1763 5867 legitima
1792 5798 1941 5863 pote-

1551 388 2025 448 EPISTOLARUM
2062 382 2336 442 CLASSIS
2379 387 2465 442 Ill.

3535 415 3642 471 798

2062 513 2196 559 state
2218 506 2391 562 facere
2408 509 2626 579 vellent,
2649 512 2690 566 si
2717 513 2841 583 quid
2862 514 2938 570 eis
2962 517 3257 583 accidisset,
3291 531 3507 590 possent
3538 525 3640 581 ha-

2060 594 2188 650 bcre
2210 598 2645 671 qualemcumque
2671 605 2910 660 umbram
2939 610 3166 664 nominis
3184 621 3473 684 martyrum
3496 634 3510 681 ;
3544 610 3643 672 sed

2061 685 2127 740 ad
2160 686 2259 743 hoc
2279 690 2449 745 solum
2472 694 2771 757 veniebant.
2799 707 2855 751 ut
2882 698 3097 769 integris
3118 701 3269 757 idolis
3292 705 3388 773 ipsi
3413 708 3640 777 perime-

2060 787 2245 832 rentur
2274 799 2287 835 :
2321 798 2440 835 nam
2467 783 2659 855 singuli
2687 788 2881 857 quique
2908 791 3250 847 valentissimi
3270 795 3491 864 juvenes
3516 799 3631 851 cul-

2062 874 2203 922 tores
2230 870 2509 937 idolorum,
2539 876 2654 944 quis
2676 887 2801 946 quot
2820 880 3083 936 occideret
3112 884 3239 951 ipsis
3267 885 3418 939 idolis
3441 903 3632 944 vovere

2061 970 2463 1017 consueverant.
2496 964 2719 1030 Quidam
2767 969 2925 1023 etiam
2969 986 3028 1025 se
3056 974 3395 1031 trucidandos
3420 980 3643 1033 armatis

2059 1052 2349 1111 viatoribus
2374 1054 2700 1127 ingerebant,
2752 1077 3096 1132 percussuros
3122 1082 3214 1122 eos
3242 1082 3320 1135 se,
3343 1070 3442 1124 nisi
3470 1070 3538 1123 ab
3564 1072 3642 1125 eis

2062 1145 2466 1216 perimercntur,
2494 1151 2797 1207 terribiliter
2816 1157 3222 1213 comminantes.
3249 1158 3636 1231 Nonnunquam

2062 1243 2115 1288 et
2130 1250 2157 1287 a
2174 1236 2438 1306 judicibus
2460 1242 2850 1299 transeuntibus
2874 1248 3259 1316 extorquebant
3275 1250 3553 1315 violenter,
3582 1264 3638 1305 ut

2065 1342 2095 1380 a
2122 1328 2457 1384 carnificibus
2485 1330 2565 1385 vel
2587 1332 2655 1385 ab
2684 1334 2861 1389 ofﬁcio
2893 1335 3197 1392 ferirentur.
3229 1339 3384 1395 Unde
3427 1342 3641 1411 quidam

2064 1419 2183 1473 illos
2209 1421 2285 1476 sic
2313 1422 2543 1479 illusisse
2569 1425 2899 1493 perhibetur,
2933 1437 2991 1482 ut
3036 1443 3130 1485 eos
3172 1438 3419 1500 tanquam
3452 1447 3645 1503 percu-

2064 1512 2272 1568 tiendos
2306 1515 2456 1585 ligari
2481 1524 2537 1570 et
2573 1516 2761 1572 dimitti
2788 1518 3019 1587 juberet,
3049 1530 3205 1591 atque
3231 1522 3302 1577 ita
3328 1538 3510 1578 eorum
3540 1523 3643 1578 im-

2065 1612 2242 1672 petum
2278 1604 2587 1661 incruentus
2632 1616 2686 1662 et
2731 1608 2928 1663 illmsus
2957 1610 3225 1666 evaderet.
3274 1612 3523 1668 Jamvero
3549 1631 3645 1685 per

2063 1694 2286 1763 abrupta
2336 1697 2648 1766 praecipitia,
2696 1713 2793 1767 per
2836 1714 2999 1770 aquas
3037 1709 3091 1755 et
3119 1700 3359 1757 flammas
3399 1704 3645 1760 occidere

2064 1784 2291 1853 seipsos,
2318 1786 2657 1856 quotidianus
2678 1789 2781 1844 illis
2810 1791 2961 1846 ludus
2980 1790 3096 1847 fuit.
3124 1793 3249 1847 Hcce
3274 1795 3415 1848 enim
3435 1811 3525 1850 eos
3544 1797 3645 1851 tria

2063 1879 2251 1934 mortis
2273 1895 2463 1950 genera
2480 1881 2723 1937 diabolus
2742 1883 2939 1951 docuit,
2964 1894 3018 1939 ut
3037 1886 3170 1939 mori
3192 1885 3451 1954 volentes,
3476 1904 3645 1957 quan-

2063 1969 2131 2025 do
2148 1985 2253 2026 non
2276 1972 2615 2028 inveniebant
2635 1990 2791 2044 quem
2809 1983 3091 2044 terrerent,
3106 1988 3164 2032 ut
3187 1978 3301 2048 ejus
3319 1979 3493 2048 gladio
3514 1979 3643 2034 feri-

2062 2068 2265 2127 rentur,
2297 2078 2390 2131 per
2415 2079 2539 2118 saxa
2556 2080 2616 2120 se
2640 2066 2927 2133 mitterent,
2959 2078 3049 2122 aut
3079 2069 3288 2139 ignibus
3316 2071 3641 2141 gurgitibus-

2063 2167 2167 2221 que
2190 2152 2470 2208 donarent.
2498 2155 2628 2222 Quis
2654 2166 2831 2211 autem
2860 2158 2978 2212 illos
3007 2158 3123 2212 haec
3149 2158 3393 2213 docuisse
3420 2160 3645 2214 creden-

2063 2243 2163 2298 dus
2179 2250 2278 2309 est,
2301 2245 2579 2315 possidens
2596 2262 2691 2301 cor
2724 2263 2930 2311 eorum,
2951 2248 3049 2301 nisi
3076 2248 3165 2303 ille
3192 2250 3279 2317 qui
3308 2257 3362 2304 et
3384 2248 3645 2304 Salvatori

2062 2343 2265 2399 nostro,
2310 2344 2364 2388 ut
2387 2350 2446 2390 se
2470 2336 2535 2390 de
2580 2337 2741 2406 pinna
2784 2338 2966 2406 templi
2993 2338 3366 2406 prmcipitaret,
3395 2348 3643 2407 tanquam

2062 2422 2129 2478 de
2156 2424 2295 2494 Lege
2325 2425 2619 2497 suggessit(
2641 2424 2769 2479 Luc.
2802 2441 2879 2492 1v,
2908 2426 3020 2496 9)?
3048 2426 3212 2496 Cujus
3245 2429 3641 2496 suggestionem

2061 2529 2093 2568 a
2135 2530 2194 2569 se
2241 2516 2422 2584 utique
2450 2516 2819 2585 prohiberent,
2847 2518 2891 2571 si
2941 2518 3253 2587 magistrum
3276 2516 3547 2572 Christum
3592 2518 3645 2572 in

2061 2604 2223 2659 corde
2250 2614 2539 2675 portarent.
2591 2606 2694 2662 Sed
2720 2607 2841 2676 quia
2870 2608 2923 2662 in
2958 2623 3014 2662 se
3045 2608 3255 2663 diabolo
3281 2608 3455 2677 potius
3481 2608 3644 2663 dede-

2061 2705 2184 2749 runt
2216 2697 2410 2762 locum,
2439 2706 2529 2751 aut
2576 2698 2654 2752 sic
2680 2706 2904 2766 pereunt
2927 2698 3374 2768 quemadmodum
3405 2714 3530 2769 grex
3558 2698 3647 2755 ille

2062 2802 2366 2855 porcorum,
2398 2804 2556 2858 quem
2586 2788 2653 2843 de
2685 2801 2863 2843 monte
2893 2789 2943 2842 in
2978 2806 3124 2845 mare
3149 2790 3300 2845 turba
3332 2791 3631 2844 dmmonum

2060 2878 2251 2947 dejecit
2279 2876 2483 2949 (Marc.
2517 2896 2574 2947 v,
2623 2881 2691 2935 l3
2714 2877 2769 2953 );
2802 2888 2891 2934 aut
2917 2881 3023 2934 illis
3049 2881 3308 2937 mortibus
3339 2882 3526 2951 erepti,
3584 2890 3641 2938 et

2062 2969 2148 3038 pio
2192 2969 2374 3024 matris
2400 2968 2689 3026 Catholica:
2737 2973 2942 3042 gremio
2969 2972 3200 3041 collecti,
3230 2974 3300 3027 ita
3329 2972 3644 3042 liberantur,

2059 3060 2504 3129 quemadmodum
2552 3070 2636 3116 est
2661 3078 2692 3117 a
2718 3064 2940 3117 Domino
2970 3064 3244 3132 liberatus,
3290 3081 3448 3135 quem
3496 3078 3648 3136 pater

2058 3150 2173 3218 ejus
2214 3166 2243 3204 a
2272 3150 2536 3209 daemonio
2570 3153 2865 3210 sanandum
2909 3155 3118 3221 obtulit,
3165 3156 3348 3211 dicens
3373 3157 3516 3227 quod
3552 3158 3649 3213 ali-

2057 3234 2267 3303 quando
2305 3234 2497 3290 cadere
2526 3236 2578 3289 in
2600 3252 2810 3307 aquam,
2840 3238 3123 3309 aliquando
3149 3239 3203 3294 in
3246 3240 3422 3311 ignem
3449 3241 3648 3297 soleret

2060 3321 2282 3395 (Matth.
2311 3341 2445 3391 xvn,
2482 3325 2607 3398 l4).

2129 3417 2215 3472 l3.
2247 3416 2399 3473 Unde
2426 3433 2611 3488 magna
2640 3418 2692 3473 in
2718 3434 2811 3474 eos
2839 3419 2896 3473 fit
2923 3420 3308 3487 misericordia,
3337 3436 3456 3476 cum
3485 3423 3649 3479 etiam

2053 3521 2152 3577 per
2178 3508 2309 3564 istas
2337 3509 2717 3579 imperatorum
2749 3511 2928 3581 leges,
2973 3511 3041 3566 ab
3084 3511 3171 3566 illa
3208 3520 3384 3578 secta,
3420 3512 3508 3567 ubi
3552 3528 3653 3582 per-

2054 3600 2323 3655 doctrinas
2365 3600 2750 3657 daemoniorum
2797 3603 3324 3672 mendaciloquorum
3365 3603 3501 3657 mala
3548 3604 3650 3657 ista

2054 3691 2385 3758 didicerunt,
2433 3693 2580 3763 prius
2624 3693 2920 3763 eripiuntur
2964 3694 3143 3759 inviti,
3187 3701 3245 3748 ut
3287 3695 3338 3748 in
3375 3693 3653 3749 Catholica

2054 3794 2240 3853 postea
2270 3783 2425 3839 bonis
2466 3785 2747 3854 prteceptis
2785 3794 2839 3840 et
2878 3785 3115 3839 moribus
3144 3793 3400 3839 sanentur
3427 3784 3643 3837 assueti.

2052 3874 2184 3929 Nam
2210 3874 2360 3929 multi
2383 3890 2568 3931 eorum
2591 3890 2815 3944 quorum
2834 3875 2943 3945 jam
2967 3876 3019 3929 in
3042 3875 3244 3929 unitate
3258 3873 3477 3939 ChriSti,
3501 3874 3651 3943 pium

2053 3964 2174 4018 fidei
2204 3964 2469 4019 fervorem
2503 3966 2922 4035 charitatemque
2956 3964 3246 4028 miramur,
3288 3979 3411 4018 cum
3454 3979 3643 4032 magna

2054 4056 2233 4109 laetitia
2266 4057 2377 4110 Deo
2415 4057 2610 4124 gratias
2648 4064 2811 4126 agunt
2839 4056 2980 4125 quod
3011 4056 3103 4110 illo
3128 4070 3310 4110 errore
3336 4062 3643 4121 caruerunt,

2053 4145 2142 4198 ubi
2172 4147 2308 4199 mala
2348 4146 2448 4199 ista
2492 4146 2629 4199 bona
2672 4154 2989 4213 putaverunt
3022 4163 3034 4198 :
3065 4160 3197 4214 quas
3238 4146 3435 4214 gratias
3482 4142 3645 4198 modo

2055 4237 2292 4290 volentes
2322 4252 2424 4290 non
2452 4245 2693 4306 agerent,
2721 4236 2823 4290 nisi
2846 4238 2990 4305 prius
3012 4237 3170 4291 etiam
3199 4237 3441 4291 nolentes
3468 4236 3533 4290 ab
3556 4235 3644 4292 illa

2052 4327 2254 4381 nefaria
2295 4328 2550 4382 societate
2594 4328 2949 4383 discederent.
2992 4328 3127 4396 Quid
3154 4329 3224 4384 de
3252 4329 3354 4383 illis
3382 4328 3649 4399 dicamus,

2053 4417 2143 4486 qui
2170 4417 2326 4473 nobis
2351 4416 2585 4487 quotidie
2612 4418 2934 4474 confitentur
2956 4418 3097 4489 quod
3120 4420 3228 4488 jam
3250 4418 3375 4474 olim
3399 4419 3648 4477 volebant

2052 4525 2172 4565 esse
2198 4510 2479 4575 catholici;
2506 4510 2599 4565 sed
2628 4512 2765 4566 inter
2790 4526 2884 4566 eos
2909 4511 3238 4576 habitabant,
3273 4512 3409 4565 inter
3432 4526 3563 4581 quos
3590 4511 3650 4571 id

2052 4602 2195 4672 quod
2225 4601 2478 4656 volebant
2506 4616 2623 4656 esse
2648 4616 2754 4656 non
2791 4609 3035 4673 poterant
3059 4616 3156 4672 per
3185 4601 3544 4656 infirmitatem
3573 4601 3643 4657 ti-

2052 4693 2251 4758 moris,
2284 4691 2373 4745 ubi
2407 4693 2452 4747 si
2489 4707 2652 4745 unum
2690 4692 2911 4746 verbum
2954 4706 3050 4761 pro
3074 4690 3347 4745 Catholica
3377 4689 3646 4758 dicerent,

2052 4791 2106 4837 et
2145 4782 2245 4852 ipsi
2283 4789 2338 4837 et
2372 4782 2563 4836 domus
2597 4796 2781 4837 eorum
2812 4781 3049 4838 funditus
3078 4780 3485 4837 everterentur?
3512 4781 3647 4847 Quis

2052 4882 2134 4928 cst
2171 4883 2278 4928 tam
2317 4874 2573 4941 demens,
2604 4874 2693 4943 qui
2731 4881 2891 4943 neget
2928 4873 3046 4929 istis
3086 4873 3335 4929 debuisse
3374 4889 3471 4944 per
3493 4873 3646 4944 jussa

2050 4965 2345 5036 imperialia
2387 4965 2693 5029 subveniri,
2738 4972 2797 5019 ut
2835 4964 2902 5019 de
2945 4972 3092 5019 tanto
3130 4973 3447 5020 eruerentur
3474 4964 3638 5033 malo,

2050 5057 2177 5112 dum
2209 5055 2287 5111 illi
2316 5071 2450 5127 quos
2489 5056 2747 5111 timebant
2792 5056 2981 5111 timere
3024 5064 3314 5125 coguntur,
3360 5065 3415 5111 et
3451 5055 3645 5113 eodem

2054 5150 2245 5203 timore
2271 5156 2362 5202 aut
2390 5147 2548 5202 etiam
2588 5146 2689 5217 ipsi
2728 5147 3097 5218 corriguntur,
3127 5153 3220 5201 aut
3247 5153 3394 5201 certe
3432 5161 3553 5200 cum
3583 5161 3643 5201 se

2050 5247 2323 5295 correctos
2347 5252 2466 5293 esse
2488 5237 2819 5309 confingunt,
2848 5235 3101 5292 correctis
3127 5244 3370 5306 parcunt,
3396 5250 3425 5289 a
3452 5234 3646 5305 quibus

2052 5341 2208 5388 antea
2239 5331 2599 5386 timebantur?

2126 5425 2213 5480 14.
2252 5424 2309 5481 Si
2334 5432 2512 5479 autem
2542 5422 2745 5493 seipsos
2771 5421 3019 5478 occidere
3045 5420 3329 5487 voluerint,
3360 5434 3426 5474 ne
3450 5417 3525 5472 illi
3552 5418 3642 5487 qui

2051 5514 2310 5570 liberandi
2357 5523 2481 5569 sunt
2525 5514 2851 5579 liberentur,
2894 5521 2949 5568 et
2989 5527 3055 5567 eo
3096 5511 3257 5567 modo
3302 5508 3638 5565 liberantium

2052 5617 2254 5662 terrere
2280 5608 2527 5677 pietatem
2548 5649 2562 5673 ,
2592 5615 2653 5661 ut
2679 5606 2803 5661 dum
2834 5606 3050 5677 timetur
3078 5620 3147 5660 ne
3188 5602 3402 5675 quidam
3445 5600 3639 5681 perditi

2049 5704 2304 5767 pereant,
2336 5713 2440 5753 non
2472 5705 2725 5753 eruantur
2768 5695 3077 5767 perditioni,
3110 5694 3201 5765 qui
3233 5694 3316 5750 vel
3350 5693 3460 5764 jam
3487 5691 3636 5758 nole-

2051 5786 2177 5850 bant
2219 5790 2422 5864 perire,
2467 5789 2548 5845 vel
2590 5787 2807 5844 coerciti
2842 5796 3086 5860 poterant
3116 5803 3220 5843 non
3264 5786 3471 5857 perire;
3510 5782 3642 5856 quid
