2043 3175
238 167 291 196 799

238 223 283 251 hic
297 223 350 259 agit
368 222 484 251 charitas
505 221 648 251 christiana
659 242 666 255 ,
686 220 833 256 praesertim
851 226 910 247 cum
931 218 969 246 illi
986 217 1031 253 qui

237 278 302 298 snas
313 273 414 297 mortes
432 268 594 296 voluntarias
609 271 635 294 et
649 265 762 293 furiosas
776 265 928 298 minantur,
944 263 971 291 in
984 270 1034 298 po-

238 316 360 350 pulorum
382 313 579 341 liberandorum
598 311 796 347 comparatione
817 309 942 346 perpauci
961 309 1033 337 sint?

237 360 308 395 Quid
327 360 381 394 agit
400 366 464 393 ergo
485 358 599 385 fraterna
619 356 745 384 dilectio?
759 360 846 383 utrutn
864 355 926 383 dum
943 354 1034 390 paucis

238 404 407 432 transitorios
422 404 498 438 ignes
511 402 605 429 metuit
616 402 780 429 caminorum
791 421 799 434 ,
813 401 923 428 dimittit
941 407 1035 427 omnes

239 451 348 479 mternis
367 450 471 485 ignibus
484 448 682 484 gehennarutn;
698 452 725 475 et
737 452 790 474 tam
810 447 908 474 multos
923 447 964 474 vel
980 446 1034 481 jam

239 497 371 527 volentes,
387 495 430 522 vel
444 499 535 529 postca
550 501 604 521 non
618 493 737 520 valentes
755 500 802 527 per
816 492 973 519 catholicam
990 499 1036 526 pa-

240 550 300 570 cem
312 541 345 568 ad
356 541 436 568 vitam
449 540 539 567 venire
549 544 716 575 perpetuam,
727 539 853 573 relinquit
863 538 888 565 iu
900 537 1035 565 interitum

241 587 444 622 sempiternum,
459 585 577 612 cavendo
591 592 624 612 ne
637 584 743 620 quidam
757 583 907 611 voluntario
919 583 1036 610 morian—

241 637 285 660 tur
313 632 437 663 interitu,
462 630 508 666 qui
532 631 625 657 vivunt
645 629 680 657 ad
704 629 921 665 impedimentum
943 628 1037 656 salutis

241 680 371 712 aliorum,
387 687 454 715 qttos
467 686 519 705 non
535 678 690 714 permittunt
705 676 849 704 secundum
869 676 968 704 Christi
987 675 1036 702 do-

243 725 357 753 ctrinam
376 726 482 757 vivere,
499 729 527 751 ut
541 731 588 750 eos
602 723 715 750 doceant
733 729 900 757 quocumque
918 725 1037 756 tempore

242 770 389 799 secundum
405 769 622 797 consuetudinem
638 768 765 796 doctrina:
777 767 914 795 diabolica:
934 767 966 794 ad
981 774 1036 799 eas,

243 824 304 851 qua:
318 816 343 842 in
358 816 409 843 illis
423 815 503 842 modo
517 815 644 842 timentur
654 834 661 847 ,
676 819 777 841 mortes
792 813 952 840 voluntarias
963 812 1039 840 festi-

243 862 328 889 nare?
348 869 381 888 an
403 862 490 896 potius
508 864 649 888 conservat
667 867 734 895 quos
754 863 858 894 potest,
872 859 922 886 etsi
943 863 1038 893 sponte

242 912 355 943 pereant
370 914 437 942 quos
450 913 609 934 conservare
623 913 675 932 non
690 905 797 940 potest?
814 904 848 932 Ut
861 904 931 932 enim
946 911 1039 931 omnes

241 952 342 983 vivant,
358 952 482 978 ardenter
494 954 619 985 exoptat;
634 950 681 977 sed
695 957 788 977 omnes
801 957 834 977 ne
849 953 967 984 pereant,
980 949 1039 984 plus

242 997 356 1025 laborat.
377 997 482 1025 Gratias
501 1001 590 1023 autern
609 996 737 1027 Domino,
758 995 828 1030 quod
848 1000 875 1022 ct
893 995 961 1029 apud
979 1002 1038 1027 nos,

243 1052 297 1071 non
311 1043 418 1079 quidem
435 1044 461 1070 in
476 1042 600 1070 omnibus
611 1062 618 1074 ,
632 1041 679 1069 sed
695 1041 771 1068 valde
784 1041 810 1068 in
827 1041 946 1076 pluribus
963 1041 1038 1074 locis,

243 1094 272 1117 et
288 1097 336 1123 per
349 1088 415 1115 alias
428 1088 525 1115 Africa:
540 1093 645 1122 partes,
659 1086 717 1114 sine
732 1086 792 1113 ullis
806 1086 916 1113 istorum
932 1086 1040 1112 insano-

243 1143 303 1162 rum
319 1134 448 1162 mortibus
459 1155 466 1168 ,
483 1141 532 1168 pax
546 1133 675 1161 catholica
690 1133 821 1165 cucurrit,
845 1137 872 1159 et
890 1132 982 1159 currit.
1002 1131 1039 1159 lbi

243 1185 332 1207 autem
348 1180 392 1207 illa
415 1179 517 1206 funesta
538 1179 712 1213 contingunt,
727 1177 771 1205 tibi
785 1182 825 1204 est
845 1182 897 1204 tam
913 1177 1039 1204 furiosum

244 1230 273 1254 et
294 1226 386 1253 inutile
405 1225 542 1252 hominum
566 1231 667 1258 genus,
690 1223 734 1258 qui
755 1227 783 1250 et
804 1223 864 1250 aliis
878 1222 1041 1257 temporibus

244 1271 340 1299 cadent
361 1270 449 1298 facere
463 1273 670 1297 consueverunt.

280 1316 394 1345 CAPUT
406 1316 451 1344 IV.
460 1330 497 1336 ——
508 1316 550 1343 l5.
565 1315 600 1343 Et
610 1315 683 1350 prius
695 1313 801 1349 quidem
812 1321 890 1347 quam
902 1313 959 1340 ista:
969 1312 1042 1347 leges

246 1372 262 1391 a
277 1362 416 1391 catholicis
438 1361 642 1397 imperatoribus
665 1360 850 1392 mitterentur,
873 1359 945 1394 pacis
964 1363 1043 1393 atque

245 1407 355 1436 unitatis
365 1407 463 1435 Christi
478 1407 603 1441 paulatim
616 1406 737 1434 doctrina
749 1405 898 1437 crescebat,
909 1410 935 1432 et
947 1404 972 1431 in
983 1411 1042 1431 eam

245 1455 358 1490 quisque
370 1454 439 1481 sicut
451 1453 584 1485 discebat,
599 1456 627 1480 et
639 1452 758 1484 volebat,
774 1456 801 1479 et
815 1455 927 1486 poterat.
941 1459 973 1478 ex
987 1450 1042 1485 ipsa

246 1504 321 1536 parte
345 1499 490 1533 transibat;
512 1506 573 1527 cum
596 1503 684 1526 tamen
705 1498 775 1533 apttd
797 1498 855 1525 illos
880 1497 1042 1532 perditorum

246 1546 385 1573 hominum
398 1545 593 1573 dementissimi
604 1551 698 1579 greges
709 1545 737 1571 in
749 1543 860 1571 diversis
871 1543 958 1570 causis
968 1543 1043 1578 quie-

247 1595 302 1618 tem
328 1590 509 1618 innocentium
535 1589 733 1625 perturbarent.
755 1589 820 1622 Quis
843 1596 896 1616 non
920 1588 1044 1616 dominus

248 1643 356 1663 servum
371 1643 448 1663 suutn
471 1636 566 1663 timere
585 1635 739 1670 compulsus
761 1638 816 1667 est,
839 1634 861 1661 si
881 1633 915 1661 ad
937 1634 1043 1661 illorum

247 1682 422 1717 patrocinium
436 1680 617 1716 confugisset?
630 1680 690 1716 quis
704 1680 821 1708 eversori
835 1679 932 1707 minari
945 1678 1041 1716 saltem

246 1728 362 1756 audebat
380 1728 409 1755 ίῖ
432 1728 491 1763 quis
513 1733 730 1763 consumptorem
754 1728 963 1762 apothecarum,
985 1727 1044 1763 quis

247 1775 393 1810 quemlibet
406 1778 510 1809 poterat
522 1775 628 1809 exigere
638 1774 796 1806 debitorem,
811 1775 938 1802 auxilium
951 1781 1044 1801 eorum

248 1820 485 1855 defensionemque
499 1820 671 1855 poscentem?
681 1821 789 1848 Timore
800 1820 908 1848 fustium
920 1823 948 1847 et
958 1820 1046 1847 incen-

248 1865 353 1892 diorum
373 1865 520 1900 mortisque
535 1866 688 1900 prmsentis,
703 1865 878 1899 pessimorum
893 1872 1042 1899 servorum,

248 1915 279 1938 ut
287 1911 362 1938 liberi
371 1911 556 1945 abscederent,
565 1911 661 1938 tabula:
669 1910 868 1946 frangebantur.
877 1912 988 1939 Extorta
998 1911 1046 1939 de-

247 1956 378 1984 bitoribus
391 1956 567 1992 chirographa
587 1955 777 1984 reddebantur.
799 1956 965 1991 Quicumque
978 1956 1044 1984 dura

249 2001 355 2029 illorum
369 2001 450 2029 verba
465 2006 697 2037 contempserant,
713 2001 865 2030 durioribus
878 2002 1043 2034 verberibus.

248 2046 320 2081 quod
337 2047 481 2081 jubebant,
498 2047 585 2074 facere
604 2047 776 2082 cogebantur.
797 2046 978 2075 Innocentium
998 2047 1044 2082 qui

249 2099 298 2119 eos
309 2091 490 2126 olfenderant,
511 2092 607 2120 domus
619 2097 666 2120 aut
679 2093 882 2128 deponebantur
898 2094 931 2121 ad
946 2094 1043 2127 solum,

250 2141 296 2164 aut
309 2137 413 2172 ignibus
425 2138 623 2166 cremabantur.
644 2138 756 2172 Quidam
775 2139 979 2174 patresfamilias
996 2140 1044 2167 ho-

250 2187 327 2210 nesto
346 2184 404 2211 loco
419 2184 487 2216 nati,
510 2188 538 2211 et
557 2192 687 2219 generoso
706 2185 779 2213 cultu
793 2186 915 2218 educati,
930 2186 974 2213 vix
992 2186 1045 2213 vivi

250 2232 312 2262 post
331 2235 423 2258 eorum
437 2228 524 2256 cmdes
537 2229 618 2256 ablati
631 2233 709 2262 sunt,
730 2230 771 2257 vel
788 2231 868 2258 vincti
883 2231 916 2257 ad
935 2231 1042 2264 molam,

250 2276 279 2300 et
291 2279 350 2300 eam
363 2273 389 2300 in
398 2280 492 2308 gyrum
503 2273 610 2304 ducere,
623 2278 746 2308 tanqttam
757 2273 876 2309 iumenta
887 2277 1045 2311 contempti-

251 2316 315 2345 ltilia
326 2337 333 2349 ,
347 2317 459 2345 verbere
471 2317 557 2344 adacti
572 2322 644 2345 sunt.
658 2318 734 2352 Quod
748 2319 819 2347 enim
834 2320 867 2347 de
884 2320 985 2355 legibus
996 2328 1044 2348 au-

251 2363 344 2390 xilium
363 2370 378 2390 a
397 2363 521 2391 civilibus
540 2364 715 2398 potestatibus
733 2363 862 2392 adversus
880 2372 926 2392 eos
945 2366 1043 2400 aliquid

252 2408 355 2437 valuit?
374 2409 434 2444 quis
448 2409 474 2437 in
489 2410 630 2444 praesentia
642 2417 734 2438 eorum
753 2410 874 2439 officialis
894 2411 1046 2440 auhelavit?

253 2454 328 2490 quis,
342 2454 412 2490 quod
427 2455 465 2482 illi
486 2455 647 2489 noluissent,
670 2461 778 2484 exactor
797 2458 903 2492 exegit?
921 2459 981 2493 quis
998 2467 1046 2487 eos

255 2501 298 2537 qui
313 2508 405 2528 eorum
419 2501 536 2528 credihus
548 2501 672 2528 exstincti
684 2506 746 2529 sunt
756 2522 763 2534 ,
776 2502 911 2530 vindicare
924 2504 1044 2537 tentavit,

253 2547 305 2575 nisi
315 2546 384 2582 quod
396 2547 502 2582 propria
512 2547 545 2575 de
555 2547 608 2575 illis
619 2555 711 2583 ptenas
721 2549 848 2583 poscebat
861 2549 973 2583 insania,
984 2557 1045 2577 cum

253 2591 297 2619 alii
318 2592 493 2627 provocandis
512 2591 540 2619 in
558 2599 588 2620 se
603 2592 697 2628 gladiis
711 2592 862 2627 hominum,
875 2601 957 2629 qttos,
972 2598 1001 2622 ut
1012 2594 1046 2622 ab

254 2638 293 2666 eis
306 2639 464 2671 ferirentur,
479 2642 565 2666 morte
579 2638 729 2670 terrebant,
743 2639 789 2666 alii
803 2647 851 2674 per
865 2639 937 2667 varia
951 2640 1047 2675 praeci-

253 2684 334 2719 pitia,
350 2684 394 2711 alii
411 2692 460 2720 per
472 2692 570 2720 aquas,
585 2684 630 2712 alii
645 2692 693 2719 per
705 2685 780 2720 ignes
793 2692 823 2713 se
842 2686 868 2713 in
888 2691 1048 2714 mortes‘vo-

253 2728 381 2758 luntarias
397 2737 589 2766 usquequaque
608 2729 764 2764 mittebant,
783 2734 810 2758 et
828 2730 930 2759 animas
949 2731 1046 2760 ferales

285 2817 294 2834 ⁸
307 2821 357 2853 Am.
369 2819 423 2844 ead.
436 2822 473 2844 Er.
485 2822 511 2844 et
522 2823 575 2845 Mss.
586 2817 671 2853 plures
683 2825 690 2844 :
702 2817 808 2853 Ardebat
824 2820 918 2853 auctori
927 2820 980 2853 quis
990 2828 1046 2848 con-

253 2851 406 2886 smnptqrem.
414 2853 484 2886 forte
492 2856 544 2886 pro,
551 2849 653 2886 audebat
662 2852 703 2886 qut
711 2850 832 2886 prohiberi
841 2849 1028 2885 ronsrnn'pto‘cm
1038 2859 1046 2877 :

254 2882 282 2905 ot
291 2879 363 2911 paulo
373 2884 427 2912 post
438 2879 601 2913 Msslhabent,
612 2879 800 2914 apothccnrium.

853 163 882 191 s.
904 157 1086 190 AUGUSTINI
1105 149 1258 187 EPlSCOPl

1085 224 1101 244 a
1115 224 1144 244 se
1157 215 1208 244 sibi
1223 215 1302 243 illatis
1316 215 1453 251 suppliciis
1472 214 1665 251 proﬁciebant?

1121 261 1165 289 16.
1185 261 1333 289 Horrebam
1355 261 1405 288 ista
1429 261 1534 297 plurimi
1557 261 1583 288 in
1606 261 1662 296 ipsa
1689 260 1877 297 superstitione

1086 307 1212 335 lucretica
1225 307 1377 340 constituti;
1390 312 1417 335 et
1430 315 1490 335 cum
1507 308 1666 335 innocentia
1685 316 1740 336 sua:
1754 308 1878 337 sufﬁcere

1086 353 1279 381 arbitrarentur
1293 353 1362 388 quod
1377 354 1427 381 sibi
1449 354 1509 380 talia
1531 354 1719 388 displicerent,
1739 354 1877 382 dicebatur

1087 401 1127 428 eis
1136 408 1150 426 a
1161 399 1299 427 catholicis
1311 408 1317 425 :
1329 399 1357 426 Si
1371 399 1547 427 innocentiam
1559 404 1673 427 vestram
1686 399 1753 426 mala
1767 399 1816 426 ista
1827 408 1880 428 nott

1088 446 1209 481 polluunt
1218 467 1225 478 ,
1242 446 1376 481 quomodo
1390 445 1477 473 dicitis
1489 446 1580 473 orbem
1595 445 1767 473 christianum
1781 445 1823 473 vel
1834 445 1882 474 fab

1088 493 1136 525 sis,
1147 492 1188 520 vel
1198 497 1271 520 certe
1281 492 1376 528 ignotis
1389 492 1521 520 Caiciliani
1535 491 1648 527 peccatis
1659 499 1719 519 esse
1732 491 1881 527 pollutum?

1088 539 1221 574 quomodo
1235 546 1283 566 vos
1302 538 1404 566 nefario
1421 539 1539 571 scelere,
1561 538 1595 565 ab
1616 537 1716 566 unitate
1737 537 1880 571 catholica,

1089 589 1214 620 tanquam
1236 586 1270 613 ab
1288 593 1349 613 area
1369 585 1501 613 dominica
1520 585 1662 620 separatis,
1677 593 1736 620 qua:
1750 592 1837 620 usque
1849 584 1882 613 ad

1090 636 1194 667 tempus
1208 631 1385 659 ventilationis
1399 638 1509 659 necesse
1521 635 1562 659 est
1574 636 1603 659 ut
1618 630 1713 658 habeat
1724 636 1751 658 et
1763 630 1883 659 frumen-

1091 682 1146 704 Ium
1161 677 1187 704 in
1201 677 1298 704 horreo
1311 676 1507 704 recondendum
1516 698 1523 709 ,
1538 681 1565 704 et
1578 677 1679 711 paleam
1697 676 1803 710 ignibus
1817 684 1882 703 con-

1090 723 1246 751 sumendum
1259 723 1363 759 (Matth.
1371 730 1409 756 nt,
1419 722 1453 750 19.
1466 723 1497 758 )‘t
1507 723 1592 757 Atque
1603 722 1637 749 ita
1648 722 1804 757 quibusdam
1816 721 1883 750 ratio

1090 769 1266 803 reddebatur,
1281 773 1311 796 ut
1325 769 1406 804 aliqui
1421 768 1454 795 ad
1470 768 1596 795 unitatem
1611 767 1784 800 catholicam,
1803 767 1883 795 etiam

1091 814 1243 842 inimicitias
1262 814 1423 849 perditorum
1443 813 1528 848 parati
1551 813 1698 845 sustinere,
1721 813 1884 845 transirent;

1091 862 1137 889 sed
1155 862 1262 896 plures,
1276 861 1396 896 quamvis
1411 859 1438 887 id
1452 859 1567 891 vellent,
1581 866 1628 886 eos
1641 863 1730 886 tatncn
1748 858 1883 892 homines,

1091 907 1187 942 quibus
1201 911 1271 933 tanta
1287 906 1373 933 fuerat
1387 906 1493 933 licentia
1508 904 1645 938 satviendi,
1662 904 1783 932 initnieos
1797 903 1885 932 facere

1092 962 1144 981 non
1166 952 1321 980 audebant:
1343 951 1463 979 nonnulli
1483 952 1581 986 quippe
1602 950 1678 983 illos,
1698 957 1759 977 cum
1781 949 1816 977 ad
1836 956 1885 977 nos

1092 998 1259 1029 transissent.
1275 997 1472 1024 crudelissimos
1488 996 1557 1032 passi
1571 1000 1641 1024 sunt.

1128 1045 1171 1071 l7.
1192 1043 1294 1071 Accidit
1313 1043 1393 1070 etiam
1409 1047 1437 1069 ut
1451 1042 1520 1076 apud
1539 1041 1724 1076 Carthaginem
1743 1040 1885 1076 quemdam

1092 1090 1233 1118 diaconum
1247 1097 1333 1120 suum,
1348 1088 1455 1116 nomine
1467 1087 1663 1119 Maximianum,
1676 1092 1769 1115 contra
1782 1087 1887 1123 episco-

1093 1144 1155 1171 pum
1169 1143 1244 1162 suum
1258 1134 1469 1169 superbientem,
1484 1132 1592 1168 quidam
1612 1133 1799 1168 episcoporum
1814 1132 1887 1166 ejus.

1093 1182 1154 1209 dem
1170 1181 1268 1216 partis,
1288 1180 1358 1207 facto
1377 1179 1521 1206 schismate
1538 1182 1564 1206 et
1582 1178 1608 1205 in
1629 1177 1706 1213 plebe
1720 1176 1888 1212 Carthaginis

1093 1228 1176 1255 divisa
1190 1230 1265 1263 parte
1280 1226 1374 1254 Donati
1389 1225 1544 1253 ordinarent
1555 1224 1708 1259 episcopum
1724 1228 1817 1251 contra
1831 1223 1888 1257 epi-

1094 1280 1214 1308 scopum.
1230 1272 1306 1306 Quod
1321 1279 1382 1299 cum
1396 1278 1489 1298 eorum
1503 1269 1623 1306 pluribus
1636 1269 1799 1304 displiceret,
1814 1276 1888 1296 eum-

1094 1318 1154 1346 dem
1168 1317 1354 1345 Maximianum
1368 1324 1428 1344 cum
1443 1316 1502 1343 aliis
1516 1315 1656 1343 duodecim
1676 1315 1721 1350 qui
1740 1314 1798 1350 ejus
1817 1314 1888 1343 ordi-

1095 1365 1196 1392 uatioui
1218 1369 1363 1399 prresentes
1383 1364 1530 1395 affuerant,
1552 1363 1761 1394 damnaverunt,
1782 1362 1888 1390 ceteris

1094 1415 1183 1438 autem
1206 1410 1239 1437 ad
1259 1409 1380 1437 eatndem
1395 1409 1549 1436 societatem
1567 1408 1719 1435 schismatis
1733 1407 1889 1442 pertinetni~

1095 1457 1162 1489 bus,
1180 1457 1223 1484 die
1241 1456 1403 1488 constituto,
1427 1455 1577 1482 facultatem
1599 1453 1727 1482 redeundi
1747 1453 1889 1482 dederunt.

1095 1504 1146 1532 Sed
1169 1508 1260 1538 postea
1284 1511 1317 1530 ex
1339 1502 1405 1538 ipsis
1424 1501 1563 1529 duodecim
1586 1500 1714 1536 quosdam
1726 1522 1733 1534 ,
1749 1505 1776 1528 et
1788 1508 1820 1528 ex
1837 1500 1889 1528 illis

1095 1549 1191 1584 quibus
1206 1548 1299 1576 dilatio
1309 1548 1370 1575 data
1385 1547 1480 1580 fuerat,
1493 1551 1552 1581 post
1565 1546 1635 1573 diem
1651 1546 1764 1581 positum
1776 1545 1890 1573 redeun-

1096 1599 1148 1628 tes,
1163 1598 1272 1629 propter
1285 1601 1376 1628 pacem
1398 1600 1473 1620 suam
1496 1592 1522 1619 in
1540 1592 1594 1619 suis
1610 1591 1754 1618 honoribus
1765 1598 1890 1626 suscepe-

1095 1644 1174 1672 runt;
1198 1644 1225 1667 ct
1243 1646 1424 1675 quoscumque
1443 1642 1518 1665 extra
1537 1638 1654 1673 ipsorum
1675 1637 1889 1664 communionem

1096 1685 1212 1713 damnati
1235 1684 1450 1719 baptizavcrant,
1475 1683 1638 1717 rebaptizare
1658 1690 1712 1709 non
1736 1682 1793 1709 ausi
1817 1685 1888 1709 sunt.

1095 1731 1182 1766 Coepit
1198 1731 1249 1758 hoc
1263 1738 1355 1758 eorttm
1376 1730 1474 1757 factum
1492 1734 1585 1757 contra
1607 1729 1667 1756 illos
1687 1736 1735 1763 pro
1753 1727 1889 1755 Catholica

1095 1777 1207 1805 multum
1229 1777 1333 1809 valere,
1356 1781 1385 1803 ut
1402 1783 1449 1803 ora
1468 1783 1560 1803 eorum
1575 1775 1680 1810 penitus
1693 1774 1888 1802 clauderentur.

1096 1824 1162 1857 Quae
1173 1830 1216 1850 res
1228 1830 1288 1850 cttm
1305 1823 1391 1857 (sicut
1403 1821 1561 1857 oportebat)
1576 1820 1609 1848 ad
1623 1819 1755 1848 sanandos
1769 1819 1803 1846 ab
1816 1818 1889 1846 schi-

1097 1873 1182 1896 smate
1203 1868 1305 1896 animos
1325 1868 1462 1895 ltominutn
1488 1871 1657 1902 spargeretur
1680 1865 1839 1898 instantius,
1863 1869 1891 1892 et

1097 1921 1306 1949 quaquaversum
1323 1916 1444 1948 poterat,
1464 1912 1656 1939 catholicorum
1676 1910 1845 1938 sermonibus
1859 1916 1891 1937 ac

1096 1959 1319 1994 disputationibus
1331 1962 1525 1986 monstraretur
1537 1965 1584 1985 cos
1604 1964 1652 1992 pro
1671 1964 1736 1991 pace
1756 1955 1849 1983 Donati
1863 1960 1892 1983 et

1097 2006 1237 2033 damnatos
1248 2013 1312 2033 suos
1324 2005 1350 2032 in
1362 2004 1489 2032 honorem
1501 2012 1577 2031 suum
1588 2004 1718 2038 integrum
1729 2001 1888 2036 suscepisse,

1097 2055 1125 2079 et
1138 2051 1299 2086 baptismum
1313 2058 1392 2085 quem
1405 2049 1523 2077 damnati
1538 2049 1580 2076 vel
1592 2049 1672 2076 etiam
1683 2048 1768 2080 dilati,
1782 2046 1846 2073 foris
1857 2046 1891 2073 ab

1097 2097 1218 2125 Ecclesia
1229 2104 1320 2124 eorum
1330 2096 1468 2128 dederant,
1479 2103 1531 2123 non
1542 2102 1620 2122 ausos
1631 2093 1713 2122 fuisse
1722 2092 1889 2125 rescindere;

1097 2146 1124 2169 et
1136 2142 1194 2170 orbi
1210 2146 1340 2169 terrarum
1355 2145 1449 2169 contra
1464 2148 1556 2175 pacem
1570 2139 1668 2167 Christi
1685 2137 1891 2166 contaminatio-

1097 2196 1159 2215 nem
1169 2208 1177 2220 ,
1193 2188 1282 2215 nescio
1297 2194 1425 2222 quorum,
1441 2186 1557 2221 obiicere
1579 2190 1745 2220 peccatorum
1755 2203 1763 2216 ,
1784 2187 1812 2210 ct
1830 2189 1893 2209 eva-

1097 2242 1177 2261 cuare
1187 2234 1347 2268 baptismum
1360 2232 1385 2260 in
1396 2233 1449 2260 illis
1458 2239 1564 2267 quoque
1572 2230 1698 2258 Ecclesiis
1708 2229 1809 2262 datum,
1820 2228 1891 2256 unde

1098 2279 1124 2306 in
1138 2279 1255 2306 Africam
1268 2279 1342 2306 venit
1355 2278 1440 2313 ipsum
1455 2276 1624 2311 Evangelium
1640 2284 1647 2301 :
1662 2274 1766 2310 plurimi
1779 2273 1891 2301 confun-

1098 2324 1245 2357 debantur,
1265 2328 1293 2351 et
1311 2323 1450 2350 manifesta
1472 2322 1583 2349 veritate
1601 2321 1790 2348 erubescentes
1808 2318 1892 2346 corri-

1097 2370 1242 2404 gebantur,
1255 2368 1335 2395 solito
1347 2368 1468 2395 crebrius
1477 2388 1484 2400 ,
1497 2371 1524 2394 et
1536 2366 1621 2394 multo
1635 2365 1719 2400 magis
1733 2364 1892 2400 ubicumque

1098 2416 1132 2444 ab
1141 2423 1234 2443 eorum
1246 2414 1346 2442 smvitia
1360 2413 1506 2447 respirabat
1519 2413 1652 2447 aliquanta
1665 2411 1784 2439 libertas.

1134 2461 1179 2489 18.
1200 2461 1268 2488 Tum
1287 2468 1351 2487 vero
1373 2459 1409 2486 illi
1431 2459 1469 2486 sic
1489 2461 1661 2490 exarserunt,
1682 2461 1710 2484 et
1731 2455 1811 2483 tantis
1830 2458 1892 2483 sunt

1098 2509 1221 2537 odiorum
1241 2506 1354 2534 stimulis
1375 2504 1493 2537 incitati,
1513 2507 1542 2531 ut
1556 2507 1648 2531 contra
1668 2509 1761 2529 eorum
1781 2501 1891 2529 insidias

1098 2559 1178 2590 atque
1196 2553 1336 2581 violentias
1358 2556 1386 2579 et
1407 2549 1575 2585 apertissima
1597 2547 1752 2581 latrocinia,
1772 2547 1816 2574 vix
1831 2546 1892 2574 ulla

1099 2606 1198 2630 nostrae
1218 2598 1412 2627 communionis
1431 2596 1557 2624 Ecclesiae
1571 2598 1680 2630 possent
1696 2600 1758 2621 esse
1777 2599 1891 2624 secura,

1099 2647 1142 2674 vix
1155 2646 1209 2674 ulla
1222 2646 1262 2673 via
1276 2649 1331 2672 tuta
1344 2652 1394 2679 qua
1408 2644 1458 2670 iter
1471 2646 1579 2677 agerent
1593 2641 1751 2676 quicumque
1764 2639 1893 2668 adversus

1099 2699 1191 2720 eorum
1210 2690 1311 2718 rabiem
1334 2696 1425 2724 pacem
1450 2687 1606 2715 catholicam
1632 2685 1825 2720 praedicarent,
1847 2688 1911 2711 eos

1100 2745 1211 2774 rumque
1223 2736 1383 2765 dementiam
1399 2734 1536 2769 perspicua
1558 2732 1670 2759 veritate
1691 2731 1892 2757 convincerent.

1100 2785 1189 2820 Usque
1198 2783 1265 2812 adeo
1282 2788 1392 2817 prorsus
1408 2787 1461 2807 non
1475 2778 1560 2806 solum
1573 2777 1665 2809 laicis,
1680 2775 1723 2803 vel
1732 2774 1894 2810 quibuslibet

1100 2830 1215 2864 clericis,
1227 2828 1275 2857 sed
1287 2827 1352 2863 ipsis
1360 2833 1467 2863 quoque
1475 2823 1608 2860 episcopis
1619 2821 1759 2851 catholicis
1767 2820 1895 2857 quodam-

1101 2877 1181 2906 modo
1192 2873 1388 2912 proponebatur
1398 2871 1463 2900 dura
1477 2869 1604 2899 conditio.
1626 2868 1679 2897 Aut
1697 2867 1768 2897 enim
1781 2864 1894 2895 tacuit!-
