2060 3179
171 198 222 227 801

171 257 230 283 erat
243 253 351 288 veritas,
364 256 411 281 aut
423 257 515 281 eorum
528 250 679 279 immanitas
693 249 860 285 perferenda.
875 250 927 278 Sed
940 250 963 277 si

167 300 271 336 ,veritas
282 303 430 331 taceretur,
445 303 500 325 non
513 296 599 324 solum
615 303 693 323 nemo
708 295 792 323 fuerat
808 296 867 330 ejus
880 296 965 322 silen-

171 345 212 373 tio
225 344 391 375 liberandus,
415 342 463 371 sed
485 342 560 370 multi
581 341 662 369 etiam
684 340 789 368 illorum
811 340 967 368 seductione

171 390 302 427 perdendi
314 399 321 417 ε
332 390 355 417 si
367 393 455 417 autem
464 387 582 416 veritatis
593 386 780 422 prmdicatione
789 385 864 413 furor
873 393 965 413 eorum

172 435 206 464 ad
226 434 388 463 saeviendum
409 437 610 469 provocaretur,
628 432 761 467 aliquibus
782 431 899 459 liberatis
919 438 967 458 no-

171 481 289 516 atrisque
303 480 425 512 ﬁrmatis,
439 486 532 507 rursus
545 486 560 506 a
574 478 708 513 sequenda
725 477 835 505 veritate
853 476 966 504 formido

172 528 314 562 impediret
329 527 456 554 inﬁrmos.
472 525 537 552 Cum
550 526 630 559 igitur
643 525 683 551 his
696 524 824 559 angustiis
838 523 966 558 afﬂigere-

172 578 216 600 tur
229 573 361 604 Ecclesia,
377 572 495 606 quiSqnis
510 571 643 597 existimat
664 571 752 597 omnia
776 570 864 604 potius
884 568 962 595 sustia

172 617 258 645 nenda
269 638 276 650 ,
291 625 369 652 quam
383 617 429 643 Dei
443 616 567 643 auxilium
578 636 585 647 ,
599 620 626 642 ut
644 623 690 650 per
706 615 864 643 christianos
881 615 965 648 impe-

173 669 275 692 ratores
284 663 407 694 l'erretur,
419 662 499 689 fuisse
509 661 681 696 poscendum,
693 669 783 695 parum
795 660 905 687 attendit
913 667 965 686 non

173 710 270 737 bonam
282 709 315 736 de
329 710 376 736 hac
389 708 547 743 negligentia
564 707 637 734 reddi
656 707 773 741 potuisse
790 706 929 733 rationem.

208 755 284 782 CAP.
301 754 419 781 ν.-19.
429 754 504 786 Quod
514 753 583 779 enim
594 753 683 779 dicunt
692 752 735 786 qui
744 756 835 778 contra
844 757 905 777 suas
915 750 966 776 im-

174 801 458 836 pietateslogcsjustas
467 799 568 826 institui
579 799 681 831 nolunt,
693 806 744 825 non
757 798 862 832 petiisse
873 804 886 823 a
898 796 967 829 regi-

174 846 224 873 bus
235 850 311 873 terra:
321 845 461 880 Apostolos
475 844 547 876 talia,
561 852 613 870 non
625 842 794 870 considerant
804 841 874 868 aliud
887 841 966 867 fuisse

174 898 237 919 tunc
247 897 362 926 tempus,
377 896 403 918 et
413 891 501 917 omnia
514 890 570 916 suis
582 888 743 923 temporibus
755 888 806 922 agi.
819 887 884 920 Quis
894 886 966 913 enim

175 943 236 965 tunc
258 938 283 964 in
305 937 438 964 Christum
460 935 609 963 crediderat
628 935 787 968 imperator,
809 933 852 967 qui
875 932 899 958 ei
920 939 967 965 pro

174 983 272 1018 pietate
295 987 386 1009 contra
413 981 576 1016 impietatem
603 980 673 1014 leges
703 978 812 1005 ferendo
843 977 964 1008 serviret,

174 1027 280 1062 quando
294 1027 380 1054 adhuc
396 1026 459 1053 illud
475 1026 656 1061 propheticum
669 1024 864 1058 complebatur,
883 1022 968 1055 Quare

174 1073 329 1107 fremuerunt
340 1077 433 1107 gentes,
447 1076 470 1098 et
485 1071 572 1107 populi
587 1070 698 1096 meditati
711 1074 768 1096 sunt
782 1069 888 1095 inania?
902 1068 967 1094 Asti-

175 1122 257 1145 terunt
270 1126 339 1152 reges
355 1122 442 1149 terret,
466 1122 488 1143 et
508 1117 634 1151 principes
656 1119 820 1141 convenerunt
842 1115 868 1140 in
890 1122 968 1140 unum

175 1164 294 1190 adversus
304 1162 451 1195 Dominum,
465 1167 489 1188 et
501 1162 619 1188 adversus
630 1160 756 1188 Christum
767 1161 819 1195 ejus
832 1168 840 1186 :
852 1159 966 1186 nondum

175 1213 263 1236 autent
282 1209 425 1243 agebatur,
440 1208 509 1242 quod
531 1207 609 1242 paulo
627 1211 686 1241 post
708 1206 733 1232 in
756 1206 849 1232 eodem
865 1205 968 1239 psalmo

175 1255 281 1286 dicitur,
294 1254 326 1280 Et
337 1263 403 1280 nunc
414 1262 483 1289 rege:
494 1254 641 1288 intelligite;
654 1253 786 1279 erudintini
796 1252 838 1286 qui
846 1251 968 1287 jndicatt's

176 1305 291 1327 terrram.
309 1300 405 1327 Servite
419 1300 527 1327 Domino
541 1301 566 1326 in
580 1300 682 1331 timore,
698 1304 720 1325 et
738 1299 860 1325 exsultale
875 1298 896 1324 ei
912 1306 968 1324 cum

176 1351 283 1373 tremore
295 1345 379 1381 (Paul.
392 1354 420 1378 ιι,
435 1346 461 1377 1,
473 1346 505 1376 2,
526 1346 574 1378 10,
594 1346 648 1379 ll).
664 1345 802 1377 Quomodo
815 1352 879 1378 ergo
893 1351 968 1378 reges

176 1391 289 1418 Domino
308 1391 426 1418 serviunt
441 1391 466 1417 in
481 1391 575 1417 timore
586 1411 592 1422 ,
608 1390 657 1417 nisi
673 1398 703 1417 ea
716 1398 776 1424 quae
791 1394 882 1416 contra
895 1389 968 1423 jussa

176 1437 281 1463 Domini
306 1437 387 1468 liunt,
409 1437 531 1471 religiosa
550 1437 690 1463 severitate
712 1435 876 1470 prohibendo
891 1440 969 1469 atque

176 1481 333 1516 plectendo?
348 1482 432 1509 Aliter
443 1482 513 1508 enim
529 1482 624 1514 servit,
640 1482 700 1516 quia
715 1482 794 1507 homo
807 1486 863 1513 est;
880 1481 967 1513 aliter,

176 1528 236 1561 quia
252 1528 331 1554 etiam
346 1535 393 1554 rex
406 1532 466 1555 est:
482 1528 542 1562 quia
557 1527 636 1554 homo
651 1532 701 1559 est,
720 1527 743 1553 ei
762 1527 843 1554 servit
857 1526 969 1553 vivendo

176 1573 306 1606 ﬁdeliter;
322 1574 382 1608 quia
397 1581 460 1600 vero
474 1574 552 1600 etiam
574 1582 618 1600 rex
638 1578 696 1607 est,
720 1574 801 1600 servit
815 1573 887 1607 leges
899 1573 969 1607 justa

177 1619 360 1652 praecipientes
373 1624 399 1645 et
411 1619 543 1645 contraria
557 1619 729 1652 prohibentes
745 1619 912 1646 convenienti
929 1618 969 1644 vi-

176 1671 241 1698 gore
267 1664 420 1690 sanciendo.
450 1664 524 1691 Sicut
551 1664 661 1690 servivit
685 1664 828 1695 Ezechias,
852 1664 925 1690 lucos
944 1668 971 1690 et

178 1709 273 1743 templa
287 1709 430 1740 idolorum,
445 1713 472 1735 et
485 1709 528 1735 illa
543 1709 646 1736 excelsa
660 1716 719 1742 qua:
734 1714 825 1735 contra
841 1713 969 1743 praecepto

178 1754 226 1781 Dei
238 1754 342 1782 fuerant
355 1759 506 1781 constructa
520 1754 681 1781 destruendo
697 1754 741 1789 (IV
754 1754 816 1789 Reg.
833 1762 908 1786 xvttt,
923 1753 949 1789 4)
963 1763 968 1780 :

178 1799 246 1827 sicut
258 1800 366 1827 servivit
377 1800 473 1832 Jusias,
482 1800 544 1826 talia
552 1804 578 1827 et
589 1800 645 1834 ipse
656 1800 778 1827 faciendo
793 1799 883 1836 (Ibid.,
894 1808 968 1831 xxnt,

178 1845 205 1877 4,
217 1844 245 1880 5)
261 1854 266 1871 ;
282 1845 350 1871 sicut
362 1845 470 1871 servivit
483 1853 528 1872 rex
542 1845 725 1878 Ninivitarum,
738 1846 887 1872 universam
902 1845 969 1871 civi-

178 1894 258 1916 tatem
269 1890 301 1917 ad
315 1890 470 1924 placandum
483 1891 623 1917 Dominum
635 1890 821 1925 compellendo
836 1890 920 1925 (Jome
931 1898 968 1923 ιιι,

179 1934 245 1969 6-9)
264 1944 270 1961 :
289 1935 357 1962 sicut
374 1936 484 1962 servivit
499 1935 608 1969 Darius,
631 1936 729 1962 idolum
750 1936 924 1970 frangendum
945 1937 970 1963 in

178 1984 337 2014 potestatem
355 1981 455 2007 Danicli
470 1980 573 2012 dando,
588 1986 615 2007 et
633 1981 754 2008 inimicos
774 1981 831 2015 ejus
851 1981 972 2008 leonibus

179 2025 323 2059 ingerendo
334 2025 415 2060 (Dan.
430 2034 484 2057 xiv,
495 2025 540 2058 ﬁl,
553 2026 597 2059 41)
611 2035 617 2052 :
633 2026 700 2052 sicut
712 2027 819 2053 servivit
832 2026 971 2053 Nabucho-

177 2070 311 2104 donosor,
327 2071 360 2098 de
382 2079 434 2106 quo
451 2071 505 2105 jam
519 2071 651 2103 diximus,
667 2079 761 2098 omnes
781 2073 807 2099 in
828 2080 909 2106 regno
923 2081 972 2099 suo

178 2116 280 2150 positos
291 2124 304 2142 a
319 2116 529 2150 blasphemando
544 2116 598 2142 Deo
612 2116 670 2150 lege
684 2117 793 2143 terribili
808 2117 972 2151 prohibendo

179 2161 235 2195 (Id.
247 2169 289 2193 ιιι,
303 2160 361 2195 96).
383 2161 412 2188 ln
427 2161 478 2188 hoc
492 2169 556 2195 ergo
571 2161 689 2188 serviunt
703 2161 815 2188 Domino
834 2170 926 2196 rcges,
946 2163 972 2189 in

178 2210 306 2240 quantum
321 2211 383 2233 sunt
397 2214 488 2240 reges,
502 2214 562 2233 cum
583 2214 614 2233 ea
634 2206 732 2234 faciunt
751 2207 784 2234 ad
802 2208 971 2235 serviendum

179 2251 228 2282 illi,
242 2258 302 2285 quae
314 2259 366 2278 non
380 2256 491 2285 possunt
505 2251 594 2278 facere
609 2252 659 2278 nisi
673 2259 758 2286 reges.

215 2296 260 2323 20.
277 2296 342 2323 Cum
357 2296 445 2331 itaque
468 2296 585 2323 nondum
607 2304 682 2331 reges
706 2296 818 2324 Domino
841 2297 973 2324 servirent

182 2341 345 2375 temporibus
366 2341 555 2375 Apostolorum
568 2361 575 2373 ,
604 2341 651 2368 sed
675 2341 761 2368 adhuc
782 2342 973 2369 meditarentur

181 2387 270 2414 inania
283 2387 410 2414 adversus
421 2386 563 2414 Dominum
577 2391 604 2414 et
618 2386 746 2414 adversus
756 2387 891 2414 Christum
904 2388 972 2422 ejus,

182 2437 212 2460 ut
232 2433 425 2467 Prophetarum
445 2433 571 2468 praedicta
590 2433 677 2460 omnia
694 2434 903 2468 complerentur,
920 2442 972 2460 non

182 2478 274 2514 utique
288 2483 350 2506 tunc
363 2483 471 2513 possent
485 2478 636 2513 impietates
650 2478 752 2513 legibus
767 2478 911 2513 prohiberi,
927 2478 973 2505 sed

182 2525 272 2558 potius
285 2524 414 2551 exerceri.
431 2524 476 2551 Sic
486 2524 555 2551 enim
566 2523 632 2550 ordo
647 2528 795 2557 temporum
808 2524 971 2556 volvebatur,

183 2575 214 2596 ut
234 2574 260 2597 et
279 2569 363 2596 Judaei
378 2567 838 2603 occiderentprazdicatorcsChristi,
853 2574 974 2603 putantes

184 2621 215 2642 se
240 2614 355 2642 oﬂicium
382 2614 436 2641 Deo
460 2614 563 2646 facere,
586 2614 654 2641 sicut
674 2614 832 2648 priedixerat
855 2615 975 2642 Christus

185 2658 274 2693 (Joan.
286 2667 343 2691 xvi,
354 2658 392 2695 2),
403 2664 430 2686 et
439 2659 537 2686 Gentes
551 2659 695 2687 fremerent
706 2659 833 2687 adversus
845 2659 975 2688 Christia-

185 2710 246 2737 nus,
265 2709 291 2732 et
314 2712 406 2732 omnes
429 2705 552 2739 patientia
572 2710 717 2740 martyrum
737 2705 864 2733 vinceret.
880 2706 974 2734 Postea

185 2756 250 2776 vero
260 2757 339 2784 quam
353 2750 434 2784 coepit
453 2750 557 2784 impleri
569 2750 640 2785 quod
655 2751 782 2784 scripturn
797 2756 847 2783 est,
864 2751 896 2777 Et
910 2751 975 2778 ado-

185 2794 277 2820 rabunt
289 2803 345 2821 eum
360 2803 444 2822 omnes
454 2803 523 2830 rege:
536 2799 619 2827 terrm;
632 2803 718 2821 omnes
727 2800 811 2829 gentes
821 2796 927 2823 servient
937 2797 976 2823 illi

187 2838 352 2875 (Paulum,
361 2840 414 2875 ll);
424 2840 484 2875 quis
497 2845 586 2868 mente
598 2840 703 2867 sobrius
715 2840 821 2875 regibus
833 2840 975 2874 (Περι,Νο-

187 2885 233 2914 lite
246 2892 340 2914 curare
355 2887 381 2914 iu
395 2894 477 2922 regno
491 2892 580 2917 vestro
594 2895 609 2915 a
622 2895 674 2922 quo
696 2890 817 2915 teneatur
830 2887 871 2915 vel
889 2896 975 2923 oppu-

495 2935 497 2937 .
513 2930 605 2937 ›»-τ-ν,.

770 191 1007 222 ΕΡιετοιΑιιυιι
1025 190 1164 221 CLASSIS
1184 190 1227 220 Ill.

1755 195 1809 224 802

1016 256 1111 285 gnerur
1118 251 1237 281 Ecclesia
1246 251 1348 279 Domini
1359 255 1440 280 vestri
1448 260 1456 285 ;
1466 258 1518 279 non
1526 251 1560 280 ad
1571 259 1617 280 vos
1625 252 1767 287 pertineat,
1781 254 1808 280 in

1017 303 1099 331 regno
1113 300 1202 324 vestro
1216 297 1276 332 quis
1286 297 1415 325 velttesse
1422 297 1478 324 sive
1487 297 1625 333 religiosus
1634 318 1642 331 ,
1660 298 1716 325 sive
1727 299 1810 326 sacri-

1017 340 1092 376 legus
1107 341 1219 377 :quibtts
1228 341 1282 369 dici
1296 349 1347 369 non
1358 346 1454 377 potest,
1462 341 1520 370 Non
1530 342 1563 370 ad
1573 349 1622 370 vos
1634 343 1773 378 pertineat,
1783 344 1810 371 in

1017 394 1099 421 regno
1108 391 1199 414 vestro
1211 387 1271 422 quis
1284 387 1347 414 velit
1361 387 1471 421 pudicus
1483 395 1552 420 esse,
1568 387 1627 422 quis
1640 387 1811 422 impudicus?

1017 431 1070 459 Cur
1078 433 1149 460 enim
1157 440 1218 460 cum
1226 433 1317 460 datum
1328 433 1361 460 sit
1371 433 1496 461 divinitus
1504 433 1604 460 homini
1617 434 1728 461 liberum
1738 434 1812 461 arbi-

1018 478 1108 510 trium,
1124 478 1253 506 adulteria
1266 479 1368 514 legibus
1382 479 1540 514 puniantur,
1556 483 1584 507 et
1600 480 1737 515 sacrilegia
1751 487 1811 514 per-

1018 523 1174 551 mittantur‘!
1190 525 1229 550 An
1246 524 1323 551 [idem
1344 532 1396 551 non
1411 532 1518 552 servare
1534 525 1617 552 levius
1636 530 1676 552 est
1693 525 1811 552 animam

1019 568 1083 602 Deo,
1099 576 1177 604 quam
1190 569 1313 596 feminam
1325 569 1402 596 viro?
1415 575 1460 597 aut
1472 570 1494 597 si
1507 578 1538 598 ea
1552 578 1610 605 quae
1624 578 1675 597 non
1691 575 1812 598 contem-

1019 618 1075 649 ptu,
1099 614 1145 641 sed
1169 614 1316 649 ignorantia
1335 615 1469 650 religionis
1491 615 1703 648 committuntur,
1718 616 1811 643 mitius

1019 659 1186 692 vindicanda,
1204 659 1331 694 numquid
1346 660 1406 687 ideo
1420 660 1577 695 negligenda
1593 661 1671 688 sunt?

1053 704 1166 732 CAPUT
1180 704 1223 732 Vl.
1237 720 1271 724 —-
1282 705 1327 731 2|.
1342 705 1436 732 Melius
1449 711 1490 732 est
1504 706 1609 741 quidem
1624 706 1693 741 (quis
1704 706 1811 734 dubita-

1019 750 1126 786 verit?)
1143 751 1175 777 ad
1198 751 1281 778 Deum
1307 750 1448 778 colendum
1466 750 1585 778 doctrina
1600 751 1722 779 homines
1731 751 1791 779 duci
1802 772 1811 786 ,

1019 804 1097 831 quam
1110 804 1196 831 poena:
1209 797 1303 823 timore
1313 796 1356 823 vel
1368 796 1459 823 dolore
1474 797 1597 831 compelli
1609 805 1616 823 :
1630 797 1677 824 sed
1691 805 1742 825 non
1752 798 1811 832 quia

1020 842 1064 869 isti
1077 842 1201 869 meliores
1214 846 1286 874 sunt,
1300 841 1361 869 ideo
1374 841 1411 868 illi
1428 842 1472 876 qui
1491 842 1556 869 tales
1572 850 1624 869 non
1637 847 1713 874 sunt,
1727 843 1811 878 negli-

1018 888 1096 923 gendi
1119 893 1189 915 sunt.
1210 888 1298 916 Multis
1314 889 1386 916 enim
1401 887 1499 923 proluit
1519 888 1608 925 (quod
1624 889 1814 924 experimentis

1019 933 1188 968 probavimus
1213 937 1241 961 et
1266 933 1425 968 probamus)
1447 933 1521 967 prius
1542 933 1638 961 timore
1657 933 1698 960 vel
1720 932 1814 961 dolore

1019 982 1088 1014 cogi,
1107 983 1136 1006 ut
1155 984 1246 1014 postea
1269 984 1378 1014 possent
1394 978 1495 1012 doceri,
1508 978 1637 1013 autquod
1655 978 1710 1013 jam
1723 978 1813 1005 verbis

1019 1024 1176 1059 didicerant,
1200 1033 1281 1060 opere
1305 1024 1412 1053 sectari.
1436 1025 1592 1060 Proponuut
1612 1025 1687 1052 nobis
1705 1025 1812 1060 quidam

1020 1071 1180 1098 sententiam
1194 1070 1331 1105 cujusdam
1345 1070 1480 1097 srecnlaris
1489 1070 1615 1102 auctoris,
1625 1070 1668 1104 qui
1683 1070 1749 1097 dixit
1765 1078 1771 1096 :

1111 1126 1204 1150 Pudore
1216 1129 1242 1150 et
1253 1125 1399 1150 liberalitate
1408 1125 1498 1150 liberos

1112 1157 1235 1185 Retinere,
1248 1157 1324 1181 satius
1335 1162 1392 1187 esse
1403 1156 1486 1187 modo,
1497 1161 1570 1187 quam
1581 1158 1658 1179 metu.

1221 1186 1331 1217 (Terent.
1344 1186 1369 1211 in
1381 1185 1480 1218 adelph.
1497 1185 1544 1210 det.
1555 1186 1578 1216 l,
1589 1192 1655 1211 scen.
1667 1185 1708 1217 l.)

1020 1237 1077 1265 [Ioc
1090 1237 1197 1272 quidem
1212 1245 1305 1265 verum
1314 1242 1372 1270 est;
1386 1237 1433 1265 sed
1447 1238 1516 1265 sicut
1529 1237 1656 1265 meliores
1674 1240 1816 1271 suntun

1019 1283 1110 1318 dirigit
1123 1290 1208 1316 amor,
1221 1284 1256 1310 ita
1271 1284 1361 1318 plures
1373 1288 1435 1310 sunt
1446 1290 1513 1318 quos
1524 1283 1632 1321 corrigit
1645 1283 1733 1310 timor.
1747 1282 1815 1310 Nam

1020 1334 1049 1356 ut
1061 1329 1094 1357 de
1105 1329 1162 1364 ipso
1174 1325 1283 1357 auctore
1291 1329 1348 1357 istis
1358 1329 1560 1364 respondeatur,
1568 1328 1636 1364 apud
1648 1329 1723 1355 illum
1734 1328 1814 1356 etiam

1021 1374 1112 1409 legunt
1128 1383 1134 1400 :

1112 1433 1147 1454 'nt
1157 1430 1204 1455 nisi
1214 1429 1279 1455 malo
1288 1433 1393 1460 coaaus,
1403 1433 1472 1456 recte
1481 1430 1562 1455 facere
1570 1430 1661 1456 nescis.

1020 1482 1104 1510 Porro
1114 1487 1201 1510 autem
1211 1483 1346 1518 Scriptura
1357 1482 1453 1515 divina,
1464 1486 1490 1510 et
1500 1488 1609 1518 propter
1620 1482 1679 1509 illos
1688 1481 1815 1509 meliores

1021 1526 1096 1559 dixit,
1111 1526 1195 1554 Timor
1208 1535 1258 1554 nou
1268 1532 1305 1554 est
1321 1528 1347 1554 iu
1360 1528 1500 1560 churitute;
1514 1528 1558 1554 sed
1575 1529 1684 1563 perfecta
1704 1527 1817 1553 charitua

1022 1574 1091 1608 forat
1103 1572 1178 1599 mittit
1193 1573 1306 1600 timorem
1319 1572 1434 1608 (Noun.
1460 1581 1497 1605 tv,
1521 1573 1581 1608 18);
1603 1577 1631 1600 et
1643 1576 1753 1607 propter
1765 1571 1815 1599 hos

1021 1617 1171 1650 inferiores,
1186 1618 1231 1653 qui
1246 1618 1335 1653 plures
1347 1623 1424 1651 sunt,
1439 1618 1493 1650 ait,
1519 1617 1606 1645 Verbis
1626 1626 1677 1645 non
1691 1617 1814 1644 emenda-

1022 1662 1088 1690 bitur
1106 1671 1191 1690 servus
1205 1663 1303 1695 durus;
1317 1664 1419 1690 si‘enim
1429 1668 1452 1691 et
1464 1664 1625 1695 intellexerit,
1646 1671 1696 1690 non
1720 1663 1817 1690 obediet

1023 1708 1113 1746 (Prov.
1129 1717 1205 1742 xxix,
1222 1708 1278 1746 19).
1296 1708 1364 1737 Cum
1381 1709 1463 1741 dixit,
1477 1709 1566 1736 verbis
1580 1716 1641 1736 eum
1656 1716 1709 1735 non
1723 1715 1818 1736 emen-

1022 1755 1090 1788 dari,
1106 1762 1159 1782 non
1172 1763 1233 1783 eum
1242 1755 1322 1790 jussit
1333 1756 1433 1788 deseri,
1447 1755 1494 1783 sed
1509 1756 1588 1783 tacite
1601 1755 1737 1782 admonuit
1749 1754 1818 1782 unde

1022 1801 1119 1829 debeat
1138 1801 1275 1829 emendari
1292 1810 1300 1828 :
1315 1801 1431 1836 alioquin
1447 1809 1499 1828 non
1514 1801 1634 1832 diceret,
1660 1800 1748 1827 Verbi:
1768 1808 1818 1827 non

1023 1846 1214 1879 emendabitur;
1227 1846 1275 1874 sed
1295 1846 1478 1874 tantummodo
1490 1846 1600 1879 diceret,
1616 1845 1674 1873 Non
1686 1845 1815 1873 emenda-

1023 1891 1104 1919 bitur.
1120 1891 1181 1919 Alio
1195 1891 1294 1926 quippe
1308 1891 1368 1918 loco
1381 1890 1447 1918 dicit
1461 1899 1513 1918 noa
1529 1891 1615 1918 solum
1632 1898 1750 1923 servum,
1771 1889 1818 1917 sed

1023 1937 1103 1965 etiam
1117 1937 1200 1964 lilium
1215 1937 1437 1972 indiseiplinatum
1452 1936 1536 1971 plagis
1550 1943 1610 1964 esse
1620 1935 1795 1964 coercendum
1809 1943 1817 1966 ;

1023 1987 1052 2010 et
1066 1990 1161 2017 magno
1176 1982 1260 2010 l'rttctu
1278 1992 1286 2010 :
1304 1990 1365 2009 nam
1376 2003 1384 2016 ,
1405 1982 1446 2009 Tu
1465 1982 1574 2016 quidem,
1594 1982 1689 2016 inquit,
1709 1981 1819 2016 percutis

1024 2036 1081 2057 eum
1093 2028 1175 2062 virga;
1181 2028 1292 2054 animum
1301 2035 1359 2054 vero
1368 2029 1422 2062 ejus
1432 2027 1550 2053 liberabis
1560 2035 1576 2052 a
1586 2031 1666 2053 morte
1676 2025 1730 2059 (Id.
1743 2033 1817 2059 χχιιι,

1024 2072 1085 2106 ﬂ);
1098 2077 1126 2099 et
1137 2072 1198 2099 alibi
1214 2072 1288 2104 dicit,
1308 2072 1358 2104 Qui
1377 2071 1458 2106 parcit
1477 2071 1577 2103 baculo,
1589 2071 1642 2097 odit
1653 2071 1735 2105 ﬁlium
1745 2079 1819 2097 suum

1025 2116 1082 2152 (Id.
1098 2125 1155 2150 χιιι,
1169 2116 1226 2152 24).
1243 2117 1280 2144 Da
1293 2117 1363 2143 enim
1377 2116 1422 2151 qui
1441 2121 1512 2143 recta
1533 2116 1584 2143 lidc
1601 2124 1717 2151 veroque
1740 2116 1818 2143 intel-

1025 2162 1183 2194 lectu,-totis
1196 2162 1291 2188 animae
1302 2169 1358 2188 sute
1369 2161 1469 2188 viribus
1480 2161 1561 2194 dicat,
1575 2161 1658 2188 Sitivit
1668 2162 1754 2187 ariima
1762 2169 1818 2197 meq

1025 2207 1061 2234 ad
1081 2207 1164 2234 Deum
1183 2207 1283 2239 viuum;
1295 2207 1396 2241 quando
1410 2207 1517 2238 veniant,
1532 2211 1555 2234 et
1569 2207 1697 2242 apparebo
1709 2212 1768 2234 ante
1776 2209 1819 2243 fu-

1025 2253 1088 2280 riam
1104 2252 1151 2280 Dei
1166 2246 1251 2288 (Paul.
1267 2260 1320 2286 xu,
1334 2252 1382 2289 5)?
1392 2257 1418 2280 et
1433 2252 1494 2280 huic
1507 2253 1563 2286 tali,
1579 2261 1631 2279 non
1645 2253 1732 2281 solum
1749 2258 1818 2280 tent-

1025 2300 1155 2334 poralium
1171 2307 1309 2334 poenarum
1319 2319 1327 2332 ,
1344 2299 1382 2326 vel
1399 2298 1573 2333 imperialium
1589 2299 1686 2334 legum.
1702 2299 1749 2326 sed
1771 2306 1820 2327 nec

1025 2344 1206 2380 gehennarum
1223 2344 1302 2372 timor
1314 2348 1355 2372 est
1371 2344 1548 2377 necessarius,
1564 2344 1606 2372 cui
1618 2349 1671 2371 tant
1682 2344 1820 2372 desidera-

1026 2390 1079 2418 bile
1092 2390 1190 2417 bonum
1203 2395 1245 2418 est
1259 2389 1396 2417 adlimrere
1409 2390 1472 2422 Deo,
1482 2395 1570 2416 utnon
1581 2390 1666 2417 solum
1677 2390 1711 2417 ab
1722 2390 1767 2417 illa
1781 2389 1820 2417 fe-

1026 2435 1125 2463 licitate
1133 2435 1254 2468 alienari,
1264 2438 1387 2469 tanquam
1401 2442 1524 2470 magnum
1536 2435 1692 2469 supplicium
1704 2434 1819 2469 perhor-

1027 2484 1122 2512 rescat,
1134 2487 1227 2507 verum
1241 2480 1321 2507 etiam
1333 2479 1433 2507 dill'erri
1446 2480 1557 2506 moleste
1571 2479 1648 2506 ferat.
1660 2479 1714 2507 Sed
1730 2485 1819 2507 tamen

1027 2529 1168 2559 antequam
1182 2524 1271 2551 dicant
1285 2524 1347 2551 boni
1363 2524 1419 2557 lilii,
1439 2523 1673 2559 Concupiscentiam
1691 2525 1820 2552 habemus

1027 2570 1139 2603 dissolvi,
1154 2574 1179 2596 et
1192 2578 1245 2596 me
1266 2578 1324 2596 cum
1342 2569 1440 2596 Christo
1460 2569 1589 2605 (Philipp.
1615 2577 1641 2603 ι,
1664 2570 1727 2606 25);
1744 2571 1819 2597 multi

1027 2617 1101 2651 prius
1111 2637 1119 2649 ,
1133 2620 1258 2651 tanquam
1274 2617 1335 2643 mali
1350 2616 1421 2643 servi
1440 2620 1468 2644 et
1487 2615 1685 2651 quodammodo
1706 2617 1819 2652 improbi

1026 2660 1142 2696 fugitivi,
1158 2660 1192 2688 ad
1206 2661 1347 2688 Dominum
1361 2668 1439 2688 suum
1455 2661 1641 2696 temporalium
1655 2661 1819 2698 ﬂagellorum

1027 2706 1140 2734 verbere
1151 2710 1321 2733 revocantur.

1063 2752 1109 2779 22.
1118 2752 1183 2785 Quis
1192 2753 1263 2780 enim
1276 2760 1325 2781 nos
1338 2756 1426 2788 potest
1436 2752 1549 2787 amplius
1557 2759 1646 2791 amare
1656 2760 1735 2788 quam
1744 2753 1819 2781 Chri-

1027 2801 1095 2831 stus,
1110 2797 1153 2832 qui
1172 2797 1287 2825 animarn
1300 2805 1375 2826 suam
1395 2798 1482 2833 posuit
1496 2805 1544 2832 pro
1557 2797 1650 2825 ovibus
1663 2798 1718 2825 suis
1729 2798 1818 2833 (Joan.

1028 2850 1056 2873 x,
1070 2842 1133 2877 l5)?
1147 2843 1179 2870 Et
1190 2846 1278 2871 tamen
1291 2851 1352 2870 cum
1364 2843 1472 2870 Petrum
1484 2847 1513 2870 et
1525 2842 1593 2869 alios
1604 2843 1747 2877 Apostolus
1761 2843 1818 2872 solo

1028 2889 1112 2918 verbo
1127 2894 1258 2924 vocasset,
1273 2890 1384 2918 Paulum
1395 2890 1471 2924 prius
1485 2890 1608 2925 Sauluni,
1621 2891 1747 2921 Ecclesia
1765 2900 1817 2920 sua
