2043 3175
249 176 305 204 ιςοιι

252 234 346 265 postea
359 235 483 264 magnum
498 225 695 256 :ediﬁcatorem,
711 221 758 249 sed
780 218 941 246 horrendum
965 220 1042 265 antea

253 261 425 307 vastatorem,
435 281 487 301 non
498 272 584 300 solum
595 277 659 296 voce
673 265 846 302 compescuit,
860 271 953 291 verum
963 261 1044 290 etiam

254 325 385 356 potestate
397 317 549 354 prostravit,
563 320 643 349 alque
657 317 685 340 ut
698 310 861 340 inﬁdelitatis
869 307 985 336 tenebris
995 314 1047 356 sa:-

254 352 369 395 vientem
380 352 412 392 ad
424 361 628 392 desiderandum
640 360 729 386 lumen
738 356 828 384 cordis
839 358 945 390 urgeret
956 354 964 369 ¹
973 352 1046 388 prius

255 411 376 446 corporis
383 410 502 438 excitate
513 406 652 442 percussit.
662 404 690 432 Si
699 410 775 438 poena
785 402 829 429 illa
839 408 891 428 non
900 403 980 430 esset,
993 405 1046 425 non

255 458 289 485 ab
299 444 329 484 ea
340 454 508 491 postmodum
521 456 659 480 sanaretur
673 459 679 477 :
694 455 721 477 et
734 448 839 484 quando
852 446 950 481 apertis
962 444 1046 472 oculis

254 503 322 531 nihil
333 501 447 533 videbat,
463 500 485 528 si
500 507 546 527 θος
560 499 647 527 salvos
662 496 781 528 haberet,
796 502 849 521 non
862 493 896 520 ad
904 492 1048 527 impositio-

258 556 318 576 Item
332 554 427 575 manus
441 546 549 574 Anania:
564 565 572 576 ,
592 549 620 571 ut
641 550 733 570 eorum
756 540 904 576 aperiretur
918 539 1026 566 obtutus
1037 558 1045 571 ,

256 599 381 627 tanquam
387 599 521 626 squamas,
528 590 624 625 quibus
631 589 738 616 clausus
746 588 842 619 fuerat,
850 586 911 613 inde
920 584 1049 612 cecidisse

256 638 393 673 Scriptura
408 640 529 663 narraret
537 635 605 670 (Act.
619 641 655 666 ιχ,
663 632 747 668 1-18).
755 632 804 660 Ubi
813 630 931 666 estquod
939 630 982 657 isti
991 629 1047 657 cla-

257 691 332 711 mare
345 685 560 710 consueverunt:
575 679 701 707 Liberum
722 682 764 705 est
784 676 911 708 credere,
934 675 976 703 vel
996 682 1048 701 non

257 728 387 756 credere?
398 728 440 755 cui
450 727 504 754 vim
516 726 638 753 Christus
650 724 758 751 intulit?
768 730 846 758 quem
860 721 966 756 coegit?
981 721 1050 748 Ecce

257 774 358 802 habent
379 773 490 801 Paulum
511 770 679 806 apostolum;
704 771 850 804 agnoscant
871 768 897 794 in
920 774 953 794 eo
976 766 1050 801 prius

258 823 398 855 cogentem
413 818 559 849 Christum,
575 820 602 844 et
614 819 706 850 postea
720 814 858 841 docentem
866 812 941 848 prius
954 811 1051 839 ferien-

259 870 329 898 tem,
352 869 380 892 ct
401 868 493 898 postea
510 862 702 890 consolantem.
720 860 813 887 Mirum
826 862 868 886 est
879 862 968 885 autem
982 863 1050 891 quo-

259 911 339 938 modo
352 911 396 938 ille
410 910 454 945 qui
476 916 553 943 pmna
573 907 693 942 corporis
706 906 739 933 ad
752 905 924 940 Evangelium
943 906 1051 931 coactus

259 957 376 989 intravit,
391 957 450 991 plus
465 956 517 982 illis
529 954 651 982 omnibus
665 953 710 988 qui
723 952 780 980 solo
790 950 873 978 verbo
884 949 968 977 vocati
979 952 1050 981 sunt,

260 1003 287 1029 in
300 1002 442 1037 Evangelio
457 1000 585 1028 laboravit
597 998 624 1034 (Ι
639 998 698 1026 Cor.
712 1005 756 1029 xv,
769 997 825 1032 10);
837 1000 863 1024 et
876 1002 954 1030 quem
967 994 1053 1028 major

261 1049 341 1075 timor
353 1047 481 1082 compulit
495 1046 527 1073 ad
539 1045 696 1073 charitatem
708 1063 716 1076 ,
732 1043 789 1078 ejus
801 1041 919 1077 perfecta
937 1040 1054 1069 charitas

262 1094 334 1121 foras
357 1094 428 1120 misit
451 1093 586 1119 timorem.

297 1139 343 1165 25.
357 1139 409 1166 Cur
421 1145 483 1173 ergo
497 1145 550 1164 non
564 1139 673 1170 cogeret
683 1134 801 1162 Ecclesia
815 1133 933 1168 perditos
947 1131 1015 1159 ﬁlios
1026 1134 1055 1158 ut

264 1185 391 1216 redirent,
407 1184 429 1210 si
445 1183 540 1219 perditi
560 1182 608 1208 ﬁlii
628 1185 773 1216 coegerunt
790 1180 856 1206 alios
871 1183 900 1206 ut
914 1178 1055 1213 perirent?

263 1230 388 1265 Quamvis
399 1230 478 1257 etiam
493 1229 550 1255 illos
561 1235 628 1262 quos
641 1234 695 1254 non
707 1230 862 1260 coegerunt,
878 1224 925 1251 sed
939 1228 1056 1251 tantum-

263 1276 344 1303 modo
357 1275 529 1307 seduxerunt,
546 1273 567 1299 si
582 1280 630 1307 per
644 1272 774 1299 terribiles
789 1270 836 1298 sed
852 1269 973 1297 salubres
983 1269 1056 1304 leges

263 1322 290 1348 in
306 1321 364 1355 ejus
377 1314 507 1355 gremium
520 1321 689 1349 revocentur,
704 1316 827 1343 blandius
841 1316 883 1350 pia
898 1318 984 1342 mater
997 1321 1056 1341 am-

264 1366 397 1401 plectitur,
414 1369 440 1392 et
455 1365 488 1391 de
502 1364 552 1391 illis
567 1364 649 1391 multo
668 1362 781 1397 amplius
795 1369 875 1397 quam
891 1361 925 1389 de
938 1361 978 1388 his
991 1368 1058 1396 quos

266 1419 401 1446 nunquam
422 1410 574 1446 perdiderat
587 1430 594 1441 ,
607 1410 765 1444 gratulatur.
781 1409 876 1435 Annon
891 1408 1006 1442 pertinet
1024 1407 1058 1434 ad

264 1457 428 1491 diligentiam
443 1455 615 1490 pastoralem,
628 1455 706 1481 etiam
721 1454 780 1481 illas
792 1461 856 1481 oves
865 1460 926 1488 qua:
936 1461 989 1480 non
1002 1452 1059 1479 vio-

265 1502 351 1529 lenter
361 1504 470 1535 ereptte,
484 1500 531 1527 sed
545 1499 640 1526 blande
653 1499 800 1534 leniterque
812 1498 939 1529 seducta,
954 1505 968 1524 a
979 1505 1058 1532 grege

264 1546 459 1578 aberraveriut,
476 1548 502 1572 et
517 1545 550 1571 ab
563 1544 656 1572 alienis
668 1544 798 1579 coeperint
811 1543 952 1578 possideri,
966 1543 1059 1570 inven-

266 1597 307 1620 tas
317 1592 350 1620 ad
361 1592 429 1619 ovile
439 1591 612 1623 dominicum.
619 1592 642 1618 si
651 1591 777 1619 resistere
786 1591 927 1624 voluerint,
939 1589 1059 1625 ﬂagello—

267 1645 327 1665 rum
343 1637 500 1668 terroribus,
516 1636 558 1663 vel
573 1637 652 1664 etiam
667 1637 803 1664 doloribus
817 1643 943 1664 revocare
964 1645 970 1663 :
993 1643 1060 1670 pra:-

268 1683 360 1710 sertim
371 1682 498 1717 quoniam
512 1682 533 1708 si
548 1681 618 1716 apud
630 1680 753 1716 fugitivos
768 1688 861 1708 servos
873 1686 901 1708 et
921 1681 1060 1715 prmdones

267 1727 429 1754 fecunditate
451 1726 675 1760 multiplicentur,
692 1726 750 1760 plus
771 1725 851 1753 habet
869 1725 937 1760 juris
950 1725 1020 1760 quod
1034 1725 1059 1752 in

267 1772 307 1799 eis
327 1771 476 1798 dominicus
492 1771 632 1798 character
645 1771 812 1806 agnoscitur;
828 1771 873 1805 qui
888 1770 914 1797 in
933 1770 972 1797 eis
993 1777 1061 1805 quos

269 1817 439 1851 suscipimus,
456 1824 505 1843 nec
518 1820 606 1844 tamen
620 1816 815 1851 rebaptizamus
825 1836 832 1848 ,
853 1816 962 1843 minime
975 1816 1059 1843 viola-

269 1862 332 1889 tur?
347 1862 391 1889 Sic
403 1861 473 1888 enim
488 1869 565 1888 error
577 1861 749 1896 corrigendus
762 1866 804 1888 est
815 1861 873 1888 ovis
885 1881 892 1893 ,
915 1865 944 1888 ut
967 1869 1021 1888 non
1034 1861 1060 1888 in

269 1916 301 1936 ca
309 1912 495 1942 corrumpatur
503 1907 667 1942 signaculum
677 1907 871 1942 Redemptoris.
879 1907 970 1942 Neque
977 1907 1047 1934 enim
1053 1927 1060 1939 ,

270 1954 293 1981 si
308 1954 446 1989 quisquam
461 1953 534 1988 regio
549 1953 701 1981 charactere
722 1961 737 1980 a
758 1954 862 1988 signato
874 1953 1010 1981 desertore
1023 1953 1062 1980 si-

268 2004 376 2034 gnetur,
390 2003 418 2026 et
431 1999 563 2032 accipiant
575 1999 585 2014 ²
597 1998 798 2033 indulgentiam,
818 2003 898 2033 atque
913 1998 957 2026 ille
972 1998 1063 2026 redeat

270 2044 305 2071 ad
317 2044 447 2075 militiam,
458 2044 502 2071 ille
514 2049 601 2071 autem
612 2051 672 2071 esse
684 2044 710 2071 in
725 2044 827 2077 militia,
842 2044 867 2071 in
881 2052 932 2079 qua
945 2044 1061 2071 nondum

271 2093 340 2122 erat,
356 2089 481 2123 incipiat;
495 2089 521 2116 in
535 2090 622 2125 aliquo
637 2097 730 2118 eorum
744 2089 882 2117 character
900 2090 944 2117 ille
963 2089 1064 2118 rescin-

271 2134 358 2167 ditur,
370 2141 401 2161 ae
414 2141 467 2160 non
477 2135 564 2168 potius
577 2135 602 2161 in
613 2135 743 2162 ambobus
753 2136 914 2170 agnoscitur,
926 2139 953 2163 et
963 2135 1063 2162 honore

271 2179 373 2213 debito,
396 2178 522 2213 quoniam
546 2180 634 2214 regius
653 2184 705 2212 est,
725 2180 892 2214 approbatur.
920 2179 985 2212 Quia
999 2187 1063 2214 ergo

272 2232 325 2252 non
339 2231 450 2259 possunt
462 2228 560 2254 malum
573 2234 633 2254 esse
643 2226 785 2254 ostendere
799 2234 851 2260 quo
862 2223 1003 2260 coguntur,
1015 2233 1064 2253 nec

258 2270 307 2311 ,ad
319 2271 418 2298 bonum
429 2280 458 2299 se
472 2273 531 2307 cogi
544 2277 668 2306 oportere
679 2271 853 2299 contendunt.
868 2272 919 2299 Sed
930 2280 945 2299 a
956 2271 1064 2299 Christo

272 2320 394 2344 coactum
403 2317 567 2345 ostendimus
578 2317 686 2344 Paulum
699 2325 706 2344 :
718 2316 837 2344 imitatur
846 2316 934 2350 itaque
944 2317 1064 2345 Ecclesia

259 2384 261 2386 .
273 2363 300 2389 in
310 2362 369 2389 istis
379 2363 505 2397 cogendis
517 2363 658 2390 Dominum
677 2369 766 2395 suum,
781 2370 841 2397 qua:
856 2362 929 2396 prius
939 2366 967 2390 ut
978 2364 1064 2391 nemi-

273 2415 334 2435 nem
347 2412 455 2443 cogeret
468 2409 641 2442 exspectavit,
656 2412 684 2435 ut
696 2408 730 2435 de
744 2407 795 2434 ﬁde
809 2415 902 2442 regum
912 2412 991 2443 atque
1000 2415 1065 2443 gen-

273 2454 339 2481 tiqu
354 2454 508 2488 praedicatio
521 2454 676 2489 prophetica
688 2454 878 2489 complcrctur.

308 2499 353 2526 2i.
376 2500 463 2528 Etiam
485 2500 548 2527 hinc
567 2500 637 2528 enim
652 2507 704 2527 non
720 2500 836 2528 absurde
850 2500 1005 2536 intelligitur
1020 2501 1064 2528 illa

274 2545 419 2579 apostolica
433 2545 562 2573 sententia
571 2566 578 2575 .
595 2545 641 2573 ubi
665 2544 760 2573 Paulus
773 2546 865 2573 beatus
874 2546 939 2573 dicit
954 2555 960 2572 :
974 2545 1065 2573 Parati

274 2590 363 2616 ulcisci
377 2598 475 2617 omnem
489 2591 692 2624 inabedientiam,
703 2599 759 2618 cum
772 2591 896 2626 completa
908 2592 985 2626 fuerit
996 2593 1066 2626 prior

274 2635 414 2662 obedientia
426 2641 507 2663 vestra
521 2636 559 2672 (ll
573 2636 633 2664 Car.
648 2645 674 2669 x,
689 2637 729 2671 (ἰ).
741 2636 817 2664 Unde
829 2641 856 2664 et
869 2637 927 2671 ipse
938 2637 1065 2665 Dominus

274 2679 307 2706 ad
320 2687 439 2715 magnam
448 2688 551 2708 cwnam
563 2689 637 2709 suam
650 2682 724 2716 prius
736 2682 830 2709 adduci
842 2682 917 2716 jubet
928 2683 1063 2715 convivas,

306 2761 315 2776 ι
328 2760 478 2793 ιιθςηᾱῡεοιη
491 2767 497 2785 :
512 2764 584 2793 atque
599 2759 749 2793 inﬁdelitatis
763 2760 866 2786 tenebris
875 2760 1028 2792 ,δίει-ἱειιιειη,
1041 2764 1067 2786 ut

274 2790 506 2826 ad_rlcsi_dertuir_tu_m
518 2790 595 2816 luinen
607 2790 686 2816 cordis
698 2794 814 2826 surgeret.

276 2822 517 2884 ﬁliifilii;
530 2827 582 2847 uss.
597 2829 665 2853 vero,
676 2822 811 2855 accipiam,
821 2822 922 2853 scilicet,
934 2823 974 2855 qui
985 2823 1066 2856 signat

365 2871 480 2885 μου-...η

875 163 905 190 S.
924 157 1107 189 AUGUSTINI
1126 157 1277 187 EPISCOl’l
1320 152 1323 156 ’

1834 157 1886 185 804

1096 217 1187 249 postea
1210 213 1269 249 cogi
1285 222 1291 241 :
1306 221 1366 241 nam
1384 221 1445 242 cuin
1464 214 1489 242 ei
1513 214 1583 243 servi
1603 215 1645 243 sui
1666 216 1883 252 respondissent,

1098 260 1215 293 Domine,
1229 262 1324 295 factum
1337 264 1374 287 est
1387 260 1454 295 quod
1464 261 1574 295 jussistt',
1596 266 1619 289 et
1639 262 1723 289 adhuc
1741 269 1777 290 est
1794 264 1886 297 locus;

1099 305 1184 338 Exite,
1196 305 1289 340 inquit,
1304 306 1330 332 in
1343 306 1396 333 vias
1410 311 1433 332 et
1446 314 1527 341 cepas,
1541 312 1564 333 et
1583 315 1749 343 quotcumque
1760 310 1886 338 inueneri-

1099 350 1140 384 tis,
1152 351 1232 385 cogite
1244 351 1339 378 intrare
1353 351 1430 386 (Luc.
1448 359 1502 385 nv,
1524 352 1569 385 22,
1585 353 1642 388 9.5).
1657 354 1685 381 in
1701 354 1752 382 illis
1765 362 1831 390 ergo
1841 357 1886 391 qui

1099 394 1194 422 leniter
1207 396 1293 430 primo
1315 396 1422 423 adducti
1446 402 1522 428 sunt.
1536 399 1667 432 completa
1681 404 1723 427 est
1736 400 1808 434 prior
1821 401 1886 429 obe-

1098 440 1215 472 dicntia;
1238 441 1266 468 in
1288 440 1348 468 istis
1366 446 1456 469 autem
1472 443 1518 477 qui
1541 448 1685 478 coguntur,
1708 445 1888 474 inobedientia

1099 492 1238 514 coercetur
1256 496 1264 514 :
1284 496 1345 515 nam
1359 488 1421 523 quid
1435 493 1485 521 est,
1500 490 1580 525 cogite
1593 491 1706 524 intrare,
1727 499 1788 518 eum
1804 493 1889 526 primo

1100 532 1198 559 dictant
1212 537 1292 565 esset,
1307 534 1435 567 adducite,
1458 540 1485 562 et
1504 543 1662 570 responsum
1677 542 1759 570 esset,
1779 537 1890 567 Factus

1100 583 1135 605 est
1148 578 1215 609 quod
1223 578 1333 613 jussistt',
1347 585 1370 605 et
1382 580 1466 606 adhuc
1485 585 1520 607 est
1539 581 1630 608 locus?
1651 582 1679 610 Si
1702 582 1889 613 miraculorum

1102 623 1247 651 terroribus
1261 624 1395 658 cogendos
1409 625 1538 653 voluisset
1550 626 1660 661 intelligi
1673 635 1681 659 ;
1695 629 1779 663 magis
1795 629 1830 657 ad
1843 637 1890 658 eos

1101 669 1146 703 qui
1169 669 1243 703 prius
1261 670 1346 696 vocati
1368 674 1439 704 sunt,
1457 670 1548 698 divina
1571 672 1698 700 miracula
1719 674 1801 701 multa
1824 675 1892 703 facta

1101 721 1172 749 sunt,
1194 718 1309 744 maxime
1322 717 1354 743 ad
1367 716 1473 744 ludatos
1486 717 1519 744 de
1532 718 1628 752 quibus
1639 719 1740 747 dictum
1754 725 1795 748 est
1805 721 1892 749 λιιάαὶ

1102 761 1174 796 signa
1188 767 1272 793 petunt
1285 762 1306 796 (l
1318 762 1409 795 Cora],
1422 763 1468 798 22)
1483 772 1491 790 :
1504 763 1529 790 in
1544 763 1608 797 ipsis
1622 772 1727 800 quoque
1741 765 1892 794 Gentilibus

1104 806 1163 833 talia
1180 807 1343 841 temporibus
1360 807 1548 842 Apostolorum
1568 809 1695 836 miracula
1717 810 1892 845 Evangeliutn

1103 852 1357 879 commcndaverunt
1366 872 1373 885 ,
1389 857 1417 879 ut
1428 853 1451 880 si
1465 853 1560 881 talibus
1570 854 1629 889 cogi
1639 855 1806 889 juberentur,
1822 857 1895 890 prio-

1104 904 1158 929 res,
1170 901 1199 924 ut
1212 897 1276 929 dixi,
1288 898 1375 931 potius
1385 898 1504 925 conviva:
1518 899 1603 926 coacti
1616 907 1676 927 esse
1688 901 1784 928 merito
1798 901 1895 929 crede-

1104 948 1206 970 rentur.
1220 943 1396 978 Quapropter,
1407 944 1428 971 si
1443 949 1573 979 potestate
1586 953 1664 980 quam
1679 954 1726 980 per
1738 947 1894 982 religionem

1104 995 1136 1015 ac
1150 988 1228 1016 ﬁdem
1244 997 1346 1024 regum,
1364 994 1482 1025 tempore
1494 998 1547 1025 quo
1561 990 1668 1024 debuit,
1681 992 1771 1020 divino
1785 1000 1896 1021 munere

1105 1036 1208 1069 accepit
1229 1035 1347 1063 Ecclesia
1358 1056 1365 1068 ,
1380 1036 1407 1062 hi
1422 1037 1466 1070 qui
1482 1037 1652 1064 inveniuntur
1664 1038 1690 1064 in
1706 1038 1756 1065 viis
1767 1042 1796 1066 et
1808 1039 1838 1066 in
1854 1046 1897 1067 se-

1107 1081 1194 1115 pibus,
1209 1081 1235 1108 id
1248 1086 1289 1109 est
1304 1082 1330 1108 in
1352 1081 1498 1109 hmresibns
1515 1087 1542 1109 et
1556 1083 1753 1117 schismatibus,
1766 1083 1897 1119 coguntur

1107 1127 1223 1159 intrare;
1247 1135 1300 1154 non
1323 1129 1383 1162 quia
1399 1134 1527 1162 coguntur
1540 1128 1754 1163 reprehendant,
1775 1129 1823 1157 sed
1843 1138 1897 1166 quo

1107 1177 1245 1207 cogantur,
1266 1173 1412 1201 attendant.
1433 1174 1585 1201 Convivium
1607 1175 1722 1206 Domini,
1748 1175 1837 1203 unitas
1857 1181 1899 1203 est

1108 1218 1228 1251 corporis
1236 1218 1343 1251 Christi,
1355 1227 1406 1246 nou
1420 1220 1505 1246 solum
1516 1220 1541 1246 in
1554 1220 1726 1247 Saoramento
1737 1221 1839 1253 altaris.
1850 1221 1899 1248 sed

1108 1264 1187 1290 etiam
1201 1264 1227 1290 in
1241 1265 1345 1291 vinculo
1360 1265 1440 1298 pacis.
1459 1266 1494 1291 De
1508 1265 1572 1299 ipsis
1587 1273 1651 1292 sane
1663 1273 1806 1300 possumus
1814 1266 1903 1294 veris-

1109 1310 1176 1338 sime
1195 1310 1285 1338 dicere
1303 1311 1372 1345 quod
1387 1311 1518 1338 neminem
1531 1316 1627 1346 cogant
1640 1312 1673 1338 ad
1686 1312 1786 1339 bonum
1800 1320 1900 1347 :quos-

1109 1364 1222 1391 cumque
1235 1357 1304 1383 enim
1316 1362 1422 1391 cogunt,
1438 1364 1490 1384 non
1505 1362 1604 1391 cogunt
1614 1358 1664 1384 nisi
1676 1357 1709 1384 ad
1721 1358 1831 1385 malum.

1144 1403 1257 1430 CAPUT
1277 1403 1332 1430 Vll.
1347 1418 1383 1422 —
1400 1403 1444 1430 25.
1469 1403 1655 1431 Verumtamen
1677 1408 1818 1439 antequam
1842 1403 1902 1432 ista:

1110 1450 1183 1484 leges
1196 1450 1292 1483 quibus
1304 1451 1337 1476 ad
1350 1450 1499 1476 convivium
1513 1454 1634 1476 sanctum
1647 1454 1777 1484 coguntur
1789 1450 1900 1483 intrare,

1111 1496 1137 1522 in
1149 1495 1263 1522 Africam
1279 1495 1456 1528 mitterentur,
1472 1495 1604 1522 nonnullis
1616 1495 1741 1522 fratribus
1753 1495 1901 1527 videbatur,

1111 1542 1137 1568 in
1152 1541 1247 1576 quibus
1264 1546 1291 1568 et
1309 1548 1358 1575 ego
1370 1548 1441 1567 eram
1452 1561 1458 1572 ,
1473 1541 1592 1575 quamvis
1606 1541 1803 1569 Donatistarum
1815 1541 1902 1569 rabies

1111 1595 1300 1622 usquequaque
1314 1587 1433 1619 smviret,
1449 1594 1500 1613 non
1514 1594 1574 1614 esse
1588 1588 1730 1621 petendum
1741 1586 1776 1614 ab
1789 1587 1903 1622 impera.

1113 1635 1213 1661 toribus
1228 1638 1256 1660 ut
1271 1634 1354 1668 ipsam
1369 1633 1492 1660 haeresim
1502 1633 1627 1667 juberent
1639 1632 1749 1659 omnino
1763 1639 1816 1660 non
1830 1639 1901 1665 esse,

1112 1688 1217 1715 poenam
1232 1679 1416 1706 constituendo
1430 1679 1468 1706 eis
1485 1679 1529 1714 qui
1548 1680 1575 1706 in
1594 1679 1637 1705 illa
1660 1686 1720 1706 esse
1740 1679 1902 1710 voluissent;

1112 1725 1159 1752 sed
1176 1725 1225 1751 hoc
1240 1725 1326 1758 potius
1344 1725 1551 1755 constituerent,
1567 1728 1596 1750 ιιι
1607 1731 1699 1751 eorum
1719 1723 1832 1751 furiosus
1845 1723 1903 1751 vio-

1113 1770 1206 1797 lentias
1220 1778 1271 1796 nou
1289 1774 1443 1804 paterentur
1460 1770 1504 1804 qui
1526 1769 1662 1797 veritatem
1681 1767 1839 1795 catholicam
1861 1767 1905 1794 vel

1115 1816 1289 1851 przedicarent
1314 1816 1468 1850 loquendo,
1493 1816 1535 1843 vel
1561 1816 1679 1850 legerent
1707 1813 1903 1842 constituendo.

1113 1862 1188 1895 Quod
1209 1869 1242 1888 eo
1260 1862 1338 1888 modo
1356 1861 1412 1888 ﬁeri
1428 1862 1594 1896 aliquatenus
1607 1868 1685 1895 posse
1700 1859 1904 1890 arbitrabamur,

1115 1909 1136 1935 si
1152 1909 1235 1942 legem
1249 1908 1374 1942 piissima:
1387 1908 1522 1935 memoria:
1537 1907 1689 1939 Theodosii,
1704 1911 1782 1941 quam
1794 1912 1906 1940 genera-

1114 1954 1174 1981 liter
1197 1954 1223 1981 in
1249 1961 1342 1981 omnes
1367 1955 1505 1981 haereticos
1531 1953 1715 1988 promulgavit,
1741 1952 1775 1980 Ut
1794 1951 1906 1987 quiaqui:

1114 2008 1200 2027 eorum
1214 2001 1346 2035 episcopus
1358 2001 1395 2027 uel
1408 2000 1512 2027 clericus
1528 2000 1629 2026 ubilibet
1643 2003 1705 2025 esset
1717 1999 1848 2029 inventus,
1862 1997 1907 2024 de-

1114 2054 1167 2073 cent
1189 2045 1259 2072 libris
1276 2047 1333 2072 auri
1352 2046 1510 2078 multaretur,
1532 2045 1683 2079 expressius
1702 2044 1727 2071 in
1743 2043 1906 2076 Donatistas,

1115 2092 1159 2126 qui
1179 2099 1209 2118 se
1228 2092 1360 2127 negabant
1373 2092 1511 2118 lncreticos
1521 2113 1527 2123 ,
1543 2091 1577 2117 ita
1592 2091 1797 2122 conﬁrmarent,
1810 2092 1842 2116 ut
1854 2096 1907 2116 non

1115 2145 1209 2164 omnes
1222 2145 1252 2164 ea
1266 2138 1345 2164 multa
1360 2137 1512 2168 ferirentur,
1527 2136 1575 2163 sed
1591 2136 1615 2162 in
1629 2142 1740 2170 quorum
1755 2133 1909 2169 regionibus

1115 2184 1219 2218 aliquas
1234 2183 1375 2209 violentias
1392 2190 1406 2208 a
1420 2182 1533 2213 clericis,
1549 2182 1590 2208 vel
1603 2189 1617 2207 a
1632 2179 1906 2213 Circumcellionibus,

1115 2229 1156 2255 vel
1172 2228 1276 2262 populis
1290 2235 1382 2254 eorum
1395 2248 1401 2259 ,
1424 2227 1542 2253 Ecclesia
1564 2226 1693 2253 catholica
1713 2229 1910 2259 patereturwt

1117 2274 1218 2301 scilicet
1233 2278 1292 2308 post
1305 2273 1522 2307 protestationem
1534 2271 1730 2298 Catholioorum
1740 2270 1785 2305 qui
1796 2269 1909 2297 fuissent

1116 2320 1167 2348 ista
1189 2320 1324 2353 perpessi,
1348 2319 1401 2352 jam
1422 2326 1484 2344 cura
1509 2317 1630 2343 ordinum
1652 2316 1684 2342 ad
1707 2315 1908 2350 per-solvendam

1117 2367 1226 2394 multam
1244 2366 1360 2400 cpiscopi
1383 2365 1437 2390 sive
1456 2364 1567 2389 ministri
1583 2363 1670 2389 exteri
1691 2366 1854 2389 tenerentur.
1873 2361 1908 2387 Ita

1117 2414 1187 2440 enim
1202 2412 1418 2438 existumabamus
1433 2411 1470 2436 eis
1487 2410 1601 2441 lci-ritis,
1626 2414 1652 2435 et
1671 2408 1734 2434 nihil
1755 2408 1807 2434 tale
1823 2407 1908 2433 facere

1117 2455 1274 2482 audentibus
1286 2475 1292 2485 ,
1316 2462 1393 2487 posse
1407 2453 1488 2479 libere
1502 2452 1590 2478 doceri
1610 2456 1637 2478 et
1659 2450 1740 2477 teneri
1752 2450 1907 2476 catholicam

1117 2502 1253 2529 veritatem
1265 2522 1271 2531 ,
1288 2505 1315 2526 ut
1331 2501 1362 2526 ad
1383 2507 1440 2526 cam
1460 2503 1598 2533 cogeretur
1618 2504 1696 2524 nemo
1707 2516 1713 2526 ,
1729 2494 1775 2522 sed
1791 2502 1849 2521 eam
1864 2496 1909 2528 qui

1118 2549 1175 2576 sine
1191 2548 1330 2574 formidine
1343 2547 1440 2574 vellet.
1454 2551 1624 2580 sequeretur,
1640 2554 1672 2572 ne
1689 2546 1767 2572 falsos
1782 2550 1809 2572 et
1823 2545 1907 2572 simu-

1118 2595 1215 2621 latores
1230 2594 1374 2620 catholicos
1388 2593 1555 2620 haberemus.
1572 2593 1603 2618 lit
1616 2592 1734 2626 quamvis
1749 2591 1808 2617 aliis
1821 2590 1908 2617 fratri-

1118 2642 1167 2668 bus
1180 2640 1249 2667 aliud
1266 2639 1553 2673 vitlerctur,jauta'tato
1568 2637 1741 2671 gravioribus,
1757 2636 1799 2663 vel
1812 2636 1909 2662 multa-

1120 2678 1179 2714 rum
1190 2688 1324 2714 civitatum
1340 2691 1365 2712 et
1382 2686 1497 2712 locorum
1513 2684 1632 2718 exempla
1647 2682 1816 2711 cernentibus
1828 2683 1848 2715 ί,
1866 2681 1909 2708 ubi

1120 2733 1223 2761 ﬁrmam
1240 2737 1268 2760 et
1281 2739 1372 2759 veram
1388 2730 1545 2757 catholicam
1558 2729 1713 2757 videbamus
1724 2749 1732 2762 ,
1746 2735 1805 2763 qum
1821 2732 1908 2755 tamen

1152 2823 1159 2838 ι
1171 2825 1280 2879 Steti-Illi)!“
1295 2827 1310 2846 e
1322 2821 1393 2847 t'atlc.
1405 2823 1458 2845 uss.
1471 2818 1536 2844 Alter
1545 2836 1553 2850 ,
1568 2815 1731 2843 immunibus.
1747 2815 1805 2841 Edd.
1818 2818 1909 2845 autern,

1153 2859 1207 2879 rrm
1242 2860 1277 2878 us.

1122 2859 1277 2879 curmuwus.
