4086 6350
356 441 429 495 ibi
462 437 658 494 talibus
684 435 957 492 beneficiis
985 435 1076 491 Dei
1103 434 1387 490 constituta
1413 439 1557 489 esset
1576 441 1735 502 atque
1759 431 1937 484 firma-

352 542 429 594 .ta,
470 529 598 583 dum
640 542 737 597 per
763 527 1000 597 priorum
1026 525 1402 595 imperatorum
1432 524 1574 593 leges
1599 523 1665 579 ad
1695 537 1933 577 commu~

355 621 570 677 nionem
600 617 842 673 homines
868 616 1184 670 catholicam
1222 621 1570 683 cogerentur;
1612 612 1937 667 obtinuimus

358 723 534 769 tamen
565 718 625 765 ut
648 710 775 765 illud
806 710 979 780 potius
1007 707 1147 778 quod
1170 707 1298 771 dixi,
1327 707 1393 761 ab
1422 706 1825 776 imperatoribus
1847 720 1937 781 pe-

358 814 557 860 teretur
585 820 598 857 :
630 803 900 857 decretum
927 809 1009 855 est
1033 802 1085 853 in
1114 799 1340 855 concilio
1366 807 1547 854 nostro
1568 796 1666 871 (a),
1689 798 1846 868 legati
1868 797 1936 851 ad

354 895 678 953 Comitatum
700 892 847 948 missi
872 901 1014 947 sunt.

423 985 514 1040 26.
554 984 660 1041 Sed
690 985 785 1039 Dei
813 984 986 1052 major
1014 981 1375 1038 misericordia
1397 1020 1414 1048 ,
1442 981 1533 1052 qui
1561 982 1724 1036 sciret
1747 980 1933 1034 harum

352 1077 529 1147 legum
558 1084 733 1131 terror
768 1084 824 1130 et
854 1074 1097 1145 quedam
1141 1072 1470 1129 medicinalis
1496 1073 1738 1127 molestia
1775 1086 1934 1142 quam

354 1167 643 1223 multorum
679 1174 822 1221 esset
848 1165 1021 1235 pravis
1049 1165 1130 1219 vel
1162 1163 1365 1234 frigidis
1392 1163 1585 1217 animis
1614 1163 1933 1226 necessaria,

351 1268 408 1315 et
444 1260 521 1313 illi
558 1258 767 1313 duritia:
802 1273 919 1328 quae
956 1257 1132 1312 verbis
1170 1256 1442 1311 emendari
1479 1270 1584 1310 non
1612 1265 1807 1327 potest,
1836 1255 1929 1310 sed

351 1357 531 1406 tamen
554 1350 873 1420 aliquantula
903 1349 1186 1404 severitate
1211 1347 1503 1417 disciplina:
1528 1354 1721 1417 potest,
1751 1347 1802 1401 id
1828 1348 1936 1417 egit

354 1452 414 1496 ut
432 1442 587 1513 legati
605 1442 770 1497 nostri
782 1441 921 1512 quod
934 1450 1297 1512 susceperant,
1317 1440 1557 1495 obtinere
1572 1455 1675 1494 non
1694 1448 1933 1509 possent.

352 1532 470 1588 Jam
500 1533 640 1587 enim
664 1548 763 1587 nos
785 1541 1149 1603 prmvenerant
1167 1548 1234 1588 ex
1259 1532 1375 1586 aliis
1404 1532 1535 1587 locis
1554 1532 1796 1602 quaedam
1817 1530 1933 1601 epi-

351 1622 635 1694 scoporum
663 1626 894 1695 querelae
930 1626 1290 1696 gravissimae,
1329 1626 1420 1696 qui
1454 1626 1595 1680 mala
1632 1626 1840 1682 fuerant
1866 1626 1935 1681 ab

353 1715 483 1785 ipsis
510 1717 672 1772 multa
698 1719 955 1788 perpessi,
979 1726 1034 1773 et
1055 1733 1084 1771 a
1109 1718 1220 1772 suis
1239 1717 1458 1773 sedibus
1482 1719 1778 1786 exturbati;
1807 1734 1934 1788 pra:-

350 1809 507 1879 cipue
544 1808 806 1864 horrenda
836 1817 891 1865 et
916 1810 1239 1865 incredibilis
1282 1809 1457 1865 caedes
1485 1809 1787 1865 Maximiani
1815 1811 1932 1880 epi-

352 1904 501 1973 scopi
529 1903 773 1959 catholici
802 1903 1055 1959 Ecclesize
1089 1904 1389 1974 Bagaiensis
1413 1904 1431 1936 ί
1457 1904 1631 1959 effecit
1671 1912 1727 1959 ut
1755 1910 1934 1958 nostra

353 1996 548 2065 legatio
572 1996 680 2065 jam
716 1996 840 2065 quid
870 2004 1050 2066 ageret
1082 2011 1186 2050 non
1232 1996 1470 2052 haberet.
1513 1996 1630 2051 Jam
1673 1996 1815 2050 enim
1845 1996 1931 2050 lex

353 2086 525 2142 fuerat
549 2089 873 2158 promulgata
891 2130 907 2154 ,
936 2096 992 2142 ut
1022 2097 1179 2143 tanta:
1212 2088 1555 2142 immanitatis
1578 2087 1801 2143 haeresis
1827 2087 1931 2141 Do-

352 2180 696 2246 natistarum,
725 2179 807 2234 cui
836 2179 1104 2234 crudelius
1130 2178 1276 2249 parci
1314 2178 1595 2245 videbatur
1628 2194 1787 2250 quam
1820 2180 1933 2249 ipsa

352 2274 644 2339 saeviebat,
696 2289 801 2329 non
850 2282 1056 2329 tantum
1106 2275 1338 2329 violenta
1386 2288 1525 2338 esse,
1576 2273 1667 2328 sed
1715 2272 1934 2327 omnino

350 2381 472 2421 esse
514 2381 619 2420 non
666 2367 930 2422 sineretur
988 2356 1203 2437 impune
1242 2382 1257 2419 :
1297 2381 1405 2421 non
1445 2376 1620 2421 tamen
1674 2365 1933 2435 supplicio

351 2458 585 2527 capitali,
605 2468 820 2529 propter
839 2458 1150 2513 servandam
1171 2458 1330 2513 ctiam
1347 2458 1486 2512 circa
1512 2457 1757 2527 indignos
1783 2471 1932 2510 man-

351 2551 681 2605 suetudinem
704 2551 1043 2605 cbristianam
1062 2593 1075 2617 ,
1104 2546 1197 2605 sed
1224 2548 1543 2619 pecuniariis
1566 2547 1777 2602 damnis
1806 2561 1931 2615 pro-

353 2644 553 2713 positis,
598 2652 653 2699 et
688 2644 738 2698 in
780 2645 1056 2715 episcopos
1097 2643 1178 2697 vel
1220 2642 1492 2697 ministros
1532 2656 1714 2696 eorum
1743 2640 1932 2694 exsilio

350 2734 655 2787 constituto.

420 2825 509 2878 27.
551 2825 920 2895 Supradictum
966 2826 1160 2895 quippe
1210 2824 1519 2894 episcopum
1558 2822 1925 2892 Bagaiensem,

350 2916 597 2984 quoniam
628 2915 766 2985 apud
792 2916 1117 2969 ordinarium
1134 2913 1365 2982 judicem
1385 2955 1399 2977 ,
1430 2913 1570 2967 dicta
1596 2912 1734 2965 inter
1755 2918 1931 2980 partes

349 3008 613 3061 sententia
638 3048 653 3071 ,
691 3006 990 3061 obtinuerat
1028 3005 1297 3059 basilicam
1337 3004 1444 3076 (ὁ),
1478 3018 1634 3072 quam
1675 3002 1770 3067 illi,
1810 3016 1930 3055 cum

348 3098 605 3153 catholica
637 3106 799 3163 esset,
824 3098 1144 3162 invaserant,
1176 3103 1404 3148 stantem
1434 3093 1501 3148 ad
1529 3094 1696 3147 altare
1726 3094 1932 3146 irruen-

349 3199 429 3243 tes
479 3188 743 3243 horrendo
786 3190 983 3257 impetu
1031 3195 1084 3242 et
1131 3185 1313 3240 furore
1346 3184 1586 3251 crudeli,
1627 3184 1851 3238 fustibus
1880 3192 1933 3238 et

346 3279 709 3349 cujuscemodi
746 3279 864 3333 telis
884 3320 896 3341 ,
930 3278 1085 3347 lignis
1124 3277 1352 3347 denique
1375 3276 1611 3346 ejusdem
1642 3275 1825 3330 altaris
1849 3273 1930 3329 ef—

346 3371 497 3425 fracti
524 3370 826 3425 immaniter
850 3371 1183 3434 cceiderunt;
1216 3368 1445 3440 pugione
1465 3371 1624 3425 etiam
1650 3384 1930 3441 percusse-

342 3471 472 3515 runt
511 3462 560 3514 in
610 3462 858 3532 inguine;
890 3478 994 3531 quo
1037 3461 1262 3517 vulnere
1301 3462 1514 3532 sanguis
1545 3459 1768 3517 efﬂuens
1808 3476 1928 3516 eum

345 3554 645 3610 exanimem
676 3554 951 3619 redderet,
992 3556 1091 3610 nisi
1136 3556 1184 3609 ei
1223 3555 1289 3609 ad
1324 3555 1485 3609 vitam
1528 3556 1699 3624 major
1730 3554 1929 3609 saevitia

346 3661 532 3716 eorum
579 3646 879 3716 profuisset.
917 3645 1047 3700 Nam
1085 3662 1204 3701 cum
1244 3647 1475 3717 graviter
1507 3646 1795 3701 sauciatum
1835 3661 1932 3715 per

346 3749 540 3794 terram
569 3739 785 3810 insuper
814 3743 1117 3804 traherent,
1142 3740 1428 3794 exundanti
1455 3756 1604 3795 vena:
1631 3741 1803 3810 pulvis
1830 3740 1929 3795 ob-

346 3838 552 3884 strusus
577 3831 886 3899 sanguinem
923 3831 1239 3895 abstinuit’,
1274 3830 1423 3900 cujus
1447 3830 1703 3887 effusione
1739 3830 1848 3885 ibat
1876 3832 1929 3885 in

346 3928 592 3975 mortem.
629 3921 826 3976 Deinde
864 3939 982 3976 cun:
1013 3922 1081 3976 ab
1108 3923 1187 3977 eis
1223 3923 1434 3977 tandem
1461 3923 1734 3987 relictum,
1761 3923 1927 3977 nostri

348 4024 468 4064 cum
498 4011 715 4080 psalmis
736 4012 943 4067 auferre
971 4022 1265 4080 tentarent,
1287 4013 1359 4067 illi
1383 4016 1456 4067 ira
1485 4015 1786 4071 ardentiore
1807 4033 1929 4071 suc-

346 4103 513 4169 censi,
542 4118 660 4157 eum
687 4104 752 4157 de
780 4104 1098 4174 portantium
1130 4107 1376 4160 manibus
1404 4106 1761 4174 abstulerunt,
1792 4111 1929 4165 male

348 4192 580 4247 multatis
616 4194 905 4266 fugatisque
939 4196 1257 4261 Catliolicis,
1287 4214 1421 4266 quos
1456 4198 1651 4267 ingenti
1689 4200 1926 4251 multitu-

345 4285 469 4339 dine
493 4287 843 4356 superabant,
873 4296 925 4341 et
968 4288 1118 4343 facile
1156 4288 1428 4343 smviendn
1469 4290 1758 4343 terrebant.
1803 4292 1928 4345 lude

344 4377 395 4431 in
427 4378 708 4448 quamdam
734 4388 932 4434 turrem
962 4381 1214 4448 levatum,
1237 4382 1344 4450 jam
1381 4382 1639 4436 defecisse
1666 4383 1928 4435 arbitran-

346 4480 424 4525 tes
442 4512 459 4538 ,
490 4486 611 4525 cum
640 4473 725 4526 ille
748 4473 922 4528 adhuc
945 4474 1178 4541 viveret,
1204 4475 1528 4544 abjecerunt.
1565 4474 1669 4530 Sed
1698 4474 1923 4545 quodam

234 4591 250 4606 ο
344 4563 489 4616 molli
514 4578 701 4633 aggere
722 4574 991 4634 exceptus,
1017 4576 1068 4621 et
1093 4581 1121 4620 a
1144 4566 1457 4636 quibusdam
1483 4576 1635 4620 nocte
1658 4575 1927 4620 transeun-

345 4652 484 4707 tibus
521 4670 614 4723 per
640 4654 910 4709 lucernam
953 4667 1268 4725 coniSpCctus
1293 4699 1306 4723 ,
1336 4658 1542 4726 agnitus
1571 4666 1728 4726 atque
1756 4658 1923 4711 colle-

341 4752 481 4810 ctus,
528 4754 581 4797 et
623 4744 687 4797 ad
728 4746 1025 4815 religiosam
1070 4747 1283 4801 domum
1316 4757 1659 4817 apportatus,
1691 4748 1923 4802 adhibita

343 4849 532 4904 magna
562 4850 707 4901 cura,
742 4846 857 4904 post
886 4837 1075 4891 utultos
1101 4838 1215 4891 dies
1235 4837 1301 4889 ab
1330 4838 1413 4890 illa
1446 4839 1815 4907 desperatione
1842 4854 1925 4892 re-

342 4932 554 4980 creatus
588 4935 705 4980 est:
730 4928 962 4981 occisum
995 4943 1113 4981 cum
1147 4938 1319 4981 tamen
1348 4928 1485 4982 fama
1516 4931 1719 4984 scelere
1749 4930 1923 4984 Dona-

344 5017 584 5073 tistarum
619 5019 776 5073 etiam
814 5031 960 5074 trans
1000 5037 1143 5075 mare
1172 5022 1534 5086 nuntiaverat;
1576 5039 1681 5092 quo
1711 5031 1923 5104 postea-

342 5126 500 5179 quam
544 5112 717 5178 venit,
761 5121 813 5166 et
856 5113 959 5167 vita
1006 5114 1119 5183 ejus
1174 5114 1591 5185 inopinatissima
1640 5118 1920 5187 apparuit,

394 5266 424 5335 ⁸ξ
450 5272 501 5313 tn
517 5271 735 5335 excusis,
770 5265 1111 5335 Vagieqsis._tn
1146 5276 1250 5335 Mss.
1288 5269 1495 5332 aliquot_
1546 5270 1832 5334 Vagiucmis.
1875 5278 1923 5322 tu

341 5322 451 5392 aliis
484 5322 766 5392 plerisque,
797 5322 1069 5392 γῖιῃιιξεηςὶς
1098 5331 1322 5380 :scilieet
1355 5322 1535 5381 ιὶιιιωίο
1570 5322 1677 5382 η”ίιι
1723 5343 1791 5391 ι’;
1814 5348 1923 5384 cum

343 5389 763 5457 scij_beri_dum'sit,
794 5389 1083 5457 Bagaiensis.
1107 5392 1310 5457 Cogsule
1334 5401 1436 5443 net.
1471 5396 1519 5442 in
1552 5398 1691 5455 epist.
1717 5389 1781 5444 88'
1801 5410 1848 5444 n.
1874 5396 1922 5457 8,

345 5454 397 5496 et
413 5447 498 5499 lib.
521 5452 553 5501 5
572 5459 702 5503 cont.
724 5447 1044 5513 (fresconium,
1070 5468 1115 5504 c.
1138 5454 1217 5503 45.

408 5514 428 5579 ξ
447 5520 576 5573 mm,
596 5513 827 5578 sanguine
842 5513 1057 5566 obtinuit.
1078 5516 1186 5565 Bad.
1205 5520 1365 5579 A_m.e‘.
1378 5516 1783 5579 Fragmnguinrm
1804 5518 1924 5571 obti-

343 5574 461 5625 nuit.
488 5583 543 5626 At
566 5585 668 5626 MSS.
684 5574 841 5639 prope
862 5590 1050 5637 omnes,
1074 5576 1350 5642 sangm'ncm
1372 5574 1614 5628 cbstinuii.

407 5658 482 5782 (ag
501 5659 771 5731 Carthagin.
797 5676 875 5710 an.
898 5660 1007 5720 404,
1025 5662 1105 5711 die
1126 5660 1188 5710 26
1205 5661 1346 5724 junii.

409 5720 461 5782 (b
502 5722 648 5770 Fundi
670 5723 1019 5775 Calvianensis:
1046 5725 1126 5773 lit).
1142 5725 1172 5773 5
1190 5729 1342 5782 eonL,

409 5720 482 5783 (ὁ)
502 5722 648 5770 Fundi
670 5720 1019 5775 Calvianensis:
1046 5725 1126 5773 lit).
1142 5725 1172 5773 5
1190 5720 1342 5785 conL,
1357 5730 1601 5785 (remum,
1619 5738 1662 5775 c.
1687 5725 1764 5773 43.

1535 314 2007 374 EPISTOLARUM
2045 312 2322 372 CLASSlS
2367 316 2456 372 Ill.

3524 331 3630 390 80‘!

2042 428 2395 497 cicatricibus,
2438 431 2548 486 suis
2593 440 2697 488 tam
2746 434 2945 502 multis,
2993 443 3098 491 tam
3147 438 3467 507 ingentibus,
3517 451 3627 499 tam

2044 521 2364 589 recentibus,
2398 538 2503 577 non
2536 524 2726 581 frustra
2747 526 2942 581 famam
2968 538 3232 583 mortuum
3260 547 3317 585 se
3349 534 3623 590 nuntiasse

2044 613 2379 667 monstravit.

2111 702 2201 758 28.
2242 705 2508 760 Auxilium
2530 722 2655 777 ergo
2677 708 2861 777 petivit
2880 709 2948 763 ab
2969 710 3287 780 imperatore
3311 711 3625 781 christiano,

2042 807 2147 847 non
2178 804 2281 848 tam
2310 795 2391 849 sui
2420 796 2705 853 ulciscendi
2735 814 2914 862 causa,
2944 816 3099 870 quam
3132 801 3340 857 tuendae
3372 803 3625 858 Ecclesia:

2041 883 2142 939 sibi
2171 885 2406 941 creditm.
2436 889 2583 954 Quod
2610 890 2654 944 si
2683 893 3127 959 prmtermisisset,
3151 909 3255 948 non
3281 887 3403 965 ’ejus
3441 896 3626 951 fuisset

2041 972 2303 1028 laudanda
2336 978 2616 1044 patientia,
2646 980 2740 1035 sed
2783 984 3096 1053 negligentia
3124 986 3314 1040 merito
3341 986 3621 1057 culpanda.

2042 1067 2222 1139 Neque
2250 1071 2393 1124 enim
2424 1082 2477 1125 et
2503 1072 2773 1140 apostolus
2803 1074 2997 1129 Paulus
3026 1077 3145 1130 vita:
3171 1091 3281 1131 sua:
3308 1078 3625 1133 transitoria:

2041 1160 2375 1226 consulebat,
2405 1161 2499 1215 scd
2531 1162 2784 1218 Ecclesia:
2812 1164 2927 1232 Dei,
2953 1165 3162 1235 quando
3182 1177 3363 1221 contra
3391 1168 3508 1223 illos
3537 1169 3625 1237 qni

2041 1264 2162 1304 eum
2193 1251 2437 1307 occidere
2479 1256 2912 1323 conspiraverant
2936 1298 2950 1321 ,
2981 1260 3256 1313 consilium
3289 1261 3498 1315 illorum
3529 1261 3625 1313 tri-

2039 1340 2182 1396 buno
2212 1350 2265 1395 ut
2309 1343 2625 1412 proderetur
2660 1346 2867 1401 effecit:
2900 1349 3037 1404 unde
3067 1350 3257 1406 factum
3299 1362 3381 1408 est
3409 1362 3465 1407 ut
3503 1369 3624 1409 eum

2039 1430 2105 1485 ad
2135 1432 2307 1485 locum
2338 1448 2442 1503 quo
2480 1433 2650 1489 fuerat
2694 1437 3062 1506 perducendus
3086 1480 3101 1504 ,
3151 1442 3438 1498 deduceret
3473 1445 3624 1500 miles

2038 1532 2294 1590 armatus,
2326 1540 2393 1577 ne
2424 1524 2632 1579 illorum
2661 1536 2927 1596 pateretur
2948 1529 3165 1585 insidias
3187 1530 3320 1603 (Act.
3348 1550 3505 1602 χχιιι,
3534 1536 3629 1590 f7-

2040 1612 2154 1682 52).
2184 1614 2449 1669 Romanas
2464 1617 2621 1671 etiam
2646 1618 2788 1687 leges
2804 1618 3086 1689 implorare
3108 1622 3322 1678 minime
3341 1623 3619 1689 dubitavit,

2039 1705 2205 1758 civem
2231 1706 2527 1761 Romanum
2552 1724 2615 1764 se
2644 1724 2763 1765 esse
2785 1710 3137 1779 proclamans,
3160 1729 3293 1783 quos
3319 1723 3442 1769 tunc
3460 1715 3623 1787 affligi

2041 1797 2348 1851 verberibus
2397 1814 2501 1853 non
2550 1800 2741 1855 licebat
2785 1800 2909 1871 (Id.
2946 1819 3079 1869 xxu,
3111 1804 3213 1875 25)
3244 1822 3255 1857 :
3290 1805 3520 1876 itemque
3556 1822 3625 1861 ne

2039 1886 2237 1941 Judzeis
2264 1904 2383 1942 eum
2416 1889 2720 1945 interimere
2744 1892 3075 1962 cupientibus
3102 1894 3419 1962 traderetur,
3448 1896 3624 1951 Caesa-

2038 1976 2113 2030 ris
2144 1979 2384 2047 poposcit
2409 1979 2661 2034 auxilium
2700 1978 2806 2053 (Id.
2835 1997 2976 2049 xxv,
3007 1984 3125 2050 ll),
3153 1984 3376 2039 Romani
3407 1986 3620 2056 quidem

2042 2066 2329 2136 principis,
2370 2068 2462 2123 sed
2504 2085 2611 2125 non
2641 2070 2933 2125 christiani.
2962 2071 3065 2128 Ubi
3091 2074 3216 2128 satis
3242 2076 3472 2130 ostendit
3496 2076 3621 2146 quid

2039 2155 2215 2213 facere
2243 2168 2425 2227 postea
2453 2160 2708 2215 deberent
2735 2161 2928 2217 Christi
2965 2163 3384 2233 dispensatores,
3403 2167 3617 2235 quando

2039 2248 2388 2320 imperatores
2421 2250 2741 2307 christianos
2776 2255 3104 2324 periclitante
3146 2256 3380 2312 Ecclesia
3417 2261 3621 2327 reperi-

2037 2348 2175 2394 rent.
2209 2340 2340 2395 Hinc
2367 2356 2495 2413 ergo
2521 2341 2717 2397 factum
2747 2353 2830 2398 est
2858 2355 2915 2399 ut
2943 2345 3235 2415 imperator
3262 2348 3540 2419 religiosus
3566 2359 3620 2404 et

2037 2429 2173 2498 pius,
2205 2431 2422 2500 perlatis
2451 2433 2501 2487 in
2535 2435 2775 2488 notitiam
2805 2450 2955 2489 suam
2987 2437 3176 2492 talibus
3200 2439 3409 2506 causis,
3446 2441 3624 2495 mallet

2038 2522 2289 2589 piissimis
2319 2525 2520 2594 legibus
2547 2527 2689 2582 illius
2712 2529 2996 2597 impietatis
3016 2546 3250 2586 errorem
3279 2534 3492 2588 omnino
3513 2550 3625 2589 cor-

2036 2612 2229 2681 rigere,
2258 2624 2311 2668 et
2333 2630 2428 2671 eos
2446 2618 2536 2686 qui
2556 2628 2741 2672 contra
2764 2618 3030 2674 Christum
3055 2621 3249 2677 Christi
3269 2624 3417 2692 signa
3441 2636 3621 2695 porta-

2036 2713 2175 2768 rent,
2206 2704 2273 2757 ad
2305 2706 2559 2761 unitatem
2588 2708 2904 2764 catholicam
2950 2712 3197 2764 terrendo
3232 2721 3286 2767 et
3326 2716 3622 2770 coercendo

2036 2791 2276 2862 redigere
2296 2834 2310 2859 ,
2341 2810 2496 2863 quam
2528 2798 2780 2852 saeviendi
2812 2801 3178 2854 tantummodo
3206 2802 3413 2859 auferre
3453 2805 3620 2860 licen-

2038 2880 2185 2946 tiam,
2217 2892 2271 2936 et
2301 2884 2512 2939 errandi
2538 2900 2600 2941 ac
2619 2888 2877 2955 pereundi
2907 2890 3227 2960 relinquere.

2105 2971 2194 3026 29.
2234 2972 2482 3030 Jamvero
2501 2991 2624 3031 cum
2652 2979 2783 3047 ipsa:
2810 2980 2953 3050 leges
2976 2982 3248 3037 venissent
3282 2984 3335 3038 in
3361 2984 3616 3047 Africam.

2038 3063 2301 3134 praecipue
2329 3066 2402 3119 illi
2428 3067 2517 3136 qui
2540 3070 2851 3138 quaerebant
2870 3072 3223 3138 occasionem,
3251 3084 3342 3129 aut
3363 3078 3622 3131 scevitiam

2036 3153 2321 3210 furentium
2349 3159 2687 3225 metuebant,
2719 3170 2811 3215 aut
2847 3178 2974 3217 suos
3007 3166 3500 3224 verecundabantur
3536 3170 3618 3223 of-

2035 3242 2291 3310 fendere,
2334 3247 2403 3300 ad
2449 3249 2745 3304 Ecclesium
2792 3253 3044 3307 continuo
3088 3257 3427 3311 transierunt.
3473 3258 3618 3312 Multi

2034 3335 2191 3389 etiam
2220 3338 2309 3407 qui
2341 3339 2454 3394 sola
2495 3340 2603 3395 illic
2631 3356 2660 3395 a
2688 3344 2995 3412 parentibus
3024 3345 3210 3400 tradita
3238 3349 3621 3405 consuetudine

2035 3426 2370 3497 tenebantur,
2399 3429 2607 3500 qualem
2635 3448 2760 3488 vero
2782 3448 2991 3489 causam
3016 3436 3130 3506 ipsa
3160 3438 3376 3494 lizeresis
3402 3439 3621 3497 haberet

2035 3535 2304 3590 nunquam
2344 3532 2499 3578 antea
2545 3526 2931 3595 cogitaverant,
2982 3545 3247 3600 nunquam
3287 3547 3529 3601 quaerere
3567 3544 3622 3590 ct

2033 3611 2375 3668 considerare
2404 3615 2710 3682 voluerant,
2742 3633 2867 3672 mox
2894 3619 2982 3673 ubi
3010 3631 3287 3691 emperunt
3310 3624 3617 3689 advertere,

2032 3713 2087 3760 et
2106 3704 2237 3760 nihil
2268 3707 2319 3761 in
2341 3722 2404 3761 ea
2430 3707 2646 3777 dignum
2680 3710 2919 3767 invenire
2945 3723 3160 3782 pr0pter
3183 3714 3322 3785 quod
3355 3724 3497 3770 tanta
3520 3717 3616 3771 da-

2034 3811 2155 3850 mna
2196 3805 2504 3865 paterentur
2524 3838 2542 3866 ,
2588 3799 2703 3855 sine
2734 3801 2837 3856 ulla
2882 3802 3193 3858 difficultate
3221 3805 3466 3860 cathnlci
3495 3806 3619 3864 facti

2032 3895 2157 3940 sunt
2184 3905 2196 3939 :
2226 3887 2406 3942 docuit
2454 3889 2593 3943 enim
2634 3906 2728 3944 eos
2772 3891 3102 3958 sollicitudo,
3133 3910 3265 3963 quos
3297 3897 3622 3965 negligentes

2033 3978 2291 4031 securitas
2310 3976 2529 4035 fecerat.
2561 3979 2785 4034 Istorum
2816 3990 2989 4035 autem
3034 3985 3267 4037 omnium
3311 3985 3616 4053 praeceden-

2035 4068 2164 4122 tium
2188 4071 2559 4125 auctoritatem
2587 4079 2640 4125 et
2665 4072 3061 4140 persuasionem
3092 4075 3258 4127 secuti
3288 4085 3411 4128 Sunt
3445 4077 3614 4141 multi,

2033 4159 2120 4228 qui
2157 4159 2333 4213 minus
2369 4161 2545 4215 idonei
2590 4170 2741 4215 erant
2780 4176 2874 4229 per
2911 4164 3114 4231 seipsos
3150 4164 3443 4234 intelligere
3490 4167 3617 4235 quid

2032 4251 2253 4305 distaret
2300 4250 2439 4307 inter
2481 4253 2871 4307 Donatistarum
2906 4268 3178 4322 errorem,
3219 4266 3271 4310 et
3300 4256 3614 4312 catholicam

2036 4344 2335 4397 veritatem.

2103 4433 2191 4487 '50.
2234 4433 2307 4487 lta
2347 4449 2465 4488 cum
2495 4450 2680 4505 magna
2702 4435 2911 4506 agmina
2938 4436 3249 4508 populorum
3278 4452 3401 4491 vera
3443 4448 3615 4495 mater

2033 4525 2084 4579 in
2107 4527 2281 4579 sinum
2301 4526 2535 4595 gaudens
2557 4527 2837 4599 reciperet,
2861 4539 3231 4583 remanserunt
3254 4529 3420 4584 turba:
3445 4530 3613 4599 ἀυτεῖν,

2031 4623 2086 4670 et
2125 4616 2178 4669 in
2216 4617 2304 4670 illa
2348 4626 2496 4685 peste
2536 4616 2729 4670 infelici
2759 4618 3093 4672 animositate
3127 4620 3395 4675 sisteutes.
3428 4622 3504 4675 Ex
3532 4622 3615 4677 his

2031 4722 2239 4778 quoque
2261 4708 2475 4777 plurimi
2495 4708 2790 4762 simulando
2810 4712 3352 4775 couuuunicaveruut,
3378 4713 3464 4766 alii
3489 4729 3613 4781 pau-

2030 4797 2189 4852 citate
2216 4798 2499 4854 latuerunt.
2533 4798 2635 4853 Sed
2667 4800 2740 4852 illi
2767 4801 2852 4870 qui
2883 4802 3222 4867 simulabant,
3255 4805 3504 4872 paulatim
3529 4820 3617 4860 as.

2031 4890 2325 4946 suescendo
2346 4900 2400 4945 et
2424 4891 2850 4959 prredicationcm
2876 4894 3112 4947 veritatis
3136 4894 3418 4957 audiendo,
3445 4898 3617 4949 maxi-

2030 4999 2118 5039 me
2142 4991 2259 5053 post
2277 4984 2611 5038 collationem
2640 4993 2692 5039 et
2711 4983 3117 5052 disputationem
3140 5000 3256 5053 quae
3277 4985 3413 5039 inter
3438 5000 3536 5040 nos
3560 4998 3615 5041 et

2030 5076 2310 5146 episcopos
2355 5089 2540 5128 eorum
2577 5075 2714 5144 apud
2744 5073 3114 5145 Carthaginem
3158 5076 3286 5140 fuit,
3315 5091 3383 5131 ex
3427 5091 3615 5146 magna

2030 5176 2181 5238 parte
2205 5166 2427 5221 correcti
2458 5175 2601 5220 sunt.
2632 5164 2689 5220 In
2721 5167 3035 5236 quibusdam
3063 5182 3187 5220 vero
3211 5166 3363 5236 locis,
3386 5167 3474 5221 ubi
3497 5183 3615 5237 per-

2032 5262 2255 5317 tinacior
2294 5270 2349 5317 et
2376 5261 2684 5331 impacatior
2708 5260 2986 5330 prmvaluit
3012 5259 3294 5313 multitudo
3315 5300 3331 5326 ,
3359 5260 3445 5314 cui
3477 5260 3614 5313 resi-

2030 5362 2173 5409 stere
2199 5368 2305 5409 non
2353 5361 2600 5422 poterant
2639 5352 2916 5421 pauciores
2939 5367 3161 5419 quorum
3191 5359 3305 5405 erat
3333 5351 3522 5407 melior
3548 5352 3616 5406 de

2029 5444 2406 5501 communione
2430 5445 2723 5509 sententia,
2767 5451 2859 5498 aut
2885 5441 3053 5497 turba:
3079 5442 3378 5496 auctoritati
3417 5456 3614 5511 pauco-
3642 5432 3643 5435 “

2030 5553 2147 5592 rum
2174 5536 2531 5606 potentioran
2560 5535 2782 5590 subditte
2804 5535 2857 5589 in
2887 5533 3080 5588 malam
3113 5541 3314 5601 partem
3336 5533 3615 5603 obtempev

2030 5636 2246 5694 rarunt,
2274 5627 2544 5699 aliquanto
2572 5626 2764 5681 diutius
2787 5626 3081 5681 laboratum
3119 5632 3221 5679 est.
3255 5623 3334 5678 Ex
3372 5624 3455 5679 his
3489 5632 3614 5679 sunt

2033 5718 2084 5775 ἠ
2109 5718 2299 5789 quibus
2318 5716 2490 5775 adhuc
2517 5716 2804 5784 laboratur,
2829 5717 2878 5772 in
2904 5732 3007 5787 quo
3030 5716 3210 5772 labore
3236 5716 3399 5772 multa
3419 5715 3614 5775 Catho-
