4086 6350
500 360 642 419 -807

539 474 628 531 lici
654 517 670 543 ,
700 483 753 531 et
786 476 1017 533 maxime
1056 476 1287 548 episeopi
1320 485 1373 531 et
1396 476 1574 530 clerici
1608 473 1869 530 horrenda
1895 484 1948 528 et
1975 474 2106 529 dura

538 568 779 637 perpessi
795 578 935 633 sunt,
961 584 1078 640 qu:e
1099 582 1515 623 commemorare
1532 569 1740 637 longum
1764 577 1876 633 est;
1900 567 2109 635 quando

535 659 886 729 quorumdam
912 671 966 714 et
993 660 1128 714 oculi
1155 661 1398 715 exstincti
1427 670 1580 723 sunt,
1612 670 1665 714 et
1700 658 1971 729 cujusdam
1994 660 2109 729 epi-

536 749 685 817 scopi
715 763 905 803 manus
939 756 992 802 et
1035 748 1209 818 lingua
1254 750 1469 819 prmcisa
1516 758 1625 813 est;
1668 750 1905 803 nonnulli
1949 750 2108 803 etiam

533 838 778 892 trucidati
816 848 955 893 sunt.
985 839 1157 894 Taceo
1186 840 1575 894 crudelissimas
1606 840 1809 906 cedes,
1841 850 1895 895 et
1918 840 2107 894 domo-

532 946 650 984 rum
683 931 1138 1000 deprazdationes,
1185 948 1281 1002 per
1323 942 1609 987 nocturnas
1645 933 2008 1001 aggressiones
2056 940 2111 985 et

531 1020 796 1088 incendia,
814 1037 916 1075 non
938 1022 1107 1075 solum
1132 1024 1448 1092 privatorum
1465 1022 1901 1087 habitaculorum,
1919 1036 2109 1075 verum

529 1112 690 1166 etiam
729 1113 1105 1178 ecclesiarum;
1142 1114 1197 1168 in
1236 1130 1366 1183 quas
1412 1113 1650 1169 flammas
1697 1128 1801 1166 non
1828 1110 2109 1166 defuerunt

529 1202 617 1270 qui
646 1210 699 1257 et
728 1202 951 1257 Codices
978 1203 1273 1257 dominicos
1301 1206 1589 1258 mitterent.

543 1326 547 1330 -
598 1291 688 1345 31.
728 1290 832 1346 Sed
857 1309 950 1346 nos
974 1291 1272 1362 hujusmodi
1302 1294 1525 1347 afflictos
1563 1294 1715 1347 malis
1736 1334 1749 1358 ,
1778 1308 2106 1363 consequens

527 1384 831 1438 consolatus
863 1394 945 1440 est
984 1384 1201 1439 fructus.
1224 1385 1353 1439 Nam
1390 1386 1703 1455 ubicumque
1721 1400 1748 1437 a
1771 1385 1987 1453 perditis
2008 1385 2104 1439 ista

527 1476 808 1529 commissa
849 1485 1002 1540 sunt,
1032 1476 1101 1529 ibi
1129 1476 1417 1531 ferventius
1440 1484 1597 1545 atque
1624 1475 1907 1546 perfectius
1933 1476 2104 1530 unitas

527 1564 811 1619 christiana
843 1566 1083 1636 profecit,
1111 1575 1165 1620 et
1190 1566 1403 1620 uberius
1428 1566 1670 1620 laudatur
1697 1566 1945 1619 Dominus
1968 1608 1983 1632 ,
2014 1566 2102 1635 qui

526 1653 727 1710 donare
752 1655 997 1725 dignatus
1025 1665 1103 1710 est
1136 1664 1189 1709 ut
1211 1658 1346 1711 servi
1378 1658 1493 1721 eius
1532 1656 1865 1726 passionibus
1887 1656 1998 1710 suis
2019 1656 2103 1710 lu-

525 1754 805 1800 crarcntur
844 1746 1036 1800 fratres
1065 1761 1189 1800 suos
1209 1788 1223 1813 ,
1252 1755 1306 1801 et
1333 1761 1458 1800 oves
1485 1746 1598 1815 ejus
1625 1746 1897 1801 mortifero
1922 1762 2103 1801 errore

525 1836 795 1907 dispersas
825 1839 875 1892 in
916 1855 1096 1909 pacem
1124 1841 1307 1895 salutis
1336 1850 1549 1895 aeterna:
1575 1856 1670 1895 suo
1695 1841 1949 1910 sanguine
1976 1855 2101 1894 con-

523 1936 822 1995 gregarent.
856 1928 1049 1984 Potens
1074 1940 1155 1985 est
1189 1931 1438 1986 Dominus
1478 1942 1531 1985 et
1570 1930 1901 1995 misericors,
1944 1944 2099 2000 quem

523 2016 759 2085 quotidie
784 2035 1028 2088 rogamus
1053 2029 1109 2074 ut
1132 2023 1287 2075 etiam
1310 2022 1516 2076 caeteris
1535 2021 1624 2076 det
1644 2021 2024 2091 pmnitentiam,
2047 2030 2099 2076 et

524 2106 840 2175 resipiscant
866 2109 933 2163 de
960 2110 1153 2164 diaboli
1181 2113 1381 2182 laqueis
1403 2154 1417 2177 ,
1447 2128 1477 2165 a
1508 2128 1612 2181 quo
1634 2113 1825 2181 captivi
1853 2121 2101 2167 tenentur

522 2196 810 2250 secundum
841 2198 1006 2267 ipsius
1037 2202 1359 2256 voluntatem
1391 2202 1455 2271 (ll
1477 2200 1611 2255 Tim.
1637 2218 1693 2268 tt,
1724 2202 1815 2273 26)
1842 2203 1969 2272 :qui
1992 2219 2095 2256 non

522 2296 767 2355 quaerunt
805 2289 905 2343 nisi
931 2290 1069 2345 unde
1099 2292 1250 2346 nobis
1288 2294 1692 2358 calutnnientur,
1724 2300 1777 2347 et
1804 2293 2099 2347 retribuant

520 2380 657 2431 mala
686 2394 783 2449 pro
808 2381 988 2445 bonis;
1017 2382 1137 2452 quia
1174 2397 1272 2437 nec
1297 2384 1585 2453 intelligere
1614 2391 1908 2447 noverunt,
1936 2398 2094 2451 quem

519 2471 657 2524 circa
684 2485 777 2525 eos
805 2473 1037 2525 auinntm
1066 2473 1510 2544 dilectionemque
1538 2490 1811 2529 servemus
1829 2513 1846 2538 ,
1879 2483 1932 2527 et
1959 2488 2093 2543 quo-

518 2559 677 2615 modo
719 2576 812 2616 eos
858 2562 1083 2616 velimus
1134 2564 1423 2617 secundum
1474 2565 1679 2618 Domini
1732 2571 2090 2633 prmceptum,

517 2650 656 2718 quod
680 2667 775 2719 per
798 2651 1127 2706 Ezechielem
1155 2653 1462 2722 prophetam
1497 2656 1791 2722 pastoribus
1816 2656 1978 2719 dedit,
2009 2671 2095 2710 re-

515 2754 704 2795 vocare
720 2752 979 2808 errantes,
1007 2752 1060 2797 et
1076 2744 1307 2812 perditos
1327 2746 1559 2798 invenire
1575 2746 1785 2812 (Ezech.
1803 2761 1986 2812 xxxw,
2008 2748 2087 2816 4).

603 2830 829 2887 CAPUT
874 2832 1000 2888 VIII.
1020 2863 1090 2874 â€”
1114 2835 1203 2889 32.
1245 2835 1319 2889 Illi
1347 2846 1523 2891 autem
1548 2878 1563 2899 ,
1591 2837 1731 2906 quod
1757 2846 1809 2891 et
1837 2837 1961 2891 alibi
1986 2838 2089 2892 ali-

514 2922 725 2989 quando
775 2924 1025 2988 diximus,
1077 2935 1131 2980 et
1187 2927 1325 2995 quod
1369 2927 1523 2981 nobis
1572 2928 1786 2992 faciunt,
1843 2927 1943 2982 sibi
1981 2942 2087 2981 non

514 3012 803 3083 imputant;
858 3025 913 3070 ct
967 3016 1106 3085 quod
1161 3018 1259 3071 sibi
1309 3016 1540 3081 faciunt,
1599 3017 1752 3071 nobis
1806 3019 2085 3087 imputant.

514 3105 643 3171 Quis
690 3106 830 3160 enim
880 3117 1117 3161 nosmtm
1173 3108 1298 3162 velit
1339 3124 1445 3162 non
1481 3108 1651 3161 solum
1695 3108 1920 3177 aliquem
1965 3108 2087 3161 illo-

513 3210 630 3249 rum
668 3197 873 3265 perire,
917 3213 1101 3252 verum
1148 3200 1304 3253 etiam
1345 3200 1543 3269 aliquid
1588 3200 1848 3269 perdere?
1892 3199 1999 3255 Sed
2041 3200 2085 3254 si

512 3285 666 3339 aliter
705 3302 808 3340 non
836 3290 1024 3341 meruit
1068 3304 1247 3357 pacem
1287 3290 1483 3346 habere
1526 3290 1713 3345 domus
1743 3291 1939 3356 David,
1984 3290 2087 3346 nisi

512 3375 745 3433 Absalou
781 3378 916 3434 filius
940 3379 1055 3447 ejus
1091 3381 1140 3432 in
1169 3380 1304 3434 bello
1328 3381 1467 3450 quod
1493 3392 1677 3435 contra
1706 3393 1905 3451 patrem
1934 3397 2088 3452 gero-

511 3466 621 3533 bat,
669 3467 855 3524 fuisset
891 3473 1202 3535 exstinctus,
1234 3472 1473 3541 quamvis
1499 3488 1684 3542 magna
1713 3489 1836 3528 cura
1868 3474 2088 3528 manda-

510 3558 646 3611 verit
671 3559 780 3613 suis
816 3568 871 3612 ut
895 3575 1015 3614 eum
1055 3569 1305 3629 quantum
1336 3571 1552 3630 possent
1578 3564 1751 3616 vivum
1779 3563 2085 3635 salvumque

511 3657 817 3712 servarent,
850 3658 909 3701 ut
951 3659 1095 3703 esset
1136 3651 1219 3703 cui
1261 3652 1534 3719 pamiteuti
1573 3660 1823 3721 paternus
1865 3653 2085 3709 affectus

512 3736 837 3806 ignosceret;
861 3739 986 3807 quid
1011 3740 1060 3793 ei
1082 3740 1293 3806 restitit,
1323 3741 1422 3795 nisi
1452 3742 1712 3811 perditum
1746 3742 1892 3806 flere,
1921 3754 1975 3799 et
2002 3750 2082 3800 sui

509 3827 659 3895 regni
705 3842 833 3896 pace
873 3827 1130 3898 acquisita
1180 3844 1327 3883 suam
1378 3833 1680 3885 mmstitiam
1724 3834 1988 3887 consolari
2015 3835 2083 3904 (II

509 3918 638 3989 Reg.
661 3934 807 3986 xvm,
836 3919 987 3993 Ï‡Î¹Î¹Î¹).
1010 3920 1098 3976 Sic
1116 3937 1243 3992 ergo
1268 3922 1523 3977 catholica
1553 3934 1739 3988 mater,
1770 3926 2083 3982 bellantibus

509 4007 762 4063 adversus
787 4025 903 4063 eam
929 4011 1117 4081 quibus
1140 4013 1256 4067 aliis
1284 4027 1439 4083 quam
1464 4013 1585 4068 filiis
1607 4014 1737 4081 suis,
1764 4017 1884 4086 quia
1905 4018 2082 4087 utique

507 4114 575 4154 ex
605 4100 716 4170 ipsa
760 4116 947 4171 magna
984 4103 1176 4158 arbore
1212 4120 1330 4174 qum
1359 4119 1623 4159 ramorum
1654 4121 1867 4162 suorum
1898 4124 2083 4178 porre-

506 4192 681 4246 ctione
704 4202 811 4247 toto
840 4194 967 4250 orbe
993 4195 1318 4264 diffunditur,
1350 4198 1450 4253 iste
1478 4199 1530 4253 in
1558 4199 1729 4253 Africa
1754 4203 2080 4256 ramusculus

506 4281 703 4337 Iiâ€˜actus
730 4293 830 4349 est,
859 4302 979 4340 cum
1006 4303 1099 4341 eos
1120 4288 1376 4343 charitate
1405 4293 1659 4359 parturiat
1686 4304 1743 4346 ut
1770 4293 1989 4348 redeant
2011 4294 2078 4348 ad

505 4372 736 4427 radicem
776 4375 891 4430 sine
920 4393 1021 4446 qua
1048 4394 1225 4433 veram
1268 4380 1426 4434 vitam
1458 4382 1651 4438 habere
1691 4400 1793 4438 non
1826 4395 2074 4454 possunt;

503 4464 548 4515 si
572 4463 867 4533 aliquorum
903 4470 1197 4535 perditione
1238 4481 1460 4527 ca'teros
1493 4486 1597 4527 tam
1628 4477 1820 4529 multos
1845 4478 2075 4547 colligit,

504 4556 801 4622 prmsertim
829 4558 950 4624 quia
976 4559 1097 4624 isti,
1128 4577 1231 4613 non
1259 4562 1395 4616 sicut
1429 4564 1657 4617 Absalon
1699 4581 1823 4619 casu
1864 4567 2072 4636 bellico,

502 4643 597 4699 sed
623 4655 912 4714 spontaneo
939 4651 1106 4719 magis
1131 4651 1343 4705 interitu
1392 4662 1614 4721 pereunt
1638 4696 1650 4717 ,
1686 4654 1924 4710 dolorem
1965 4672 2077 4711 ma-

500 4738 641 4793 terni
666 4738 843 4793 cordis
872 4740 1003 4795 lenit
1032 4750 1084 4796 et
1110 4752 1260 4797 sanat
1285 4754 1549 4799 tantorum
1572 4746 1881 4802 liberatione
1910 4765 2076 4819 popu-

502 4827 695 4883 lorum.
727 4829 959 4897 Quorum
986 4833 1029 4887 si
1059 4833 1239 4889 videas
1259 4836 1310 4889 in
1336 4834 1531 4891 Christi
1558 4853 1686 4906 pace
1715 4839 1941 4905 la'titias,
1966 4840 2071 4897 fre-

498 4921 775 4987 quentiae,
824 4922 1156 4991 alacritates,
1198 4935 1252 4979 et
1292 4926 1357 4980 ad
1404 4926 1629 4999 hymnos
1673 4929 1965 4986 audiendos
2018 4940 2074 4987 et

500 5011 802 5079 canendus,
851 5022 906 5068 et
937 5014 1005 5069 ad
1034 5016 1251 5071 verbum
1284 5016 1376 5073 Dei
1418 5021 1808 5090 percipiendum
1833 5024 2071 5080 celebres

497 5098 801 5170 hilaresque
820 5112 1131 5170 conventus,
1159 5106 1549 5180 multorumque
1574 5112 1623 5164 in
1652 5112 1728 5165 eis
1746 5127 1865 5167 cum
1887 5113 2070 5170 dolore

499 5204 693 5261 magno
714 5194 1134 5251 recordationem
1156 5199 1405 5267 prmteriti
1422 5201 1635 5265 erroris,
1654 5211 1708 5258 et
1729 5217 1851 5258 cum
1877 5205 2070 5275 gaudio

493 5281 973 5339 considerationem
1018 5287 1243 5357 cognita:
1273 5289 1531 5355 veritatis,
1571 5298 1624 5345 et
1659 5306 1778 5347 cum
1823 5292 2066 5365 indigna-

493 5373 638 5428 tione
660 5381 717 5428 et
742 5374 1092 5433 detestatione
1128 5380 1459 5436 mendacium
1494 5384 1862 5453 magistrorum
1884 5428 1897 5449 ,
1924 5388 2065 5456 quod

492 5465 652 5519 modo
676 5478 1000 5536 cognoscant
1026 5470 1094 5525 de
1124 5472 1315 5527 nostris
1340 5473 1695 5529 Sacramentis
1736 5491 1890 5546 quam
1936 5479 2064 5534 falsa

486 5553 835 5623 jactaverint;
860 5560 1143 5615 multorum
1170 5563 1326 5617 etiam
1352 5564 1403 5617 in
1433 5565 1511 5618 eis
1538 5565 1897 5623 confessiones
1923 5572 2063 5641 quod

490 5645 618 5699 olim
646 5648 841 5704 vellent
863 5663 983 5705 esse
1010 5651 1275 5720 catholici,
1322 5668 1420 5708 nec
1464 5655 1602 5709 inter
1648 5658 1889 5714 homines
1935 5664 2063 5717 tanti

491 5732 684 5791 furoris
720 5738 1011 5796 auderent:
1041 5741 1227 5799 horum
1262 5758 1390 5811 ergo
1429 5745 1738 5816 populorum
1770 5764 1835 5805 co
1857 5767 2057 5822 ÎºÎµÎ¹-ÏÎµÎ¸-

1761 364 1817 417 S.
1859 359 2216 417 AUGUS'Iâ€™INI
2259 360 2555 420 EPISCOPI

2217 472 2398 527 tiones
2426 490 2520 544 per
2546 475 2798 544 plurimas
2820 477 3009 533 Africa:
3029 481 3272 551 regiones
3294 484 3361 539 ab
3383 484 3468 539 illa
3493 488 3786 556 perditione

2214 561 2571 627 liberaturum,
2593 566 2636 621 si
2663 568 2759 621 sub
2784 582 2889 620 uno
2913 580 3195 639 conspectu
3214 572 3455 639 videres;
3489 586 3615 633 tunc
3640 580 3791 635 dioe-

2213 666 2298 705 res
2326 654 2501 708 nimia:
2532 655 2693 710 fuisse
2717 658 3059 721 crudelitatis,
3086 661 3129 713 si
3150 661 3274 714 dum
3299 663 3573 721 timeretur
3598 684 3667 723 ne
3686 671 3792 723 ho-

2211 742 2383 795 mines
2407 743 2694 811 desperati,
2725 754 2780 800 et
2810 748 3028 801 istorum
3062 750 3432 807 innumerabili
3460 755 3788 813 multitudini
3820 774 3825 779 Î‡

2211 835 2352 887 nulla
2406 836 2756 891 :rstimatione
2801 842 3172 909 comparandi,
3221 845 3330 897 suis
3377 855 3431 900 et
3471 849 3785 907 voluntariis

2211 922 2419 991 ignibus
2433 936 2818 989 cremarentur,
2838 927 2921 981 isti
2946 929 2998 983 in
3014 940 3269 985 teternum
3294 934 3548 1001 perdendi
3569 947 3625 993 et
3643 955 3781 994 scm-

2211 1014 2433 1083 piternis
2458 1015 2666 1084 ignibus
2690 1017 2959 1071 cruciandi
2989 1020 3432 1089 relinquerentur.
3812 1020 3813 1039 á¼°

2279 1104 2366 1157 35.
2407 1104 2462 1160 Si
2506 1107 2645 1159 enim
2692 1105 2799 1160 duo
2837 1108 2997 1177 aliqui
3038 1110 3089 1162 in
3137 1126 3239 1165 una
3266 1112 3425 1167 domo
3456 1113 3777 1172 habitarent.

2208 1209 2364 1263 quam
2396 1196 2692 1250 certissime
2713 1198 2970 1252 sciremus
2998 1215 3115 1253 esse
3143 1201 3419 1270 ruituram,
3450 1207 3705 1275 nobisque
3727 1209 3778 1263 id

2209 1287 2685 1351 przenuntiantibus
2714 1290 2911 1343 nollent
2937 1290 3175 1357 credere,
3204 1302 3362 1362 atque
3394 1296 3444 1349 in
3471 1312 3534 1351 ea
3562 1313 3775 1353 manere

2208 1375 2577 1441 persisterent;
2606 1377 2649 1428 si
2678 1390 2770 1430 eos
2798 1377 2920 1431 inde
2946 1394 3219 1447 possemus
3247 1398 3433 1438 eruere
3458 1385 3540 1439 vel
3564 1386 3775 1452 invitos,

2205 1463 2394 1532 quibus
2421 1464 2783 1519 imminentem
2811 1466 2953 1520 illam
2982 1470 3186 1523 ruinam
3222 1482 3401 1539 postea
3441 1473 3776 1529 demonstra-

2206 1569 2404 1619 remus,
2433 1564 2489 1608 ut
2518 1555 2691 1609 redire
2719 1556 2940 1611 ulterius
2966 1559 3066 1612 sub
3088 1561 3209 1628 ejus
3236 1562 3525 1629 periculum
3551 1580 3660 1618 non
3685 1581 3779 1619 au-

2207 1642 2429 1706 derent,
2462 1654 2590 1713 puto
2628 1645 2729 1698 nisi
2761 1645 3074 1714 faceremus,
3121 1663 3224 1703 non
3250 1650 3516 1705 immerito
3536 1654 3775 1709 crudeles

2203 1733 2637 1802 dijudicarentur.
2667 1736 2835 1790 Porro
2873 1738 2918 1791 si
2959 1753 3093 1792 unus
3130 1740 3341 1794 illorum
3369 1742 3520 1798 nobis
3546 1744 3770 1811 diceret,

2202 1824 2425 1891 Quando
2452 1826 2774 1880 intraveritis
2816 1842 3004 1883 eruere
3044 1844 3171 1894 nos,
3215 1832 3477 1901 meipsum
3523 1837 3773 1892 continuo

2205 1915 2514 1981 trucidabo;
2558 1916 2696 1970 alter
2736 1927 2915 1971 autem
2957 1933 3054 1973 nec
3082 1919 3231 1974 exire
3256 1920 3467 1990 quidem
3495 1923 3645 1988 inde,
3674 1942 3773 1982 nec

2200 2005 2315 2058 erui
2346 2005 2526 2070 vellet,
2556 2006 2649 2061 sed
2676 2022 2846 2075 neque
2876 2023 3065 2061 necare
3087 2024 3145 2063 se
3167 2009 3419 2076 auderet;
3447 2013 3572 2081 quid
3603 2015 3769 2084 elige-

2199 2108 2409 2158 remus,
2440 2104 2615 2148 utrum
2641 2097 2827 2150 ambos
2856 2097 3019 2150 ruina:
3049 2099 3422 2169 opprimendos
3450 2101 3766 2172 relinquere,

2197 2199 2265 2238 an
2296 2200 2400 2238 uno
2423 2186 2612 2240 saltem
2638 2202 2732 2254 per
2763 2188 3157 2242 misericordem
3198 2198 3431 2244 nostram
3457 2207 3671 2259 operam
3702 2194 3769 2247 li-

2199 2276 2407 2341 berato,
2437 2279 2662 2332 alterum
2689 2292 2794 2332 non
2825 2288 3004 2332 nostra
3033 2280 3203 2348 culpa,
3236 2281 3331 2335 sed
3366 2296 3459 2335 sua
3490 2283 3663 2351 potius
3686 2284 3769 2338 in-

2199 2368 2398 2422 terire?
2442 2367 2611 2423 Nemo
2653 2378 2735 2422 est
2776 2378 2881 2422 tam
2923 2369 3102 2424 infelix
3140 2371 3231 2440 qui
3275 2387 3379 2426 non
3420 2373 3547 2442 quid
3575 2374 3689 2429 fieri
3714 2376 3764 2429 iu

2198 2458 2390 2512 talibus
2416 2459 2591 2513 causis
2620 2466 2885 2530 oporteat,
2915 2457 3164 2514 facillime
3183 2460 3403 2528 judicet.
3436 2462 3503 2515 Et
3531 2462 3597 2516 de
3632 2463 3767 2518 duo-

2194 2546 2295 2601 bus
2324 2547 2660 2614 hominibus,
2693 2563 2798 2602 uno
2822 2549 3025 2604 scilicet
3051 2549 3255 2619 perdito
3274 2590 3290 2614 ,
3332 2559 3387 2604 et
3413 2566 3521 2605 uno
3546 2551 3766 2608 liberato

2194 2637 2595 2691 similitudinem
2627 2638 2777 2691 istam
2809 2640 3058 2709 praposni
3086 2656 3099 2691 :
3132 2639 3255 2708 quid
3276 2654 3403 2709 ergo
3430 2642 3763 2697 sentiendum

2194 2735 2276 2780 est
2316 2726 2385 2781 de
2434 2727 2745 2796 quibusdam
2792 2728 2971 2796 paucis
3012 2728 3248 2796 perditis,
3298 2740 3351 2781 et
3396 2729 3766 2787 innumerabili

2198 2815 2534 2870 multitudine
2555 2816 2865 2889 populorum
2889 2817 3258 2871 liberaturum?
3274 2816 3388 2871 Non
3412 2820 3554 2873 enim
3580 2821 3667 2874 vel
3687 2830 3764 2876 tot

2196 2916 2325 2959 sunt
2363 2906 2437 2959 illi
2473 2906 2715 2962 homines
2748 2907 2837 2976 qui
2872 2922 2964 2960 sua
2988 2908 3251 2961 voluntate
3278 2914 3517 2977 pereunt,
3542 2920 3672 2979 quot
3699 2912 3761 2965 li-

2190 2996 2442 3052 berantur
2457 3012 2549 3066 per
2565 3000 2690 3051 istas
2706 2998 2847 3067 leges
2858 2997 3020 3053 abiila
3045 2999 3287 3067 pestifera
3306 3009 3609 3071 aaternaque
3639 3018 3760 3072 per-

2190 3087 2325 3141 nicie
2348 3087 2495 3142 fundi
2515 3130 2531 3155 ,
2556 3089 2707 3158 pagi,
2731 3088 2852 3155 vici,
2872 3090 3109 3156 castella,
3141 3091 3422 3160 municipia
3451 3132 3470 3158 ,
3498 3093 3756 3148 civitates.

2260 3179 2349 3233 34.
2388 3180 2445 3235 Si
2472 3191 2650 3235 autem
2678 3181 2980 3250 diligentius
3008 3197 3119 3236 rem
3148 3182 3215 3237 de
3239 3198 3341 3252 qua
3370 3184 3636 3254 loquimur
3660 3201 3757 3242 co-

2187 3270 2434 3339 gitemus,
2464 3283 2590 3340 puto
2617 3271 2757 3341 quod
2783 3273 2826 3325 si
2849 3272 3060 3341 plurimi
3084 3284 3260 3328 essent
3281 3273 3335 3328 in
3354 3274 3513 3329 domo
3534 3278 3757 3346 ruitura:

2148 3396 2153 3397 Îº
2188 3369 2243 3415 et
2268 3362 2391 3416 inde
2411 3363 2601 3417 saltem
2634 3377 2770 3445 unus
2797 3364 3010 3418 liberari
3032 3374 3229 3434 posset,
3258 3376 3416 3435 atque
3445 3366 3496 3422 id
3526 3384 3647 3423 cum
3673 3369 3756 3424 fa-

2188 3468 2313 3509 cere
2334 3470 2670 3520 conaremur,
2699 3455 2787 3508 alii
2812 3455 3016 3525 seipsos
3041 3458 3331 3527 prmcipitio
3361 3470 3630 3525 necarent,
3662 3461 3755 3515 do-

2188 3545 2354 3599 lorem
2402 3546 2469 3600 de
2512 3547 2718 3600 caneris
2762 3556 3037 3611 nostrum,
3079 3547 3147 3602 de
3191 3549 3342 3603 unius
3369 3551 3555 3605 saltem
3585 3551 3755 3608 salute

2187 3636 2614 3700 consolarentur;
2644 3651 2749 3689 non
2779 3644 2979 3703 tamen,
3010 3652 3075 3691 ne
3103 3638 3306 3707 seipsos
3334 3640 3421 3692 alii
3449 3641 3751 3709 perderent,

2188 3728 2362 3797 perire
2392 3728 2667 3782 universos
2706 3728 2849 3781 nullo
2880 3729 3099 3783 liberato
3129 3730 3571 3799 permitteremus.
3620 3733 3755 3800 Quid

2187 3818 2345 3887 igitur
2369 3816 2435 3871 de
2459 3834 2619 3887 opere
2653 3818 3062 3885 misericordia),
3102 3820 3240 3889 quod
3281 3836 3376 3890 pro
3412 3822 3516 3875 vita
3556 3833 3752 3877 materna

2184 3909 2545 3979 adipiscenda,
2589 3920 2644 3964 et
2668 3925 2821 3980 pinna
2848 3922 3047 3965 aeterna
3073 3912 3302 3979 vitanda,
3333 3914 3632 3968 hominibus
3654 3914 3752 3968 de-

2185 4001 2373 4057 bemus
2400 4002 2727 4071 impendere,
2760 4002 3099 4072 judicandum
3129 4013 3241 4069 est;
3266 4003 3311 4057 si
3337 4019 3434 4073 pro
3460 4004 3627 4059 salute
3656 4005 3752 4060 ista

2184 4109 2291 4148 non
2319 4094 2489 4148 solum
2517 4095 2813 4164 temporali,
2840 4096 2931 4149 sed
2956 4095 3114 4149 etiam
3136 4096 3304 4160 brevi,
3332 4095 3396 4149 ad
3423 4096 3593 4164 ipsum
3620 4105 3752 4150 tem-

2185 4199 2285 4255 pus
2312 4186 2559 4256 exiguum
2588 4186 2877 4248 liberanda,
2903 4187 2981 4239 sic
3002 4201 3098 4239 nos
3125 4186 3421 4240 hominibus
3448 4186 3749 4253 subvenire,

2182 4278 2318 4331 ratio
2346 4292 2470 4332 vera
2499 4286 2555 4333 et
2579 4277 2801 4346 benigna
2827 4275 3131 4346 compellit?

2251 4370 2475 4426 CAPUT
2512 4369 2602 4424 IX.
2629 4398 2702 4408 â€”
2725 4368 2811 4423 35.
2843 4367 2992 4433 Quod
3039 4376 3233 4435 autem,
3263 4366 3413 4420 nobis
3457 4365 3744 4436 objiciunt,

2179 4463 2320 4536 quod
2345 4479 2431 4518 res
2451 4478 2634 4517 eorum
2658 4460 3091 4529 concupiscamus
3114 4468 3167 4513 et
3190 4458 3522 4522 auferamus;
3548 4458 3742 4512 utinam

2179 4555 2426 4610 catholici
2472 4553 2619 4618 fiant,
2666 4561 2721 4606 et
2763 4567 2870 4605 non
2914 4552 3085 4605 solum
3124 4566 3242 4619 quae
3282 4550 3463 4607 dicunt
3496 4570 3620 4615 sua.
3654 4554 3747 4608 sed

2179 4647 2336 4702 etiam
2380 4654 2594 4710 nostra,
2637 4644 2688 4697 in
2729 4658 2857 4713 pace
2894 4643 3165 4697 nobiscum
3201 4650 3256 4696 et
3291 4642 3545 4699 charitate
3576 4646 3749 4715 possi-
3830 4632 3841 4641 â€™

2179 4735 2338 4789 deant
2361 4735 2374 4789 !
2407 4733 2584 4803 Usque
2610 4732 2743 4787 adeo
2768 4743 2942 4785 autem
2968 4731 3319 4785 calumniandi
3338 4734 3622 4802 cupiditate
3646 4751 3750 4789 cte-

2177 4833 2381 4887 cantur,
2414 4832 2473 4877 ut
2500 4836 2606 4876 non
2625 4821 2903 4875 attendant
2926 4837 3083 4891 quam
3109 4823 3215 4876 sint
3234 4823 3371 4877 inter
3397 4839 3455 4877 se
3483 4824 3743 4879 contraria

2177 4928 2296 4981 qua:
2336 4912 2640 4979 loquuntur.
2687 4910 2789 4981 Ipsi
2828 4922 2974 4967 certe
2998 4911 3212 4977 dicunt,
3254 4920 3309 4966 et
3341 4913 3746 4969 invidiosissime

2176 5004 2278 5059 sibi
2303 5004 2559 5073 conqueri
2591 5003 2838 5059 videntur
2862 5003 3003 5074 quod
3028 5018 3122 5058 eos
3150 5003 3203 5057 in
3234 5013 3469 5059 nostram
3500 5019 3744 5059 commu-

2176 5097 2389 5152 nionem
2418 5096 2649 5152 violento
2675 5097 2849 5167 legum
2879 5096 3101 5165 imperio
3128 5103 3460 5152 coarctamus
3482 5114 3495 5148 :
3519 5096 3624 5152 hoc
3644 5097 3747 5151 uti-

2175 5205 2279 5260 que
2319 5190 2464 5244 nullo
2504 5189 2663 5245 modo
2700 5189 3017 5254 faceremus,
3057 5189 3104 5243 si
3142 5204 3227 5244 res
3263 5205 3445 5245 eorum
3472 5190 3746 5260 possidere

2176 5280 2451 5335 vellemus.
2477 5280 2607 5347 Quis
2647 5296 2838 5335 avarus
2861 5282 3051 5350 quaerit
3080 5283 3600 5351 contpossessorem?
3627 5284 3746 5353 quis

2172 5370 2477 5441 dominandi
2506 5373 2792 5442 cupiditate
2820 5371 3191 5435 inflammatus,
3223 5372 3305 5425 vel
3332 5372 3467 5426 fastu
3496 5372 3744 5428 domina-

2174 5464 2330 5517 tionis
2354 5465 2521 5518 elatus
2548 5464 2811 5519 desiderat
2836 5462 3028 5517 habere
3056 5463 3396 5517 consortem?
3425 5461 3572 5532 Ipsos
3596 5474 3746 5518 certe

2171 5553 2445 5607 attendant
2484 5554 2746 5625 quondam
2786 5569 2931 5619 suos,
2967 5554 3075 5622 jam
3118 5564 3328 5607 nostros
3354 5554 3527 5607 socios
3552 5562 3608 5607 et
3634 5552 3746 5607 fra-

2174 5656 2319 5699 terna
2348 5644 2499 5699 nobis
2517 5645 2798 5700 dilectione
2819 5644 3150 5715 conjunctos,
3179 5642 3624 5714 quemadmodum
3646 5657 3742 5697 sua

2173 5744 2404 5800 teneant,
2438 5751 2541 5791 non
2568 5737 2739 5793 solum
2763 5752 2879 5805 qua:
2906 5734 3205 5803 habebant,
3237 5732 3331 5790 sed
3369 5734 3527 5789 etiam
3558 5744 3741 5790 nostra
