4120 6358
355 438 461 501 809

356 570 475 627 qua:
495 568 603 610 non
624 537 891 609 habebant
914 568 927 607 :
950 564 1069 623 quae.
1094 560 1290 618 tamen,
1315 550 1359 605 si
1382 565 1669 622 pauperum
1685 565 1939 623 compau-

358 662 514 718 peres
541 661 744 712 sumus,
775 654 830 701 et
855 653 1037 701 nostra
1062 652 1187 699 sunt
1212 650 1268 698 et
1290 642 1533 708 illorum;
1566 644 1611 698 si
1631 651 1807 697 autem
1829 642 1936 714 pri-

360 741 520 795 vatim
550 755 669 811 qua:
693 738 846 795 nobis
868 736 1149 805 Sufficiam,
1183 736 1536 808 possidemus,
1570 752 1675 792 non
1705 745 1829 792 sunt
1852 736 1942 793 illa

361 844 575 901 nostra,
618 834 712 890 sed
751 849 1040 905 pauperum
1079 848 1303 904 quorum
1340 831 1767 902 procurationem
1806 844 1942 902 quo-

361 925 645 983 dammodo
673 926 927 997 gerimus,
956 940 1065 981 non
1105 925 1483 996 proprietatem
1522 923 1677 979 nobis
1716 938 1942 995 usurpa-

364 1020 505 1075 tione
533 1019 827 1075 damnabili
852 1004 1205 1075 vindicamus.

432 1112 519 1168 56.
560 1110 826 1182 Quidquid
853 1127 981 1182 ergo
1010 1112 1227 1166 nomine
1254 1109 1611 1166 Ecclesiarum
1640 1109 1804 1181 partis
1834 1109 1943 1164 Do-

364 1206 471 1261 nati
502 1204 870 1276 possidebatur
888 1246 904 1273 ,
926 1204 1200 1261 christiani
1222 1205 1569 1275 imperatores
1590 1204 1800 1275 legibus
1822 1202 1949 1258 reli-

366 1298 527 1367 giosis
573 1312 693 1352 eum
752 1296 881 1367 ipsis
939 1297 1191 1353 Ecclesiis
1234 1296 1302 1352 ad
1344 1297 1667 1354 Catholicam
1721 1297 1949 1352 transire

361 1388 634 1458 jusserunt
665 1387 762 1461 (a).
783 1388 917 1445 Cum
940 1405 1067 1460 ergo
1094 1389 1367 1445 nobiscum
1389 1390 1496 1445 sint
1518 1388 1822 1446 earumdem
1849 1389 1950 1444 Ee-

367 1478 647 1534 clesiarum
675 1494 932 1550 pauperes
964 1480 1055 1551 qui
1089 1479 1290 1536 eisdem
1322 1482 1339 1512 ί
1379 1480 1816 1551 possessiunculis
1839 1480 1950 1535 ale-

369 1569 578 1638 bantur,
606 1571 705 1641 ipsi
734 1572 907 1641 potius
944 1569 1073 1626 foris
1111 1572 1269 1642 positi
1306 1571 1551 1629 desinant
1571 1571 1951 1642 concupiscere

368 1664 572 1730 aliena;
618 1662 713 1719 sed
752 1664 952 1719 intrent
980 1663 1031 1718 in
1065 1664 1280 1719 unitatis
1306 1664 1613 1719 societatem
1633 1704 1649 1730 ,
1678 1675 1735 1720 ut
1755 1664 1952 1735 pariter

367 1754 745 1826 gubernemus,
775 1770 879 1811 non
907 1755 995 1810 illa
1028 1763 1231 1810 tantum
1261 1772 1378 1827 quae
1406 1756 1591 1812 dicunt
1618 1771 1734 1824 sua,
1757 1770 1947 1811 verum

369 1847 527 1901 etiam
579 1862 696 1918 quae
740 1846 990 1903 dicuntur
1030 1855 1085 1903 et
1125 1857 1324 1903 nostra.
1354 1847 1617 1918 Scriptum
1655 1858 1735 1903 est
1765 1848 1947 1903 enim:

374 1935 558 1993 Omnia
586 1947 747 1993 vestra
772 1946 923 2003 sunt;
961 1955 1045 1992 vos
1072 1947 1239 1992 autem
1267 1937 1489 2004 Christi;
1518 1936 1745 1993 Christus
1784 1947 1952 1991 autem

370 2029 467 2085 Dei
493 2030 536 2104 (ι
562 2028 681 2088 Cor.
710 2046 790 2098 tu,
822 2030 914 2098 22,
942 2030 1055 2104 25).
1095 2030 1203 2086 Sub
1248 2030 1340 2086 illo
1380 2030 1586 2100 capite,
1618 2030 1673 2084 in
1699 2044 1806 2085 uno
1834 2029 1951 2099 ejus

370 2138 596 2195 corpore
616 2140 777 2180 unum
803 2124 990 2192 simus,
1020 2133 1073 2180 et
1094 2124 1159 2179 de
1174 2124 1289 2179 istis
1312 2124 1501 2180 talibus
1522 2125 1679 2179 rebus
1698 2123 1952 2179 faciamus

371 2216 513 2287 quod
543 2218 796 2287 scriptum
825 2225 909 2273 est
936 2218 990 2271 in
1019 2218 1238 2272 Actibus
1257 2218 1636 2288 Apostolorum
1660 2235 1672 2271 :
1702 2216 1830 2271 Erat
1850 2217 1952 2272 illis

372 2309 542 2362 anima
566 2325 670 2362 una
694 2318 741 2364 et
772 2325 858 2363 cor
883 2324 1072 2374 unum;
1115 2318 1161 2363 et
1190 2324 1334 2363 nemo
1360 2308 1552 2363 dicebat
1591 2309 1786 2381 aliquid
1830 2326 1951 2379 pro-

372 2401 574 2471 prium,
616 2401 705 2455 sed
745 2409 887 2455 erant
930 2400 1031 2455 illis
1069 2401 1238 2454 omnia
1262 2401 1545 2454 communia
1574 2398 1706 2470 (Act:
1735 2415 1809 2467 tv,
1839 2399 1947 2470 52).

372 2491 627 2546 Amemus
653 2491 795 2561 quod
822 2500 1117 2558 cantamus,
1148 2491 1279 2545 Ecce
1312 2508 1464 2564 quam
1498 2492 1680 2544 bonum
1717 2500 1764 2545 et
1801 2506 1954 2561 quam

373 2582 671 2651 iucundum,
702 2584 931 2638 habitare
956 2586 1137 2656 fratres
1162 2584 1216 2638 in
1238 2600 1395 2638 unum
1426 2582 1596 2654 (Psal.
1622 2599 1830 2649 cxxxtt,
1859 2583 1950 2653 ωε

375 2684 433 2730 ιιι
474 2677 551 2731 sic
590 2678 934 2748 experiantur
979 2686 1033 2734 et
1080 2677 1250 2733 sciant
1290 2693 1449 2747 quam
1483 2678 1741 2733 veraciter
1766 2677 1833 2731 ad
1862 2692 1955 2733 eos

375 2768 569 2824 clamet
592 2778 762 2826 mater
785 2770 1061 2826 Catholica
1092 2770 1234 2842 quod
1254 2771 1438 2826 scribit
1461 2771 1647 2826 beatus
1667 2770 1955 2841 Apostolus

372 2859 440 2914 ad
480 2858 804 2929 Corinthios,
854 2862 975 2918 Non
1016 2880 1186 2936 quaero
1226 2879 1341 2931 qua:
1377 2872 1493 2919 sunt
1532 2873 1711 2931 vestra,
1738 2864 1828 2919 sed
1872 2880 1958 2920 vos

375 2948 444 3022 (ll
474 2951 589 3007 Cor.
620 2969 716 3021 xu,
749 2952 859 3027 υ).

446 3044 534 3099 57.
578 3044 635 3103 Si
663 3055 839 3102 autem
872 3047 1269 3103 consideremus
1298 3047 1438 3118 quod
1465 3047 1664 3117 dictum
1690 3054 1774 3101 est
1808 3048 1860 3102 in
1888 3047 1955 3102 li-

376 3135 474 3191 bro
516 3136 801 3208 Sapientiae
826 3181 842 3205 ,
888 3137 1016 3193 Ideo
1053 3140 1184 3210 justi
1230 3140 1447 3193 tulerunt
1486 3140 1648 3209 spolia
1687 3139 1958 3209 impiorum

376 3228 530 3300 (Sap.
562 3245 618 3297 x,
654 3230 775 3301 i9);
808 3230 932 3287 item
974 3230 1115 3301 quod
1156 3231 1348 3301 legitur
1374 3231 1429 3285 in
1456 3230 1787 3295 Proverbiis,
1822 3228 1957 3284 The-

287 3359 301 3369 .
376 3324 699 3378 taurizantur
724 3332 893 3377 autem
925 3324 1082 3396 justis
1111 3324 1299 3378 divitia:
1330 3323 1600 3394 impiorum
1629 3322 1811 3393 (Prov.
1836 3338 1954 3390 xiii,

375 3414 464 3480 22,
493 3431 594 3470 sec.
624 3413 824 3486 LXX);
859 3424 982 3470 tunc
1006 3416 1299 3471 videbimus
1330 3432 1434 3469 non
1463 3430 1583 3470 esse
1612 3414 1957 3485 quaerendum

376 3506 467 3575 qui
497 3506 724 3562 habeant
747 3522 834 3562 res
861 3506 1255 3573 haereticorum,
1281 3505 1375 3562 sed
1400 3507 1489 3576 qui
1505 3506 1611 3561 sint
1630 3506 1683 3561 in
1704 3506 1959 3562 societate

374 3594 659 3665 justorum.
710 3597 921 3653 Scimus
962 3597 1177 3670 quidem
1203 3597 1323 3654 illos
1353 3605 1551 3652 tantam
1581 3598 1681 3654 sibi
1709 3612 1959 3668 arrogare

374 3686 662 3759 justitiam,
705 3699 762 3746 ut
797 3706 914 3747 eam
950 3706 1009 3746 se
1046 3691 1249 3761 jactent
1274 3706 1379 3746 non
1416 3690 1587 3746 solum
1613 3690 1829 3757 habere,
1860 3689 1957 3745 sed

381 3781 539 3836 etiam
563 3782 682 3837 aliis
706 3782 1005 3839 hominibus
1034 3782 1181 3840 dare.
1213 3783 1256 3837 A
1281 3798 1341 3839 se
1366 3783 1561 3854 quippe
1591 3783 1773 3839 dicunt
1794 3780 1955 3852 justi-

380 3872 524 3928 licari
548 3890 670 3930 eum
694 3891 849 3946 quem
872 3875 1288 3947 baptizaverint;
1320 3875 1405 3930 ubi
1426 3875 1558 3932 nihil
1577 3877 1654 3931 eis
1674 3885 1837 3932 restat
1856 3875 1959 3931 nisi

381 3965 559 4021 dicere
586 3966 663 4021 illi
689 3968 777 4038 qui
815 3968 1109 4038 baptizatur
1136 3969 1204 4023 ab
1228 3968 1342 4036 eis,
1385 3976 1442 4023 ut
1482 3969 1535 4023 in
1576 3968 1957 4039 baptizatorem

382 4070 536 4111 suum
564 4058 747 4114 credat
774 4077 787 4113 :
816 4074 912 4113 cur
935 4061 1076 4114 enim
1104 4075 1210 4114 non
1238 4059 1415 4123 faciat,
1438 4059 1650 4129 quando
1674 4060 1959 4128 Apostolus

382 4144 526 4217 dicit,
554 4148 787 4205 Credenti
815 4152 866 4204 in
893 4168 1008 4205 eum
1034 4152 1120 4222 qui
1134 4151 1386 4221 justi/icat
1415 4150 1658 4220 impium,
1697 4151 1962 4221 deputatur

382 4243 510 4311 ﬁdes
529 4244 636 4314 ejus
662 4244 728 4295 ad
741 4243 993 4314 justitiam
1015 4240 1189 4314 (Rom.
1218 4258 1290 4308 tv,
1318 4241 1409 4313 5)?
1430 4240 1486 4296 In
1511 4243 1681 4311 ipsum
1702 4257 1829 4313 ergo
1848 4258 1963 4298 cre-

382 4334 497 4401 dat,
524 4335 569 4388 si
594 4350 715 4388 eum
746 4335 858 4404 ipse
880 4333 1162 4404 justilicat,
1193 4342 1253 4389 ut
1285 4333 1568 4403 deputetur
1594 4333 1725 4387 lides
1752 4334 1867 4403 ejus
1896 4334 1964 4388 ad

380 4425 660 4496 justitiam.
692 4425 795 4481 Sed
827 4437 952 4497 puto
977 4425 1117 4497 quod
1147 4426 1306 4482 etiam
1335 4425 1433 4495 ipsi
1462 4424 1670 4495 seipsos
1689 4424 1960 4492 horreant,

385 4518 431 4572 si
463 4528 637 4573 tamen
669 4517 767 4572 ista
793 4519 877 4573 vel
904 4518 1140 4588 cogitare
1179 4518 1484 4589 dignantur.
1515 4515 1697 4571 Justus
1732 4516 1877 4572 enim
1912 4524 1967 4572 et

382 4609 675 4679 justiticans
704 4628 806 4666 non
836 4620 937 4679 est,
968 4612 1069 4667 nisi
1091 4612 1249 4667 Deus.
1278 4612 1460 4666 Potest
1482 4618 1660 4665 autem
1681 4619 1736 4665 et
1760 4610 1829 4666 de
1851 4610 1966 4666 istis

387 4698 489 4753 dici
522 4700 662 4771 quod
691 4701 819 4757 dicit
847 4702 1132 4773 Apostolus
1166 4702 1231 4757 de
1270 4701 1500 4766 Judaeis,
1530 4701 1653 4771 quia
1678 4702 1966 4773 ignorantes

390 4790 485 4845 Dei
501 4794 774 4865 justitiam,
803 4802 848 4849 et
875 4812 1020 4849 suam
1044 4795 1261 4850 volentes
1285 4795 1606 4863 constituere,
1628 4795 1843 4866 justititz
1871 4794 1969 4850 Dei

390 4901 490 4939 non
506 4898 619 4939 sunt
647 4886 856 4960 subjecti
887 4886 1059 4959 (Rom.
1090 4904 1147 4953 x,
1179 4890 1258 4959 3).

463 4976 550 5031 38.
591 4977 744 5032 Absit
769 4987 943 5033 autem
972 4979 1320 5050 utquisquam
1338 4990 1577 5036 nostrum
1596 4981 1666 5036 ita
1693 4981 1966 5051 sejustum

391 5065 566 5137 dicat,
599 5078 659 5123 ut
686 5077 777 5124 aut
801 5084 951 5125 suam
977 5069 1234 5139 justitiam
1265 5070 1393 5127 velit
1420 5074 1779 5137 constituere,
1810 5071 1865 5127 id
1890 5080 1972 5127 est

392 5160 540 5228 quasi
571 5176 600 5215 a
626 5161 804 5233 seipso
828 5161 928 5217 sibi
956 5161 1153 5229 datam,
1184 5180 1301 5219 cum
1328 5164 1533 5221 dicatur
1560 5166 1644 5233 ei,
1678 5165 1813 5231 Quid
1836 5166 1971 5222 enim

294 5328 303 5335 ν
394 5253 544 5309 habes
566 5254 701 5325 quod
730 5272 831 5310 non
857 5257 1120 5327 acccepisti
1147 5254 1189 5331 (ι
1221 5255 1341 5313 Cor.
1371 5274 1445 5326 tv,
1471 5258 1568 5330 7)?
1594 5267 1687 5313 aut
1707 5260 1824 5315 sine
1849 5274 1973 5330 pec-
2000 5294 2009 5305 ι

394 5354 514 5399 cato
541 5362 600 5402 se
638 5363 759 5404 esse
784 5349 990 5419 jactare
1016 5348 1207 5405 audeat
1232 5350 1286 5405 in
1314 5350 1413 5405 hac
1440 5351 1545 5405 vita
1565 5392 1581 5419 ,
1626 5352 1765 5407 sicut
1789 5352 1889 5422 ipsi
1918 5352 1973 5407 in

394 5448 575 5493 nostra
611 5440 894 5497 collatione
918 5441 1167 5497 dixerunt
1191 5442 1243 5497 in
1272 5457 1335 5497 ea
1361 5458 1419 5498 se
1443 5457 1561 5498 esse
1590 5443 1826 5499 Ecclesia
1855 5459 1975 5514 qua:

389 5528 501 5598 jam
529 5547 633 5586 non
662 5531 823 5589 habet
846 5533 1107 5588 maculam
1136 5542 1225 5588 aut
1251 5549 1434 5605 rugam
1455 5542 1547 5589 aut
1573 5533 1773 5604 aliquid
1794 5533 1977 5604 hujus-

393 5620 538 5674 modi
570 5620 733 5693 (Eph.
764 5640 819 5691 v,
843 5623 935 5696 27)
959 5641 973 5679 :
1000 5625 1299 5681 nescientes
1328 5625 1430 5680 hoc
1453 5625 1612 5680 modo
1642 5625 1693 5678 in
1720 5625 1800 5680 eis
1824 5640 1975 5679 com-

432 5737 475 5804 ,³
502 5742 641 5787 non:
666 5737 918 5789 Nobiscmn
1055 5739 1213 5804 plebes
1233 5740 1513 5792 emunzdem
1533 5739 1870 5804 Ecclesiarum,
1896 5752 1981 5791 no-

395 5794 842 5910 mggperes,
864 5799 946 5866 qui
963 5801 1022 5852 ab
1268 5811 1324 5855 At
1344 5810 1553 5854 nostram
1575 5801 1837 5853 lectionem
1856 5794 1980 5865 prte-

458 5942 534 6009 (u/
563 5952 675 5995 uno.
692 5944 873 5996 Theod.
890 5944 927 5997 ι.
945 5945 1026 6009 52,
1040 5946 1107 5998 de
1127 5949 1391 5999 merentis.

675 6028 899 6098 Sacr.
931 6032 1210 6132 Accusa.
1235 6032 1319 6100 ll.

1521 429 1995 497 EPISTOLARUM
2033 428 2310 496 CLASSIS
2345 437 2431 495 Hi.

3516 452 3645 528 sto;

2048 551 2205 621 pleri,
2226 553 2314 623 qui
2344 553 2427 609 vel
2459 562 2574 623 post
2600 554 2928 626 Baptismum
2955 559 3206 615 continuo
3224 601 3240 628 ,
3270 561 3351 618 vel
3382 546 3644 624 dimissis.

2047 641 2261 707 debitis,
2290 660 2407 715 quae
2434 645 2743 703 dimittenda
2772 649 2826 703 in
2853 651 3094 707 oratione
3110 662 3417 723 poscuntur,
3435 656 3502 712 de
3516 657 3625 715 hoc

2050 736 2246 792 exeunt
2269 752 2529 809 corpore;
2558 739 2611 795 in
2641 750 2746 796 tota
2775 758 2904 798 vero
2930 743 3166 800 Ecclesia
3197 755 3322 801 tunc
3346 746 3580 805 futurum
3601 790 3621 819 ,

2050 835 2107 881 ut
2134 828 2203 883 sit
2229 830 2446 885 omnino
2474 846 2581 887 non
2606 830 2806 888 habens
2834 836 3094 890 maculam
3136 845 3227 892 aut
3264 854 3446 910 rugam
3469 882 3484 904 ,
3534 848 3629 896 aut

2050 918 2246 989 aliquid
2272 921 2551 991 ejusmodi,
2571 925 2781 994 quando
2800 925 3080 983 dicendum
3100 930 3219 992 erit,
3243 930 3339 985 Ubi
3356 941 3447 997 est,
3467 948 3626 1002 mors,

2050 1012 2257 1065 victoria
2282 1014 2405 1067 tua?
2426 1014 2513 1068 ubi
2546 1024 2637 1081 est,
2668 1033 2819 1085 mors,
2850 1020 3052 1075 aculeus
3074 1022 3228 1077 tuus?
3254 1022 3469 1078 Aculeus
3487 1025 3623 1080 enim

2051 1105 2226 1157 mortis
2253 1114 2325 1158 est
2350 1117 2610 1177 peccatum
2637 1109 2683 1181 (Ι
2708 1110 2825 1165 Cor.
2855 1128 2949 1181 xv,
2981 1114 3068 1181 55,
3102 1116 3216 1187 56).

2123 1196 2211 1253 39.
2238 1196 2295 1252 In
2317 1198 2417 1254 hac
2440 1209 2616 1257 autem
2632 1203 2757 1271 vita,
2787 1204 2874 1259 ubi
2895 1221 3087 1277 corpus
3107 1208 3246 1279 quod
3273 1214 3631 1282 corrumpitur

2052 1299 2301 1359 aggravet
2339 1292 2569 1365 animam
2617 1292 2769 1366 (Sap.
2807 1311 2900 1365 ix,
2935 1297 3057 1371 15),
3090 1301 3134 1354 si
3162 1301 3397 1358 Ecclesia
3442 1320 3631 1362 eorum

2048 1379 2160 1449 jam
2190 1381 2306 1436 talis
2329 1392 2429 1449 est,
2458 1398 2561 1439 non
2592 1400 2718 1456 ergo
2738 1387 2916 1443 dicant
2936 1389 3066 1458 Deo,
3094 1393 3237 1462 quod
3260 1395 3514 1451 Dominus
3530 1412 3631 1454 nos

2053 1486 2207 1528 orare
2226 1473 2424 1542 docuit,
2446 1475 2649 1531 Dimitte
2662 1479 2801 1533 nobis
2818 1479 2981 1535 debita
2992 1493 3163 1537 nostra
3179 1482 3389 1555 (Matth.
3418 1504 3491 1554 vr,
3513 1488 3629 1561 12).

2053 1562 2186 1618 Cum
2215 1566 2355 1620 enim
2396 1567 2447 1621 in
2488 1568 2757 1639 Baptismo
2800 1581 2989 1628 cuneta
3017 1573 3236 1631 dimissa
3264 1586 3414 1647 sunt,
3448 1579 3634 1651 utquid

2056 1658 2156 1712 hoc
2181 1660 2353 1728 poscit
2381 1660 2637 1727 Ecclesia,
2665 1662 2709 1718 si
2733 1663 2843 1734 jam
2867 1664 3028 1721 etiam
3055 1666 3110 1722 in
3136 1666 3235 1723 hac
3259 1670 3364 1724 vita
3390 1686 3495 1725 non
3522 1672 3623 1727 ha-

2055 1748 2143 1804 bet
2163 1750 2445 1819 maculam,
2467 1763 2559 1809 aut
2579 1770 2782 1826 rugam,
2810 1766 2900 1812 aut
2918 1756 3117 1828 aliquid
3142 1759 3476 1830 hujusmodi?
3496 1762 3635 1818 Con-

2058 1849 2364 1898 temnantet
2385 1847 2682 1914 apostolum
2698 1847 2959 1905 Joannem
2982 1850 3299 1907 clamantem
3322 1852 3373 1908 in
3398 1854 3632 1923 Epistola

2055 1946 2149 1986 sua
2184 1951 2197 1987 :
2232 1933 2293 1989 Si
2335 1936 2608 1991 dixerimus
2646 1938 2763 2007 quia
2801 1948 3060 2011 peccatum
3102 1959 3203 1997 non
3230 1944 3502 2012 habemus,
3541 1963 3634 2002 nos

2054 2024 2191 2095 ipsos
2219 2026 2516 2097 decipimus,
2544 2039 2591 2083 et
2615 2031 2796 2086 veritas
2820 2031 2873 2086 in
2902 2034 3043 2088 nobis
3079 2052 3178 2090 non
3218 2047 3307 2091 est.
3359 2040 3420 2094 Si
3466 2049 3635 2094 autem

2056 2118 2275 2189 confessi
2294 2120 2537 2189 fuerimus
2562 2132 2764 2193 peccata
2780 2133 2971 2193 nostra,
2995 2125 3159 2195 ﬁdelis
3178 2138 3249 2183 est
3273 2139 3317 2184 et
3331 2131 3524 2201 justus,
3546 2136 3637 2204 qui

2057 2209 2276 2264 dimittat
2299 2212 2441 2267 nobis
2462 2224 2687 2284 peccata,
2714 2225 2759 2269 et
2782 2216 2985 2270 mundet
3005 2234 3095 2273 nos
3120 2220 3182 2273 ab
3211 2222 3347 2274 omni
3375 2223 3639 2291 iniquitate

2058 2299 2102 2373 (ι
2124 2299 2277 2356 Joan.
2310 2319 2349 2370 ι,
2380 2305 2444 2371 8,
2478 2305 2557 2376 9).
2601 2305 2825 2377 Propter
2862 2308 3000 2364 hanc
3040 2326 3188 2380 spem
3224 2312 3352 2367 dicit
3391 2315 3638 2370 universa

2055 2389 2315 2458 Ecclesia,
2348 2392 2557 2449 Dimitte
2581 2396 2723 2451 nobis
2763 2398 2929 2453 debita
2966 2411 3172 2467 nostra,
3218 2412 3274 2459 ut
3306 2421 3413 2462 non
3444 2422 3637 2477 super-

2055 2479 2261 2537 bientes
2281 2525 2297 2551 ,
2325 2484 2418 2540 sed
2446 2485 2761 2573 conﬁtentes
2788 2490 3007 2547 mundet
3033 2506 3132 2548 nos
3158 2494 3225 2550 ab
3262 2500 3405 2551 omni
3445 2498 3639 2569 iniqui-

2058 2580 2167 2629 tate
2187 2613 2201 2638 ,
2233 2585 2391 2647 atque
2419 2576 2490 2633 ita
2513 2579 2611 2635 sibi
2642 2580 2896 2637 Dominus
2925 2584 3166 2641 Christus
3194 2586 3441 2645 exhibeat
3466 2590 3521 2644 in
3545 2591 3639 2646 illa

2057 2664 2145 2721 die
2172 2667 2457 2738 gloriosam
2480 2670 2773 2727 Ecclesiam
2799 2689 2907 2729 non
2933 2673 3215 2733 habentem
3240 2679 3524 2748 maculam,
3546 2688 3640 2737 aut

2057 2774 2264 2830 rugam,
2296 2771 2388 2816 aut
2411 2764 2607 2833 aliquid
2635 2766 2928 2836 ejusmodi;
2955 2784 3113 2839 quam
3141 2771 3299 2827 modo
3324 2776 3532 2828 mundat
3560 2775 3640 2829 la-

2058 2866 2207 2906 vacro
2254 2869 2398 2923 aqua:
2437 2855 2491 2909 in
2529 2858 2675 2912 verba
2700 2873 2719 2911 :
2744 2860 2865 2929 quia
2894 2875 3065 2931 neque
3091 2862 3287 2935 aliquid
3314 2876 3551 2923 remanet
3580 2867 3637 2923 in

2059 2940 2349 3012 Baptismo,
2373 2946 2515 3016 quod
2539 2963 2648 3003 non
2673 2948 2965 3005 dimittatur
2983 2953 3219 3008 omnium
3247 2958 3640 3025 praeteritorum

2060 3044 2398 3104 peccatorum
2426 3038 2496 3107 (si
2519 3048 2693 3095 tamen
2716 3040 2829 3111 ipse
2844 3041 3145 3112 Baptismus
3174 3061 3279 3101 non
3299 3046 3493 3104 frustra
3511 3048 3641 3106 foris

2060 3124 2350 3195 habeatur,
2382 3130 2475 3185 sed
2505 3140 2596 3186 aut
2638 3132 2781 3188 intus
2804 3134 2979 3205 detur,
3009 3146 3100 3192 aut
3123 3137 3168 3193 si
3188 3139 3299 3209 jam
3324 3141 3452 3197 foris
3477 3143 3632 3201 datus

2060 3228 2163 3287 est,
2197 3238 2302 3277 non
2334 3223 2463 3279 loris
2498 3240 2617 3279 cum
2647 3226 2737 3297 illo
2760 3228 3155 3303 remaneatur);
3200 3242 3257 3287 et
3294 3233 3547 3305 quidquid
3571 3237 3641 3292 ab

2061 3314 2141 3369 eis
2165 3316 2255 3386 qui
2281 3326 2403 3386 post
2425 3326 2700 3388 acceptum
2727 3319 3054 3389 Baptismum
3083 3321 3171 3378 hic
3194 3324 3395 3392 vivunt,
3428 3327 3640 3383 inﬁrmi-

2063 3413 2169 3462 tate
2207 3406 2439 3462 humana
2482 3409 2810 3465 contrahitur
2852 3427 3304 3485 quarumcumque
3340 3416 3639 3488 culparum,

2062 3506 2276 3568 propter
2306 3498 2478 3569 ipsum
2513 3501 2530 3532 ¹
2559 3500 2825 3557 lavacrum
2854 3503 3154 3563 dimittitur.
3176 3505 3360 3577 Neque
3377 3509 3517 3565 enim
3536 3510 3640 3565 ali-

2062 3588 2190 3660 quid
2220 3589 2436 3659 prodest
2452 3606 2556 3647 non
2578 3592 2840 3663 baptizato
2860 3594 3058 3662 dicere,
3086 3595 3295 3653 Dimitte
3313 3599 3454 3655 nobis
3474 3599 3641 3654 debita

2062 3690 2235 3734 nostra
2244 3721 2255 3735 .

2134 3770 2324 3828 multa
2351 3771 2510 3829 modo
2534 3774 2755 3831 mundat
2774 3775 3066 3833 Ecelesiam
3091 3794 3241 3834 suam
3263 3780 3477 3838 lavacro
3492 3798 3645 3853 aqua:

2064 3862 2118 3918 in
2151 3865 2345 3933 verbo,
2374 3874 2431 3921 ut
2459 3874 2585 3921 tunc
2618 3882 2734 3923 eam
2771 3868 2872 3924 sibi
2919 3870 3166 3927 exhibeat
3213 3887 3317 3928 non
3359 3873 3644 3931 habentem

2064 3957 2327 4012 maculam
2353 3966 2445 4013 aut
2474 3975 2678 4030 rugam,
2704 3946 2794 4015 a'ut
2820 3962 3018 4033 aliquid
3046 3963 3328 4033 ejusmodi,
3354 3972 3517 4021 totam
3542 3968 3647 4021 sci-

2066 4048 2193 4104 licet
2222 4050 2495 4119 pulchram
2525 4062 2685 4122 atque
2713 4054 3021 4122 perfectam,
3045 4055 3255 4125 quando
3276 4058 3648 4113 absorbebitur

2067 4154 2211 4194 mors
2252 4141 2304 4193 in
2352 4142 2624 4195 victoriam
2668 4142 2709 4213 (Ι
2749 4142 2865 4196 Cor.
2915 4160 3026 4210 xv,
3073 4146 3184 4215 54).
3228 4146 3382 4202 Nunc
3420 4164 3546 4220 ergo
3590 4150 3646 4205 in

2069 4238 2323 4299 quantum
2350 4229 2491 4299 viget
2518 4232 2568 4285 in
2599 4234 2752 4287 nobis
2780 4233 2922 4303 quod
2948 4250 3015 4289 ex
3056 4235 3165 4290 Deo
3203 4239 3309 4291 nati
3336 4255 3547 4307 sumus,
3580 4256 3647 4295 ex

2071 4319 2176 4374 fide
2205 4321 2443 4375 viventes
2463 4364 2479 4387 ,
2514 4323 2642 4387 justi
2670 4340 2889 4379 sumus:
2922 4328 2974 4379 in
3016 4336 3268 4396 quantum
3308 4340 3483 4385 autem
3518 4332 3647 4387 reli-

2069 4410 2221 4481 quias
2241 4412 2573 4468 mortalitatis
2596 4430 2660 4470 ex
2684 4414 2851 4470 Adam
2868 4417 3143 4484 trahimus,
3173 4420 3287 4475 sine
3304 4432 3519 4491 peccato
3538 4438 3649 4479 non

2071 4517 2273 4558 sumus.
2306 4504 2375 4559 Et
2398 4504 2527 4560 illud
2557 4507 2697 4561 enim
2728 4524 2909 4564 verum
2933 4518 3033 4577 est,
3057 4509 3156 4576 Qui
3175 4523 3321 4568 natus
3339 4524 3410 4569 est
3435 4532 3498 4571 ea:
3516 4516 3645 4585 Deo,

2072 4612 2171 4651 non
2197 4607 2366 4668 peccat
2394 4597 2435 4670 (I
2456 4597 2612 4654 Joan.
2643 4616 2722 4669 ιιι,
2750 4601 2839 4673 9);
2858 4612 2912 4660 et
2935 4603 3062 4659 illud
3086 4621 3272 4662 verum
3297 4619 3397 4675 est,
3426 4610 3487 4663 Si
3505 4610 3654 4665 dixe.

2070 4689 2228 4745 rimus
2249 4691 2365 4761 quia
2385 4701 2643 4762 peccatum
2672 4710 2773 4747 non
2791 4694 3045 4762 habemus,
3076 4714 3167 4751 nos
3192 4699 3327 4770 ipsos
3349 4700 3647 4770 decipimus,

2071 4790 2117 4837 et
2154 4783 2334 4837 veritas
2375 4784 2428 4837 in
2466 4784 2607 4838 nobis
2637 4802 2738 4839 non
2762 4795 2834 4840 est
2861 4785 2969 4859 (Id.
2998 4804 3037 4853 ι,
3072 4788 3151 4860 8).
3186 4790 3440 4846 Dominus
3468 4792 3648 4863 itaque

2071 4873 2314 4929 Christus
2340 4886 2391 4930 et
2417 4876 2589 4946 justus
2617 4886 2717 4945 est,
2746 4886 2801 4933 et
2819 4878 3150 4948 justilicans;
3179 4897 3277 4937 nos
3301 4892 3477 4939 autem
3493 4885 3652 4955 justi-

2075 4966 2214 5021 licati
2257 4968 2420 5038 gratis
2460 4984 2555 5039 per
2598 4970 2820 5040 gratiam
2865 4971 3029 5041 ipsius
3072 4972 3249 5044 (Rom.
3278 4991 3358 5043 tn,
3384 4976 3497 5049 24).
3535 4976 3653 5035 Non

2074 5070 2251 5116 autem
2275 5061 2527 5132 justilicat
2552 5063 2652 5118 nisi
2679 5079 2871 5135 corpus
2898 5081 3072 5131 suum,
3105 5068 3244 5138 quod
3267 5079 3349 5123 est
3380 5070 3614 5125 Ecclesia
3638 5086 3655 5129 ι

2076 5162 2131 5209 et
2160 5153 2280 5209 ideo
2304 5155 2347 5207 si
2373 5170 2564 5226 corpus
2579 5156 2774 5213 Christi
2802 5157 2935 5213 tollit
2952 5159 3118 5230 spolia
3140 5161 3443 5233 impiorum,
3467 5172 3522 5219 et
3534 5179 3653 5219 eor.

2077 5248 2191 5317 pori
2217 5246 2414 5303 Christi
2438 5248 2861 5307 thesaurizantur
2882 5252 3077 5307 divitiae
3108 5252 3409 5324 impierum,
3438 5274 3542 5311 non
3565 5256 3657 5313 de-

2077 5337 2207 5394 bent
2224 5338 2370 5410 impii
2382 5339 2511 5395 foris
2527 5332 2825 5411 remanere,
2850 5352 2907 5398 ut
2920 5345 3327 5415 ealumnientur,
3345 5349 3439 5403 sed
3456 5349 3657 5404 intrare

2079 5433 2253 5503 potius
2283 5440 2339 5487 ut
2359 5432 2736 5503 justilicentur.

2152 5523 2241 5578 41.
2274 5521 2428 5579 Unde
2456 5533 2510 5579 et
2534 5523 2666 5580 illud
2700 5526 2841 5596 quod
2867 5525 2935 5582 de
2958 5526 3045 5583 die
3063 5525 3248 5598 judicii
3274 5529 3526 5600 scriptum
3555 5540 3660 5597 est,

2080 5616 2225 5672 Tunc
2262 5617 2463 5672 stabunt
2495 5619 2625 5689 justi
2669 5618 2723 5673 in
2769 5636 2955 5692 magna
2982 5623 3265 5677 constantia
3300 5624 3538 5679 adversus
3575 5640 3663 5679 eos

2080 5711 2169 5783 qui
2187 5727 2240 5765 se
2258 5713 2685 5782 angustiaverunt,
2706 5719 2753 5767 et
2773 5711 3083 5768 abstulerunt
3107 5714 3301 5771 labores
3318 5732 3489 5771 eorum
3505 5714 3661 5787 (Sap.

2082 5817 2137 5870 ν,
2171 5801 2261 5873 1),
2299 5818 2402 5858 non
2444 5804 2624 5875 utique
2664 5804 2743 5860 sic
2780 5798 3180 5877 intelligendum
3222 5818 3340 5877 est,
3386 5809 3507 5880 quia
3554 5818 3669 5863 sta-

2148 5913 2165 5945 ι
2190 5918 2294 5963 Mss.
2332 5914 2554 5981 plerique
2577 5929 2591 5970 :
2615 5912 2921 5967 contrahitur
2958 5929 3255 5982 quarumque
3276 5916 3558 5984 culparum,
3578 5926 3668 5984 ραι

2083 5984 2261 6049 m
2944 6042 3391 6131 (Viam-six.)
