4086 6350
415 478 530 538 αι
1672 478 1728 510 a.
1769 478 2021 508 nuuuoi

413 593 507 650 rbit
551 588 888 648 Chaunum
913 576 1170 636 adversus
1199 568 1390 637 Israel,
1431 583 1552 625 cum
1592 563 1874 622 Cbanancri
1897 562 2021 617 abs-

418 684 619 742 wtulerit
673 679 891 735 labores
927 670 1144 735 ‘Israel;
1196 666 1298 724 sed
1351 662 1518 719 stabit
1559 657 1887 716 Nabathaeos
1929 653 2024 707 atl-

440 790 631 836 versus
672 771 856 829 Achab
879 811 894 835 ,
947 764 1203 838 quoniam
1263 759 1476 816 labores
1523 751 1799 811 Nabuthtci
1844 749 2023 804 abstu-

436 873 503 928 lit
546 866 732 926 Achab
777 883 790 919 :
833 862 1165 920 Gbananams
1202 855 1397 927 quippe
1435 850 1630 921 impius
1653 889 1668 915 ,
1703 842 2025 903 Nabathaeos

433 966 631 1039 justus.
686 958 890 1016 Eodem
915 954 1077 1010 modo
1101 994 1116 1019 ,
1156 964 1261 1005 non
1287 945 1451 1002 stabit
1490 955 1727 1015 paganus
1767 935 2026 1039 adversus

423 1027 790 1112 ~~christianum
812 1048 902 1119 qui
920 1045 1134 1101 abstulit
1155 1040 1366 1096 labercs
1380 1038 1516 1105 ejus,
1536 1031 1745 1104 quando
1765 1027 2026 1119 idolorum

444 1145 739 1216 exspoliata
767 1118 853 1196 vel
878 1138 1053 1195 diruta
1082 1137 1250 1188 ‘sunt
1271 1129 1505 1199 templa;
1551 1125 1648 1182 sed
1681 1121 1843 1179 stabit
1883 1118 2028 1216 chri-

439 1211 650 1296 stianus
691 1234 944 1288 adversus
965 1239 1235 1300 paganum
1266 1223 1354 1294 qui
1393 1219 1608 1275 abstulit
1654 1217 1867 1271 labores
1891 1211 2027 1282 ejus,

433 1329 666 1403 quando
692 1334 988 1396 martyrum
1014 1327 1178 1376 strata
1201 1323 1327 1372 sunt
1342 1325 1589 1383 corpora.
1631 1309 1722 1365 Sic
1745 1322 1893 1403 ergo,

429 1395 607 1479 stabit
655 1395 941 1474 haereticus
981 1412 1245 1466 adversus
1301 1404 1621 1462 catholicum
1673 1400 1764 1470 qui
1817 1395 2035 1452 abstulit

442 1515 658 1572 labores
674 1511 813 1581 ejus,
834 1506 1046 1581 quando
1069 1501 1464 1574 praevaluerunt
1483 1498 1628 1567 leges
1652 1491 2032 1581 catholicorum

439 1609 828 1678 imperatorum
915 1598 1009 1655 sed
1038 1596 1198 1652 stabit
1223 1591 1515 1648 catholicus
1543 1587 1796 1678 adversus
1825 1580 2038 1636 hatreti-

429 1676 570 1755 cum
590 1696 689 1768 qui
717 1691 935 1749 abstulit
962 1689 1184 1744 statiores
1206 1684 1362 1755 ejus,
1408 1678 1620 1752 quando
1667 1676 1874 1731 furores
1897 1687 2035 1768 pra:-

445 1766 697 1844 valebant
755 1784 1036 1855 impiorum
1081 1775 1610 1835 Circumcellicnum.
1680 1769 1797 1839 ipsa
1842 1766 2037 1838 quippe

443 1885 721 1955 [Scriptura
748 1875 1277 1948 soivitqutestienem
1301 1913 1314 1934 ,
1340 1883 1458 1940 quae
1484 1881 1586 1921 non
1611 1865 1717 1927 ait,
1757 1861 1908 1955 Tunc
1932 1869 2040 1955 sta-

449 1951 589 2032 bunt
623 1971 869 2028 homines
892 2010 908 2036 ,
956 1966 1049 2024 sed
1071 2008 1086 2032 ,
1134 1963 1275 2018 Tunc
1311 1961 1516 2016 stabunt
1548 1956 1678 2028 justi
1707 1964 1725 2010 ξ
1754 1963 1807 2010 et
1835 1951 1957 2008 ideo
1984 1951 2038 2005 is

453 2083 640 2139 magna
667 2062 946 2119 constantia
969 2101 984 2125 ,
1015 2057 1136 2128 quia
1163 2056 1216 2109 in
1246 2054 1384 2108 bona
1413 2047 1758 2108 conscientia.

525 2135 615 2214 λε.
653 2157 835 2213 Justus
861 2162 1037 2208 autem
1063 2150 1149 2203 hic
1181 2159 1340 2202 nemo
1377 2153 1459 2198 cst
1479 2141 1679 2213 justitia
1708 2151 1822 2202 sua,
1845 2135 1907 2190 ‘id
1936 2142 2037 2200 est,

443 2261 707 2319 tanquam
730 2245 831 2301 sibi
872 2259 902 2298 a
930 2239 1108 2311 seipso
1137 2241 1272 2293 facta
1298 2234 1434 2303 ;sed
1452 2277 1467 2302 ,
1488 2242 1552 2288 ut
1575 2231 1702 2287 dicit
1729 2228 2037 2319 Apostolus,

453 2318 603 2396 'Sicttt
630 2336 900 2406 unicuique
928 2332 1070 2387 Deus
1098 2330 1314 2401 partitas
1335 2339 1411 2381 est
1446 2338 1743 2378 mensuram
1773 2319 1910 2389 ﬁdei.
1940 2318 2041 2374 Se-

458 2432 640 2503 quitur
676 2435 852 2482 autem
890 2432 942 2478 ct
971 2421 1210 2491 ndjungit
1239 2417 1430 2473 :Sicat
1457 2415 1594 2469 enim
1621 2413 1678 2467 in
1707 2423 2044 2503 unocarpore

451 2501 621 2578 multa
665 2517 888 2573 membra
935 2514 1172 2568 habemus
1191 2553 1207 2579 ,
1247 2507 1422 2564 omnia
1473 2515 1639 2560 autem
1685 2501 1906 2556 membra
1942 2517 2042 2554 non

453 2612 688 2668 eumdem
707 2617 875 2664 actum
903 2606 1086 2660 habent
1107 2620 1126 2668 ;
1153 2604 1224 2656 ita
1243 2599 1396 2655 multi
1419 2613 1578 2652 unum
1597 2611 1778 2665 corpus
1802 2607 1974 2648 sumus
1991 2591 2043 2644 in

455 2705 659 2762 Christo
688 2701 863 2775 (Rom.
894 2713 994 2765 xu,
1019 2693 1164 2768 διδ).
1189 2695 1270 2750 Ac
1291 2707 1386 2764 per
1409 2691 1514 2746 hoc
1537 2701 1699 2744 nemo
1725 2694 1904 2758 potest
1927 2693 2046 2739 esse

445 2801 634 2872 justus
654 2838 670 2863 ,
706 2792 958 2866 quamdiu
980 2790 1148 2845 fuerit
1175 2787 1242 2842 ab
1275 2785 1479 2841 unitate
1503 2782 1668 2852 hujus
1697 2779 2046 2872 corporis‘se-

459 2869 700 2962 paratus.
735 2880 1197 2952 Quemadmodum
1216 2877 1367 2933 enim
1398 2873 1693 2929 membrum
1717 2873 1765 2926 si
1793 2869 2048 2962 praecida-

449 2961 551 3038 'tur
579 2981 646 3036 ab
671 2977 904 3034 hominis
927 2974 1032 3032 vivi
1065 2985 1290 3041 corpore
1312 3012 1326 3036 ,
1351 2983 1454 3022 non
1475 2974 1657 3037 potest
1683 2974 1864 3019 tenere
1889 2961 2047 3032 spiri-

463 3083 576 3128 tum
617 3072 782 3135 vitaa;
830 3068 909 3122 sic
943 3065 1112 3121 homo
1149 3062 1239 3131 qui
1269 3058 1573 3130 prasciditur
1601 3055 1668 3111 de
1689 3054 1894 3110 Christi
1921 3051 2049 3123 justi

457 3179 723 3234 corpore,
759 3160 905 3215 nullo
932 3155 1092 3212 modo
1111 3161 1292 3224 potest
1309 3151 1561 3222 spiritum
1603 3156 1785 3202 tenere
1808 3145 2046 3216 justitiam,

450 3255 675 3312 .etiamsi
713 3253 936 3323 ﬁguram
961 3246 1184 3304 membri
1202 3253 1407 3309 teneat,
1427 3257 1589 3313 quam
1612 3238 1838 3309 sumpsit
1858 3238 1911 3292 in
1924 3251 2050 3292 cor-

461 3360 621 3418 pore.
674 3344 730 3399 ln
759 3342 920 3411 hujus
937 3351 1074 3409 ergo
1103 3348 1410 3404 compagem
1441 3331 1682 3400 corporis
1705 3329 1925 3418 veniant
1949 3370 1962 3393 ,
1998 3335 2051 3381 et

465 3417 679 3493 labores
725 3447 853 3489 suos
897 3443 1008 3484 non
1053 3423 1362 3482 dominandi
1403 3421 1724 3492 cupiditate,
1773 3418 1869 3473 sed
1915 3417 2052 3472 bene

459 3527 652 3585 utendi
675 3526 879 3598 pietate
901 3518 1230 3591 possideant.
1261 3514 1372 3571 Nos
1395 3523 1571 3568 autem
1601 3511 1923 3564 voluntatem
1953 3522 2051 3562 no-

461 3630 673 3687 stram,
717 3627 776 3672 ut
798 3617 908 3686 jam
935 3613 1134 3669 dictum
1164 3619 1247 3664 est
1267 3650 1280 3674 ,
1314 3609 1381 3662 ab
1417 3607 1575 3676 hujus
1597 3603 1905 3674 cupiditatis
1927 3617 2049 3656 sor-

471 3715 626 3769 dibus
654 3751 670 3778 ,
700 3708 936 3780 quolibet
958 3705 1173 3759 inimico
1191 3702 1464 3772 judicante
1489 3713 1776 3769 purgamus
1799 3738 1812 3760 ,
1843 3695 2054 3766 quando

459 3819 571 3859 eos
597 3804 742 3872 ipsos
767 3811 993 3868 quorum
1034 3795 1242 3850 labores
1282 3792 1564 3857 dicuntur,
1606 3798 1665 3844 ut
1700 3788 1976 3844 nobiscum
2001 3797 2055 3843 et

463 3896 658 3951 illiset
695 3889 894 3947 nostris
934 3887 988 3943 in
1025 3885 1278 3942 societate
1318 3881 1580 3975 catholica
1611 3888 1844 3947 utantur,
1889 3893 2056 3950 quan-

462 3998 585 4044 tum
611 3986 849 4041 valemus
875 3979 1211 4051 inquirimus.

531 4077 767 4136 CAPUT
805 4074 874 4130 Χ.
892 4102 968 4117 --
993 4072 1082 4128 διδ.
1105 4069 1211 4126 Sed
1239 4069 1342 4124 hoc
1365 4076 1469 4134 cst,
1494 4066 1759 4137 inquiunt,
1787 4064 1927 4135 quod
1954 4075 2055 4120 nos

469 4179 652 4228 movet
685 4188 698 4223 :
725 4168 772 4224 si
799 4166 980 4236 injusti
1005 4177 1212 4228 sumus,
1242 4175 1408 4232 quare
1427 4174 1532 4214 nos
1548 4156 1826 4230 quzeritis?
1855 4157 2056 4226 Quibus

469 4259 858 4332 respondemus
881 4274 896 4312 :
918 4255 1321 4324 Qumrimusvos
1341 4250 1583 4321 iniustos,
1609 4264 1678 4304 ne
1695 4248 2054 4318 permaneatis

469 4352 684 4424 iniusti;
719 4349 1006 4420 quaerimus
1043 4343 1278 4416 perditos
1301 4383 1316 4410 ,
1358 4349 1416 4397 ut
1459 4341 1528 4396 de
1556 4339 1786 4397 inventis
1825 4338 2056 4410 gaudere

471 4442 740 4514 possimus
761 4481 773 4501 ,
818 4439 1085 4500 dicentes,
1119 4434 1354 4488 Mortuus
1383 4439 1498 4488 erat
1524 4429 1691 4486 frater
1709 4472 1724 4498 ,
1756 4438 1810 4485 et
1834 4431 2053 4495 revixit;

475 4534 735 4605 perierat,
776 4537 832 4584 et
856 4529 1100 4581 inventus
1130 4534 1215 4579 est
1249 4523 1401 4594 (Luc.
1429 4537 1506 4578 xv
1529 4563 1542 4587 ,
1569 4521 1683 4594 32).
1733 4521 1907 4588 Quare
1930 4534 2055 4591 ergo

476 4623 804 4691 me,.inquit,
836 4633 940 4673 non
975 4617 1256 4687 baptisas,
1287 4614 1555 4668 utrabluas
1597 4629 1626 4668 a
1654 4613 1922 4683 peccatis?
1949 4614 2053 4668 lle-

474 4712 752 4786 spondeo:
784 4708 917 4776 Quia
944 4722 1050 4763 non
1076 4706 1213 4761 facio
1237 4705 1482 4776 injuriatn
1507 4704 1803 4760 cbaracteri
1830 4705 2057 4774 impera-

476 4807 626 4870 toris,
643 4819 774 4862 scum
797 4815 1036 4857 errorem
1057 4803 1266 4870 corrigo
1291 4798 1602 4855 desertoris.
1629 4797 1831 4866 Quare,
1863 4799 2052 4870 inquit,

474 4897 614 4969 apud
643 4907 694 4953 te
721 4895 806 4953 vel
848 4893 1211 4964 penitentiam
1253 4908 1360 4948 non
1389 4891 1531 4962 ago?
1570 4892 1680 4946 lmo
1717 4892 1815 4946 nisi
1858 4893 2054 4962 egeris,

477 4993 658 5050 salvus
699 5004 819 5047 esse
859 5004 966 5042 non
984 4986 1191 5058 poteris
1221 4985 1528 5058 :quomodo
1557 4986 1698 5040 enim
1727 4985 1981 5055 gaudebis
2006 4995 2058 5043 te

479 5098 602 5140 esse
629 5091 928 5138 correctum
944 5120 960 5145 ,
1002 5079 1114 5136 .nisi
1152 5077 1333 5133 doleas
1359 5077 1521 5133 fuisse
1545 5077 1895 5148 perversum?
1921 5077 2057 5146 Quid

477 5189 628 5245 ergo,
658 5172 852 5243 inquit,
875 5170 1013 5242 apud
1032 5185 1150 5234 vos,
1167 5183 1300 5225 -~cum
1325 5169 1392 5225 ad
1412 5183 1506 5225 vos
1528 5171 1833 5236 transimus,
1860 5171 2058 5243 accipi-

478 5265 640 5322 mus?
669 5261 988 5334 Respondeo
1017 5279 1030 5316 :
1061 5260 1177 5317 Non
1203 5261 1420 5332 quidem
1445 5261 1681 5331 accipitis
1708 5260 2055 5332 Baptismum,

476 5357 569 5428 qui
608 5355 762 5413 vobis
807 5363 957 5412 extra
999 5365 1312 5425 compagem
1357 5353 1598 5420 corporis
1633 5352 1840 5408 Christi
1883 5353 2059 5408 inesse

478 5449 686 5518 potuit,
731 5444 986 5518 prodesse
1025 5459 1129 5499 non
1157 5444 1364 5514 potuit;
1407 5442 1503 5498 sed
1529 5441 1772 5513 accipitis
1799 5444 2058 5501 unitatem

478 5542 696 5612 spiritus
713 5541 775 5596 ein
796 5538 1181 5608 vinculhpacis
1209 5534 1371 5610 (Eph.
1401 5549 1478 5605 tv,
1499 5534 1566 5608 ‘5)
1589 5579 1604 5604 ,
1635 5536 1751 5593 sine
1780 5552 1881 5607 qua
1901 5554 2059 5595 nemo

478 5633 676 5703 poterit
704 5632 884 5688 videre
911 5632 1102 5698 Deum,
1119 5639 1180 5686 et
1205 5628 1520 5684 churitatem
1540 5671 1555 5697 ,
1583 5645 1702 5700 qum
1722 5672 1735 5695 ,
1761 5633 1905 5687 sicut
1931 5637 2064 5688 scri-

479 5734 626 5798 ptum
661 5734 756 5782 est
775 5766 790 5788 ,
834 5725 1055 5794 ooopsrit
1082 5722 1455 5777 multitudinem
1491 5733 1814 5794 peccatorum
1840 5723 1882 5798 (Ι
1914 5723 2060 5783 Petr.

481 5830 570 5884 Iv,
602 5817 677 5886 8).
697 5815 858 5882 Quod
878 5826 996 5870 tam
1013 5829 1272 5884 maguum
1299 5814 1498 5872 bonum
1519 5856 1533 5882 ,
1561 5816 1678 5871 sine
1705 5831 1810 5886 quo
1831 5831 1932 5872 nec
1965 5817 2063 5871 lin-

1670 452 1728 510 s.
1769 437 2135 508 aususnon
2170 421 2472 502 amcam

3605 435 3710 492 Si?

2115 571 2258 630 gnos
2278 557 2555 613 hominum
2587 564 2638 612 ct
2664 549 3010 625 “Angelorum,
3036 561 3141 611 nec
3157 541 3437 610 scientiam
3466 541 3704 606 ninnium

2115 657 2581 707 sacramentorum
2603 691 2617 714 ,
2661 659 2760 704 nec
2789 647 3118 720 pmphe'tiam
3138 687 3152 713 ,
3193 660 3292 702 nec
3322 651 3521 700 tantam
3550 641 3709 698 fidem

2090 759 2234 816 '-qua
2267 753 2478 799 montes
2512 743 2900 798 transferantur
2920 784 2934 808 ,
2978 756 3078 797 nec
3110 739 3288 796 omnia
3329 753 3446 808 qua?
3475 736 3711 808 possidet

2115 833 2292 892 ‘homo
2316 835 2596 892 distributa
2634 833 2986 905 pauperibus,
3018 849 3119 888 nec
3152 830 3397 914 corporis
3406 831 3472 904 in
3502 829 3712 903 ignibus

2122 928 2432 1000 passionem
2461 924 2713 996 prodesse
2731 923 2932 996 aliquid
2949 922 3234 994 Apostolus
3262 921 3412 977 testis
3430 930 3513 976 est
3533 918 3578 992 (1
3595 919 3713 976 Cor.

2131 1036 2247 1082 xui,
2277 1019 2394 1091 1-5)
2427 1037 2440 1073 :
2471 1019 2572 1074 hoc
2591 1033 2718 1088 ergo
2749 1026 2854 1072 tam
2879 1028 3129 1086 magnum
3154 1013 3383 1079 benum,
3416 1013 3462 1068 si
3492 1027 3713 1084 parvum

2097 1128 2102 1130 ·
2131 1115 2217 1169 vel
2241 1113 2445 1169 nullum
2489 1113 2718 1183 putatis,
2751 1111 2944 1166 merito
2970 1108 3249 1164 infeliciter
3272 1105 3492 1170 erratis;
3524 1105 3718 1161 merito

2123 1205 2180 1259 si
2207 1205 2259 1258 in
2287 1204 2538 1258 unitatem
2572 1201 2889 1257 catholicam
2921 1215 3025 1254 non
3047 1198 3317 1264 transitis,
3347 1196 3551 1268 peritis.

2207 1297 2296 1351 44.
2320 1295 2376 1351 Si
2407 1309 2535 1365 ergo
2553 1337 2568 1361 ,
2599 1294 2844 1363 inquiunt
2862 1336 2876 1362 ,
2905 1300 3116 1363 oportet
3145 1299 3204 1345 ut
3232 1305 3330 1345 nos
3354 1298 3508 1344 extra
3539 1289 3721 1343 Eccle-

2101 1406 2105 1408 ·
2135 1387 2268 1442 siam
2293 1398 2348 1440 et
2377 1385 2632 1441 adversus
2658 1384 2952 1440 Ecclesium
2977 1383 3146 1438 fuisse
3177 1381 3430 1452 poeniteat
3448 1421 3463 1445 ,
3506 1389 3565 1434 ut
3589 1379 3721 1434 salvi

2121 1491 2258 1534 esse
2297 1479 2606 1548 possimus;
2669 1475 2936 1548 quomodo
2985 1484 3102 1546 post
3150 1474 3305 1529 istam
3355 1472 3721 1543 ptenitentiam

2137 1572 2276 1642 apud
2325 1587 2420 1628 vos
2458 1572 2676 1640 clerici,
2723 1572 2810 1628 vel
2839 1572 3000 1627 etiam
3039 1570 3275 1641 episcopi
3318 1569 3724 1640 pcrmanemus‘t

2143 1664 2256 1720 Hoc
2275 1679 2387 1719 non
2405 1664 2591 1733 fieret,
2621 1665 2870 1736 quoniam
2903 1679 3115 1730 revera,
3144 1663 3285 1733 quod
3316 1661 3589 1725 fatendum
3617 1670 3721 1729 est,

2139 1753 2259 1810 ﬁeri
2285 1770 2390 1810 non
2421 1754 2659 1822 deberet,
2689 1756 2788 1810 nisi
2815 1755 2962 1825 pacis
2981 1755 3147 1825 ipsius
3171 1754 3609 1825 compensatione
3636 1770 3726 1809 sa-

2141 1858 2378 1904 naretur.
2413 1839 2520 1903 Sed
2544 1847 2643 1903 sibi
2675 1847 2777 1903 hoc
2802 1848 3000 1914 dicant,
3033 1857 3086 1902 et
3106 1847 3272 1902 multo
3291 1847 3521 1903 maxime
3547 1845 3726 1900 humi-

2141 1940 2263 1996 liter
2287 1940 2542 2007 doleant,
2585 1942 2674 2011 qui
2699 1941 2753 1995 in
2779 1947 2928 1996 tanta
2962 1951 3134 1996 morte
3163 1941 3488 2010 praecisionis
3522 1941 3724 2012 jaceat,

2137 2042 2200 2087 ut
2227 2031 2329 2086 isto
2353 2031 2581 2102 quodam
2612 2032 2830 2088 vulnere
2859 2033 3043 2087 matris
3071 2030 3356 2087 Catholica:
3384 2031 3724 2087 reviviscant.

2139 2119 2276 2176 Cum
2304 2123 2444 2177 enim
2471 2122 2728 2193 praecisus
2761 2135 2941 2177 ramus
2972 2123 3221 2178 inseritur
3239 2165 3254 2191 ,
3285 2122 3345 2176 fit
3368 2123 3510 2177 aliud
3536 2121 3728 2180 vulnus

2143 2210 2199 2267 in
2224 2213 2416 2268 arbore
2440 2255 2454 2278 ,
2503 2227 2612 2283 quo
2639 2213 2809 2283 possit
2845 2213 3047 2283 recipi,
3094 2221 3152 2268 ut
3186 2213 3328 2267 vivat
3352 2214 3444 2284 qui
3481 2215 3598 2269 sine
3622 2214 3729 2269 vita

2139 2306 2338 2360 radicis
2358 2306 2567 2376 peribat
2589 2322 2605 2360 :
2631 2306 2722 2360 sed
2745 2320 2864 2361 cum
2889 2315 3133 2375 receptus
3153 2306 3427 2376 recipienti
3449 2306 3726 2376 coaluerit,

2139 2406 2198 2452 et
2224 2397 2372 2467 vigor
2395 2398 2738 2467 consequitur
2766 2407 2817 2453 et
2845 2396 3086 2465 fructus;
3116 2399 3356 2453 siautem
3387 2413 3492 2452 non
3514 2398 3728 2455 coalue-

2137 2489 2215 2542 rit
2237 2527 2252 2553 ,
2294 2488 2382 2543 ille
2407 2488 2620 2558 quidem
2642 2489 2852 2553 arescit,
2885 2489 2979 2544 sed
3006 2490 3109 2542 vita
3132 2489 3339 2544 arboris
3367 2489 3717 2560 permanebit.

2148 2578 2244 2634 Est
2265 2579 2412 2635 enim
2440 2588 2496 2635 et
2535 2581 2640 2636 tale
2669 2580 2936 2635 inserendi
2976 2596 3142 2651 genus
3166 2623 3181 2645 ,
3230 2589 3288 2635 ut
3325 2580 3470 2637 nullo
3509 2583 3731 2651 praeciso

2149 2684 2298 2725 ramo
2325 2672 2413 2741 qui
2457 2671 2598 2726 intus
2625 2682 2732 2736 est,
2762 2672 2850 2728 ille
2879 2673 2966 2742 qui
3006 2672 3136 2727 foris
3160 2681 3243 2728 est
3281 2673 3581 2740 inseratur,
3626 2688 3732 2730 non

2148 2770 2329 2817 tamen
2360 2763 2503 2816 nullo
2529 2805 2541 2829 ,
2579 2763 2672 2817 sed
2702 2763 2788 2818 vel
2825 2764 3096 2818 levissimo
3139 2764 3345 2819 arboris
3373 2765 3609 2820 vulnere.
3655 2762 3732 2820 Ita

2151 2869 2278 2924 ergo
2303 2863 2359 2908 et
2393 2853 2480 2908 isti
2503 2869 2626 2910 cum
2656 2855 2721 2908 ad
2749 2853 2980 2910 radicem
3003 2852 3337 2910 Catholicam
3360 2855 3595 2921 veniunt,
3631 2870 3733 2913 nec

2153 2945 2232 3000 eis
2257 2945 2498 3014 quamvis
2531 2954 2649 3015 post
2671 2947 2868 3001 erroris
2893 2946 2973 3001 sui
2992 2947 3355 3016 paenitentiam
3379 2947 3552 3002 honor
3571 2946 3731 3003 cleri-

2152 3043 2304 3091 catus
2345 3036 2431 3090 vel
2474 3037 2810 3105 episcopatus
2851 3036 3126 3104 aufertur,
3173 3039 3231 3093 lit
3269 3037 3482 3108 quidem
3535 3037 3733 3108 aliquid

2143 3135 2403 3196 tanquam
2432 3126 2486 3180 in
2513 3127 2711 3183 cortice
2760 3128 2968 3182 arboris
3004 3129 3190 3182 matris
3229 3139 3412 3184 contra
3457 3129 3733 3201 integrita-

2147 3228 2260 3275 tem
2292 3221 2589 3275 severitatis
2620 3237 2634 3275 :
2661 3229 3032 3276 verumtamen
3063 3222 3183 3291 quia
3211 3237 3383 3292 neque
3411 3223 3499 3292 qui
3533 3210 3735 3292 plantat

2141 3311 2495 3382 estaliquid,
2533 3326 2706 3382 neque
2743 3314 2832 3382 qui
2872 3314 3006 3384 rigat
3034 3313 3090 3384 (Ι
3117 3314 3242 3368 'Cor.
3275 3330 3331 3369 ιιι
3357 3357 3370 3380 ,
3404 3314 3506 3386 7,),
3539 3313 3607 3369 ad
3635 3311 3734 3370 Dei

2151 3403 2576 3458 miscricordiam
2623 3405 2868 3473 precibus
2913 3404 3044 3460 fusis
3080 3405 3412 3461 coalescente
3451 3405 3734 3460 insitorum

2145 3499 2288 3564 pace
2309 3507 2581 3550 ramorum
2610 3535 2626 3563 ,
2653 3493 2883 3550 charitas
2911 3496 3151 3569 cooperit
3177 3496 3567 3553 multitudinem
3606 3510 3734 3568 pec-

2151 3595 2415 3641 calorum.

2227 3679 2316 3734 45.
2345 3678 2413 3734 Ut
2448 3680 2590 3736 enim
2627 3681 3042 3738 constitueretur
3067 3682 3121 3738 in
3152 3683 3390 3741 Ecclesia
3411 3727 3427 3753 ,
3475 3701 3545 3743 ne
3581 3687 3733 3757 quis-

2157 3786 2315 3841 quam
2351 3780 2474 3842 post
2515 3772 2740 3843 alicujus
2765 3775 3004 3830 criminis
3034 3776 3400 3845 paenitentiam
3427 3777 3732 3838 clericatum

2158 3862 2417 3931 accipiat,
2463 3863 2548 3917 vel
2581 3863 2646 3918 ad
2675 3865 2983 3921 clericatum
3014 3865 3223 3935 redeat,
3265 3867 3349 3922 vel
3390 3868 3442 3923 in
3484 3869 3768 3925 clericatu‘

2160 3963 2374 4009 mallent
2406 3956 2500 4027 (tt),
2529 3971 2633 4011 non
2658 3957 3026 4027 desperatione
3055 3960 3412 4030 indulgentiae,
3445 3961 3535 4018 sed
3561 3961 3735 4033 rigore

2158 4044 2357 4102 factum
2395 4055 2485 4102 est
2524 4046 2818 4118 disciplinae
2850 4067 2862 4103 :
2894 4050 3126 4120 alioquin
3161 4059 3345 4105 contra
3375 4051 3550 4108 claves
3587 4051 3736 4108 datas

2150 4137 2412 4192 ~lt‘icclesiae
2455 4137 2850 4208 disputabitur,
2895 4139 2966 4194 de
3009 4140 3199 4210 quibus
3228 4140 3424 4196 dictum
3453 4150 3563 4208 cst,
3611 4141 3740 4207 Quae

2159 4227 2405 4283 solocritis
2429 4229 2667 4295 interra,
2701 4229 2868 4283 soluta
2897 4239 3042 4284 erant
3078 4239 3126 4285 et
3154 4232 3205 4284 in
3234 4229 3360 4286 caelo
3385 4231 3594 4303 (Matth.
3623 4249 3734 4300 xv't,

2157 4316 2274 4390 ‘19).
2311 4317 2416 4373 Sed
2435 4333 2512 4374 ne
2538 4318 2755 4374 forsitan
2783 4321 2940 4374 etiam
2969 4319 3190 4376 detectis
3216 4322 3524 4378 criminibus
3555 4323 3606 4390 ¹,
3639 4337 3735 4393 spe

2157 4410 2380 4466 honoris
2425 4410 2770 4466 ecclesiastici
2825 4411 3034 4467 animus
3091 4413 3449 4469 intumescens
3499 4415 3728 4483 superbe

2155 4513 2340 4575 ageret
2361 4505 2750 4574 paenitentiam,
2778 4505 3114 4560 severissime
3133 4505 3328 4576 placuit
3349 4515 3404 4560 ut
3426 4515 3546 4574 post
3565 4512 3737 4561 actam

2159 4598 2230 4654 de
2253 4597 2782 4653 crimine-danmabili
2808 4599 3196 4668 paenitentiam,
3215 4613 3374 4654 nemo
3394 4600 3460 4654 sit
3489 4599 3737 4666 clericus,

2159 4702 2224 4750 ut
2250 4692 2623 4765 desperatione
2645 4693 2952 4763 temporalis
2970 4691 3263 4749 altitudinis
3290 4693 3551 4749 medicina
3571 4693 3740 4764 major

2159 4795 2216 4843 et
2237 4788 2415 4843 verior
2437 4796 2584 4842 esset
2623 4785 2957 4841 humilitatis.
2987 4783 3130 4842 Nam
3158 4795 3209 4842 et
3248 4797 3462 4842 sanctus
3484 4787 3647 4842 David
3672 4786 3740 4844 dc

2161 4878 2470 4936 criminibus
2496 4876 2785 4933 mortiferis
2810 4878 3172 4948 paenitentiam
3199 4879 3306 4950 egit
3327 4919 3344 4947 ,
3385 4887 3440 4934 et
3481 4887 3657 4935 tamen
3685 4877 3741 4935 in

2163 4973 2366 5028 honore
2407 4986 2505 5026 suo
2549 4971 2798 5042 perstitit.
2845 4973 2918 5027 Et
2969 4972 3181 5028 beatum
3228 4971 3480 5040 Petrum,
3531 4972 3741 5044 quando

2160 5063 2522 5119 amarissimas
2547 5062 2791 5118 lacrimas
2815 5061 2975 5133 fudit,
3007 5064 3190 5134 utique
3216 5062 3499 5118 Dominum
3521 5078 3743 5136 negasse

2163 5156 2442 5228 pmnituit,
2471 5166 2525 5214 et
2553 5164 2730 5213 tamen
2762 5157 3051 5229 Apostolus
3088 5158 3302 5212 mansit.
3347 5157 3452 5213 Sed
3487 5172 3592 5213 non
3618 5157 3742 5216 ideo

2161 5263 2490 5320 supervacua
2530 5248 2764 5320 putanda
2792 5258 2872 5304 est
2916 5251 3267 5320 posteriorum
3307 5249 3612 5320 diligentia,
3647 5250 3742 5323 qui

2163 5343 2253 5400 ubi
2274 5341 2437 5396 saluti
2461 5340 2592 5396 nihil
2617 5340 2999 5397 detrahebatur
3017 5383 3032 5408 ,
3055 5341 3341 5396 humilitati
3367 5340 3568 5412 aliquid
3591 5341 3745 5398 addi-

2163 5435 2359 5491 derunt
2380 5474 2394 5500 ,
2419 5449 2524 5505 quo
2560 5433 2704 5489 salus
2733 5434 2896 5488 tutius
2925 5434 3238 5502 muniretur,
3278 5436 3522 5505 experti,
3554 5432 3739 5501 credo,

2163 5528 2459 5600 aliquorum
2492 5527 2642 5581 fictas
2675 5526 3015 5596 ptenitentias
3051 5539 3149 5597 per
3173 5524 3445 5583 affectatas
3478 5526 3744 5586 honorum

2231 5662 2249 5693 ι
2264 5658 2399 5719 Edd.,
2413 5656 2558 5709 etiam
2578 5657 2639 5709 de
2659 5657 2848 5711 steteris
2868 5657 3166 5711 criminibus.
3191 5665 3319 5723 ω,
3346 5657 3561 5714 detectis.

2222 5741 2305 5806 (α)
2326 5742 2631 5807 Innocentius
2650 5749 2770 5807 Papa
2793 5748 2828 5802 1,
2853 5743 2903 5792 in
2927 5742 3130 5806 epistola
3145 5742 3178 5794 6
3195 5743 3256 5794 ad
3274 5743 3455 5807 Apuliae
3478 5745 3554 5807 epi

2169 5805 2437 5868 Agapitum,
2454 5805 2795 5866 Macedoniam,
2821 5813 2937 5864 etc,
2960 5805 3151 5868 Scribit,
3183 5824 3206 5853 ι
3221 5805 3660 5868 (ὶοηὲαιυιοεὶμιᾶ
3678 5805 3755 5856 Ni-

2177 5884 2202 5914 ι
2215 5867 2369 5917 δωεωι
2397 5878 2624 5940 canones,
2647 5868 2943 5928 [manentes
2963 5867 3109 5936 etiam
3128 5869 3192 5920 ab
3222 5868 3396 5924 inﬁmis
3416 5867 3584 5922 cllidis
3604 5867 3754 5940 cleri-

2110 5925 2119 5941 ’
2180 5944 2205 5976 s
2226 5940 2393 5978 corum
2416 5925 2696 5978 excludere.
2720 5943 2741 5973 ν
