4086 6350
455 502 574 572 ipse
600 493 1128 570 perseverantissima
1157 490 1462 562 iniquitate,
1489 487 1628 544 sicut
1653 495 2044 559 consequenter

456 590 694 663 adiungit
720 587 1031 658 Apostolus,
1060 581 1351 640 Secundum
1389 580 1630 634 duritiam
1672 579 1838 633 cordis
1884 579 1961 632 sui
2000 586 2046 631 et

457 700 546 739 cor
568 680 899 753 impaenitens,
925 676 1230 732 thesaurizat
1255 673 1350 728 sibi
1378 674 1506 728 iram
1528 673 1581 725 in
1606 671 1688 725 die
1715 672 1807 725 ira:
1834 679 1879 724 et
1903 686 2044 748 τρυε-ε

457 774 663 830 lationis
676 770 806 844 justi
826 769 1012 841 judicii
1033 766 1130 823 Dei
1154 765 1328 839 (Rom.
1353 781 1389 820 tt
1407 805 1422 832 ,
1450 764 1485 819 ι
1504 805 1519 832 ,
1551 764 1640 834 5),
1669 778 1776 817 non
1803 761 2044 818 remitte-

457 872 546 920 tur
573 843 622 919 ei
642 904 658 931 ,
680 843 852 933 neque
876 861 932 915 in
959 859 1061 915 hoc
1091 857 1308 926 saeculo,
1342 872 1514 927 neque
1540 856 1592 910 in
1616 854 1814 910 futuro.

528 954 618 1011 50.
660 952 748 1007 lsti
787 961 965 1008 autem
992 965 1115 1005 cum
1155 949 1348 1020 quibus
1386 948 1627 1018 agimus,
1654 946 1738 1000 vel
1761 945 1829 1001 de
1852 945 2046 1017 quibus

455 1047 696 1119 agimus,
728 1059 833 1100 non
873 1053 998 1100 sunt
1038 1041 1387 1112 desperandi;
1425 1039 1596 1095 adhuc
1634 1040 1778 1095 enim
1826 1047 1951 1095 sunt
1992 1039 2044 1092 in

454 1152 681 1208 corpore
710 1153 723 1188 :
753 1135 850 1192 sed
872 1151 978 1190 non
1008 1142 1248 1204 qumrant
1274 1131 1524 1202 Spiritum
1556 1139 1796 1185 sanctum
1817 1171 1832 1195 ,
1861 1130 1961 1184 nisi
1991 1129 2044 1184 in

457 1228 653 1286 Christi
682 1242 929 1298 corpore,
951 1227 1104 1296 cujus
1129 1224 1327 1280 habent
1355 1223 1480 1277 foris
1501 1228 1892 1278 sacramentum
1909 1263 1923 1286 ,
1947 1220 2044 1276 sed

455 1341 571 1380 rem
599 1325 766 1394 ipsam
793 1339 899 1377 non
930 1329 1112 1378 tenent
1138 1321 1279 1374 iutus
1303 1320 1454 1389 cujus
1482 1327 1565 1372 est
1594 1317 1722 1372 illud
1749 1332 2045 1372 sacramen-

455 1425 603 1482 tum;
631 1427 685 1472 et
729 1416 846 1471 ideo
886 1414 986 1469 sibi
1015 1413 1271 1485 judicium
1319 1411 1637 1467 manducaut
1681 1421 1736 1466 et
1779 1410 1966 1466 bibunt
1992 1407 2046 1478 (l

455 1507 575 1566 Cor.
600 1526 674 1578 χι,
703 1509 817 1580 29).
842 1507 991 1564 Unus
1025 1508 1166 1563 enim
1207 1507 1356 1577 panis
1395 1512 1784 1560 sacramentum
1814 1513 1897 1559 est
1925 1502 2044 1557 uni-

455 1605 603 1672 tatis,
629 1603 881 1673 quoniam
901 1601 1040 1655 sicut
1063 1599 1347 1669 Apostolus
1366 1598 1512 1664 dicit,
1539 1596 1684 1652 Unus
1704 1596 1871 1666 panis,
1889 1612 2045 1650 unum

455 1712 640 1766 corpus
665 1694 808 1748 multi
843 1708 1018 1748 sumus
1047 1689 1155 1763 (Id.
1190 1707 1223 1746 x
1242 1732 1257 1758 ,
1287 1690 1396 1762 17).
1432 1689 1658 1745 Proinde
1688 1688 1923 1744 Ecclesia
1953 1704 2046 1744 ca-

459 1787 653 1842 tholica
679 1786 789 1841 Sola
820 1800 1014 1855 corpus
1052 1792 1135 1840 est
1172 1781 1406 1847 Christi,
1440 1782 1592 1853 cujus
1633 1782 1722 1836 ille
1764 1787 1923 1852 caput
1965 1790 2047 1837 est

458 1880 702 1935 Salvator
726 1877 969 1948 corporis
995 1876 1073 1931 sui
1103 1874 1265 1946 (Eph.
1296 1891 1350 1940 v,
1382 1873 1496 1947 25).
1531 1877 1688 1928 Extra
1721 1874 1822 1928 hoc
1853 1889 2046 1944 corpus

457 1973 725 2027 neminem
759 1969 990 2024 vivificat
1025 1967 1254 2038 Spiritus
1279 1975 1527 2033 sanctus;
1558 1967 1710 2036 quia,
1752 1965 1890 2021 sicut
1933 1966 2048 2036 ipse

457 2064 588 2119 dicit
608 2062 916 2132 Apostolus,
935 2059 1169 2115 Charitas
1194 2058 1292 2113 Dei
1312 2057 1499 2125 di/Tusa
1525 2068 1600 2112 est
1621 2057 1675 2110 in
1696 2055 1929 2110 cordibus
1950 2073 2046 2110 no-

458 2154 575 2208 stris
604 2169 693 2224 per
714 2152 967 2222 Spiritum
993 2159 1223 2205 sanciunt
1247 2149 1332 2220 qui
1360 2148 1508 2202 datus
1529 2157 1598 2202 est
1624 2146 1766 2201 nobis
1790 2145 1964 2220 (Rom.
1988 2161 2043 2213 v,

457 2245 558 2318 5):
588 2262 694 2300 non
733 2255 814 2300 est
857 2253 1033 2300 autem
1079 2244 1344 2314 particeps
1388 2242 1580 2297 divinae
1623 2240 1929 2308 charitatis,
1956 2241 2047 2312 qui

459 2337 630 2393 hostis
657 2349 740 2392 εει
767 2336 1003 2392 unitatis.
1042 2334 1156 2391 Non
1187 2335 1386 2390 habent
1423 2335 1601 2404 itaque
1627 2331 1883 2402 Spiritum
1925 2347 2050 2387 san-

457 2437 633 2495 ctum,
664 2428 753 2498 qui
780 2437 904 2482 sunt
929 2435 1078 2484 extra
1104 2426 1400 2480 Ecclesiam
1423 2445 1435 2478 :
1461 2425 1529 2480 de
1553 2424 1659 2479 illis
1692 2425 1888 2495 quippe
1912 2423 2048 2479 scri-

457 2533 606 2592 ptum
627 2532 743 2583 est,
770 2520 868 2586 Qui
911 2521 1102 2591 seipsos
1139 2526 1435 2589 segregant,
1467 2517 1712 2571 animales
1733 2559 1748 2585 ,
1794 2514 2050 2587 Spiritum

460 2629 563 2668 non
587 2612 820 2667 habentes
842 2608 1263 2683 (Judtel9).Sed
1293 2625 1392 2665 nec
1417 2609 1508 2664 ille
1538 2624 1659 2663 eum
1689 2607 1930 2678 percipit,
1960 2607 2049 2678 qui

457 2705 616 2760 ﬁctus
641 2714 724 2760 est
753 2705 803 2758 iu
833 2703 1066 2759 Ecclesia
1087 2743 1104 2770 ,
1135 2701 1383 2773 quoniam
1411 2710 1467 2757 et
1495 2701 1617 2756 inde
1649 2700 1904 2770 scriptum
1935 2709 2045 2768 est,

459 2799 682 2854 Sanctus
710 2797 841 2852 enint
870 2796 1096 2868 Spiritus
1130 2795 1414 2867 disciplina
1451 2792 1656 2865 e/fugiet
1694 2795 1868 2863 ﬁctum
1893 2791 2046 2866 (Sap.

459 2907 478 2946 ι
499 2933 515 2957 ,
541 2890 620 2963 5).
652 2889 753 2956 Qui
785 2904 911 2959 ergo
939 2888 1056 2944 vult
1077 2888 1273 2944 habere
1301 2885 1556 2956 Spiritum
1581 2893 1843 2950 sanctum,
1865 2893 2051 2940 caveat

458 2985 586 3040 foris
610 2984 676 3039 ab
706 2965 949 3038 Ecclesia
969 2995 1270 3047 remanere,
1295 2987 1481 3034 caveat
1508 2979 1560 3032 iu
1587 2992 1706 3032 eam
1732 2977 2009 3032 simulatus
2031 2978 2049 3008 ί

459 3078 659 3132 intrare
687 3095 701 3131 :
728 3083 820 3130 aut
845 3075 890 3128 si
911 3074 1021 3145 jam
1049 3073 1168 3130 talis
1196 3071 1449 3140 intravit,
1479 3081 1663 3127 caveat
1690 3072 1742 3126 in
1766 3072 1954 3128 eadem
1980 3071 2052 3126 si-

460 3169 749 3225 mulatione
790 3168 1110 3237 persistere,
1153 3175 1211 3222 ut
1253 3165 1514 3221 veraciter
1555 3163 1827 3219 coalescat
1870 3163 2051 3220 arbori

458 3262 602 3318 vitae.

531 3356 620 3411 51.
661 3355 932 3413 Prolixum
974 3354 1066 3410 tibi
1106 3353 1300 3408 librum
1339 3351 1544 3418 direxi,
1587 3360 1642 3408 et
1681 3351 1784 3408 tuis
1825 3351 2053 3408 fortasse

460 3447 896 3518 occupationibus
921 3460 1233 3501 onerosum.
1281 3442 1340 3500 Si
1383 3458 1512 3514 ergo
1555 3443 1787 3512 potuerit
1830 3443 1924 3498 tibi
1966 3441 2052 3498 vel

461 3539 699 3609 partibus
724 3538 827 3608 legi
851 3579 867 3605 ,
896 3536 1044 3591 dabit
1073 3535 1171 3591 tibi
1196 3534 1453 3590 Dominus
1479 3533 1834 3602 intellectum,
1870 3546 1928 3589 ut
1954 3534 2052 3588 ha-

407 3626 416 3632 ”
458 3630 590 3686 beas
617 3627 744 3700 quid
771 3625 1095 3697 respondeas
1124 3625 1202 3680 eis
1230 3624 1560 3694 corrigendis
1585 3632 1744 3694 atque
1779 3624 2047 3691 sanandis,

462 3736 598 3792 quos
631 3719 794 3776 etiam
821 3719 915 3774 tibi
941 3709 1041 3789 ipsi
1069 3727 1318 3788 tanquam
1350 3715 1496 3771 ﬁdeli
1525 3717 1634 3773 ﬁlio
1669 3724 1838 3772 mater
1861 3716 2052 3774 Eccle-

462 3814 560 3880 sia,
589 3812 677 3869 ubi
703 3811 938 3882 potueris
961 3852 976 3877 ,
1009 3818 1065 3865 et
1094 3807 1364 3880 quomodo
1394 3809 1628 3878 potueris
1648 3850 1662 3871 ,
1693 3808 1805 3862 sive
1834 3809 1948 3878 ipse
1976 3808 2056 3864 lo-

462 3905 675 3978 quendo
702 3912 756 3960 et
777 3902 1172 3974 respondendo,
1187 3902 1298 3957 sive
1314 3899 1380 3955 ad
1396 3900 1642 3956 doctores
1653 3900 1908 3956 Ecclesiae
1928 3916 2054 3971 per-

462 3999 728 4066 ducendo,
758 3997 810 4052 in
842 3996 1107 4068 adjutorio
1136 3993 1346 4052 Domini
1375 3991 1720 4064 corrigendos
1758 3992 2056 4049 sanandos-

460 4108 565 4162 que
590 4088 947 4147 commendat.

815 4177 1147 4235 EPISTOLA
1185 4173 1492 4234 CLXXXVI
1532 4177 1551 4198 "
1590 4172 1692 4246 (a).

461 4273 680 4346 Alypius
703 4280 747 4327 et
774 4271 1086 4344 Augustinus
1112 4268 1334 4324 Paulino
1362 4268 1596 4340 episcopo
1616 4309 1630 4332 ,
1661 4267 1831 4337 ipsum
1858 4265 2056 4338 plenius

711 4364 1026 4418 instituentes
1059 4361 1298 4416 adversus
1326 4359 1526 4432 Pelagii
1551 4360 1804 4415 Itwresim.

464 4453 694 4510 Domino
722 4453 1032 4509 beatissimo
1057 4461 1112 4507 et
1145 4452 1200 4506 in
1240 4450 1439 4506 Christi
1463 4450 1758 4506 visceribus
1781 4451 2055 4521 germani-

535 4555 625 4602 tus
647 4543 1038 4615 amplectende,
1064 4543 1182 4614 plus
1201 4555 1360 4612 quam
1381 4541 1485 4596 dici
1513 4549 1693 4611 potest
1714 4541 2055 4598 desiderabili

535 4637 688 4694 fratri
719 4647 772 4693 et
796 4635 1115 4707 coepiscopo
1142 4635 1380 4691 PAULINO
1407 4631 1506 4708 (b),
1534 4635 1763 4691 ALvrtus
1794 4645 1848 4690 et
1871 4637 2052 4692 Accu—

535 4748 735 4790 STINUS.

389 4907 394 4910 ⁵
535 4827 765 4884 CAPUT
791 4824 1080 4882 PRIMUM.
1097 4855 1170 4866 —
1185 4825 1238 4879 l.
1256 4825 1491 4882 Tandem
1521 4825 1806 4896 aliquando
1823 4827 2057 4899 providit

463 4922 605 4978 Deus
631 4920 784 4991 nobis
812 4918 1104 4974 litterarum
1145 4915 1510 4974 ﬁdelissimum
1554 4919 1906 4989 perlatorem,
1935 4935 2053 4976 om-

465 5016 610 5072 nium
657 5025 897 5071 nostrum
941 5013 1136 5069 merito
1179 5013 1548 5068 charissimum
1590 5013 1810 5071 fratrem
1854 5014 2049 5071 Januao

528 5131 545 5161 ι
572 5128 707 5190 Edd.,
729 5125 969 5178 simulate.
993 5132 1052 5190 at
1069 5133 1196 5187 Mss,
1220 5124 1469 5190 sinntlatus
1489 5125 1689 5178 intrare.

526 5191 547 5209 ‘
571 5187 780 5240 Adhibiti
807 5195 922 5240 sunt
951 5189 1012 5238 ad
1041 5188 1185 5250 hujus
1213 5189 1579 5250 castigationem
1602 5202 1673 5240 cc.
1700 5187 1750 5237 ﬁ‘.
1787 5203 1861 5240 vc.
1885 5189 1982 5242 duo
1998 5202 2050 5243 v.

468 5262 567 5301 Am.
592 5252 702 5313 Bad.
728 5258 802 5300 Er.
828 5258 938 5301 Lov.
962 5251 1141 5313 quibus
1162 5251 1366 5313 accessit
1387 5256 1469 5298 Ms.
1493 5250 1799 5313 Sulpitianus.

527 5315 598 5375 (a)
618 5312 741 5363 Alias
764 5313 855 5376 106
874 5326 886 5362 :
905 5310 1015 5376 qua;
1032 5318 1200 5360 autem
1217 5310 1307 5376 t_8(_i
1323 5317 1447 5372 erat,
1467 5310 1593 5362 nunc
1613 5313 1663 5361 in
1683 5314 1958 5376 Appendice
1976 5322 2056 5368 est

534 5371 714 5438 Scripta
733 5374 865 5438 circa
878 5371 1093 5438 medium
1114 5371 1326 5438 an._4t7.

527 5435 599 5500 (ὁ)
617 5433 713 5486 Non
735 5437 995 5507 Bonifaeio,
1017 5441 1088 5483 un
1109 5434 1301 5484 codices
1330 5433 1560 5542 quosdam
1592 5435 1820 5508 habuisse
1855 5446 2056 5489 monent

527 5511 684 5542 asmns
703 5505 756 5542 et
770 5505 1116 5542 Lovamenses:
1132 5496 1221 5542 sed
1246 5503 1336 5542 Pan
1360 5509 1438 5542 tuo
1453 5495 1627 5542 holano
1649 5509 1874 5542 eniscono
1894 5499 2053 5542 (latam

1304 5509 1336 5544 ιι

463 5495 684 5549 Erasinus
703 5505 756 5548 et
770 5498 1116 5561 Lavanienses;
1132 5496 1221 5547 sed
1245 5495 1438 5545 Paulino
1453 5495 1627 5545 {Volano
1649 5499 1874 5561 episOOpo
1894 5499 2056 5550 datam

467 5572 579 5608 esse
601 5561 724 5609 hanc
761 5558 1012 5622 epistolam
1046 5557 1204 5621 liquet
1239 5569 1452 5622 prorsus,
1491 5571 1602 5607 cum
1628 5557 1695 5609 ei
1727 5557 1901 5610 tibide
1921 5568 2055 5622 Dono

463 5616 864 5683 perseverantiae,
888 5634 932 5671 c.
956 5620 1036 5681 21,
1059 5616 1207 5683 atque
1230 5616 1296 5669 ex
1317 5616 1402 5668 lib.
1427 5622 1645 5682 Prosperi
1668 5629 1835 5673 contra
1857 5621 2055 5674 Collato-

464 5681 591 5742 rem,
614 5696 658 5733 c.
682 5683 762 5741 45,
787 5690 889 5733 tum
911 5684 1057 5733 etiam
1075 5681 1141 5732 ei
1241 5695 1352 5744 quin
1371 5681 1664 5744 Augustinus
1684 5684 1763 5734 hic
1779 5696 1829 5732 n.
1848 5684 1910 5734 40
1925 5699 2055 5736 com-

462 5751 702 5812 memorat
721 5744 1007 5812 depriginis
1027 5744 1146 5794 vitio
1314 5744 1376 5793 ab
1399 5742 1487 5812 illo
1502 5745 1796 5812 cui_scr_ibit;
1821 5759 1931 5808 quze
1948 5749 2055 5812 qui-

457 5783 1296 5922 ﬁésn‘asm‘aa‘;
1504 5783 1798 5872 ἒῖίὲὧέἆᾶ
1819 5783 2054 5860 sagas;

1695 373 1753 431 S.
1789 370 2155 430 AUGUSTINI
2193 369 2502 428 EPlSCOPl

3635 371 3744 432 816

2152 485 2326 552 rium;
2353 500 2448 556 per
2474 499 2653 556 quem,
2675 484 2883 542 etiamsi
2901 499 3008 541 non
3027 482 3402 564 scriberemus,
3424 488 3604 544 omnia
3620 503 3740 560 quas

2151 578 2289 635 circa
2335 595 2431 636 nos
2475 588 2599 635 sunt
2635 580 2803 651 possit
2843 579 3132 636 Sinceritas
3152 589 3238 636 tua
3261 588 3513 652 tanquam
3539 597 3639 653 per
3663 583 3743 639 vi-

2151 680 2364 728 ventem
2406 681 2565 743 atque
2591 673 2969 743 intelligenteni
2996 673 3275 744 epistolam
3301 689 3547 729 noscere.
3583 674 3740 731 Pela-

2149 765 2294 834 gium
2315 806 2329 830 ,
2359 781 2518 836 quem
2546 765 2848 833 credimus,
2890 774 2947 820 ut
2975 766 3042 820 ab
3069 766 3158 821 illo
3197 765 3611 837 distingueretur
3652 769 3744 839 qui

2151 856 2396 928 Pelagius
2425 857 2640 912 Tarenti
2678 857 2869 912 dicitur
2895 859 2935 925 ¹,
2968 857 3243 914 Britonem
3272 857 3436 914 fuisse
3463 863 3742 930 cognomi-

2151 956 2332 1002 natum
2358 947 2455 1020 (a),
2481 948 2622 1020 quod
2652 958 2708 1004 ut
2744 964 2957 1006 servum
2996 950 3088 1004 Dei
3113 949 3411 1017 idilexeris,
3459 951 3740 1006 novimus:

2152 1055 2293 1096 nunc
2316 1050 2492 1095 autem
2521 1042 2964 1112 quemadmodum
2993 1041 3180 1112 diligas
3199 1085 3214 1109 ,
3243 1043 3568 1113 ignoramus.
3607 1044 3740 1100 Nam

2153 1138 2208 1186 et
2235 1147 2330 1187 uos
2368 1147 2476 1187 non
2515 1132 2687 1188 solum
2723 1133 3042 1202 dileximus,
3070 1150 3255 1189 verum
3283 1136 3442 1190 etiam
3475 1136 3743 1207 diligimus

2152 1239 2308 1291 eum;
2362 1225 2456 1280 sed
2513 1226 2667 1280 aliter
2719 1241 2858 1280 nunc
2907 1225 3196 1297 diligimus,
3242 1227 3401 1283 aliter
3454 1227 3742 1299 aliquando

2151 1314 2432 1370 dileximus
2459 1335 2472 1371 :
2497 1325 2624 1372 tunc
2648 1317 2791 1373 enim
2809 1358 2824 1385 ,
2851 1318 2974 1388 quia
3004 1317 3156 1372 nobis
3184 1326 3352 1391 recta:
3374 1317 3498 1373 ﬁdei
3529 1318 3744 1374 videba-

2154 1418 2270 1476 tur;
2308 1425 2448 1464 uunc
2491 1419 2700 1476 autem,
2733 1417 2790 1465 ut
2813 1411 2879 1465 ab
2909 1409 2974 1465 iis
2999 1425 3118 1481 quae
3159 1410 3372 1465 inimica
3419 1418 3474 1466 et
3518 1410 3743 1467 adversa

2149 1503 2334 1573 gratiae
2360 1502 2457 1558 Dei
2506 1504 2706 1558 sentire
2748 1503 2961 1571 dicitur,
2986 1504 3128 1559 illius
3158 1503 3520 1559 misericordia
3549 1504 3746 1560 libere-

2153 1602 2258 1650 tur.
2305 1594 2440 1650 Nam
2469 1611 2589 1650 cum
2617 1594 2719 1651 hoc
2761 1595 2828 1651 de
2863 1596 2956 1651 illo
2982 1596 3288 1666 aliquandiu
3317 1598 3454 1652 fama
3478 1597 3706 1668 jactaret
3724 1639 3740 1665 ,

2151 1703 2260 1744 non
2289 1688 2468 1758 utique
2498 1687 2654 1744 facile
2679 1687 3003 1744 credendum
3029 1688 3154 1755 fuit;
3186 1689 3324 1744 solet
3359 1690 3556 1760 quippe
3601 1689 3742 1744 fama

2151 1778 2520 1834 mentirizsed
2565 1780 2782 1850 propius
2830 1788 2892 1834 ut
2934 1779 3307 1849 crederemus,
3339 1781 3564 1836 accessit
3601 1779 3743 1851 quod

2151 1869 2343 1925 librum
2373 1869 2655 1941 quemdam
2683 1871 2820 1940 ejus,
2845 1886 2907 1927 ea
2936 1887 3154 1941 prorsus
3180 1871 3501 1943 persuadere
3521 1873 3746 1928 molien-

2152 1970 2262 2017 tem
2304 1978 2422 2032 qua:
2464 1963 2689 2034 gratiam
2721 1962 2816 2018 Dei
2856 1978 2953 2033 per
2995 1979 3160 2019 unum
3190 1964 3538 2020 mediatorem
3571 1965 3662 2020 Dei
3692 1973 3747 2021 et

2153 2055 2426 2110 hominum
2473 2054 2743 2110 hominem
2769 2054 2952 2112 Jesum
2983 2055 3252 2112 Christum
3279 2057 3464 2127 generi
3507 2056 3744 2114 humano

2151 2147 2474 2218 impertitam
2496 2191 2510 2215 ,
2537 2149 2605 2204 de
2634 2149 2869 2205 fidelium
2912 2150 3161 2206 cordibus
3190 2150 3448 2206 creditam
3495 2151 3744 2221 deleant,

2151 2239 2410 2310 legimus,
2444 2242 2694 2297 traditum
2740 2243 2893 2300 nobis
2930 2258 2963 2299 a
3003 2243 3214 2299 famulis
3241 2244 3437 2300 Christi
3461 2287 3476 2312 ,
3505 2245 3592 2316 qui
3621 2261 3744 2300 eum

2153 2333 2279 2387 talia
2318 2333 2603 2389 docentem
2651 2333 3022 2390 studosissime
3066 2335 3380 2401 audierant,
3433 2335 3743 2407 inerantque

2152 2425 2359 2480 sectati.
2389 2423 2485 2480 Cui
2515 2425 2727 2496 quidem
2753 2427 2910 2495 libro,
2941 2425 3146 2482 eisdem
3174 2427 3501 2498 rogantibus,
3530 2427 3653 2498 quia
3682 2427 3737 2482 id

2155 2515 2270 2572 ﬁeri
2295 2525 2547 2588 oportere
2574 2517 2913 2588 videbamus,
2946 2521 3104 2576 tacito
3135 2520 3351 2576 nomine
3375 2521 3609 2576 auctoris
3629 2561 3644 2585 ,
3676 2536 3747 2576 ne

2153 2606 2388 2663 offensus
2414 2607 2762 2665 insanabilior
2798 2609 3137 2677 redderetur,
3169 2613 3324 2666 unius
3354 2620 3594 2667 nostrum
3635 2611 3747 2666 dis-

2155 2699 2429 2770 putatione
2445 2715 2763 2771 responsum
2785 2710 2865 2756 est
2888 2700 2982 2774 (b).
3007 2703 3123 2770 Quo
3146 2702 3282 2758 libro
3307 2703 3359 2757 id
3380 2704 3683 2760 continetur
3700 2704 3743 2770 ’,

2153 2799 2208 2846 et
2259 2791 2620 2861 multipliciter
2670 2801 2830 2863 atque
2876 2792 3208 2849 abundanter
3262 2795 3554 2862 asseritur,
3603 2793 3747 2864 quod

2155 2884 2314 2939 etiam
2343 2883 2657 2954 quibusdam
2685 2884 2876 2940 litteris
2899 2885 3008 2956 agit
3047 2884 3113 2939 ad
3157 2893 3301 2941 tuam
3331 2884 3748 2940 Venerationem

2155 2976 2295 3032 datis
2323 2977 2418 3050 (ε),
2437 2977 2524 3032 ubi
2550 2977 2681 3033 dicit
2703 2992 2762 3034 se
2782 2993 2890 3034 non
2915 2977 3110 3034 debere
3131 2978 3425 3034 existimari
3447 2979 3560 3034 sine
3578 2978 3751 3050 gratia

2155 3073 2250 3128 Dei
2276 3073 2562 3130 defendere
2590 3074 2818 3130 liberum
2860 3073 3168 3141 arbitrium,
3199 3088 3320 3128 cum
3345 3073 3750 3144 possibilitatem

2157 3167 2370 3223 volendi
2420 3177 2579 3239 atque
2632 3168 2909 3239 operandi,
2937 3168 3052 3224 sine
3106 3182 3210 3238 qua
3258 3166 3391 3222 nihil
3447 3167 3571 3222 boni
3616 3166 3753 3223 velle

2156 3252 2317 3332 atque
2372 3276 2531 3333 agere
2578 3263 2911 3329 valeremus,
2961 3277 2993 3318 a
3038 3260 3291 3318 Creatore
3344 3260 3497 3317 nobis
3538 3262 3751 3316 insitam

2157 3354 2362 3410 diceret
2405 3373 2418 3409 :
2463 3364 2521 3410 ut
2558 3355 2805 3412 videlicet
2847 3356 2963 3412 haec
3004 3356 3326 3426 intelligatur
3367 3355 3584 3412 doctore
3635 3355 3752 3425 ipso

2157 3447 2324 3518 gratia
2365 3447 2491 3516 Dei,
2546 3463 2666 3519 qua:
2707 3448 2931 3518 Paganis
2965 3459 3126 3519 atque
3181 3445 3527 3517 Christianis,
3578 3439 3752 3518 impiis

2157 3550 2213 3597 et
2238 3541 2357 3612 piis,
2379 3541 2619 3597 ﬁdelibus
2634 3549 2791 3611 atque
2817 3540 3118 3596 inﬁdelibus
3146 3541 3445 3596 communis
3469 3549 3570 3596 est.
3716 3529 3738 3541 ⁴

2227 3641 2282 3696 2.
2324 3643 2451 3698 Haec
2478 3642 2618 3698 mala
2637 3641 2828 3712 quibus
2856 3640 3154 3697 Salvatoris
3177 3651 3529 3697 evacuaretur
3551 3640 3749 3696 adven-

2159 3745 2264 3803 tus,
2287 3737 2376 3792 ubi
2406 3736 2509 3790 hoc
2536 3749 2821 3806 possumus
2845 3734 3023 3790 dicere
3049 3733 3192 3805 quod
3209 3734 3280 3790 de
3299 3735 3439 3805 Lege
3458 3734 3589 3790 dicit
3605 3735 3752 3804 Apo-

2160 3827 2361 3894 stolus,
2395 3828 2454 3882 Si
2482 3844 2571 3898 per
2599 3836 2840 3882 naturam
2877 3827 3117 3899 justitia,
3165 3843 3282 3899 ergo
3324 3825 3555 3882 Christus
3594 3826 3754 3899 gratis

2160 3927 2392 3974 mortuus
2429 3928 2500 3974 est
2525 3917 2722 3991 (Galat.
2753 3935 2820 3988 ιι,
2849 3917 2967 3991 21),
2994 3919 3400 3985 refellebamus,
3443 3929 3501 3975 ut
3543 3929 3755 3990 potera-

2142 4027 2310 4078 mus,
2344 4011 2398 4066 in
2424 4011 2673 4067 cordibus
2716 4025 2934 4077 eorum,
2978 4011 3067 4081 qui
3116 4012 3216 4067 ista
3258 4011 3554 4079 sentirent,
3583 4020 3639 4066 ut
3669 4011 3755 4066 his

2160 4103 2408 4174 cognitis,
2436 4102 2596 4158 etiam
2627 4102 2737 4168 ille,
2765 4101 2813 4158 si
2837 4101 2951 4157 ﬁeri
2972 4111 3184 4172 posset,
3209 4119 3318 4160 non
3348 4103 3625 4159 lacessitus
3654 4104 3753 4158 ista

2161 4195 2500 4261 emendaret;
2533 4202 2692 4264 atque
2726 4194 2798 4248 ita
2829 4204 2882 4248 et
2908 4194 3170 4264 pernicies
3197 4193 3561 4250 destrueretur
3599 4210 3753 4251 erro-

2140 4288 2255 4358 ris,
2302 4295 2355 4341 et
2407 4285 2638 4341 hominis
2693 4283 3026 4339 verecundiae
3055 4297 3384 4356 parceretur.
3408 4285 3513 4342 Sed
3541 4295 3756 4358 postea-

2161 4394 2319 4450 quam
2365 4378 2432 4434 ad
2480 4393 2575 4432 nos
2614 4377 2804 4432 litterae
2829 4375 2894 4431 de
2921 4376 3138 4432 Oriente
3165 4387 3461 4445 venerunt,
3504 4378 3750 4434 eamdem

2161 4488 2377 4528 causam
2403 4470 2742 4541 apertissime
2768 4470 3106 4540 ventilantes,
3136 4473 3285 4528 nullo
3314 4472 3473 4528 modo
3491 4473 3601 4543 jam
3626 4487 3754 4543 quae

2160 4570 2425 4639 licumque
2465 4565 2755 4638 episcopali
2802 4567 3116 4623 auctoritate
3156 4567 3345 4624 deesse
3373 4567 3627 4622 Ecclesia:
3653 4566 3754 4623 de-

2159 4664 2466 4719 bueramus.
2513 4661 2687 4715 Missae
2725 4669 2851 4716 sunt
2894 4661 3072 4731 itaque
3101 4660 3167 4717 de
3197 4661 3298 4716 hac
3337 4676 3396 4716 re
3438 4677 3507 4717 ex
3547 4661 3754 4717 duobus

2160 4755 2434 4820 conciliis,
2476 4752 2852 4823 Cathaginensi
2881 4761 2936 4808 et
2962 4753 3305 4820 Milevitano,
3351 4753 3641 4809 relationes
3684 4752 3752 4808 ad

2159 4844 2503 4916 apostolicam
2528 4843 2722 4899 Sedem
2740 4843 2843 4916 (d),
2866 4855 3153 4915 antequam
3177 4844 3338 4902 Gesta
3366 4845 3750 4913 ecclesiastica,

2160 4940 2351 5010 quibus
2379 4937 2519 5008 apud
2560 4937 2842 5008 episcopos
2868 4939 3156 5008 provincia!
3184 4938 3480 4996 Palaestina:
3505 4940 3754 5011 Pelagius

2160 5032 2468 5104 perhibetur
2495 5047 2615 5088 esse
2659 5041 2912 5103 purgatus
2931 5075 2947 5102 ,
2977 5033 3061 5090 vel
3087 5034 3141 5089 in
3166 5049 3357 5091 manus
3397 5044 3636 5101 nostras,
3666 5033 3753 5090 vel

2162 5127 2216 5181 in
2240 5125 2470 5181 Africam
2505 5125 2896 5197 pervenissent.
2935 5124 3260 5198 Scripsimus
3294 5126 3455 5182 etiam
3482 5126 3550 5182 ad
3581 5126 3754 5183 beata:

2225 5283 2242 5316 ί
2268 5289 2374 5333 Mss.
2398 5294 2470 5333 oc.
2497 5288 2550 5344 et
2569 5278 2720 5344 Sulp.,
2753 5278 2936 5332 Terenti
2958 5278 3156 5332 dicitur.

2221 5347 2243 5378 ³
2265 5347 2338 5395 Sic
2359 5350 2441 5395 Ms.
2475 5342 2604 5407 Sulp.
2631 5340 2932 5408 [responsum
2965 5349 3035 5394 est
3071 5343 3198 5408 quod
3229 5340 3351 5394 libro
3371 5342 3654 5396 continetur.
3697 5359 3700 5362 η

2221 5439 2293 5502 (a)
2316 5436 2538 5502 Pelagius
2559 5439 2696 5502 gente
2727 5432 2982 5502 Britaamus
3003 5434 3176 5502 dicitur
3196 5449 3225 5485 a
3242 5437 3390 5502 Mario
3412 5442 3674 5485 Mercatore
3705 5445 3757 5485 ,ιι

2157 5495 2522 5551 Comiuonitdrio
2537 5495 2639 5560 {ab
2671 5499 2835 5561 Oresio
2857 5499 2910 5548 in
2931 5495 3470 5561 Apolog.,_13_ritannicus
3501 5503 3660 5561 noster
3674 5510 3692 5558 ;
3726 5507 3757 5547 ι

2158 5571 2393 5625 "capere
2414 5563 2465 5611 in
2486 5562 2705 5625 Carmine
2727 5560 2806 5625 de,
2826 5559 3057 5625 ingratis,
3083 5559 3275 5625 coluber
3299 5559 3558 5625 Brittanias
3571 5573 3590 5622 ,'
3613 5560 3755 5622 isque

2160 5621 2481 5687 indc'putatur
2500 5622 2751 5687 suggillari
2767 5623 2829 5670 ab
2844 5621 3133 5687 Hieronymo
3153 5621 3336 5686 praefat.
3355 5623 3407 5673 in
3427 5630 3632 5673 Jerem.:
3649 5630 3756 5673 sco-

2157 5685 2316 5750 torum
2335 5685 2544 5750 pultibus
2565 5685 2912 5750 praegravatus.

2245 5746 2294 5798 ω
2319 5746 2368 5796 th
2391 5748 2473 5797 lib.
2499 5746 2756 5798 desatura
2774 5754 2826 5798 et
2841 5748 3014 5798 Graia.

2243 5809 2292 5873 ο)
2319 5811 2420 5859 vid.
2444 5809 2529 5859 lib.
2549 5810 2612 5859 de
2637 5811 2794 5873 Gratia
2812 5809 3002 5873 Christi,
3027 5825 3072 5863 c.
3095 5812 3176 5864 35.

2283 5874 2303 5938 )
2326 5873 2470 5938 Epist.
2496 5873 2587 5924 175
2611 5881 2663 5924 et
2685 5871 2792 5924 176.
