4120 6358
357 472 460 531 817

355 588 628 647 memoria:
671 587 866 657 Papam
910 580 1308 649 Innocentium,
1361 590 1553 652 praeter
1595 578 1943 634 conciliorum

355 681 668 744 relationes,
695 671 900 733 litteras
931 676 1256 742 familiares,
1289 675 1375 730 ubi
1403 674 1471 730 dc
1501 674 1612 743 ipsa
1657 687 1813 727 causa
1845 670 1943 724 ali-

356 779 554 844 quanto
580 770 777 825 diutius
801 770 1005 841 egimus
1033 766 1128 841 (a).
1158 767 1235 822 Ad
1258 767 1435 821 omnia
1464 765 1616 820 nobis
1643 763 1728 818 ille
1754 761 1946 818 rescri-

358 865 464 936 psit
486 877 552 919 eo
576 861 756 928 modo,
788 877 894 932 quo
921 862 938 893 ³
969 860 1044 915 ias
1069 868 1183 914 erat
1211 867 1368 930 atque
1409 855 1688 928 Oportebat
1727 860 1946 925 aposto-

361 958 479 1014 lica:
503 958 658 1014 Sedis
679 957 969 1012 antistitem
999 957 1096 1029 (b).

430 1052 484 1106 3.
506 1050 637 1119 Quzn
662 1048 840 1106 omnia
868 1048 1028 1103 modo
1058 1049 1234 1118 legere
1260 1045 1487 1118 poteris,
1516 1043 1563 1098 si
1593 1057 1778 1099 eorum
1808 1040 1948 1097 forte

359 1143 427 1199 ad
459 1151 510 1198 te
535 1142 619 1196 vel
647 1141 788 1196 nulla
816 1141 901 1196 vel
931 1155 1037 1194 non
1060 1147 1249 1194 cuncta
1273 1144 1664 1208 pervenerant:
1688 1133 1780 1189 ubi
1803 1132 1950 1188 vide-

360 1235 465 1302 bis,
496 1243 703 1288 servata
728 1248 853 1302 erga
884 1231 1156 1287 hominem
1192 1229 1557 1284 moderatione
1587 1242 1704 1298 quae
1731 1225 1946 1292 debuit,

362 1343 430 1383 nc
459 1327 801 1380 damnaretur
826 1325 870 1380 si
903 1339 1061 1394 prava
1084 1323 1363 1378 damnaret
1385 1323 1428 1387 ’⁸,
1454 1322 1626 1391 ipsum
1655 1327 1832 1374 tamen
1861 1333 1952 1372 no-

362 1421 554 1476 vellum
598 1429 652 1475 et
695 1419 1050 1489 perniciosum
1080 1432 1316 1474 errorem
1352 1416 1430 1471 sic
1469 1413 1826 1470 ecclesiastica
1852 1427 1950 1465 au-

362 1512 608 1568 ctoritate
630 1525 1016 1582 compressum,
1038 1517 1097 1564 ut
1117 1508 1342 1562 multum
1365 1508 1620 1562 miremur
1641 1495 1760 1560 eSse
1779 1501 1951 1557 adhuc

363 1603 618 1676 quosdam
654 1603 743 1674 qui
774 1618 870 1673 per
894 1602 1186 1674 quemlibet
1220 1616 1459 1656 errorem
1499 1599 1684 1669 gratiae
1724 1595 1818 1652 Dei
1861 1586 1965 1651 eo?

363 1709 557 1754 nentur
585 1697 880 1761 obsistere;
904 1695 947 1749 si
977 1704 1150 1750 tamen
1186 1693 1302 1748 hmc
1327 1701 1474 1763 gesta
1502 1706 1623 1747 esse
1652 1690 1952 1745 didicerunt

363 1804 481 1860 qua:
500 1788 668 1858 gratia
693 1787 786 1842 Dei
809 1802 904 1857 per
920 1786 1100 1842 Jesum
1117 1784 1384 1840 Christum
1403 1783 1682 1838 Dominum
1711 1789 1950 1836 nostrum

366 1881 526 1953 (quod
557 1881 690 1936 ﬁdes
721 1895 845 1935 vera
874 1887 928 1935 et
954 1879 1214 1934 catholica
1255 1885 1400 1932 tenet
1438 1890 1650 1946 semper
1689 1869 1951 1947 Ecclesia)

364 1972 590 2044 pusillos
615 1987 736 2027 cum
775 1973 980 2042 magnis
1006 1987 1036 2026 a
1065 1979 1237 2025 morte
1261 1969 1416 2040 primi
1443 1968 1676 2024 hominis
1700 1967 1768 2022 ad
1790 1967 1951 2022 vitam

364 2064 581 2121 secundi
609 2063 839 2119 hominis
857 2061 1106 2118 transfert
1125 2079 1140 2128 ;
1161 2079 1265 2116 non
1284 2061 1457 2117 solum
1473 2067 1687 2132 peccata
1700 2059 1950 2126 dolendo,

365 2170 546 2211 verum
591 2156 750 2211 etiam
780 2155 846 2210 ad
876 2169 981 2211 non
1009 2153 1336 2226 peccandum
1375 2162 1622 2224 recteque
1647 2151 1950 2218 vivendum,

367 2264 462 2305 eos
506 2248 597 2319 qui
623 2248 730 2318 jam
763 2247 840 2302 uti
870 2256 1093 2318 possunt
1130 2247 1418 2303 voluntatis
1459 2245 1678 2300 arbitrio
1706 2246 1783 2301 sic
1806 2243 1958 2314 adju-

368 2342 574 2408 vando,
611 2351 668 2396 ut
694 2343 796 2397 nisi
825 2341 1069 2412 adjuvet,
1095 2340 1224 2395 nihil
1250 2341 1463 2410 pietatis
1506 2349 1664 2410 atque
1703 2338 1950 2409 iustitiae,

368 2435 482 2490 sive
527 2434 578 2489 in
627 2449 814 2503 opere,
842 2433 954 2488 sive
982 2433 1142 2488 etiam
1193 2433 1244 2486 in
1292 2433 1403 2502 ipsa
1444 2431 1718 2486 voluntate
1757 2428 1956 2483 habere

369 2526 638 2598 possimus
664 2545 677 2580 :
708 2529 846 2581 Deus
870 2527 1070 2598 quippe"
1089 2534 1339 2597 operatur
1366 2525 1417 2579 in
1442 2524 1596 2579 nobis
1623 2533 1678 2579 et
1705 2522 1841 2578 velle
1860 2564 1874 2591 ,
1904 2531 1957 2578 et

373 2620 604 2690 operari,
634 2635 729 2689 pro
754 2619 893 2674 bona
917 2619 1186 2674 voluntate
1211 2615 1433 2691 (Philip.
1467 2633 1528 2682 ιι,
1557 2615 1670 2686 15).
1944 2623 1946 2626 '

441 2710 664 2768 CAPUT
695 2711 758 2766 ll.
783 2734 852 2754 -ι-
869 2713 921 2766 4.
951 2710 1089 2767 Nam
1108 2711 1225 2782 quis
1251 2725 1370 2775 nos,
1399 2709 1500 2764 nisi
1528 2709 1616 2780 qui
1643 2707 1789 2764 venit
1813 2722 1958 2778 qum-

373 2820 491 2862 rere
511 2813 564 2859 et
587 2805 793 2859 salvare
812 2803 952 2874 quod
974 2803 1227 2873 perierat,
1246 2803 1313 2857 ab
1338 2801 1427 2857 illa
1448 2800 1760 2870 perditionis
1781 2813 1955 2854 massa

373 2910 427 2956 et
469 2899 812 2955 concretione
837 2897 1127 2953 discernit?
1150 2895 1300 2952 Unde
1339 2895 1623 2966 Apostolus
1666 2893 1960 2964 interrogat

372 2994 578 3061 dicens,
610 2994 735 3060 Quis
763 2994 896 3047 enim
923 3001 970 3045 te
995 2990 1273 3046 discernit?
1310 2989 1401 3044 ubi
1442 2991 1487 3043 si
1531 2987 1727 3043 dixerit
1775 2987 1956 3054 homo,

372 3087 532 3144 Fides
559 3103 708 3153 mea,
732 3088 976 3142 voluntas
1021 3101 1138 3141 mea
1159 3128 1174 3152 ,
1217 3084 1413 3140 bonum
1456 3098 1592 3153 opus
1630 3097 1843 3149 meum;
1875 3097 1962 3137 re-

373 3181 664 3252 spondetur
688 3180 767 3247 ei,
799 3179 934 3246 Quid
970 3179 1100 3232 enim
1128 3175 1280 3231 habes
1308 3174 1444 3245 quod
1471 3190 1573 3228 non
1600 3173 1874 3243 accepisti?
1901 3173 1963 3228 Si

373 3283 538 3329 autem
591 3274 867 3346 accepisti,
913 3273 1035 3343 quid
1077 3271 1311 3344 gloriaris
1362 3271 1510 3343 quasi
1563 3286 1663 3322 non
1712 3268 1962 3337 acceperis

375 3365 420 3436 (Ι
446 3366 562 3420 Cor.
586 3381 658 3431 Iv,
685 3363 780 3437 7)?
804 3364 914 3419 Hoc
943 3364 1124 3435 utique
1161 3372 1328 3418 totum
1375 3361 1518 3430 ideo,
1557 3376 1661 3416 non
1705 3369 1764 3414 ut
1802 3359 1963 3414 homo

374 3474 479 3514 non
503 3459 780 3529 glorietur,
813 3457 905 3511 sed
934 3465 989 3510 ut
1016 3456 1104 3526 qui
1136 3455 1410 3526 gloriatur,
1439 3457 1492 3508 in
1520 3453 1742 3507 Domino
1768 3452 1964 3523 glorie-

375 3559 463 3606 tur
486 3550 593 3624 (Id.
623 3568 660 3616 ι,
693 3550 816 3622 ’51);
844 3564 948 3604 non
979 3564 1045 3611 ex
1072 3547 1320 3620 operibus
1340 3588 1354 3611 ,
1383 3561 1450 3601 ne
1475 3544 1614 3600 forte
1643 3545 1759 3616 quis
1789 3543 1964 3600 extol-

376 3644 516 3699 latur
541 3642 701 3717 (Eph.
733 3660 788 3707 ιι,
816 3641 871 3715 9)
899 3660 910 3696 :
935 3658 1040 3697 non
1065 3641 1185 3712 quia
1212 3641 1349 3696 bona
1378 3654 1538 3712 opera
1566 3638 1587 3670 ³
1617 3639 1960 3705 frustrantur,
1991 3647 1993 3652 '

375 3752 495 3792 cum
525 3737 665 3792 Deus
690 3735 878 3791 reddat
904 3734 1184 3805 unicuique
1209 3732 1500 3788 secundum
1526 3746 1689 3801 opera
1711 3729 1846 3800 ejus,
1870 3729 1966 3784 sit-

375 3845 479 3899 que
522 3830 688 3900 gloria
733 3837 788 3884 et
834 3829 1003 3883 honor
1049 3836 1102 3883 et
1146 3841 1250 3898 pax
1290 3825 1435 3880 omni
1478 3824 1719 3895 Operanti
1765 3823 1964 3878 bonum

378 3918 552 3992 (Rom.
584 3937 641 3987 ιι,
670 3918 871 3991 6,10);
905 3918 998 3973 sed
1042 3919 1164 3988 quia
1189 3932 1352 3988 Opera
1390 3932 1452 3971 ex
1494 3919 1660 3986 gratia
1682 3959 1696 3982 ,
1739 3932 1843 3970 non
1899 3915 1985 3969 ex'

376 4011 628 4081 operibus
651 4011 851 4082 gratia;
877 4009 1124 4080 quoniam
1165 4007 1297 4062 lides
1334 4023 1452 4076 qua:
1482 4021 1577 4076 per
1626 4007 1966 4061 dilectionem

376 4112 630 4173 operatur
672 4101 868 4170 (Galat.
887 4117 942 4167 v,
967 4101 1044 4170 6),
1069 4099 1198 4152 nihil
1225 4107 1535 4168 operaretur
1563 4098 1662 4151 nisi
1693 4099 1805 4166 ipsa
1832 4097 1969 4151 dile-

377 4197 484 4251 ctio
515 4195 606 4248 Dei
633 4191 1018 4246 diffunderetur
1043 4191 1097 4244 in
1122 4189 1372 4245 cordibus
1418 4189 1616 4242 nostris
1659 4203 1754 4256 per
1797 4185 1998 4256 Spirié

379 4297 492 4340 tum
536 4290 776 4338 sanctum
817 4281 907 4352 qui
950 4280 1104 4335 datus
1153 4287 1234 4334 est
1285 4276 1440 4333 nobis
1470 4277 1644 4348 (Rom.
1673 4292 1728 4341 v,
1755 4276 1832 4348 5).
1862 4275 1971 4332 Nec

378 4377 492 4450 ipsa
522 4377 654 4432 ﬁdes
683 4384 826 4430 esset
851 4375 902 4428 in
928 4373 1080 4428 nobis
1101 4415 1116 4438 ,
1145 4371 1246 4426 nisi
1291 4371 1433 4426 Deus
1473 4368 1755 4440 unicuique
1807 4369 1970 4439 parti-
1999 4377 2004 4382 ‘

378 4482 530 4529 retur
555 4484 860 4526 mensuram
889 4467 1010 4523 ﬁdei
1037 4464 1147 4538 (Id.
1169 4479 1264 4531 xu,
1293 4464 1369 4534 5).

453 4565 504 4619 5.
535 4563 738 4617 Bonum
768 4569 850 4617 est
886 4561 1045 4632 igitur
1088 4557 1290 4613 homini
1339 4565 1398 4611 ut
1443 4571 1564 4610 cum
1611 4557 1734 4612 totis
1771 4555 1974 4612 viribus

383 4656 546 4711 liberi.
559 4655 762 4708 arbitrii
784 4653 866 4709 su‘i
894 4652 1156 4708 veraciter
1173 4651 1332 4712 dicat,
1351 4648 1718 4704 Fortitudinem
1735 4666 1895 4703 meam
1906 4649 1975 4702 ad

386 4758 434 4802 te
468 4747 744 4802 custodiam
788 4744 960 4819 (Psal.
991 4759 1146 4811 cvm,
1177 4743 1269 4814 l0)
1295 4761 1309 4797 :
1335 4741 1459 4813 quia
1503 4741 1593 4797 ille
1638 4741 1728 4812 qui
1775 4741 1975 4811 putavit

384 4841 500 4898 sine
541 4841 706 4910 ipsius
743 4838 1010 4909 adjutorio
1043 4852 1102 4893 se
1140 4851 1298 4908 posse
1338 4833 1606 4890 custodire
1635 4833 1776 4906 quod
1806 4833 1970 4900 dedit,

385 4935 654 5008 profectus
682 4936 735 4990 in
766 4933 1108 5004 longinquam
1135 4931 1429 5002 regionem,
1452 4938 1505 4984 et
1523 4930 1708 4984 vivens
1736 4928 1972 5000 prodige,

451 5052 469 5083 ι
503 5052 578 5102 sic
620 5049 722 5113 leg.
766 5061 832 5100 ex
869 5053 976 5097 Mss.
1019 5041 1307 5113 [rescripsit
1340 5043 1723 5113 eodemnmodo,
1761 5054 1864 5113 quo
1903 5044 1978 5105 fus

386 5119 507 5175 erat,
530 5103 800 5175 etc.]."Nec
830 5123 926 5175 non
964 5103 1108 5175 paulo
1158 5103 1392 5175 inferius,
1417 5104 1488 5175 ad
1520 5103 1732 5175 litteram
1749 5103 1870 5175 cex
1895 5103 1974 5154 Ms.

387 5166 516 5238 sulp'.
540 5177 592 5224 in
616 5166 1135 5238 t‘extttmuhgec'leetio
1167 5166 1321 5238 relata
1488 5166 1675 5238 scilicet
1697 5179 1709 5213 :
1735 5169 1785 5238 st

386 5225 491 5287 hac
512 5243 645 5303 gesta
660 5249 760 5287 esse
783 5232 1054 5285 didicerunt
1077 5242 1201 5294 qute,
1229 5236 1324 5279 etc.
1347 5227 1432 5290 [si
1445 5232 1602 5278 tamen
1625 5225 1729 5278 hate
1751 5233 1886 5278 Gesta
1908 5227 1981 5278 di-

389 5297 612 5350 dicerunt
641 5311 658 5348 :
682 5297 829 5358 quod,
858 5303 954 5346 etc.
972 5296 1011 5358 ].
1110 5353 1121 5358 _
1327 5352 1337 5358 _
1437 5350 1462 5358 7_
1709 5353 1720 5358 _

425 5303 612 5350 icerant
641 5311 658 5348 :
682 5303 829 5357 quod,
858 5303 954 5346 etc.
975 5303 1011 5357 ].

452 5311 612 5349 serunt
641 5311 658 5348 :
682 5311 829 5363 quoa,
858 5311 954 5346 etc.
975 5311 1011 5358 _|.

452 5365 472 5393 ³
499 5370 602 5412 MSS.
628 5362 810 5423 Vatic.‘:
839 5367 964 5423 Erga
993 5353 1203 5407 homines
1225 5350 1579 5415 moderatione,
1605 5364 1665 5402 ne
1687 5353 1978 5404 damnaren-

390 5428 469 5474 tur
483 5460 496 5482 ,
523 5423 736 5487 siprava
759 5419 1062 5487 damnarent.

453 5475 642 5557 “addi:
671 5478 1485 5557 me.pia.c99iwt€oe§.mettm3tze
1509 5475 1802 5557 ‘9?“95'?‘
1823 5478 1981 5557 “lii-

387 5559 498 5598 sum
523 5553 600 5596 est
623 5537 824 5596 eruditis
846 5537 968 5595 viris
999 5543 1081 5606 qui
1113 5537 1499 5606 substituerunt,
1539 5537 1846 5589 retributione
1875 5539 1982 5602 fru-

386 5615 620 5661 strantur.
637 5609 729 5658 Sed
750 5608 1000 5668 opinamur
1015 5601 1061 5668 id
1084 5601 1210 5668 quod
1225 5603 1284 5653 ad
1300 5602 1568 5668 marginem
1582 5607 1858 5668 annotatum
1877 5601 1985 5651 tue-

389 5679 489 5731 rat,
522 5671 726 5731 scilicet,
864 5663 1116 5733 cogitatio;
1139 5665 1397 5728 irrepsisse
1413 5663 1652 5733 ‘demum_
1671 5664 1719 5733 in
1748 5670 1979 5733 textum:

389 5722 574 5797 quippe
609 5722 724 5797 cum
755 5722 1156 5797 bedae_'vnlgatus
1189 5722 1563 5797 commentarius
1595 5722 1848 5797 adGalat.‘
1868 5725 1898 5774 2
1933 5735 1986 5797 et

389 5786 535 5846 vetus
549 5795 686 5845 Corb.
708 5794 863 5844 codex
880 5786 1098 5854 ejusdem
1115 5791 1282 5852 Operis
1293 5790 1386 5839 sub
1401 5787 1522 5838 Flori
1545 5786 1758 5848 nomine,
1775 5786 1986 5838 habeant

388 5857 738 5917 tantummodo,
764 5854 885 5905 bona
905 5851 1050 5918 opera
1072 5851 1383 5914 frustrantur.

456 5921 530 5967 (α)
553 5921 696 5967 Epist.
724 5919 829 5967 177.

479 5921 530 5970 α)
553 5921 696 5970 Ευίδῑ.
724 5921 829 5967 177.

455 5921 532 6047 iii
553 5921 854 6046 ilignis,
879 5978 968 6029 182
991 5983 1042 6029 et
1065 5975 1170 6026 185.

1553 457 2036 521 EPISTOLARUM
2073 459 2348 522 ccassns
2384 432 2472 522 ιιι.

3529 478 3637 536 818

2047 590 2232 636 cuneta
2263 586 2611 658 consumpsit,
2643 594 2696 643 et
2723 589 2934 646 miseria
2976 588 3124 646 durae
3167 591 3438 647 servitutis
3480 585 3662 648 attri-‘

2051 680 2154 735 tus,
2178 690 2528 746 reversusque
2556 680 2608 734 in
2635 683 2982 756 semetipsum
3012 680 3174 749 dixit,
3210 684 3452 755 Surgunt,
3483 693 3530 738 et
3554 684 3635 738 ibo

2051 766 2119 818 ad
2137 776 2329 838 patrem
2350 787 2513 825 meum
2539 772 2688 839 (Luc.
2722 791 2812 842 xv,
2841 775 3057 850 12-18):
3081 793 3236 848 quam
3259 775 3633 846 cogitationem
3729 769 3733 774 ’

2051 856 2244 912 bonam
2278 861 2489 930 quando
2527 863 2779 932 haberet,
2809 868 2908 922 nisi
2933 877 2985 923 et
3016 869 3182 938 ipsam
3221 867 3297 922 illi
3337 868 3389 922 in
3430 864 3638 921 occulto

2051 962 2204 1023 pater
2233 955 2761 1015 miscricordissimus
2789 961 3134 1031 inspirasset?
3156 961 3306 1030 Quod
3335 960 3638 1032 intelligens

2052 1045 2296 1101 minister
2320 1047 2407 1102 ille
2431 1047 2562 1104 Novi
2591 1051 2933 1118 Testamenti,
2967 1052 3089 1107 Non
3108 1054 3224 1125 quia
3247 1053 3419 1110 idonei
3440 1067 3634 1119 sumus,

2056 1135 2248 1207 inquit,
2281 1141 2502 1212 cogitare
2528 1142 2723 1213 aliquid
2750 1161 2780 1196 a
2809 1144 2950 1199 nobis
2974 1147 3116 1216 quasi
3143 1161 3206 1200 ea:
3233 1144 3641 1213 nobismetipsis;

2052 1230 2142 1283 sed
2184 1231 2476 1302 sufﬁcientia
2514 1244 2685 1288 nostra
2732 1252 2796 1290 ea:
2837 1235 2945 1291 Deo
2983 1247 3074 1291 est.
3113 1235 3266 1292 Unde
3295 1245 3348 1293 et
3387 1236 3476 1292 ille
3516 1251 3636 1290 cmn

2056 1319 2304 1388 dixisset,
2335 1321 2707 1380 Fortitudinem
2745 1343 2906 1381 meam
2939 1329 3008 1382 ad
3036 1338 3083 1383 te
3107 1330 3388 1383 custodiam
3425 1327 3490 1398 (ll
3519 1327 3640 1382 Cor.

2055 1427 2132 1478 ιιι,
2166 1409 2257 1485 5);
2285 1429 2352 1468 ne
2376 1414 2458 1468 vel
2490 1415 2591 1471 hoc
2619 1417 2790 1487 ipsum
2832 1419 2954 1490 quia
2991 1419 3250 1486 custodit,
3289 1421 3398 1475 suis
3436 1420 3640 1475 viribus

2054 1514 2354 1575 arrogaret,
2389 1514 2632 1575 tanquam
2663 1509 2712 1564 ei
2739 1512 2969 1566 venisset
3010 1511 3061 1566 in
3102 1521 3336 1568 mentem
3377 1513 3498 1582 quia
3539 1512 3643 1565 nisi
3730 1512 3733 1514 ’

2058 1596 2314 1652 Dominus
2334 1599 2646 1654 custodierit
2671 1601 2958 1667 civitatem,
2990 1602 3043 1656 in
3075 1617 3266 1656 vanum
3295 1603 3510 1672 vigilant
3549 1602 3638 1671 qui

2057 1694 2362 1750 custodiunt
2391 1711 2506 1750 cam
2531 1695 2700 1768 (Psal.
2723 1713 2902 1765 cxxvn,
2931 1696 2985 1770 1)
3006 1716 3021 1765 ;
3044 1708 3097 1754 et
3120 1713 3225 1753 non
3251 1698 3448 1753 dormit
3472 1713 3644 1766 neque

2057 1785 2309 1842 dormitat
2351 1789 2438 1859 qui
2475 1789 2706 1845 custodit
2750 1790 2910 1846 Israel
2941 1789 3112 1860 (Psal.
3142 1806 3262 1855 cxx,
3292 1789 3379 1858 4);
3406 1787 3674 1859 adjunxit'

2057 1894 2272 1934 causam
2317 1881 2458 1936 unde
2502 1882 2593 1936 ﬁat
2628 1881 2849 1938 idoneus
2887 1882 3174 1949 custodire,
3203 1882 3285 1937 vel
3323 1897 3429 1952 quo
3475 1881 3647 1951 potius

2057 1974 2277 2030 custode
2320 1984 2589 2044 servetur,
2625 1977 2894 2043 Quoniam,
2940 1977 3109 2044 Deus,
3137 1977 3338 2048 inquit,
3389 1984 3649 2045 susceptor

2058 2083 2197 2121 meus
2222 2085 2291 2122 σε.

2130 2161 2183 2217 6.
2224 2162 2444 2218 Recolat
2465 2163 2621 2234 igitur
2641 2164 2741 2219 iste
2763 2164 2806 2218 si
2837 2171 3014 2234 potest
3036 2164 3223 2218 merita
3252 2177 3366 2228 sua,
3397 2159 3536 2215 unde
3565 2159 3616 2214 fa
3635 2189 3650 2199 ο

2059 2263 2201 2310 ctum
2232 2256 2302 2310 sit
2328 2263 2384 2310 ut
2410 2256 2548 2311 Deus
2571 2254 2880 2326 dignaretur
2905 2255 3021 2324 ejus
3046 2269 3167 2310 esse
3191 2259 3488 2323 susceptor,
3511 2266 3574 2306 ac
3603 2251 3647 2305 si

2061 2347 2204 2403 Deus
2249 2356 2392 2403 esset
2437 2359 2732 2419 susceptus.
2774 2349 2992 2404 Recolat
3036 2355 3213 2402 utrum
3253 2344 3549 2417 quaesierit.
3583 2359 3650 2398 an

2061 2439 2315 2509 quaesitus
2340 2440 2428 2504 sit,
2457 2440 2636 2495 abillo
2662 2440 2867 2496 scilicet
2902 2439 2988 2510 qui
3030 2439 3173 2494 venit
3202 2452 3440 2508 quan'erc
3465 2423 3518 2492 et
3547 2437 3654 2489 sal-

2060 2545 2188 2584 vare
2209 2529 2347 2600 quod
2380 2531 2610 2600 perierat
2639 2529 2799 2603 (Luc.
2828 2546 2949 2597 xix,
2989 2529 3104 2601 10).
3152 2527 3283 2584 Nam
3328 2529 3371 2583 si
3411 2542 3651 2598 quaerere

2061 2625 2288 2680 voluerit
2313 2635 2435 2680 ante
2461 2625 2684 2695 gratiam
2705 2623 2830 2696 quid
2852 2622 3104 2679 meruerit
3131 2631 3186 2676 ut
3217 2621 3484 2691 acciperet
3505 2633 3648 2684 eam,

2062 2718 2200 2773 mala
2232 2734 2324 2773 sua
2352 2719 2557 2789 'poterit
2593 2717 2755 2772 homo
2800 2716 3066 2784 invenire,
3094 2732 3201 2771 non
3239 2715 3378 2769 bona
3399 2755 3414 2779 ,
3442 2711 3650 2768 etiamsi

2064 2825 2185 2864 cum
2217 2811 2374 2865 unius
2397 2811 2502 2864 diei
2529 2811 2690 2864 vitam
2733 2809 3014 2866 habentem
3044 2825 3205 2880 super
3245 2815 3441 2864 terram
3484 2806 3651 2876 gratia

2063 2902 2352 2958 Salvatoris
2406 2903 2686 2958 invenerit.
2727 2902 2858 2970 Quia
2899 2902 2943 2956 si
2988 2900 3184 2972 aliquid
3235 2900 3360 2954 boni
3405 2906 3654 2969 Operatur

2064 2994 2226 3050 homo
2250 3004 2307 3050 ut
2331 2995 2552 3066 gratiam
2601 3003 2892 3060 mereatur,
2923 3007 3025 3048 non
3051 2991 3102 3048 ei
3129 3005 3334 3046 merces
3366 2989 3656 3058 imputatur

2065 3088 2355 3143 secundum
2402 3088 2646 3158 gratiam,
2679 3086 2771 3141 sed
2797 3085 3085 3141 secundum
3112 3084 3367 3140 debitum.
3390 3081 3444 3138 Si
3478 3089 3653 3135 autem

2065 3180 2233 3235 credit
2255 3181 2306 3234 in
2330 3195 2452 3235 eum
2474 3180 2560 3251 qui
2577 3178 2834 3252 juStiﬁcat
2860 3180 3097 3248 impium,
3129 3186 3188 3232 ut
3214 3176 3497 3252 deputetur
3527 3173 3658 3229 ﬁdes

2065 3274 2182 3345 ejus
2200 3275 2266 3330 ad
2291 3274 2547 3344 justitiam
2568 3273 2744 3344 (Rom.
2769 3289 2842 3339 IV,
2872 3273 2926 3340 4,
2954 3271 3008 3336 5)
3041 3271 3231 3342 (justus
3271 3269 3410 3324 enim
3447 3283 3511 3322 ex
3553 3265 3658 3320 ﬁde

2066 3367 2194 3422 vivit
2219 3365 2516 3438 [Habac.u,
2553 3365 2656 3438 4]),
2706 3364 2942 3435 profecto
2965 3371 3248 3433 antequam
3292 3359 3459 3431 gratia
3492 3357 3654 3427 justi-

2067 3457 2274 3523 ﬁcetur,
2305 3458 2357 3512 id
2395 3466 2478 3513 est
2510 3458 2686 3528 justus
2715 3456 2992 3523 efﬁciatur,
3021 3453 3214 3523 impius
3239 3452 3362 3522 quid
3403 3461 3504 3514 est,
3550 3449 3652 3504 nisi

2069 3551 2301 3624 impius?
2322 3567 2481 3622 quem
2514 3552 2557 3605 si
2585 3551 2823 3606 debitum
2858 3558 3188 3620 sequeretur,
3219 3547 3343 3618 quid
3386 3546 3501 3617 ejus
3540 3559 3657 3599 me-

2069 3646 2174 3702 rito
2205 3644 2304 3699 nisi
2349 3644 2666 3714 supplicium
2692 3641 3042 3698 redderetur?
3071 3639 3124 3696 Si
3161 3655 3288 3710 ergo
3316 3640 3479 3709 gratia
3501 3680 3517 3706 ,
3544 3637 3655 3707 jam

2069 3752 2178 3792 non
2203 3751 2270 3792 ex
2293 3735 2546 3806 operibus
2571 3742 2682 3800 est;
2708 3733 2940 3804 alioquin
2967 3731 3133 3804 gratia
3157 3730 3265 3800 jam
3297 3744 3399 3783 non
3429 3737 3512 3802 est
3539 3743 3661 3798 gra-

2071 3832 2145 3883 tia
2171 3828 2349 3895 (Rom.
2393 3845 2483 3894 x1,
2524 3827 2604 3897 6).
2648 3825 2910 3896 Operibus
2947 3824 3087 3878 enim
3115 3823 3350 3878 debitum
3397 3818 3660 3886 redditur,
3697 3813 3699 3816 ’

2070 3923 2238 3994 gratia
2257 3923 2425 3993 gratis
2454 3920 2640 3984 datur;
2672 3918 2812 3974 unde
2839 3919 2997 3972 etiam
3020 3923 3370 3984 nuncupatur.

2143 4013 2370 4088 CAPUT
2396 4011 2612 4068 [IL—7.
2637 4011 2826 4081 Siquis
2847 4019 3022 4064 autem
3053 4007 3246 4062 dixerit
3269 4003 3410 4075 quod
3436 4003 3659 4074 gratiam

2074 4105 2210 4160 bene
2234 4103 2489 4174 operandi
2513 4102 2645 4156 ﬁdes
2671 4109 2971 4164 mereatur;
2995 4112 3190 4168 negare
3218 4111 3322 4150 non
3354 4108 3654 4165 possumus,

2074 4213 2182 4252 uno
2209 4213 2334 4253 vero
2361 4195 2664 4267 gratissime
2687 4193 3020 4249 conﬁtemur.
3046 4191 3194 4244 Hanc
3213 4189 3356 4244 enim
3385 4184 3544 4242 ﬁdem
3569 4201 3666 4239 vo-

2075 4291 2251 4346 lumus
2291 4289 2686 4358 habeant,qua
2715 4287 3000 4357 impetrent
3027 4284 3338 4340 cbaritatem
3388 4297 3507 4352 qua:
3545 4280 3658 4336 sola

2073 4398 2201 4439 vere
2225 4382 2363 4438 bene
2397 4388 2667 4451 operatur,
2699 4379 2787 4434 isti
2813 4371 3002 4432 fratres
3033 4375 3199 4431 nostri
3229 4374 3318 4445 qui
3345 4373 3566 4428 multum
3595 4371 3663 4426 de

2076 4475 2187 4530 suis
2212 4474 2465 4545 operibus
2489 4472 2817 4544 gloriantur:
2841 4470 3074 4526 charitas
3103 4478 3277 4524 autem
3322 4481 3489 4538 usque
3531 4464 3667 4520 adeo

2077 4565 2275 4622 donum
2321 4565 2410 4619 Dei
2457 4572 2538 4619 est
2557 4605 2570 4628 ,
2599 4572 2656 4617 ut
2685 4563 2821 4618 Deus
2847 4561 3056 4617 dicatur
3097 4557 3140 4633 (Ι
3165 4558 3321 4613 Joan.
3350 4573 3425 4621 1v,
3457 4553 3534 4630 8).
3557 4555 3660 4624 Qui

2077 4674 2206 4730 ergo
2234 4659 2433 4716 habent
2465 4657 2622 4712 ﬁdem
2653 4672 2754 4727 qua
2783 4655 3068 4725 impetrent
3087 4652 3546 4723 justiﬁcationem,
3571 4665 3670 4720 per

2080 4751 2175 4807 Dei
2197 4751 2422 4821 gratiam
2462 4757 2816 4818 pervenerunt
2852 4746 2919 4801 ad
2948 4746 3117 4816 legem
3139 4745 3355 4815 justitize
3380 4760 3393 4795 :
3423 4740 3562 4796 unde
3587 4739 3668 4794 di-

2078 4845 2234 4910 citur,
2268 4842 2517 4912 Tempore
2543 4840 2838 4911 acceptabili
2873 4838 3107 4893 exaudiui
3137 4846 3204 4900 te,
3233 4845 3276 4890 et
3304 4836 3357 4889 in
3387 4835 3468 4889 die
3488 4833 3667 4888 salutis

2078 4938 2252 5010 adjuvi
2277 4946 2322 4990 te
2351 4935 2502 5008 (lsai.
2528 4950 2672 5000 xux,
2700 4933 2780 5004 8).
2806 4931 3031 4987 Proinde
3050 4931 3101 4985 in
3129 4931 3193 4984 iis
3219 4930 3306 5000 qui
3337 4944 3432 4999 per
3456 4926 3668 4983 electio-

2081 5047 2203 5086 nem
2233 5029 2416 5101 gratim
2437 5028 2566 5084 salvi
2599 5027 2747 5092 ﬁunt,
2767 5025 2974 5097 adiutor
2991 5025 3132 5081 Deus
3150 5031 3402 5093 operatur
3427 5031 3480 5077 et
3504 5020 3666 5084 velle.

2082 5136 2135 5183 et
2161 5124 2366 5197 opt-rari
2389 5165 2402 5189 ,
2429 5138 2522 5194 pro
2547 5122 2686 5178 bona
2715 5120 3020 5184 voluntate;
3047 5118 3296 5189 quoniam
3324 5113 3664 5185 diligentibus

2082 5220 2250 5275 Deum
2282 5216 2458 5273 omnia
2483 5223 2837 5285 cooperantur
2870 5213 2922 5268 in
2953 5213 3150 5268 bonum
3180 5209 3358 5283 (Rom.
3386 5224 3500 5273 vm,
3528 5204 3625 5279 28)
3655 5224 3670 5261 :
3715 5205 3718 5210 ’

2083 5314 2126 5369 si
2157 5312 2354 5374 omnia,
2383 5310 2564 5379 utique
2593 5316 2644 5363 et
2670 5308 2840 5377 ipsam
2870 5304 3206 5362 dilectionem
3237 5317 3394 5373 quam
3433 5300 3536 5355 ﬁde
3562 5299 3666 5354 im-
3709 5289 3712 5292 ’

2086 5413 2374 5475 petramus,
2409 5409 2465 5455 ut
2501 5415 2620 5455 eum
2657 5399 2875 5470 quinos
2919 5397 3064 5468 prior
3101 5395 3286 5450 dilexit
3321 5402 3379 5447 ut
3423 5393 3475 5446 in
3497 5390 3670 5446 illum
3716 5397 3717 5400 ‘

2085 5499 2448 5563 crederemus,
2474 5510 2569 5566 per
2593 5496 2709 5565 ejus
2728 5495 2951 5566 gratiam
2980 5492 3280 5564 diligamus,
3307 5500 3359 5546 et
3389 5489 3673 5560 diligamur
3713 5481 3716 5488 ’

2086 5593 2173 5663 qui
2202 5591 2404 5660 operati
2433 5605 2538 5644 non
2564 5605 2766 5644 sumus.

2160 5685 2211 5738 8.
2253 5683 2352 5750 Qui
2395 5697 2522 5737 vero
2547 5682 2658 5736 suis
2690 5683 2894 5737 meritis
2935 5682 3153 5752 prmmia
3203 5688 3450 5750 tanquam
3493 5677 3676 5734 debita

2089 5783 2420 5846 exspectant,
2455 5790 2553 5830 nec
2584 5775 2693 5844 ipsa
2724 5774 2912 5829 merita
2941 5774 3033 5828 Dei
3063 5774 3244 5843 gratim.
3277 5773 3547 5835 tribuunt,
3577 5769 3673 5826 sed

2090 5869 2291 5924 viribus
2320 5869 2548 5938 propria:
2576 5868 2882 5934 voluntatis,
2905 5868 3040 5922 sicut
3058 5868 3256 5922 dictum
3280 5875 3359 5921 est
3379 5865 3446 5920 de
3472 5864 3674 5920 carnali

2093 5963 2272 6029 Israel,
2305 5949 2686 6034 persequentes
2712 5962 2880 6033 legem
2902 5961 3122 6032 justittae
3139 6003 3157 6031 ,
3182 5961 3234 6015 in
3264 5959 3433 6030 legem
3457 5955 3678 6030 justitia‘.

2363 6169 2400 6186 ,/
