4086 6350
451 439 556 508 8,19.

449 576 556 618 non
580 558 941 631 perveniunt:
968 556 1173 632 quare?
1197 555 1331 630 Quia
1375 569 1482 610 non
1525 567 1591 609 ex
1631 552 1778 620 ﬁde,
1804 550 1899 608 sed
1927 561 2045 606 tan-

447 673 608 733 quam
635 673 705 714 ex
745 655 1017 727 operibus.
1064 651 1179 723 Ipsa
1228 658 1312 706 est
1352 649 1495 706 enim
1538 649 1747 719 juStitia
1788 663 1853 704 ex
1903 646 2046 714 ﬁde,

446 765 609 822 quam
633 746 833 804 Gentes
857 743 1349 819 apprehenderunt,
1365 742 1432 799 de
1458 741 1653 814 quibus
1687 739 1888 797 dictum
1915 749 2000 796 est
2025 757 2039 794 :

448 823 592 920 Quid
610 859 730 915 ergo
753 833 1011 896 dicemus?
1037 837 1171 905 Quia
1210 835 1413 901 Gentes,
1440 851 1554 907 quo!
1582 852 1683 891 non
1701 843 2040 906 cognoverunt

446 937 711 1001 iustitiam,
732 932 1171 1004 apprehenderunt
1181 932 1435 1002 justitiam
1449 932 1724 1004 ;justitiam
1741 941 1910 996 autem
1923 946 2040 1003 qua:

443 1047 508 1086 ea:
522 1031 623 1100 fide
641 1039 732 1085 est.
760 1025 926 1083 Israel
939 1036 1103 1083 atttem
1119 1044 1417 1100 persequens
1460 1027 1616 1098 legem
1636 1027 1868 1098 justitite,
1887 1027 1940 1080 in
1961 1025 2038 1080 Ie-

441 1139 554 1193 gem
559 1124 774 1193 justitite
799 1139 901 1178 non
927 1123 1148 1192 pervenit
1167 1139 1186 1178 :
1209 1122 1398 1193 quare?
1423 1121 1555 1188 Quia
1581 1137 1680 1176 non
1707 1137 1769 1177 ex
1796 1121 1917 1191 fide,
1950 1119 2046 1174 sed

441 1213 678 1288 tanquam
693 1233 759 1272 ex
772 1205 1021 1287 operibus.
1045 1213 1375 1284 Oﬂ'enderunt
1404 1215 1536 1270 enim
1560 1215 1612 1268 in
1641 1213 1863 1286 lapidem
1875 1211 2040 1279 olfen-

438 1310 614 1375 sionis,
645 1311 772 1365 sicut
792 1311 1038 1381 scriptum
1063 1318 1164 1373 est,
1189 1307 1321 1364 Ecce
1342 1324 1472 1376 pono
1492 1307 1546 1362 in
1562 1306 1687 1362 Sion
1709 1303 1929 1374 lapidem
1956 1304 2040 1374 ef-

438 1401 704 1475 fensionis,
719 1410 766 1460 et
779 1412 972 1466 petram
997 1402 1258 1466 scandali;
1277 1409 1322 1454 et
1346 1400 1430 1470 qui
1453 1399 1716 1454 crediderit
1732 1400 1781 1452 in
1799 1415 1918 1452 eum
1933 1416 2036 1454 non

437 1492 778 1564 confundetur
803 1492 979 1569 (Rom.
1010 1493 1308 1563 tx,50-35).
1339 1492 1455 1561 Ipsa
1487 1500 1567 1547 est
1590 1491 1796 1561 justitia
1822 1507 1891 1548 ex
1907 1491 2032 1559 ﬁde,

437 1601 543 1657 qua
561 1587 830 1643 credimus
851 1602 948 1642 nos
963 1585 1258 1660 iustiﬁcari,
1283 1584 1383 1640 hor.
1411 1593 1510 1650 est,
1534 1585 1706 1654 justos
1731 1584 1842 1639 ﬁeri
1863 1583 2032 1656 gratia

436 1677 532 1733 Dei
555 1693 652 1749 per
672 1677 855 1734 Jesum
883 1677 1152 1733 Christum
1184 1676 1464 1732 Dominum
1495 1685 1731 1731 nostrum
1751 1717 1766 1743 ,
1797 1684 1858 1732 ut
1886 1678 2032 1733 inve-

437 1771 648 1826 niamur
676 1770 727 1826 in
757 1771 868 1840 ille,
881 1787 988 1827 non
1008 1770 1266 1827 habentes
1287 1778 1522 1826 uestram
1535 1770 1796 1840 justitiam
1819 1785 1938 1848 quae
1963 1785 2034 1826 ex-

435 1862 580 1934 Lege
605 1872 720 1931 est,
751 1864 844 1919 sed
865 1880 981 1919 eam
1007 1879 1128 1935 qua:
1156 1871 1239 1919 est
1263 1878 1360 1933 per
1387 1860 1545 1917 ﬁdem
1571 1859 1790 1917 Christi.
1813 1861 1942 1930 Qum
1963 1876 2032 1918 ex

433 1955 547 2012 Deo
569 1956 773 2026 justitia
800 1955 1054 2030 (Philipp.
1070 1972 1149 2026 ιιι,
1172 1955 1283 2030 9)in
1315 1956 1439 2022 ﬁde,
1471 1957 1522 2011 in
1551 1955 1654 2012 ﬁde
1676 1955 1855 2028 utique
1884 1965 1966 2012 est
1987 1957 2030 2026 ί,

432 2063 538 2120 qua
575 2048 846 2104 credimus
891 2049 1042 2106 nobis
1080 2049 1342 2120 justitiam
1371 2049 1629 2105 divinitus
1672 2048 1820 2113 dari,
1851 2064 1957 2104 non
1997 2064 2032 2108 a

433 2141 589 2197 nobis
614 2141 667 2196 in
697 2141 850 2199 nobis
878 2142 1076 2200 nostris
1099 2141 1303 2198 viribus
1330 2141 1470 2198 ﬁeri.

502 2232 557 2289 9.
597 2232 726 2288 Nam
753 2249 849 2290 cur
876 2234 1020 2290 illam
1039 2233 1300 2304 justitiam
1327 2249 1446 2305 qua:
1468 2249 1536 2290 ex
1561 2232 1704 2306 Lege
1732 2241 1842 2301 est,
1873 2249 2028 2291 suam

429 2324 567 2381 dixit
607 2325 928 2396 Apostolus,
957 2342 1061 2381 non
1101 2341 1165 2382 ex
1210 2327 1358 2382 Deo?
1383 2327 1532 2398 quasi
1559 2327 1670 2384 Lex
1710 2344 1814 2384 non
1850 2329 1920 2382 sit
1962 2344 2026 2384 ex

430 2418 578 2474 Deo?
596 2419 725 2489 Quis
751 2419 852 2476 hoc
872 2421 972 2476 nisi
1006 2421 1199 2491 impius
1229 2420 1493 2475 senserit?
1519 2420 1625 2476 Sed
1654 2421 1777 2492 quia
1803 2421 1912 2478 Lex
1935 2437 2028 2492 per

427 2510 662 2567 litteram
685 2512 852 2582 jubet,
884 2527 990 2568 non
1019 2527 1114 2582 per
1142 2512 1398 2582 Spiritum
1415 2512 1586 2584 juvat,
1609 2514 1929 2586 quicumque
1949 2517 2028 2572 sic

426 2603 576 2659 audit
606 2604 834 2659 litteram
861 2603 1017 2675 Legis
1059 2613 1118 2662 ut
1160 2604 1209 2661 ei
1253 2604 1502 2662 sufﬁcere
1540 2606 1784 2662 videatur
1829 2623 2027 2680 cogno-

425 2695 570 2752 visse
605 2696 732 2768 quid
760 2695 940 2766 jubeat
979 2709 1069 2751 aut
1111 2698 1420 2770 prohibeat,
1465 2714 1571 2770 quo
1612 2698 1665 2754 id
1713 2715 1773 2756 se
1818 2701 2026 2758 arbitrii

424 2789 508 2844 sui
535 2788 728 2844 virtute
762 2789 1104 2859 impleturum
1131 2805 1253 2846 esse
1276 2778 1546 2856 conﬁdat,
1577 2807 1678 2848 nec
1706 2793 1809 2850 ﬁde
1834 2794 2023 2851 confu-

424 2879 533 2950 giat
573 2879 904 2948 adjuvandus
947 2880 1015 2938 ad
1059 2881 1312 2953 Spiritum
1343 2883 1704 2940 viviﬁcantem
1725 2926 1740 2950 ,
1774 2901 1842 2942 ne
1870 2901 2020 2943 reum

422 2972 622 3030 factum
641 2974 814 3031 littera
841 2975 1079 3042 occidat;
1100 2976 1143 3032 is
1164 2975 1406 3048 profecto
1423 2978 1595 3034 zelum
1612 2980 1704 3036 Dei
1727 2979 1906 3048 habet,
1926 2981 2022 3037 sed

421 3080 530 3124 non
555 3067 847 3123 secundum
873 3069 1172 3128 scientiam.
1188 3071 1446 3142 Ignorans
1463 3073 1605 3128 enim
1624 3074 1716 3128 Dei
1737 3073 2018 3145 justitiam,

420 3158 476 3214 id
504 3166 609 3225 est,
628 3174 746 3215 eam
771 3175 891 3232 quae
913 3162 1069 3222 datur
1103 3179 1169 3220 ex
1192 3164 1323 3232 Dee,
1353 3174 1408 3221 et
1431 3179 1583 3222 suam
1611 3168 1797 3223 volens
1823 3171 2020 3224 consti-

420 3262 593 3321 tuere,
626 3263 683 3312 ut
724 3258 1091 3316 tantummodo
1122 3275 1186 3314 ex
1228 3259 1368 3332 Lege
1394 3261 1490 3327 sit,
1514 3261 1735 3333 justitim
1777 3265 1871 3320 Dei
1912 3279 2018 3320 non

423 3353 508 3400 est
547 3345 822 3418 subjectus
855 3366 868 3402 :
908 3348 1056 3406 Finis
1093 3351 1226 3406 enim
1255 3353 1379 3422 legis
1404 3352 1633 3410 Christus
1663 3357 1730 3410 ad
1760 3358 2019 3428 justitiam

419 3436 563 3492 omni
587 3437 811 3494 credenti
833 3437 1021 3511 (Rom.
1047 3459 1099 3506 χ,
1126 3443 1270 3515 2-4),
1299 3444 1437 3500 sicut
1463 3444 1602 3502 idem
1628 3449 1904 3518 apostolus
1929 3450 2013 3504 di-

419 3527 515 3596 cit,
542 3537 598 3584 ιιι
620 3547 712 3586 nos
740 3531 897 3588 simus
902 3534 1105 3603 justilia
1125 3534 1216 3591 Dei
1241 3538 1293 3591 in
1320 3537 1431 3609 ipso
1462 3536 1526 3612 (ll
1555 3539 1672 3594 (ἔον.
1695 3557 1751 3605 v,
1769 3542 1884 3613 2|).
1915 3541 2012 3598 Ju-

417 3619 634 3678 stiﬁCati
661 3622 819 3692 igitur
843 3639 908 3679 ex
933 3624 1056 3689 ﬁde,
1083 3642 1265 3696 pacem
1295 3629 1552 3684 habemus
1597 3630 1663 3686 ad
1707 3633 1872 3688 Deum
1921 3651 2014 3701 per

418 3711 705 3768 Dominum
731 3721 972 3770 nostrum
1001 3715 1179 3772 Jesum
1207 3717 1479 3773 Christum
1509 3720 1686 3790 (Rom.
1713 3737 1769 3787 v,
1807 3721 1860 3793 l)
1888 3741 1899 3777 :
1921 3724 2011 3793 ju-

415 3803 627 3860 stiﬁcati
653 3815 831 3861 autem
858 3809 1026 3878 gratis
1055 3825 1149 3880 per
1175 3811 1397 3880 gratiam
1423 3812 1589 3882 ipsius
1616 3811 1726 3885 (Id.
1760 3831 1818 3872 ru
1836 3857 1852 3882 ,
1891 3817 2008 3889 26),

415 3915 487 3957 ne
531 3900 664 3957 ﬁdes
710 3902 822 3973 ipsa
852 3905 1079 3973 superba
1108 3907 1195 3962 sit.

489 3993 580 4050 io.
615 3991 728 4050 Nec
756 3993 897 4052 dicat
925 3996 1062 4064 sibi,
1111 3998 1165 4053 Si
1209 4013 1276 4054 ex
1323 3997 1456 4066 ﬁde,
1485 4002 1758 4073 quomodo
1798 4005 2006 4075 gratis?

411 4083 556 4156 quod
592 4085 736 4146 enim
778 4085 908 4146 ﬁdes
952 4098 1204 4157 meretur,
1241 4105 1338 4147 cur
1375 4107 1483 4148 non
1523 4094 1698 4163 potius
1741 4095 2006 4162 redditur,

410 4192 570 4248 quam
592 4178 856 4242 donatur?
881 4180 997 4244 Non
1027 4181 1167 4240 dicat
1190 4185 1291 4240 ista
1323 4183 1484 4243 homo
1515 4185 1706 4253 ﬁdelis,
1733 4190 1855 4258 quia
1883 4205 2004 4246 cum

410 4267 606 4326 dixerit
627 4311 644 4335 ,
665 4267 735 4334 Ut
764 4286 974 4332 merear
992 4273 1425 4342 justiﬁcatienem
1448 4318 1464 4343 ,
1495 4277 1666 4334 habeo
1695 4279 1853 4335 ﬁdem
1876 4298 1892 4346 ;
1915 4299 2002 4338 re-

409 4361 708 4432 spondetur
729 4363 802 4430 ei,
821 4363 957 4430 Quid
971 4368 1104 4424 enim
1118 4368 1270 4424 habes
1287 4371 1422 4438 quod
1439 4389 1540 4427 non
1561 4377 1797 4448 accepisti
1817 4377 1859 4450 (Ι
1880 4377 2000 4434 Cor.

409 4466 486 4521 tv,
507 4453 604 4525 7)?
625 4455 755 4510 Cum
781 4469 909 4527 ergo
939 4456 1073 4513 ﬁdes
1102 4459 1352 4532 impetrat
1373 4461 1837 4536 justiﬁcatieuem,
1866 4472 2006 4527 sicut

405 4545 694 4620 unicuique
722 4549 862 4605 Deus
904 4552 1130 4620 partitus
1163 4562 1250 4609 est
1282 4555 1442 4612 etiam
1489 4559 1654 4629 ipsius
1696 4577 2000 4620 mensuram

406 4635 549 4703 ﬁdei,
584 4653 688 4694 non
714 4639 939 4710 gratiam
958 4641 1050 4700 Dei
1064 4643 1265 4715 aliquid
1291 4648 1462 4703 meriti
1487 4651 1740 4720 praecedit
1759 4653 1995 4722 humani,

405 4727 500 4782 sed
549 4728 663 4799 ipsa
707 4731 876 4802 gratia
923 4743 1162 4790 meretur
1201 4739 1415 4808 augeri,
1444 4749 1502 4797 ut
1537 4751 1690 4800 aucta
1734 4757 2000 4803 mereatur

401 4819 625 4890 perﬁci,
665 4824 988 4890 comitante,
1032 4842 1138 4886 non
1187 4829 1415 4888 ducente
1439 4873 1456 4900 ,
1499 4834 1846 4907 pedissequa,
1890 4857 1995 4897 non

402 4913 602 4982 praevia
646 4914 936 4974 voluntate.
976 4917 1130 4976 Unde
1157 4921 1247 4978 ille
1285 4924 1375 4995 qui
1417 4925 1583 4995 dixit,
1622 4927 1995 4989 Fortitudinem

401 5018 568 5061 meam
613 5006 682 5062 ad
722 5017 771 5066 te
812 5011 1124 5079 custodiam,
1165 5029 1486 5089 causamque
1514 5021 1744 5078 reddidit
1777 5024 1990 5095 dicens,

405 5095 660 5162 Quoniam
689 5099 828 5156 Deus
853 5115 1113 5178 susceptor
1139 5124 1278 5164 meus
1305 5125 1388 5177 es;
1425 5121 1673 5184 tanquam
1714 5119 1993 5187 requirens

399 5188 594 5259 quibus
625 5190 676 5248 id
701 5193 906 5250 meritis
927 5195 1084 5255 fuerit
1113 5212 1448 5273 consecutus,
1479 5204 1718 5278 nihilque
1744 5207 1800 5265 in
1825 5226 1883 5267 se
1912 5213 1993 5267 in-

397 5281 627 5349 veniens
649 5293 774 5346 ante
801 5290 1024 5360 gratiam
1045 5293 1140 5354 Dei
1158 5335 1175 5362 ,
1206 5295 1345 5354 Deus
1367 5315 1529 5368 meus,
1558 5301 1759 5373 inquit,
1788 5305 1988 5360 miseri-

399 5376 578 5432 cordia
612 5375 724 5450 ejus
772 5383 1042 5449 prmeniet
1080 5401 1179 5442 me.
1226 5388 1751 5464 Quantumcumque,
1786 5397 1982 5468 inquit,

400 5469 709 5541 cogitavere
731 5476 1102 5542 antecedentia
1129 5482 1319 5540 merita
1345 5500 1486 5552 mea,
1509 5487 1854 5545 misericordia
1874 5493 1986 5562 ejus

399 5563 669 5632 prmeniet
686 5581 784 5622 me.
809 5566 1039 5627 Proinde
1064 5572 1132 5628 ab
1157 5573 1249 5632 ille
1272 5577 1581 5636 attributam
1619 5579 1982 5642 fortitudinem

396 5661 552 5748 suam
577 5654 645 5712 ad
675 5656 824 5715 illum
848 5662 1180 5731 custodiens,
1215 5668 1404 5726 eodem
1429 5680 1702 5730 servatore
1721 5690 1829 5732 non
1856 5694 1982 5748 pcr-

395 5739 564 5810 didit,
595 5761 706 5819 quo
740 5749 986 5822 largitore
1022 5759 1275 5830 suscepit.
1301 5759 1413 5818 Nec
1449 5762 1519 5819 ob
1556 5765 1699 5822 aliud
1745 5739 1982 5828 meretur

1388 5903 1499 5952 Im.
1526 5907 1674 5964 :Qua:
1701 5913 1766 5953 ea:
1789 5911 1890 5956 Deo
1911 5911 1982 5958 est

1691 438 1749 493 S.
1789 433 2168 494 Αυςυετωιι
2200 437 2502 497 EPISCOPI

3645 447 3751 510 890

2156 557 2412 626 ampliora
2437 598 2453 623 ,
2504 558 2606 614 nisi
2651 561 2737 630 pie
2779 557 3112 633 ﬁdeliterque
3167 561 3386 620 sciendo
3433 577 3464 618 a
3495 578 3603 636 quo
3646 567 3751 626 sibi

2154 646 2292 702 bona
2323 658 2445 704 sunt
2471 652 2686 721 omnia,
2713 661 2768 708 et
2805 652 2908 710 hoc
2951 654 3171 713 sciendo
3213 671 3323 714 non
3349 671 3417 713 ex
3450 657 3652 728 seipse,
3676 673 3746 714 ne

2153 740 2236 794 vel
2265 739 2366 796 hoc
2397 743 2412 773 ¹
2439 742 2506 796 sit
2537 743 2591 798 in
2620 760 2685 800 ee
2710 745 2852 816 quod
2882 762 2987 802 non
3014 748 3084 803 sit
3105 762 3172 803 ex
3200 747 3328 804 Dee.
3363 748 3516 805 Unde
3543 750 3746 820 optimc

2153 830 2438 900 Apostolus
2465 851 2477 886 :
2504 832 2640 902 Nos,
2672 836 2862 906 inquit,
2887 854 2989 893 non
3012 839 3246 909 spiritum
3270 839 3423 910 hujus
3445 841 3625 895 mundi
3649 857 3744 896 ac-

2150 925 2393 995 cepimus,
2415 927 2504 980 sed
2525 927 2777 998 Spiritum
2805 930 2892 1001 qui
2911 946 2975 985 ea:
2996 928 3106 984 Deo
3130 941 3240 995 est;
3278 941 3333 985 ut
3367 932 3588 986 sciamus
3627 943 3745 1003 qua

2149 1032 2182 1070 a
2205 1015 2313 1072 Deo
2332 1017 2521 1072 donata
2549 1029 2665 1095 sunt
2693 1020 2834 1078 nobis
2862 1020 2906 1094 (Ι
2930 1019 3048 1080 Cor.
3071 1038 3128 1088 tt,
3163 1022 3273 1084 12).
3303 1024 3379 1078 Ae
3417 1039 3513 1094 per
3547 1023 3647 1080 hoc
3686 1034 3744 1080 et

2147 1107 2319 1181 ipsum
2351 1109 2581 1172 hominis
2605 1113 2852 1169 meritum
2876 1113 3073 1171 denum
3111 1123 3194 1171 est
3230 1116 3519 1186 gratuitum
3543 1134 3556 1169 :
3582 1133 3680 1172 nec
3707 1134 3741 1174 a

2147 1200 2307 1258 Patre
2349 1203 2606 1260 luminum
2629 1247 2646 1272 ,
2671 1220 2702 1260 a
2727 1221 2831 1278 quo
2861 1205 3135 1266 descendit
3175 1223 3336 1265 omne
3375 1209 3556 1266 datum
3600 1213 3742 1280 epti-

2145 1310 2291 1350 mum
2323 1295 2523 1369 (Jacobi
2549 1314 2599 1368 ι,
2631 1299 2741 1368 l7),
2775 1299 2899 1356 boni
2941 1301 3141 1372 aliquid
3174 1302 3417 1374 accipere
3457 1303 3740 1375 quisquam

2145 1396 2402 1455 meretur,
2431 1390 2538 1444 nisi.
2558 1391 2868 1462 accipiendo
2893 1393 3031 1464 quod
3062 1409 3168 1449 non
3192 1405 3448 1452 meretur.

2213 1478 2440 1538 CAPUT
2480 1481 2654 1538 lV.—-
2684 1484 2771 1538 lt.
2813 1484 3032 1542 Multum
3053 1495 3136 1543 est
3154 1495 3328 1544 autem
3350 1486 3736 1559 indulgentius,

2141 1580 2198 1626 et
2223 1572 2338 1628 sine
2364 1572 2472 1628 ulla
2511 1573 2843 1634 dubitatione
2889 1579 3060 1650 magis
3100 1579 3416 1649 gratuitum,
3453 1580 3597 1652 quod
3640 1581 3738 1638 Dei

2139 1663 2311 1734 gratia
2339 1681 2434 1736 per
2452 1664 2634 1724 Jesum
2657 1667 2926 1725 Christum
2947 1671 3230 1726 Dominum
3253 1682 3491 1728 nostrum
3513 1685 3738 1742 praasta-

2141 1766 2228 1813 tur
2251 1758 2566 1829 infantibus,
2592 1769 2650 1817 ut
2669 1762 2746 1818 eis
2767 1779 2871 1818 non
2892 1764 3032 1820 obsit
3059 1781 3126 1828 ex
3146 1764 3314 1822 Adam
3349 1767 3650 1838 generatio,
3679 1778 3737 1825 et

2140 1849 2310 1919 prosit
2337 1851 2390 1906 in
2416 1839 2632 1909 Christo
2662 1857 3016 1926 regeneratio,
3048 1857 3101 1912 in
3126 1857 3319 1928 quibus
3345 1869 3399 1914 et
3429 1862 3604 1929 ipsum
3643 1875 3735 1916 ac-

2138 1943 2368 2015 cipiendi
2395 1960 2609 2004 sensum
2629 1957 2916 2009 tanteaute
2930 1951 3296 2008 misericordia
3323 1953 3418 2009 Dei
3441 1956 3729 2027 prasvenit:

2137 2038 2226 2108 qui
2255 2047 2402 2096 certe
2425 2041 2471 2096 si
2497 2041 2552 2097 in
2580 2043 2678 2100 hac
2707 2043 2926 2114 parvula
2951 2053 3109 2102 aetate
3137 2045 3205 2104 de
3233 2063 3458 2119 corpore
3479 2049 3730 2117 exierint,

2138 2129 2299 2186 vitam
2341 2140 2596 2189 :eternam
2641 2129 2970 2208 regnumque
3010 2138 3268 2196 cmlerum
3309 2140 3540 2196 scientes
3585 2143 3731 2196 acci-

2135 2223 2306 2294 piunt,
2333 2225 2448 2295 ejus
2473 2228 2710 2284 muneris
2739 2230 2933 2286 merito
2960 2229 3104 2302 quod
3127 2232 3234 2298 hic,
3257 2247 3377 2287 cum
3400 2235 3584 2305 utique
3598 2251 3732 2312 pro-

2135 2311 2254 2381 fuit,
2284 2316 2608 2376 nescierunt.
2635 2319 2794 2376 Certe
2815 2321 2867 2375 in
2896 2321 2962 2377 iis
2992 2329 3111 2392 post
3142 2324 3378 2394 priorum
3405 2311 3728 2394 doctrinam,

2134 2407 2236 2463 ista
2261 2407 2471 2465 nonnisi
2499 2412 2674 2482 priora
2695 2423 2820 2468 sunt
2847 2413 3008 2480 dena,
3038 2416 3090 2470 in
3119 2417 3309 2486 quibus
3336 2417 3602 2475 donandis
3633 2420 3730 2478 Dei

2133 2504 2299 2575 gratia
2327 2506 2405 2561 sic
2431 2517 2698 2578 operatur,
2735 2516 2792 2562 ut
2827 2523 2929 2566 nec
2971 2511 3216 2570 voluntas
3241 2513 3613 2584 accipientium
3639 2515 3728 2570 vel

2135 2597 2503 2665 praeminatur,
2535 2600 2619 2654 vel
2656 2599 2996 2672 adjungatur,
3027 2603 3105 2657 vel
3137 2602 3526 2674 subsequatur:
3555 2621 3726 2675 quan-

2131 2685 2418 2758 doquidem
2449 2698 2647 2745 tantum
2687 2691 3001 2748 beneﬁcium
3034 2709 3139 2748 non
3170 2693 3344 2748 solum
3376 2710 3480 2754 non
3509 2695 3724 2752 libenti-

2129 2779 2252 2847 bus,
2283 2797 2468 2840 verum
2499 2784 2660 2840 etiam
2702 2785 3085 2844 reluctantibus
3120 2785 3305 2853 datur;
3349 2788 3491 2859 quod
3536 2789 3615 2844 eis
3656 2789 3726 2845 ad

2130 2887 2386 2942 magntun
2413 2875 2765 2944 imputaretur
2805 2876 3168 2948 sacrilegium,
3212 2879 3258 2934 si
3293 2879 3404 2950 jam
3448 2881 3508 2936 in
3531 2881 3599 2937 iis
3625 2881 3725 2937 ali-

2128 2964 2254 3033 quid
2285 2964 2488 3022 valeret
2516 2966 2804 3024 voluntatis
2831 2967 3130 3026 arbitrium.

2201 3055 2288 3110 12.
2335 3056 2444 3112 llec
2485 3057 2718 3116 diximus
2758 3070 2974 3132 propter
3011 3075 3106 3116 eos
3130 3059 3222 3132 qui
3261 3077 3368 3118 non
3399 3061 3638 3120 valentes
3667 3065 3726 3122 in

2126 3168 2286 3207 causa
2307 3155 2492 3224 gratia:
2521 3155 2882 3216 inscrutabilia
2917 3157 3006 3213 Dei
3030 3157 3230 3228 judicia
3256 3162 3602 3230 perscrutari,
3621 3178 3721 3217 cur

2125 3261 2191 3301 ex
2222 3246 2389 3303 Adam
2412 3263 2586 3304 massa
2611 3264 2730 3320 quae
2755 3249 2995 3319 profecto
3012 3265 3079 3306 ex
3106 3265 3211 3306 uno
3238 3251 3290 3305 in
3317 3251 3720 3308 condemnatio-

2125 3357 2245 3397 nem
2277 3349 2387 3398 teta
2411 3344 2644 3413 collapsa
2673 3352 2774 3408 est,
2801 3343 2930 3400 illud
2951 3359 3045 3400 vas
3070 3343 3229 3402 faciat
3253 3346 3306 3402 in
3333 3347 3615 3416 honorem,
3646 3349 3716 3404 il-

2121 3434 2214 3492 lud
2244 3437 2295 3492 in
2322 3437 2733 3503 contumeliam;
2765 3446 2940 3494 tamen
2965 3438 3164 3496 audent
3178 3441 3426 3512 parvulos
3445 3459 3566 3498 reos
3586 3459 3716 3514 pre-

2119 3529 2355 3600 priorum
2383 3531 2705 3588 constituere
2744 3541 3101 3601 peccatorum,
3132 3542 3192 3589 ut
3216 3534 3308 3604 qui
3337 3535 3472 3588 bona
3501 3534 3713 3593 malave

2119 3623 2355 3692 cogitare
2384 3639 2492 3678 non
2521 3633 2762 3694 possunt,
2782 3634 3033 3697 putentur
3060 3643 3154 3697 per
3178 3627 3402 3682 liberum
3430 3629 3710 3685 arbitrium

2118 3714 2202 3768 vel
2232 3730 2442 3783 poenam
2468 3717 2663 3773 mereri
2688 3733 2845 3788 posse
2866 3718 2947 3773 vel
2970 3718 3223 3788 gratiam:
3247 3733 3370 3774 cum
3389 3720 3565 3789 potius
3584 3735 3716 3790 aps—

2117 3806 2304 3862 stolica
2329 3809 2528 3863 veritas
2557 3808 2805 3874 dicende,
2841 3809 2920 3864 Ex
2947 3826 3047 3865 uno
3072 3826 3244 3865 omnes
3263 3811 3316 3864 in
3335 3811 3715 3867 condemnatio-

2117 3914 2230 3952 nem
2258 3897 2430 3971 (Rom.
2459 3916 2513 3967 v,
2544 3899 2654 3973 16),
2694 3902 2823 3958 satis
2865 3902 3111 3958 ostendat
3151 3901 3293 3973 quod
3337 3914 3623 3959 nascantur
3656 3905 3709 3961 in

2116 4005 2294 4060 pinna,
2327 4001 2384 4048 ut
2413 4008 2516 4048 non
2546 3995 2756 4060 merito,
2805 3993 2900 4052 sed
2948 3995 3312 4052 misericordia
3361 4005 3711 4054 renascantur

2116 4083 2166 4138 in
2189 4086 2378 4154 gratia.
2410 4086 2660 4158 Alioquin
2682 4087 2852 4158 gratia
2875 4087 2986 4158 jam
3003 4103 3108 4143 non
3127 4097 3213 4144 est
3228 4091 3417 4160 gratia,
3437 4090 3481 4144 si
3500 4106 3605 4144 non
3628 4089 3711 4144 di-

2113 4177 2251 4232 vinis
2277 4179 2526 4249 operibus
2543 4180 2710 4250 gratis
2731 4179 2907 4246 datur,
2940 4179 3036 4236 sed
3063 4180 3312 4238 humanis
3338 4181 3545 4238 meritis
3581 4180 3708 4237 red-

2111 4266 2272 4322 ditur.
2315 4271 2444 4336 Quae
2481 4271 2595 4326 sola
2627 4271 2703 4327 sic
2731 4271 2986 4328 discernit
3014 4287 3044 4329 a
3077 4288 3248 4343 paena,
3296 4282 3356 4330 ut
3393 4289 3518 4330 cum
3547 4289 3706 4344 pinna

2110 4360 2181 4415 sit
2224 4375 2290 4415 ex
2334 4361 2504 4417 Adam
2533 4363 2784 4420 omnibus
2825 4363 3022 4428 debita,
3056 4366 3223 4435 gratia
3252 4379 3381 4420 vero
3411 4381 3507 4436 per
3537 4381 3703 4423 unum

2109 4447 2289 4506 Jesum
2326 4452 2596 4506 Christum
2637 4453 2768 4508 nulli
2798 4453 3003 4522 debita,
3033 4454 3127 4512 sed
3153 4457 3406 4527 gratuita,
3448 4465 3508 4514 ut
3535 4459 3701 4515 vere’

2107 4541 2176 4597 sit
2215 4544 2405 4613 gratia,
2452 4543 2814 4600 inscrutabilia
2849 4545 3044 4616 judicia
3088 4547 3202 4614 Dei,
3236 4557 3487 4619 tanquam
3533 4549 3696 4617 Deus,

2106 4649 2226 4691 esse
2256 4636 2481 4706 possint,
2512 4651 2631 4692 cum
2661 4637 2908 4706 parvulos
2938 4639 3050 4710 ipse
3077 4639 3368 4708 discernat,
3400 4656 3536 4713 quos
3577 4659 3698 4698 me-

2104 4729 2206 4784 rita
2234 4729 2375 4786 nulla
2419 4729 2756 4793 discernunt;
2804 4731 2898 4787 sed
2943 4731 3123 4803 iniqua
3164 4747 3290 4788 esse
3328 4750 3435 4790 non
3466 4735 3694 4804 possint,

2101 4823 2225 4893 quia
2243 4823 2502 4878 universa:
2529 4822 2628 4877 via:
2650 4823 2859 4879 Domini
2875 4825 3234 4882 misericordia
3251 4836 3305 4883 et
3321 4827 3693 4901 veritas(Psal.

2102 4929 2262 4980 xxiv,
2293 4911 2400 4987 10).
2454 4911 2602 4969 Unde
2644 4929 2763 4970 cum
2809 4915 3076 4985 praebetur
3115 4918 3270 4974 alteri
3310 4921 3695 4980 misericordias

2097 5007 2286 5078 gratia,
2321 5022 2424 5063 non
2465 5007 2622 5062 habet
2651 5008 2790 5080 quod
2816 5009 2881 5063 de
2911 5009 3141 5065 humano
3169 5013 3358 5068 merito
3396 5013 3686 5084 glorietur;

2097 5099 2346 5170 quoniam
2394 5114 2500 5154 neu
2540 5115 2604 5155 ex
2654 5101 2925 5170 operibus,
2959 5118 3025 5157 ne
3055 5102 3190 5160 forte
3217 5103 3337 5174 quis
3380 5107 3683 5163 extollatur.

2093 5189 2228 5246 Cum
2258 5205 2388 5245 vero
2426 5190 2578 5245 alteri
2605 5191 2848 5247 vindictae
2878 5193 3116 5247 redditur
3142 5196 3358 5261 veritas,
3390 5211 3496 5252 nen
3524 5196 3686 5255 habet

2093 5299 2192 5340 cur
2209 5285 2350 5355 juSte
2373 5295 2656 5354 queratur:
2679 5286 2729 5340 id
2751 5287 2893 5341 enim
2911 5286 3148 5342 redditur
3167 5289 3308 5358 quod
3330 5299 3550 5362 peccato
3563 5292 3688 5361 jure

2095 5377 2342 5444 debetur;
2387 5379 2635 5448 quoniam
2668 5393 2804 5434 unus
2835 5380 2884 5434 iu
2916 5392 3021 5450 quo
3069 5395 3256 5438 omnes
3305 5395 3683 5455 peccaverunt,

2092 5471 2276 5540 utique
2303 5470 2463 5525 etiam
2507 5471 2558 5526 in
2609 5471 2829 5543 singulis
2865 5471 3165 5544 quibusque
3195 5474 3432 5544 punitur.
3463 5476 3518 5532 In
3544 5493 3678 5550 quo-

2090 5577 2208 5617 rum
2237 5575 2392 5632 poena
2417 5563 2612 5618 clarius
2640 5563 2940 5618 ostenditur
2962 5564 3088 5635 quid
3122 5566 3264 5622 vasis
3294 5567 3681 5626 misericordiae

2091 5672 2186 5727 per
2211 5671 2315 5710 non
2339 5655 2596 5723 debitam,
2632 5655 2727 5712 sed
2750 5671 2928 5712 veram
2959 5657 3208 5728 gratiam,
3237 5658 3340 5716 hoc
3367 5669 3452 5717 est
3475 5666 3679 5733 gratqu

2088 5755 2218 5816 tam,
2249 5745 2572 5804 conferatur.

2153 5910 2167 5939 ι
2193 5914 2298 5956 uss.
2321 5906 2466 5955 Vatic.
2487 5911 2647 5965 αισα,
2671 5917 2732 5956 ne
2752 5902 3038 5960 uetitocnon
3057 5904 3283 5963 sitatam
3305 5907 3575 5964 “male.

2150 5973 2170 6002 ³
2193 5978 2297 6020 Mss.
2324 5975 2446 6030 tres,
2470 5973 2520 6017 ut
2543 5979 2670 6018 vero.
