4120 6358
444 380 540 437 821

514 494 740 557 CAPUT
782 495 843 551 V.
861 523 934 536 —-
961 496 1048 552 l3.
1088 495 1241 553 Unde
1264 503 1441 551 autem
1468 504 1905 566 argumentantur
1932 495 2029 550 ad—

441 601 631 662 versus
671 586 986 659 Apostolum
1024 588 1359 658 apertissime
1402 587 1684 652 dicentem,
1736 585 1839 641 Per
1876 603 2034 642 unum

444 683 697 739 hominem
722 691 977 753 peccatum
1018 683 1221 737 intravit
1269 683 1321 737 in
1361 681 1626 746 mundum,
1661 692 1707 736 et
1735 697 1823 752 per
1852 697 2031 750 pecco:-

442 784 549 832 τινα
576 792 733 842 mors,
764 785 815 829 et
835 777 908 829 ita
942 776 999 830 in
1042 792 1213 831 omnes
1253 776 1476 832 homines
1516 776 1826 846 pertransiit,
1855 777 1907 830 in
1932 792 2034 849 quo

440 884 615 923 omnes
641 876 962 940 peccaverunt
989 867 1165 939 (Rom.
1198 884 1251 933 v,
1285 868 1396 932 l2),
1428 868 1667 925 dicentes
1702 870 1862 924 etiam
1905 884 2032 939 par-

440 960 599 1015 vulos
627 960 837 1030 propria
868 975 963 1029 per
990 960 1217 1017 liberum
1246 961 1521 1016 arbitrium
1552 961 1753 1018 habere
1790 970 2027 1033 peccata,

442 1051 603 1107 tadut
638 1051 935 1116 attendere,
968 1053 1216 1123 pigetque
1245 1052 1505 1123 proferre,
1548 1055 1641 1110 sed
1682 1057 1850 1125 magis
1878 1070 2030 1111 conn-

440 1143 690 1214 pellhur
712 1144 910 1201 dicere.
933 1144 1086 1212 Quod
1111 1145 1252 1200 enim
1274 1156 1561 1215 potuerunt
1588 1162 1777 1218 magna
1797 1157 1853 1205 et
1876 1156 2031 1205 acuta

440 1234 651 1304 ingenia
679 1235 934 1307 cogitare,
964 1245 1061 1291 aut
1097 1235 1292 1306 inopia;
1334 1246 1417 1293 est
1446 1238 1668 1295 tacendo
1705 1240 1895 1307 vitare,
1937 1250 2037 1298 aut

438 1329 755 1399 arrogantizc
797 1330 1189 1387 contemnendo
1228 1332 1521 1401 praeterire.
1563 1331 1718 1399 Ecce,
1761 1334 2037 1405 inquiunt,

438 1420 649 1476 Esaust
670 1421 831 1477 Iacob
867 1423 1013 1499 intra
1028 1424 1219 1479 viscera
1248 1434 1479 1481 materna
1506 1427 1777 1493 tuantur,
1819 1438 1867 1484 et
1905 1429 2033 1484 dum

437 1522 739 1581 nascuntur,
765 1515 894 1570 alter
929 1517 1288 1587 supplantatur
1315 1519 1377 1573 ab
1404 1520 1583 1586 altero,
1629 1530 1780 1591 atque
1814 1521 1869 1577 in
1902 1522 2035 1592 pede

438 1608 763 1677 prwcedenlis
788 1611 973 1663 manu‘
1003 1613 1410 1682 consequentiset
1431 1614 1639 1669 tenentis
1664 1615 1883 1682 inventa,
1912 1632 2033 1686 per—

435 1715 667 1754 severans
688 1700 1059 1772 quodammodo
1084 1701 1221 1757 lucta
1248 1705 1579 1760 convincitur.
1614 1705 1879 1771 Quomodo
1908 1725 2027 1781 ergo

436 1792 491 1845 in
514 1790 791 1863 infantibus
818 1793 927 1849 hac
946 1795 1226 1866 agentibus,
1252 1796 1452 1852 nullum
1472 1807 1545 1852 est
1562 1798 1639 1853 vel
1662 1798 1730 1852 ad
1752 1799 1934 1855 bonum
1952 1801 2030 1857 vel

437 1884 504 1935 ad
534 1884 725 1937 malum
755 1887 976 1956 propria:
1013 1886 1283 1942 voluntatis
1320 1889 1604 1955 arbitrium,
1645 1892 1778 1946 unde
1817 1893 2031 1964 praemia

437 1976 539 2030 sive
564 1978 817 2047 supplicia
844 1978 1032 2033 meritis
1057 1980 1449 2051 praecedentibus
1468 1980 1870 2054 subsequantur?

508 2071 596 2125 14.
639 2071 719 2126 Ad
756 2069 858 2126 hoc
884 2087 984 2126 nos
1014 2073 1260 2142 dicimus,
1293 2075 1412 2129 ideo
1449 2084 1624 2130 motus
1666 2077 1786 2132 illos
1824 2085 1877 2132 et
1907 2085 2027 2132 tan-

437 2177 595 2233 quam
627 2163 845 2234 litigium
879 2166 1218 2236 parvulorum
1249 2168 1457 2237 signum
1498 2184 1676 2230 rerum
1708 2170 1870 2224 fuisse
1916 2186 2028 2225 ma-

436 2270 681 2324 gnarum,
708 2257 828 2327 quia
856 2272 963 2311 non
993 2256 1093 2313 fuit
1120 2258 1416 2327 arbitrium,
1448 2260 1542 2316 sed
1568 2261 1887 2333 prodigium.
1914 2261 2025 2317 Ne-

434 2362 542 2417 que
579 2348 720 2403 enim
760 2348 933 2404 daturi
972 2364 1158 2406 sumus
1184 2360 1240 2406 et
1279 2353 1444 2408 asinis
1493 2352 1719 2409 liberum
1749 2355 2026 2410 arbitrium

436 2440 741 2507 voluntatis,
790 2443 1040 2512 quoniam
1088 2443 1247 2514 huius
1284 2446 1498 2515 generis
1538 2446 1858 2517 iumentum,
1891 2449 2028 2504 sicut

436 2534 692 2605 scriptum
744 2543 845 2604 est,
899 2536 1164 2609 subjugale
1208 2539 1318 2593 sine
1358 2554 1493 2605 voce,
1528 2540 1744 2596 hominis
1794 2557 1915 2596 voce
1942 2558 2026 2595 re-

434 2626 693 2695 spondens
738 2627 893 2682 vetuit
934 2631 1194 2701 prophetat
1229 2631 1531 2687 dementiam
1557 2632 1624 2705 (11
1646 2633 1789 2690 Patr.
1821 2651 1881 2703 ιι,
1910 2635 2022 2711 l6).

437 2716 502 2772 lli
531 2726 709 2774 autem
749 2720 842 2791 qui
882 2720 1015 2777 tales
1054 2738 1160 2777 tton
1201 2724 1537 2796 prodigiosos
1582 2736 1777 2795 motus,
1811 2728 1905 2784 sed
1934 2743 2030 2783 vo-

436 2809 701 2867 luntarios
725 2818 894 2879 actus,
926 2827 1027 2870 nec
1057 2814 1125 2870 de
1152 2816 1408 2884 parvulis,
1436 2816 1532 2873 sed
1555 2820 1843 2889 a’parvulis
1861 2820 2026 2877 factos

434 2918 556 2970 esse
598 2906 928 2964 contendunt
951 2950 968 2977 ,
1022 2909 1153 2980 quid
1218 2911 1477 2981 Apostolo
1524 2917 1834 2984 responsuri
1876 2926 2022 2984 sunt,

436 2996 528 3066 qui
557 3012 680 3053 cum
720 3008 777 3054 et
821 2998 923 3055 bos
966 3002 1212 3071 geminos
1254 3002 1319 3058 ad
1358 3003 1735 3060 documentum
1780 3008 2028 3078 gratuitae

436 3090 621 3160 gratia:
649 3093 1147 3149 commemorandos
1167 3094 1395 3163 videret,
1427 3093 1674 3151 Nondum
1710 3098 1843 3153 enim
1870 3101 2022 3168 natis,

439 3181 628 3253 inquit,
648 3199 739 3237 nec
757 3184 951 3256 aliquid
966 3186 1227 3258 agentibus
1253 3186 1370 3241 boni
1397 3196 1487 3242 aut
1512 3188 1654 3257 mali,
1684 3197 1739 3243 ut
1757 3192 2031 3246 secundum

438 3273 730 3330 electionem
757 3278 1070 3347 propositum
1099 3278 1196 3334 Dei
1222 3290 1462 3349 maneret,
1486 3297 1586 3337 non
1607 3298 1671 3338 ea:
1689 3283 1921 3353 operibus
1940 3286 2028 3339 sed

439 3382 503 3420 ea:
521 3376 728 3421 vocante
755 3368 944 3422 dictum
965 3377 1056 3435 est,
1089 3370 1223 3436 Quia
1252 3373 1419 3443 major
1440 3374 1620 3427 serviet
1644 3374 1828 3429 minori
1850 3374 2024 3447 (Rom.

440 3473 521 3523 ιι,
553 3458 781 3529 ιι-ιδγι
806 3460 999 3517 deinde
1028 3462 1322 3535 adjungens
1365 3466 1725 3522 testimonium
1753 3468 2029 3539 propheta:

440 3551 597 3624 longe
625 3563 746 3623 post
772 3554 985 3624 quidem
1018 3556 1116 3611 ista
1146 3557 1393 3624 dicentis,
1424 3558 1519 3615 sed
1548 3567 1727 3615 tamen
1756 3561 1823 3616 de
1852 3561 1951 3616 hac
1971 3578 2029 3619 re

438 3644 713 3713 antiquum
760 3646 851 3701 Dei
881 3646 1163 3702 consilium
1208 3647 1547 3716 declarantis,
1599 3648 1746 3707 Sicut
1785 3654 2028 3724 scriptum

437 3743 530 3799 est,
564 3734 748 3806 inquit,
781 3736 943 3791 Iacob
970 3738 1145 3806 dilexi,
1177 3738 1319 3795 Esau
1343 3749 1513 3797 autem
1548 3743 1666 3798 odio
1704 3744 1859 3799 habui
1884 3744 2028 3816 (Ma-

438 3825 573 3880 lach.
602 3842 642 3893 ι,
662 3827 718 3894 9,
747 3827 821 3897 5).

512 3917 600 3995 l5.
641 3917 846 3987 Nempe
872 3919 1066 3976 Doctor
1093 3920 1344 3977 Gentium
1366 3923 1419 3978 in
1448 3923 1551 3980 ﬁde
1570 3932 1625 3980 et
1646 3928 1872 3983 veritate
1895 3929 2026 3985 istos

439 4009 680 4078 geminos
702 4010 937 4064 nondum
974 4020 1126 4066 natos
1165 4013 1297 4067 nihil
1326 4014 1450 4069 boni
1480 4024 1571 4070 aut
1595 4019 1718 4073 mali
1744 4022 1919 4090 egisse
1952 4030 2027 4077 te-

438 4108 626 4166 statur,
666 4108 726 4154 ut
763 4102 933 4172 gratia
973 4104 1410 4171 commendetur;
1439 4116 1493 4161 ut
1523 4111 1665 4180 quod
1695 4110 1893 4167 dictum
1923 4124 2025 4184 est,

442 4191 619 4263 καῖον
640 4194 816 4248 serviet
840 4195 1044 4262 minori,
1069 4211 1177 4251 non
1203 4211 1271 4253 ex
1298 4200 1569 4270 operibus,
1594 4203 1689 4259 sed
1709 4220 1776 4260 ex
1804 4217 2028 4264 vocante

437 4282 640 4340 dictum
669 4285 1013 4358 intelligatur,
1045 4299 1105 4345 ut
1133 4291 1425 4347 secundum
1470 4294 1784 4353 electionem
1831 4315 2030 4370 propo-

434 4378 600 4433 situm
631 4378 728 4435 Dei
754 4391 1016 4450 maneret,
1059 4397 1167 4438 non
1213 4386 1461 4441 meritum
1504 4387 1737 4447 hominis
1778 4394 2026 4450 anteiret.

437 4469 553 4526 Non
585 4472 728 4526 enim
770 4473 897 4528 dicit
935 4473 1252 4531 electionem
1292 4479 1578 4537 voluntatis
1622 4481 1872 4541 humana;
1917 4490 2028 4545 sive

438 4572 661 4631 naturae,
687 4577 808 4618 cum
839 4580 934 4635 par
962 4578 1105 4623 esset
1133 4568 1185 4623 in
1228 4577 1455 4641 utroque
1500 4575 1686 4630 mortis
1733 4577 2031 4635 damnatio-

437 4655 625 4724 nisque
658 4655 923 4723 conditio;
953 4657 1047 4714 sed
1073 4658 1388 4717 electionem
1419 4666 1601 4733 procul
1630 4666 1792 4723 dubio
1820 4671 2022 4741 gratim,

438 4760 556 4814 qum
583 4762 687 4801 non
713 4747 914 4802 invenit
940 4750 1233 4821 eligendos,
1265 4754 1359 4808 scd
1381 4755 1522 4823 facit,
1547 4757 1614 4812 de
1634 4774 1736 4829 qua
1758 4770 1811 4817 et
1831 4762 1882 4817 in
1902 4779 2029 4818 Con-

440 4840 786 4909 sequentibus
826 4840 1068 4909 ejusdem
1116 4844 1368 4914 Epistolm
1399 4848 1623 4918 loquens
1652 4853 1755 4906 ait:
1783 4852 1873 4907 Sic
1910 4873 2028 4928 ergo

437 4941 484 4986 et
512 4933 564 4986 in
592 4933 687 4987 hoc
705 4942 944 5005 tempore,
977 4936 1213 5005 reliquiae
1230 4955 1319 5009 per
1340 4942 1630 4997 electionem
1659 4949 1835 5016 gratia:
1875 4951 2029 5006 salva:

438 5027 589 5095 facta
605 5033 742 5081 sunt.
766 5024 829 5081 Si
856 5036 1026 5081 autem
1050 5030 1236 5099 gratia,
1256 5032 1369 5100 jam
1388 5048 1489 5087 non
1514 5050 1576 5088 ea:
1601 5039 1869 5105 operibus;
1900 5042 2027 5095 alio-

435 5119 556 5189 quin
578 5119 743 5191 gratia
751 5120 866 5191 jam
892 5137 993 5175 non
1018 5130 1090 5176 est
1107 5124 1272 5192 gratia
1296 5124 1466 5197 (Rom.
1500 5144 1578 5193 χι,
1599 5130 1651 5195 5,
1679 5132 1758 5202 ϐ).
1787 5131 1880 5187 Cui
1908 5136 2027 5192 loco

439 5212 567 5266 satis
591 5212 739 5268 locus
766 5213 865 5269 iste
885 5215 1195 5284 concordat,
1226 5217 1313 5271 ubi
1340 5233 1808 5290 commemoratur,
1834 5242 1937 5282 non
1961 5245 2024 5285 cx

438 5304 709 5375 operibus,
750 5306 846 5362 sed
888 5322 955 5363 ex
1000 5318 1223 5366 vocante
1248 5310 1445 5368 dictum
1486 5330 1624 5383 esse,
1654 5317 1827 5393 Major
1849 5325 2027 5380 serviet

439 5396 642 5451 minori.
694 5395 893 5469 thuid
923 5414 1049 5471 ergo
1074 5402 1487 5471 praeclarissimo
1524 5410 1709 5478 gratiae
1749 5428 2025 5471 commcn-

438 5485 612 5546 datori
638 5488 706 5545 de
733 5488 994 5547 infantum
1043 5492 1212 5552 libero
1255 5497 1477 5553 arbitrio
1516 5510 1571 5556 et
1598 5504 1835 5560 nondum
1870 5519 2024 5565 ualo-

437 5596 557 5636 rum
589 5580 795 5638 actibus
824 5592 928 5638 tam
962 5584 1299 5656 impudenter
1340 5591 1640 5649 resistitur?
1683 5612 1778 5651 cur
1820 5601 2025 5659 meritis

437 5673 724 5745 prteveniri
749 5676 915 5747 gratia
945 5679 1286 5749 perhibetur;
1317 5698 1437 5755 quae
1464 5688 1632 5757 gratia
1661 5706 1763 5744 non
1787 5701 1949 5761 esset,
1979 5697 2025 5752 si

437 5769 733 5828 secundum
762 5771 1009 5828 meritum
1044 5775 1434 5847 imputaretur?
1459 5781 1569 5839 Cur
1590 5794 1775 5843 contra
1796 5789 2021 5848 salutem

501 5880 1155 5953 ‘Slclsvsticdmamtn.

1639 377 2121 437 EPISNLARUII
2159 377 2435 436 CLASSIS
2473 380 2564 437 ill.

2138 510 2257 565 qua:
2286 496 2447 552 missa
2474 507 2557 553 est
2584 500 2824 569 perditis,
2851 517 2973 574 qua;
2992 503 3135 569 venit
3155 503 3403 576 indignis,
3428 510 3727 579 quamlibet
3802 526 3811 532 ’

2139 598 2312 653 acuta,
2361 591 2651 660 quamlibet
2686 594 2897 663 copiosa
2926 604 2979 652 et
3010 606 3221 665 ornata,
3248 599 3441 669 mirum
3470 606 3645 659 tamen
3680 601 3726 657 si

2138 678 2429 738 christiana
2455 683 2810 753 disputatione
2838 688 3209 753 contenditur?

2210 771 2437 829 CAPUT
2484 774 2567 833 Vl.
2591 807 2661 815 —
2692 777 2776 833 l6.
2805 778 2911 835 Sed
2939 782 3205 851 quomodo,
3240 782 3503 854 inquiunt,
3527 802 3626 839 non
3657 794 3729 841 est

2136 865 2375 935 iniquitas
2403 868 2541 938 apud
2566 867 2746 937 Deum,
2781 871 2824 926 si
2855 871 3110 944 diligendo
3136 875 3369 937 discernit
3398 892 3520 944 quos
3548 878 3727 939 merita

2137 973 2344 1029 operum
2388 959 2535 1014 nulla
2576 960 2903 1019 discernunt?
2934 964 3007 1018 ita
3051 964 3204 1019 nobis
3246 966 3345 1020 hoc
3387 966 3581 1021 dicitur
3612 976 3729 1021 tau-

2136 1065 2295 1119 quam
2317 1049 2370 1106 id
2398 1052 2684 1120 Apostolus
2711 1052 2826 1122 ipsc
2856 1068 2959 1110 non
2988 1055 3199 1127 viderit,
3233 1072 3338 1112 non
3368 1060 3722 1131 proposuerit,

2137 1156 2244 1197 non
2267 1144 2622 1213 responderit.
2654 1144 2796 1203 Vidit
2822 1147 3003 1218 utique
3024 1149 3149 1221 Quid
3179 1149 3244 1205 iis
3270 1151 3462 1207 auditis
3492 1151 3725 1208 humana

2138 1246 2318 1305 posset
2348 1236 2628 1297 inﬁrmitas
2659 1240 2741 1294 vel
2772 1241 3066 1312 ignorantia
3107 1243 3361 1313 cogitare,
3390 1254 3445 1301 et
3481 1246 3725 1302 eamdem

2136 1329 2486 1398 quzestionem
2516 1330 2616 1385 sibi
2643 1332 2756 1401 ipse
2784 1348 3109 1403 proponens,
3153 1334 3290 1400 Quid
3318 1352 3435 1407 ergo
3460 1337 3679 1394 dicemus
3701 1339 3727 1393 ?
3784 1356 3801 1382 ς

2137 1416 2329 1489 inquit,
2360 1421 2602 1492 numquid
2642 1423 2879 1494 iniquitas
2919 1426 3057 1496 apud
3083 1424 3288 1483 Deum?
3327 1429 3590 1487 Continuo
3634 1446 3723 1488 re-

2135 1513 2369 1582 Spondit,
2397 1513 2558 1570 Absit.
2591 1515 2982 1590 Rationemun
3009 1520 3237 1581 reddens
3262 1538 3357 1578 cur
3382 1524 3527 1589 absit,
3550 1525 3601 1581 id
3618 1535 3721 1595 est;

2134 1618 2233 1659 cur
2260 1620 2365 1659 non
2396 1607 2465 1661 sit
2497 1608 2743 1677 iniquitas
2771 1611 2908 1680 apud
2934 1612 3122 1681 Deum,
3147 1631 3251 1669 non
3270 1616 3365 1683 ait,
3385 1617 3564 1683 Merita
3581 1621 3726 1677 enim

2135 1697 2219 1752 vel
2249 1713 2410 1769 opera
2446 1698 2652 1768 judieat
2695 1701 2856 1759 etiam
2902 1703 3265 1773 parvulorum,
3299 1707 3503 1762 etiamsi
3546 1709 3724 1773 adhuc

2133 1789 2245 1849 sint
2272 1791 2325 1847 in
2354 1801 2594 1859 materno
2621 1803 2773 1849 utero
2813 1797 3118 1853 constituti:
3144 1799 3411 1867 quomodo
3448 1802 3591 1857 enim
3623 1803 3726 1861 hoc

2134 1882 2357 1952 diceret,
2378 1886 2464 1954 qui
2483 1886 2590 1956 jam
2614 1886 2821 1943 dixerat
2840 1888 2905 1944 de
2932 1890 3165 1947 nondum
3196 1893 3351 1959 uatis,
3382 1903 3433 1948 et
3459 1894 3524 1949 de
3551 1895 3614 1950 iis
3635 1894 3726 1965 qui

2134 1975 2265 2031 nihil
2293 1976 2466 2032 adhuc
2496 1988 2718 2053 egerant
2746 1979 2871 2035 boui
2904 1982 2989 2036 vel
3015 1982 3159 2048 mali,
3182 1984 3322 2053 quod
3349 2002 3448 2041 non
3470 2002 3531 2041 ea:
3557 1987 3729 2059 operi-

2133 2068 2245 2137 bus,
2275 2070 2364 2124 sed
2405 2086 2469 2126 ea:
2494 2080 2699 2128 vocante
2735 2072 2925 2128 dictum
2955 2074 3043 2141 sit,
3088 2074 3261 2147 Major
3287 2078 3460 2131 serviet
3500 2078 3726 2136 minori?

2134 2162 2227 2217 sed
2256 2177 2377 2219 cum
2426 2163 2587 2217 vellet
2612 2162 2898 2219 ostendere
2926 2179 3020 2221 cur
3050 2165 3102 2221 in
3132 2166 3196 2221 iis
3236 2180 3342 2221 non
3373 2168 3441 2222 sit
3472 2168 3725 2239 iniquitas

2133 2253 2271 2323 apud
2298 2254 2487 2321 Deum,
2520 2256 2613 2322 ait,
2646 2255 2817 2327 Moysi
2845 2258 2979 2312 enim
3002 2258 3181 2331 inquit,
3217 2256 3490 2313 Miserebor
3515 2260 3597 2313 cui
3625 2261 3725 2314 mi-

2134 2356 2297 2400 sertus
2335 2361 2442 2412 ero,
2486 2355 2535 2401 et
2574 2346 2972 2409 misericordiam
3025 2349 3273 2420 praestabo
3319 2350 3403 2404 cui
3445 2351 3727 2408 misericors

2135 2439 2299 2507 fuero.
2331 2436 2467 2503 Quid
2497 2452 2595 2493 nos
2624 2438 2709 2493 hic
2736 2438 2938 2508 docuit,
2969 2440 3073 2499 nisi
3115 2456 3183 2497 ex
3220 2442 3309 2499 illa
3353 2456 3528 2500 massa
3566 2444 3728 2516 primi

2137 2528 2387 2596 hominis,
2417 2528 2500 2584 cui
2526 2530 2716 2587 merito
2746 2546 2892 2588 mors
2920 2531 3165 2602 debetur,
3193 2549 3301 2599 non
3317 2534 3384 2590 ad
3406 2536 3595 2591 merita
3621 2535 3727 2591 ho-

2134 2621 2360 2687 minum,
2406 2621 2500 2677 sed
2541 2622 2607 2683 ad
2658 2623 2748 2679 Dei
2800 2622 3222 2684 misericordiam
3267 2626 3531 2695 pertinere
3579 2626 3727 2697 quod

2135 2714 2359 2784 quisque
2388 2713 2674 2769 liberatur:
2705 2723 2865 2785 atque
2880 2716 2952 2771 ita
2968 2731 3077 2777 non
3097 2730 3217 2772 esse
3231 2716 3562 2789 iniquitatem
3587 2717 3728 2787 apud

2137 2802 2338 2871 Deum;
2370 2804 2493 2877 quia
2519 2820 2693 2875 neque
2716 2806 3089 2875 remittendo‘,
3116 2823 3290 2879 neque
3307 2808 3569 2882 exigendo
3582 2810 3728 2880 quod

2135 2894 2381 2963 debetur,
2408 2896 2636 2968 injnstus
2656 2898 2771 2953 est?
2791 2897 2865 2953 ibi
2882 2900 3023 2954 enim
3047 2900 3215 2971 gratia
3234 2901 3254 2932 ¹¹
3282 2909 3363 2957 est
3378 2898 3726 2973 indulgentia,

2136 2988 2225 3045 ubi
2244 2988 2391 3061 justa
2419 2999 2602 3061 posset
2629 3005 2750 3048 esse
2774 2992 3025 3048 vindicta.
3056 2993 3126 3050 Et
3155 2993 3279 3052 hinc
3305 2994 3601 3052 evidentius
3626 3010 3729 3067 sp-

2136 3092 2307 3154 paret,
2340 3099 2370 3139 a
2400 3099 2559 3155 pinna
2574 3084 2751 3142 debita
2772 3085 2998 3144 liberato
3012 3096 3066 3144 et
3081 3088 3247 3162 gratis
3262 3089 3547 3159 iustiﬁcato
3560 3104 3732 3163 quan,

2139 3182 2248 3229 tum
2282 3173 2525 3232 beneﬁcii
2566 3176 2891 3245 conferatur,
2932 3178 3072 3250 quod
3111 3179 3248 3237 alter
3287 3181 3564 3253 aequaliter
3602 3197 3729 3239 reus

2135 3268 2254 3324 sine
2280 3270 2547 3339 punicntis
2574 3270 2855 3342 iniquitate
2885 3272 3122 3343 punitur.

2211 3362 2297 3416 l7.
2339 3362 2577 3432 Denique
2614 3364 2886 3436 subiungit
2913 3373 2969 3421 et
2991 3364 3140 3435 dicit,
3185 3364 3357 3439 Igitur
3384 3383 3486 3422 non
3519 3366 3728 3423 volentis

2134 3467 2296 3522 neque
2322 3455 2590 3522 currentis,
2610 3455 2701 3511 sed
2719 3456 2997 3513 miserantis
3024 3466 3097 3513 est
3120 3456 3218 3513 Dei
3236 3473 3253 3512 .'
3274 3457 3378 3515 hoc
3395 3469 3615 3530 propter
3633 3474 3729 3517 eos

2137 3542 2336 3599 dictum
2366 3554 2467 3613 est,
2499 3547 2587 3616 qui
2616 3563 2711 3618 per
2736 3549 2960 3619 gratiam
2981 3549 3193 3604 liberati
3206 3548 3578 3619 justiﬁcantur.
3600 3551 3731 3609 Pro-

2138 3643 2255 3707 pter
2280 3652 2373 3693 eos
2398 3646 2574 3695 autem
2604 3653 2766 3711 super
2788 3655 2924 3711 quos
2948 3640 3026 3697 ira
3053 3641 3148 3703 Dei
3172 3650 3370 3708 manet,
3394 3643 3514 3713 quia
3531 3644 3730 3715 etipsis

2137 3727 2277 3785 Dens
2301 3729 2439 3787 bene
2465 3730 2630 3786 utitur
2670 3731 2737 3789 ad
2772 3731 3047 3791 docendos
3068 3734 3201 3789 alios
3226 3749 3361 3805 quos
3388 3735 3617 3791 liberare
3642 3737 3730 3792 di-

2134 3828 2347 3893 gnatur,
2375 3822 2651 3894 subiunxit
2675 3831 2834 3895 atqce
2852 3825 2960 3881 ait:
2988 3824 3125 3881 Dicit
3150 3827 3283 3883 enim
3305 3826 3570 3901 Scriptura
3585 3827 3731 3885 Pha-

2136 3916 2306 3979 raoni,
2336 3914 2472 3981 Quia
2493 3915 2562 3970 ad
2584 3916 2679 3971 hoc
2708 3926 2756 3973 te
2773 3918 3008 3985 excitavi,
3040 3927 3097 3974 ut
3123 3920 3385 3974 ostendam
3407 3919 3459 3974 in
3487 3930 3533 3973 te
3552 3928 3730 3993 poten-

2135 4004 2261 4058 tiam
2284 4020 2467 4071 nteam,
2495 4013 2542 4061 et
2575 4013 2629 4059 ut
2652 4008 2979 4078 annuntietur
3002 4022 3185 4065 nomen
3225 4024 3391 4063 meum
3418 4010 3470 4062 in
3496 4010 3730 4064 universa

2136 4101 2289 4147 terra.
2328 4094 2528 4151 Deinde
2566 4094 2633 4151 ad
2661 4102 2944 4167 utrumque
2971 4097 3317 4165 concludens,
3350 4097 3509 4173 Ergo,
3534 4100 3725 4172 inquit,

2134 4186 2281 4256 cujus
2301 4188 2407 4241 vult
2422 4188 2704 4254 miseretur,
2727 4198 2772 4243 et
2797 4204 2944 4259 quem
2961 4189 3066 4244 vult
3085 4188 3332 4258 obdurat;
3347 4192 3586 4262 profecto
3602 4208 3731 4251 neu-

2134 4286 2275 4341 trum
2300 4278 2477 4349 aliqua
2505 4279 2801 4349 iniquitate,
2841 4280 2938 4339 sed
2970 4289 3250 4353 utrumque
3278 4284 3643 4342 misericordia
3671 4294 3729 4342 et

2137 4370 2380 4425 veritate.
2410 4371 2477 4427 Et
2503 4371 2677 4429 adhuc
2706 4380 2882 4429 tamen
2926 4372 3097 4435 audax
3139 4384 3381 4437 movetur
3422 4378 3724 4450 inﬁrmitas,

2133 4477 2321 4521 eorum
2348 4465 2552 4522 scilicet
2579 4467 2670 4537 qui
2715 4467 3005 4531 secundum
3034 4469 3371 4539 conjecturas
3399 4471 3575 4528 cordis
3621 4472 3724 4529 bu-

2134 4555 2281 4610 mani
2309 4555 2707 4615 inscrutabilem
2732 4558 3062 4621 altitudinem
3087 4560 3406 4631 iudiciorum
3450 4563 3543 4620 Dei
3579 4564 3728 4638 cogi-

2135 4655 2250 4704 tare
2274 4652 2565 4709 enitantur!

2206 4742 2293 4801 18.
2337 4744 2482 4801 lianc
2524 4744 2875 4813 quatsz
2912 4746 3122 4807 sibiex
3166 4747 3391 4811 adverso
3444 4764 3720 4819 opponens

2134 4838 2419 4906 Apostolus
2445 4839 2550 4893 ait:
2580 4837 2722 4894 Dicis
2740 4839 2907 4910 itaque
2931 4840 3075 4907 mihi,
3109 4838 3243 4906 Quid
3267 4841 3434 4895 adhuc
3462 4844 3726 4911 conqueri-

2133 4930 2253 4984 tur?
2282 4946 2398 4983 nam
2430 4930 2670 4984 voluntati
2696 4931 2803 5002 ejus
2824 4931 2935 5001 quis
2962 4931 3182 4987 resistit?
3200 4930 3364 4987 Nobis
3392 4932 3493 4988 hoc
3519 4933 3719 4990 dictum

2132 5029 2396 5090 putemus.
2430 5021 2565 5089 Quid
2590 5037 2717 5092 ergo
2745 5022 2887 5079 aliud
2914 5038 3072 5093 quam
3097 5023 3238 5094 quod
3272 5025 3547 5095 respondit
3572 5027 3721 5097 Apo-

2133 5115 2320 5182 stolus,
2352 5115 2678 5185 respondere
2704 5116 2997 5171 debemus?
3020 5125 3111 5171 aut
3136 5118 3178 5172 si
3219 5124 3275 5172 et
3315 5132 3409 5173 nos
3440 5119 3561 5174 talia
3601 5135 3723 5176 mo-

2132 5216 2276 5274 vent,
2305 5210 2423 5279 quia
2451 5219 2508 5265 et
2527 5224 2624 5265 nos
2650 5211 2892 5267 homines
2911 5225 3113 5277 sumus,
3131 5210 3290 5267 simul
3305 5220 3517 5281 oportet
3533 5227 3723 5269 omnes

2131 5301 2409 5357 audiamus
2437 5301 2721 5368 dicentem,
2756 5302 2802 5357 0
2825 5302 2997 5370 homo,
3018 5311 3074 5358 tu
3100 5304 3211 5375 quis
3231 5319 3283 5358 es
3300 5304 3389 5377 qui
3412 5305 3720 5375 respondeas

2132 5390 2279 5448 Deo?
2306 5391 2569 5463 Numquid
2595 5393 2717 5448 dicit
2745 5384 3039 5470 ﬁgmentum
3062 5394 3109 5449 ei
3132 5393 3221 5465 qui
3259 5409 3313 5450 se
3350 5394 3520 5464 ﬁnxit,
3554 5393 3725 5463 Quare

2133 5501 2212 5540 me
2236 5486 2394 5555 fecisti
2417 5486 2524 5541 sic?
2546 5485 2729 5541 Annon
2770 5486 2914 5540 habet
2959 5494 3253 5558 potestatem
3291 5487 3483 5562 ﬁgulus
3510 5490 3624 5557 lutt,
3656 5508 3722 5547 ex

2133 5576 2305 5632 eadem
2325 5595 2492 5632 massa
2519 5582 2684 5650 facere
2708 5579 2851 5633 aliud
2868 5594 2956 5635 vas
2978 5579 3033 5634 in
3063 5580 3323 5650 honorem,
3351 5584 3494 5638 aliud
3518 5585 3571 5639 in
3597 5602 3723 5641 con-
3798 5616 3805 5621 ~

2134 5670 2388 5725 tumeliam
2415 5670 2523 5742 (Id.
2550 5688 2625 5739 Ix,
2655 5671 2881 5746 M-BI)?
2910 5675 3034 5730 Haec
3062 5690 3235 5730 massa
3263 5677 3305 5732 si
3339 5687 3479 5733 esset
3510 5680 3579 5734 ita
3607 5695 3722 5737 me-

2196 5785 2211 5815 ι
2240 5783 2547 5860 suauiusque
2568 5783 2915 5860 permittendo._
2941 5794 2995 5838 At
3028 5789 3152 5860 alter
3177 5805 3205 5860 ς)
3236 5793 3380 5860 Vatic.
3414 5800 3543 5857 Mss.,
3574 5808 3725 5860 neque

2132 5845 2414 5913 remittendo
2434 5845 2609 5910 :quaut
2629 5848 2883 5899 lectionem
2901 5856 3008 5900 lor.
3025 5854 3322 5913 conjicienda
3338 5845 3546 5909 assecuti
3565 5845 3725 5911 erant.

2198 5912 2217 5939 ²
2243 5910 2349 5960 Bad.
2374 5920 2475 5962 Am.
2604 5916 2655 5960 et
2678 5920 2756 5962 Ms.
2783 5916 3033 5978 Fuxcusis,
3054 5910 3207 5979 qrata.
