  <div class='ocr_page' id='page_1' title='image "/cluster/home/n/w/nwhite01/storage/ocr_20150623/33/hvd.32044015471451/417.png"; bbox 0 0 4120 6358; ppageno 0'>
   <div class='ocr_carea' id='block_1_1' title="bbox 428 427 537 487">
    <p class='ocr_par' dir='ltr' id='par_1_1' title="bbox 428 427 537 487">
     <span class='ocr_line' id='line_1_1' title="bbox 428 427 537 487; baseline 0 -2"><span class='ocrx_word' id='word_1_1' title='bbox 428 427 537 487; x_wconf 68' lang='grc'><strong>825</strong></span> 
     </span>
    </p>
   </div>
   <div class='ocr_carea' id='block_1_2' title="bbox 429 538 2012 623">
    <p class='ocr_par' dir='ltr' id='par_1_2' title="bbox 429 538 2012 623">
     <span class='ocr_line' id='line_1_2' title="bbox 429 538 2012 623; baseline -0.009 -15"><span class='ocrx_word' id='word_1_2' title='bbox 429 550 538 617; x_wconf 90' lang='lat' dir='ltr'><strong>dia,</strong></span> <span class='ocrx_word' id='word_1_3' title='bbox 580 556 638 607; x_wconf 91' lang='lat' dir='ltr'><strong>ut</strong></span> <span class='ocrx_word' id='word_1_4' title='bbox 664 549 1109 623; x_wconf 81' lang='lat' dir='ltr'><strong>quemadmodum</strong></span> <span class='ocrx_word' id='word_1_5' title='bbox 1132 544 1263 605; x_wconf 82' lang='lat' dir='ltr'><strong>nihil</strong></span> <span class='ocrx_word' id='word_1_6' title='bbox 1284 541 1413 601; x_wconf 83' lang='lat' dir='ltr'><strong>boni</strong></span> <span class='ocrx_word' id='word_1_7' title='bbox 1437 541 1509 598; x_wconf 86' lang='lat' dir='ltr'><strong>ita</strong></span> <span class='ocrx_word' id='word_1_8' title='bbox 1534 555 1634 598; x_wconf 91' lang='lat' dir='ltr'><strong>nec</strong></span> <span class='ocrx_word' id='word_1_9' title='bbox 1660 540 1787 596; x_wconf 87' lang='lat' dir='ltr'><strong>mali</strong></span> <span class='ocrx_word' id='word_1_10' title='bbox 1815 538 2012 611; x_wconf 89' lang='lat' dir='ltr'><strong>aliquid</strong></span> 
     </span>
    </p>
   </div>
   <div class='ocr_carea' id='block_1_3' title="bbox 429 632 2008 713">
    <p class='ocr_par' dir='ltr' id='par_1_3' title="bbox 429 632 2008 713">
     <span class='ocr_line' id='line_1_3' title="bbox 429 632 2008 713; baseline -0.009 -14"><span class='ocrx_word' id='word_1_11' title='bbox 429 651 747 713; x_wconf 77' lang='lat' dir='ltr'><strong>mereretur,</strong></span> <span class='ocrx_word' id='word_1_12' title='bbox 774 660 880 700; x_wconf 91' lang='lat' dir='ltr'><strong>non</strong></span> <span class='ocrx_word' id='word_1_13' title='bbox 918 643 1115 699; x_wconf 75' lang='lat' dir='ltr'><strong>frustra</strong></span> <span class='ocrx_word' id='word_1_14' title='bbox 1152 638 1421 694; x_wconf 75' lang='lat' dir='ltr'><strong>videretur</strong></span> <span class='ocrx_word' id='word_1_15' title='bbox 1449 632 1716 704; x_wconf 79' lang='lat' dir='ltr'><strong>iniquitas,</strong></span> <span class='ocrx_word' id='word_1_16' title='bbox 1756 638 1815 686; x_wconf 91' lang='lat' dir='ltr'><strong>ut</strong></span> <span class='ocrx_word' id='word_1_17' title='bbox 1850 647 1916 686; x_wconf 81' lang='lat' dir='ltr'><strong>ex</strong></span> <span class='ocrx_word' id='word_1_18' title='bbox 1945 644 2008 685; x_wconf 90' lang='lat' dir='ltr'><strong>ea</strong></span> 
     </span>
    </p>
   </div>
   <div class='ocr_carea' id='block_1_4' title="bbox 428 724 2008 796">
    <p class='ocr_par' dir='ltr' id='par_1_4' title="bbox 428 724 2008 796">
     <span class='ocr_line' id='line_1_4' title="bbox 428 724 2008 796; baseline -0.009 -5"><span class='ocrx_word' id='word_1_19' title='bbox 428 734 620 791; x_wconf 71' lang='lat' dir='ltr'><strong>flerent</strong></span> <span class='ocrx_word' id='word_1_20' title='bbox 647 750 771 791; x_wconf 91' lang='lat' dir='ltr'><strong>vasa</strong></span> <span class='ocrx_word' id='word_1_21' title='bbox 805 735 859 791; x_wconf 93' lang='lat' dir='ltr'><strong>in</strong></span> <span class='ocrx_word' id='word_1_22' title='bbox 888 732 1297 790; x_wconf 86' lang='lat' dir='ltr'><strong>contumeliam:</strong></span> <span class='ocrx_word' id='word_1_23' title='bbox 1327 743 1448 785; x_wconf 91' lang='lat' dir='ltr'><strong>cum</strong></span> <span class='ocrx_word' id='word_1_24' title='bbox 1480 741 1609 782; x_wconf 89' lang='lat' dir='ltr'><strong>vero</strong></span> <span class='ocrx_word' id='word_1_25' title='bbox 1651 741 1748 796; x_wconf 91' lang='lat' dir='ltr'><strong>per</strong></span> <span class='ocrx_word' id='word_1_26' title='bbox 1781 724 2008 779; x_wconf 90' lang='lat' dir='ltr'><strong>liberum</strong></span> 
     </span>
    </p>
   </div>
   <div class='ocr_carea' id='block_1_5' title="bbox 429 816 2010 896">
    <p class='ocr_par' dir='ltr' id='par_1_5' title="bbox 429 816 2010 896">
     <span class='ocr_line' id='line_1_5' title="bbox 429 816 2010 896; baseline -0.011 -11"><span class='ocrx_word' id='word_1_27' title='bbox 429 827 704 885; x_wconf 83' lang='lat' dir='ltr'><strong>arbitrium</strong></span> <span class='ocrx_word' id='word_1_28' title='bbox 730 824 888 896; x_wconf 87' lang='lat' dir='ltr'><strong>primi</strong></span> <span class='ocrx_word' id='word_1_29' title='bbox 916 822 1146 879; x_wconf 89' lang='lat' dir='ltr'><strong>hominis</strong></span> <span class='ocrx_word' id='word_1_30' title='bbox 1166 822 1217 877; x_wconf 89' lang='lat' dir='ltr'><strong>in</strong></span> <span class='ocrx_word' id='word_1_31' title='bbox 1243 818 1739 877; x_wconf 82' lang='lat' dir='ltr'><strong>condemnationem</strong></span> <span class='ocrx_word' id='word_1_32' title='bbox 1762 816 2010 871; x_wconf 89' lang='lat' dir='ltr'><strong>universa</strong></span> 
     </span>
    </p>
   </div>
   <div class='ocr_carea' id='block_1_6' title="bbox 429 904 2009 986">
    <p class='ocr_par' dir='ltr' id='par_1_6' title="bbox 429 904 2009 986">
     <span class='ocr_line' id='line_1_6' title="bbox 429 904 2009 986; baseline -0.01 -10"><span class='ocrx_word' id='word_1_33' title='bbox 429 916 730 981; x_wconf 80' lang='lat' dir='ltr'><strong>deﬂuxerit,</strong></span> <span class='ocrx_word' id='word_1_34' title='bbox 761 914 946 986; x_wconf 90' lang='lat' dir='ltr'><strong>procul</strong></span> <span class='ocrx_word' id='word_1_35' title='bbox 973 912 1133 969; x_wconf 90' lang='lat' dir='ltr'><strong>dubio</strong></span> <span class='ocrx_word' id='word_1_36' title='bbox 1161 911 1304 982; x_wconf 89' lang='lat' dir='ltr'><strong>quod</strong></span> <span class='ocrx_word' id='word_1_37' title='bbox 1332 925 1397 966; x_wconf 77' lang='lat' dir='ltr'><strong>ex</strong></span> <span class='ocrx_word' id='word_1_38' title='bbox 1420 924 1484 965; x_wconf 92' lang='lat' dir='ltr'><strong>ea</strong></span> <span class='ocrx_word' id='word_1_39' title='bbox 1513 908 1646 963; x_wconf 85' lang='lat' dir='ltr'><strong>ﬁunt</strong></span> <span class='ocrx_word' id='word_1_40' title='bbox 1674 922 1797 963; x_wconf 87' lang='lat' dir='ltr'><strong>vasa</strong></span> <span class='ocrx_word' id='word_1_41' title='bbox 1824 906 1878 960; x_wconf 91' lang='lat' dir='ltr'><strong>in</strong></span> <span class='ocrx_word' id='word_1_42' title='bbox 1906 904 2009 960; x_wconf 90' lang='lat' dir='ltr'><strong>ho-</strong></span> 
     </span>
    </p>
   </div>
   <div class='ocr_carea' id='block_1_7' title="bbox 428 1000 2007 1078">
    <p class='ocr_par' dir='ltr' id='par_1_7' title="bbox 428 1000 2007 1078">
     <span class='ocr_line' id='line_1_7' title="bbox 428 1000 2007 1078; baseline -0.011 -9"><span class='ocrx_word' id='word_1_43' title='bbox 428 1027 638 1076; x_wconf 87' lang='lat' dir='ltr'><strong>norem,</strong></span> <span class='ocrx_word' id='word_1_44' title='bbox 664 1025 770 1064; x_wconf 91' lang='lat' dir='ltr'><strong>non</strong></span> <span class='ocrx_word' id='word_1_45' title='bbox 801 1007 966 1078; x_wconf 84' lang='lat' dir='ltr'><strong>ipsius</strong></span> <span class='ocrx_word' id='word_1_46' title='bbox 1003 1006 1243 1077; x_wconf 76' lang='lat' dir='ltr'><strong>iustitiae,</strong></span> <span class='ocrx_word' id='word_1_47' title='bbox 1284 1019 1400 1075; x_wconf 61' lang='lat' dir='ltr'><strong>quae</strong></span> <span class='ocrx_word' id='word_1_48' title='bbox 1437 1002 1657 1074; x_wconf 79' lang='lat' dir='ltr'><strong>gratiam</strong></span> <span class='ocrx_word' id='word_1_49' title='bbox 1696 1000 1838 1057; x_wconf 92' lang='lat' dir='ltr'><strong>nulla</strong></span> <span class='ocrx_word' id='word_1_50' title='bbox 1868 1015 2007 1069; x_wconf 84' lang='lat' dir='ltr'><strong>prae-</strong></span> 
     </span>
    </p>
   </div>
   <div class='ocr_carea' id='block_1_8' title="bbox 425 1095 2009 1170">
    <p class='ocr_par' dir='ltr' id='par_1_8' title="bbox 425 1095 2009 1170">
     <span class='ocr_line' id='line_1_8' title="bbox 425 1095 2009 1170; baseline -0.009 -9"><span class='ocrx_word' id='word_1_51' title='bbox 425 1105 611 1170; x_wconf 85' lang='lat' dir='ltr'><strong>cessit,</strong></span> <span class='ocrx_word' id='word_1_52' title='bbox 635 1102 730 1160; x_wconf 90' lang='lat' dir='ltr'><strong>sed</strong></span> <span class='ocrx_word' id='word_1_53' title='bbox 764 1101 858 1156; x_wconf 93' lang='lat' dir='ltr'><strong>Dei</strong></span> <span class='ocrx_word' id='word_1_54' title='bbox 886 1098 1292 1165; x_wconf 76' lang='lat' dir='ltr'><strong>misericordiae;</strong></span> <span class='ocrx_word' id='word_1_55' title='bbox 1317 1096 1458 1167; x_wconf 84' lang='lat' dir='ltr'><strong>quod</strong></span> <span class='ocrx_word' id='word_1_56' title='bbox 1493 1110 1620 1151; x_wconf 91' lang='lat' dir='ltr'><strong>vero</strong></span> <span class='ocrx_word' id='word_1_57' title='bbox 1650 1095 1703 1149; x_wconf 93' lang='lat' dir='ltr'><strong>in</strong></span> <span class='ocrx_word' id='word_1_58' title='bbox 1726 1102 2009 1149; x_wconf 88' lang='lat' dir='ltr'><strong>contume-</strong></span> 
     </span>
    </p>
   </div>
   <div class='ocr_carea' id='block_1_9' title="bbox 426 1185 2006 1263">
    <p class='ocr_par' dir='ltr' id='par_1_9' title="bbox 426 1185 2006 1263">
     <span class='ocr_line' id='line_1_9' title="bbox 426 1185 2006 1263; baseline -0.008 -13"><span class='ocrx_word' id='word_1_59' title='bbox 426 1196 574 1263; x_wconf 85' lang='lat' dir='ltr'><strong>liam,</strong></span> <span class='ocrx_word' id='word_1_60' title='bbox 595 1210 701 1249; x_wconf 91' lang='lat' dir='ltr'><strong>non</strong></span> <span class='ocrx_word' id='word_1_61' title='bbox 728 1192 987 1262; x_wconf 81' lang='lat' dir='ltr'><strong>iniquitati</strong></span> <span class='ocrx_word' id='word_1_62' title='bbox 1014 1190 1129 1258; x_wconf 90' lang='lat' dir='ltr'><strong>Dei,</strong></span> <span class='ocrx_word' id='word_1_63' title='bbox 1165 1205 1284 1260; x_wconf 78' lang='lat' dir='ltr'><strong>qua:</strong></span> <span class='ocrx_word' id='word_1_64' title='bbox 1309 1187 1447 1243; x_wconf 91' lang='lat' dir='ltr'><strong>absit</strong></span> <span class='ocrx_word' id='word_1_65' title='bbox 1473 1196 1530 1242; x_wconf 91' lang='lat' dir='ltr'><strong>ut</strong></span> <span class='ocrx_word' id='word_1_66' title='bbox 1558 1187 1625 1242; x_wconf 92' lang='lat' dir='ltr'><strong>sit</strong></span> <span class='ocrx_word' id='word_1_67' title='bbox 1648 1185 1788 1257; x_wconf 89' lang='lat' dir='ltr'><strong>apud</strong></span> <span class='ocrx_word' id='word_1_68' title='bbox 1816 1186 2006 1253; x_wconf 92' lang='lat' dir='ltr'><strong>Deum,</strong></span> 
     </span>
    </p>
   </div>
   <div class='ocr_carea' id='block_1_10' title="bbox 427 1279 2011 1358">
    <p class='ocr_par' dir='ltr' id='par_1_10' title="bbox 427 1279 2011 1358">
     <span class='ocr_line' id='line_1_10' title="bbox 427 1279 2011 1358; baseline -0.006 -15"><span class='ocrx_word' id='word_1_69' title='bbox 427 1287 521 1343; x_wconf 89' lang='lat' dir='ltr'><strong>sed</strong></span> <span class='ocrx_word' id='word_1_70' title='bbox 538 1286 738 1358; x_wconf 92' lang='lat' dir='ltr'><strong>judicio</strong></span> <span class='ocrx_word' id='word_1_71' title='bbox 766 1283 1125 1357; x_wconf 87' lang='lat' dir='ltr'><strong>deputandum</strong></span> <span class='ocrx_word' id='word_1_72' title='bbox 1147 1290 1249 1338; x_wconf 92' lang='lat' dir='ltr'><strong>est.</strong></span> <span class='ocrx_word' id='word_1_73' title='bbox 1280 1282 1392 1336; x_wconf 83' lang='lat' dir='ltr'><strong>Hoc</strong></span> <span class='ocrx_word' id='word_1_74' title='bbox 1415 1280 1653 1351; x_wconf 86' lang='lat' dir='ltr'><strong>quisquis</strong></span> <span class='ocrx_word' id='word_1_75' title='bbox 1674 1295 1795 1334; x_wconf 91' lang='lat' dir='ltr'><strong>cum</strong></span> <span class='ocrx_word' id='word_1_76' title='bbox 1822 1279 2011 1334; x_wconf 85' lang='lat' dir='ltr'><strong>Eccle-</strong></span> 
     </span>
    </p>
   </div>
   <div class='ocr_carea' id='block_1_11' title="bbox 425 1369 2010 1446">
    <p class='ocr_par' dir='ltr' id='par_1_11' title="bbox 425 1369 2010 1446">
     <span class='ocr_line' id='line_1_11' title="bbox 425 1369 2010 1446; baseline -0.006 -12"><span class='ocrx_word' id='word_1_77' title='bbox 425 1380 503 1434; x_wconf 86' lang='lat' dir='ltr'><strong>sia</strong></span> <span class='ocrx_word' id='word_1_78' title='bbox 532 1378 791 1433; x_wconf 89' lang='lat' dir='ltr'><strong>catholica</strong></span> <span class='ocrx_word' id='word_1_79' title='bbox 822 1376 980 1446; x_wconf 89' lang='lat' dir='ltr'><strong>sapit,</strong></span> <span class='ocrx_word' id='word_1_80' title='bbox 1022 1389 1127 1430; x_wconf 90' lang='lat' dir='ltr'><strong>non</strong></span> <span class='ocrx_word' id='word_1_81' title='bbox 1169 1380 1353 1428; x_wconf 89' lang='lat' dir='ltr'><strong>contra</strong></span> <span class='ocrx_word' id='word_1_82' title='bbox 1398 1372 1620 1444; x_wconf 76' lang='lat' dir='ltr'><strong>gratiam</strong></span> <span class='ocrx_word' id='word_1_83' title='bbox 1664 1385 1763 1441; x_wconf 93' lang='lat' dir='ltr'><strong>pro</strong></span> <span class='ocrx_word' id='word_1_84' title='bbox 1806 1369 2010 1425; x_wconf 90' lang='lat' dir='ltr'><strong>meritis</strong></span> 
     </span>
    </p>
   </div>
   <div class='ocr_carea' id='block_1_12' title="bbox 423 1461 2010 1540">
    <p class='ocr_par' dir='ltr' id='par_1_12' title="bbox 423 1461 2010 1540">
     <span class='ocr_line' id='line_1_12' title="bbox 423 1461 2010 1540; baseline -0.006 -15"><span class='ocrx_word' id='word_1_85' title='bbox 423 1469 676 1540; x_wconf 89' lang='lat' dir='ltr'><strong>disputat,</strong></span> <span class='ocrx_word' id='word_1_86' title='bbox 707 1467 800 1523; x_wconf 91' lang='lat' dir='ltr'><strong>sed</strong></span> <span class='ocrx_word' id='word_1_87' title='bbox 827 1465 1243 1523; x_wconf 88' lang='lat' dir='ltr'><strong>misericordiam</strong></span> <span class='ocrx_word' id='word_1_88' title='bbox 1270 1471 1324 1519; x_wconf 80' lang='lat' dir='ltr'><strong>et</strong></span> <span class='ocrx_word' id='word_1_89' title='bbox 1340 1463 1599 1534; x_wconf 88' lang='lat' dir='ltr'><strong>judicium</strong></span> <span class='ocrx_word' id='word_1_90' title='bbox 1628 1461 1855 1517; x_wconf 91' lang='lat' dir='ltr'><strong>Domino</strong></span> <span class='ocrx_word' id='word_1_91' title='bbox 1883 1475 2010 1517; x_wconf 87' lang='lat' dir='ltr'><strong>can-</strong></span> 
     </span>
    </p>
   </div>
   <div class='ocr_carea' id='block_1_13' title="bbox 424 1553 2010 1631">
    <p class='ocr_par' dir='ltr' id='par_1_13' title="bbox 424 1553 2010 1631">
     <span class='ocr_line' id='line_1_13' title="bbox 424 1553 2010 1631; baseline -0.007 -12"><span class='ocrx_word' id='word_1_92' title='bbox 424 1572 523 1631; x_wconf 86' lang='lat' dir='ltr'><strong>tat,</strong></span> <span class='ocrx_word' id='word_1_93' title='bbox 560 1572 737 1618; x_wconf 91' lang='lat' dir='ltr'><strong>utnec</strong></span> <span class='ocrx_word' id='word_1_94' title='bbox 766 1560 1183 1617; x_wconf 90' lang='lat' dir='ltr'><strong>misericordiam</strong></span> <span class='ocrx_word' id='word_1_95' title='bbox 1222 1564 1436 1614; x_wconf 87' lang='lat' dir='ltr'><strong>recuset</strong></span> <span class='ocrx_word' id='word_1_96' title='bbox 1462 1556 1716 1627; x_wconf 86' lang='lat' dir='ltr'><strong>ingratus,</strong></span> <span class='ocrx_word' id='word_1_97' title='bbox 1749 1569 1847 1610; x_wconf 91' lang='lat' dir='ltr'><strong>nec</strong></span> <span class='ocrx_word' id='word_1_98' title='bbox 1868 1553 2010 1625; x_wconf 89' lang='lat' dir='ltr'><strong>judi-</strong></span> 
     </span>
    </p>
   </div>
   <div class='ocr_carea' id='block_1_14' title="bbox 423 1652 1109 1723">
    <p class='ocr_par' dir='ltr' id='par_1_14' title="bbox 423 1652 1109 1723">
     <span class='ocr_line' id='line_1_14' title="bbox 423 1652 1109 1723; baseline -0.007 -13"><span class='ocrx_word' id='word_1_99' title='bbox 423 1657 565 1710; x_wconf 85' lang='lat' dir='ltr'><strong>cium</strong></span> <span class='ocrx_word' id='word_1_100' title='bbox 587 1663 800 1710; x_wconf 88' lang='lat' dir='ltr'><strong>accuset</strong></span> <span class='ocrx_word' id='word_1_101' title='bbox 828 1653 1051 1723; x_wconf 89' lang='lat' dir='ltr'><strong>injustus</strong></span> <span class='ocrx_word' id='word_1_102' title='bbox 1070 1652 1109 1705; x_wconf 72' lang='grc' dir='ltr'><strong>ί.</strong></span> 
     </span>
    </p>
   </div>
   <div class='ocr_carea' id='block_1_15' title="bbox 496 1739 2009 1817">
    <p class='ocr_par' dir='ltr' id='par_1_15' title="bbox 496 1739 2009 1817">
     <span class='ocr_line' id='line_1_15' title="bbox 496 1739 2009 1817; baseline -0.005 -15"><span class='ocrx_word' id='word_1_103' title='bbox 496 1748 584 1803; x_wconf 78' lang='grc'><strong>19.</strong></span> <span class='ocrx_word' id='word_1_104' title='bbox 614 1747 727 1802; x_wconf 88' lang='lat' dir='ltr'><strong>Alia</strong></span> <span class='ocrx_word' id='word_1_105' title='bbox 754 1754 836 1801; x_wconf 89' lang='lat' dir='ltr'><strong>est</strong></span> <span class='ocrx_word' id='word_1_106' title='bbox 861 1760 1090 1817; x_wconf 82' lang='lat' dir='ltr'><strong>namque</strong></span> <span class='ocrx_word' id='word_1_107' title='bbox 1106 1744 1194 1800; x_wconf 89' lang='lat' dir='ltr'><strong>illa</strong></span> <span class='ocrx_word' id='word_1_108' title='bbox 1216 1742 1525 1814; x_wconf 88' lang='lat' dir='ltr'><strong>eonsparsio</strong></span> <span class='ocrx_word' id='word_1_109' title='bbox 1545 1740 1613 1797; x_wconf 91' lang='lat' dir='ltr'><strong>de</strong></span> <span class='ocrx_word' id='word_1_110' title='bbox 1629 1756 1732 1813; x_wconf 90' lang='lat' dir='ltr'><strong>qua</strong></span> <span class='ocrx_word' id='word_1_111' title='bbox 1753 1740 1897 1796; x_wconf 91' lang='lat' dir='ltr'><strong>idem</strong></span> <span class='ocrx_word' id='word_1_112' title='bbox 1926 1739 2009 1795; x_wconf 86' lang='lat' dir='ltr'><strong>di-</strong></span> 
     </span>
    </p>
   </div>
   <div class='ocr_carea' id='block_1_16' title="bbox 423 1834 2008 1907">
    <p class='ocr_par' dir='ltr' id='par_1_16' title="bbox 423 1834 2008 1907">
     <span class='ocr_line' id='line_1_16' title="bbox 423 1834 2008 1907; baseline -0.005 -13"><span class='ocrx_word' id='word_1_113' title='bbox 423 1839 498 1894; x_wconf 89' lang='lat' dir='ltr'><strong>cit</strong></span> <span class='ocrx_word' id='word_1_114' title='bbox 538 1835 822 1907; x_wconf 82' lang='lat' dir='ltr'><strong>Apostolus</strong></span> <span class='ocrx_word' id='word_1_115' title='bbox 852 1856 865 1891; x_wconf 92' lang='lat'><strong>:</strong></span> <span class='ocrx_word' id='word_1_116' title='bbox 900 1837 961 1892; x_wconf 89' lang='lat' dir='ltr'><strong>Si</strong></span> <span class='ocrx_word' id='word_1_117' title='bbox 1002 1844 1169 1893; x_wconf 84' lang='lat' dir='ltr'><strong>autem</strong></span> <span class='ocrx_word' id='word_1_118' title='bbox 1192 1834 1431 1906; x_wconf 88' lang='lat' dir='ltr'><strong>delibatio</strong></span> <span class='ocrx_word' id='word_1_119' title='bbox 1457 1841 1633 1889; x_wconf 88' lang='lat' dir='ltr'><strong>sancta</strong></span> <span class='ocrx_word' id='word_1_120' title='bbox 1661 1841 1767 1898; x_wconf 89' lang='lat' dir='ltr'><strong>est,</strong></span> <span class='ocrx_word' id='word_1_121' title='bbox 1800 1840 1846 1886; x_wconf 89' lang='lat' dir='ltr'><strong>et</strong></span> <span class='ocrx_word' id='word_1_122' title='bbox 1883 1849 2008 1887; x_wconf 88' lang='lat' dir='ltr'><strong>con-</strong></span> 
     </span>
    </p>
   </div>
   <div class='ocr_carea' id='block_1_17' title="bbox 421 1923 2002 2001">
    <p class='ocr_par' dir='ltr' id='par_1_17' title="bbox 421 1923 2002 2001">
     <span class='ocr_line' id='line_1_17' title="bbox 421 1923 2002 2001; baseline -0.004 -16"><span class='ocrx_word' id='word_1_123' title='bbox 421 1931 656 2001; x_wconf 86' lang='lat' dir='ltr'><strong>sparsio;</strong></span> <span class='ocrx_word' id='word_1_124' title='bbox 680 1938 725 1983; x_wconf 89' lang='lat' dir='ltr'><strong>et</strong></span> <span class='ocrx_word' id='word_1_125' title='bbox 748 1930 791 1984; x_wconf 96' lang='lat' dir='ltr'><strong>si</strong></span> <span class='ocrx_word' id='word_1_126' title='bbox 810 1928 961 1984; x_wconf 80' lang='lat' dir='ltr'><strong>radia:</strong></span> <span class='ocrx_word' id='word_1_127' title='bbox 983 1936 1160 1984; x_wconf 89' lang='lat' dir='ltr'><strong>sancta</strong></span> <span class='ocrx_word' id='word_1_128' title='bbox 1187 1936 1278 1995; x_wconf 89' lang='lat' dir='ltr'><strong>est,</strong></span> <span class='ocrx_word' id='word_1_129' title='bbox 1304 1936 1351 1982; x_wconf 87' lang='lat' dir='ltr'><strong>et</strong></span> <span class='ocrx_word' id='word_1_130' title='bbox 1378 1926 1509 1981; x_wconf 90' lang='lat' dir='ltr'><strong>rami</strong></span> <span class='ocrx_word' id='word_1_131' title='bbox 1538 1923 1725 2000; x_wconf 85' lang='lat' dir='ltr'><strong>(Rom.</strong></span> <span class='ocrx_word' id='word_1_132' title='bbox 1757 1940 1836 1990; x_wconf 66' lang='grc' dir='ltr'><strong>ιι,</strong></span> <span class='ocrx_word' id='word_1_133' title='bbox 1873 1923 2002 1995; x_wconf 83' lang='grc'><strong>16).</strong></span> 
     </span>
    </p>
   </div>
   <div class='ocr_carea' id='block_1_18' title="bbox 422 2015 2008 2087">
    <p class='ocr_par' dir='ltr' id='par_1_18' title="bbox 422 2015 2008 2087">
     <span class='ocr_line' id='line_1_18' title="bbox 422 2015 2008 2087; baseline -0.004 -12"><span class='ocrx_word' id='word_1_134' title='bbox 422 2019 518 2075; x_wconf 89' lang='lat' dir='ltr'><strong>llla</strong></span> <span class='ocrx_word' id='word_1_135' title='bbox 542 2028 627 2075; x_wconf 89' lang='lat' dir='ltr'><strong>est</strong></span> <span class='ocrx_word' id='word_1_136' title='bbox 651 2035 715 2074; x_wconf 80' lang='lat' dir='ltr'><strong>ex</strong></span> <span class='ocrx_word' id='word_1_137' title='bbox 744 2019 1013 2075; x_wconf 81' lang='lat' dir='ltr'><strong>Abraham</strong></span> <span class='ocrx_word' id='word_1_138' title='bbox 1039 2060 1054 2087; x_wconf 91' lang='lat'><strong>,</strong></span> <span class='ocrx_word' id='word_1_139' title='bbox 1084 2035 1190 2074; x_wconf 93' lang='lat' dir='ltr'><strong>non</strong></span> <span class='ocrx_word' id='word_1_140' title='bbox 1235 2034 1299 2074; x_wconf 79' lang='lat' dir='ltr'><strong>ex</strong></span> <span class='ocrx_word' id='word_1_141' title='bbox 1330 2018 1497 2072; x_wconf 83' lang='lat' dir='ltr'><strong>Adam</strong></span> <span class='ocrx_word' id='word_1_142' title='bbox 1524 2058 1539 2083; x_wconf 91' lang='lat'><strong>,</strong></span> <span class='ocrx_word' id='word_1_143' title='bbox 1571 2015 1622 2071; x_wconf 94' lang='lat' dir='ltr'><strong>id</strong></span> <span class='ocrx_word' id='word_1_144' title='bbox 1649 2023 1731 2072; x_wconf 91' lang='lat' dir='ltr'><strong>est</strong></span> <span class='ocrx_word' id='word_1_145' title='bbox 1756 2031 1822 2070; x_wconf 81' lang='lat' dir='ltr'><strong>ex</strong></span> <span class='ocrx_word' id='word_1_146' title='bbox 1862 2030 2008 2071; x_wconf 85' lang='lat' dir='ltr'><strong>com-</strong></span> 
     </span>
    </p>
   </div>
   <div class='ocr_carea' id='block_1_19' title="bbox 422 2107 2010 2175">
    <p class='ocr_par' dir='ltr' id='par_1_19' title="bbox 422 2107 2010 2175">
     <span class='ocr_line' id='line_1_19' title="bbox 422 2107 2010 2175; baseline -0.004 -9"><span class='ocrx_word' id='word_1_147' title='bbox 422 2111 675 2166; x_wconf 90' lang='lat' dir='ltr'><strong>munione</strong></span> <span class='ocrx_word' id='word_1_148' title='bbox 702 2110 1019 2165; x_wconf 88' lang='lat' dir='ltr'><strong>sacramenti</strong></span> <span class='ocrx_word' id='word_1_149' title='bbox 1050 2118 1101 2165; x_wconf 88' lang='lat' dir='ltr'><strong>et</strong></span> <span class='ocrx_word' id='word_1_150' title='bbox 1127 2108 1471 2164; x_wconf 89' lang='lat' dir='ltr'><strong>similitudine</strong></span> <span class='ocrx_word' id='word_1_151' title='bbox 1494 2107 1638 2174; x_wconf 74' lang='lat' dir='ltr'><strong>fidei,</strong></span> <span class='ocrx_word' id='word_1_152' title='bbox 1668 2122 1773 2161; x_wconf 91' lang='lat' dir='ltr'><strong>non</strong></span> <span class='ocrx_word' id='word_1_153' title='bbox 1794 2122 1861 2163; x_wconf 80' lang='lat' dir='ltr'><strong>ex</strong></span> <span class='ocrx_word' id='word_1_154' title='bbox 1884 2121 2010 2175; x_wconf 88' lang='lat' dir='ltr'><strong>pro-</strong></span> 
     </span>
    </p>
   </div>
   <div class='ocr_carea' id='block_1_20' title="bbox 420 2197 2009 2272">
    <p class='ocr_par' dir='ltr' id='par_1_20' title="bbox 420 2197 2009 2272">
     <span class='ocr_line' id='line_1_20' title="bbox 420 2197 2009 2272; baseline -0.002 -18"><span class='ocrx_word' id='word_1_155' title='bbox 420 2202 612 2272; x_wconf 80' lang='lat' dir='ltr'><strong>pagine</strong></span> <span class='ocrx_word' id='word_1_156' title='bbox 637 2201 845 2255; x_wconf 87' lang='lat' dir='ltr'><strong>mortali</strong></span> <span class='ocrx_word' id='word_1_157' title='bbox 881 2219 893 2254; x_wconf 93' lang='lat'><strong>:</strong></span> <span class='ocrx_word' id='word_1_158' title='bbox 924 2202 1024 2255; x_wconf 90' lang='lat' dir='ltr'><strong>ista</strong></span> <span class='ocrx_word' id='word_1_159' title='bbox 1044 2215 1172 2256; x_wconf 90' lang='lat' dir='ltr'><strong>vero</strong></span> <span class='ocrx_word' id='word_1_160' title='bbox 1200 2200 1283 2255; x_wconf 93' lang='lat' dir='ltr'><strong>vel</strong></span> <span class='ocrx_word' id='word_1_161' title='bbox 1310 2198 1645 2272; x_wconf 88' lang='lat' dir='ltr'><strong>consparsio,</strong></span> <span class='ocrx_word' id='word_1_162' title='bbox 1676 2198 1759 2253; x_wconf 91' lang='lat' dir='ltr'><strong>vel</strong></span> <span class='ocrx_word' id='word_1_163' title='bbox 1791 2197 1930 2252; x_wconf 90' lang='lat' dir='ltr'><strong>sicut</strong></span> <span class='ocrx_word' id='word_1_164' title='bbox 1954 2197 2009 2252; x_wconf 92' lang='lat' dir='ltr'><strong>in</strong></span> 
     </span>
    </p>
   </div>
   <div class='ocr_carea' id='block_1_21' title="bbox 420 2290 2007 2364">
    <p class='ocr_par' dir='ltr' id='par_1_21' title="bbox 420 2290 2007 2364">
     <span class='ocr_line' id='line_1_21' title="bbox 420 2290 2007 2364; baseline -0.001 -18"><span class='ocrx_word' id='word_1_165' title='bbox 420 2294 689 2363; x_wconf 87' lang='lat' dir='ltr'><strong>plerisque</strong></span> <span class='ocrx_word' id='word_1_166' title='bbox 709 2292 981 2347; x_wconf 90' lang='lat' dir='ltr'><strong>codicibus</strong></span> <span class='ocrx_word' id='word_1_167' title='bbox 1010 2293 1201 2363; x_wconf 77' lang='lat' dir='ltr'><strong>legitur</strong></span> <span class='ocrx_word' id='word_1_168' title='bbox 1227 2335 1243 2362; x_wconf 93' lang='lat'><strong>,</strong></span> <span class='ocrx_word' id='word_1_169' title='bbox 1270 2306 1446 2347; x_wconf 91' lang='lat' dir='ltr'><strong>massa</strong></span> <span class='ocrx_word' id='word_1_170' title='bbox 1477 2290 1550 2364; x_wconf 90' lang='lat' dir='ltr'><strong>(a)</strong></span> <span class='ocrx_word' id='word_1_171' title='bbox 1576 2333 1590 2357; x_wconf 92' lang='lat'><strong>,</strong></span> <span class='ocrx_word' id='word_1_172' title='bbox 1619 2291 1866 2362; x_wconf 91' lang='lat' dir='ltr'><strong>quoniam</strong></span> <span class='ocrx_word' id='word_1_173' title='bbox 1900 2301 2007 2345; x_wconf 91' lang='lat' dir='ltr'><strong>tota</strong></span> 
     </span>
    </p>
   </div>
   <div class='ocr_carea' id='block_1_22' title="bbox 419 2383 2006 2455">
    <p class='ocr_par' dir='ltr' id='par_1_22' title="bbox 419 2383 2006 2455">
     <span class='ocr_line' id='line_1_22' title="bbox 419 2383 2006 2455; baseline -0.002 -16"><span class='ocrx_word' id='word_1_174' title='bbox 419 2384 612 2439; x_wconf 88' lang='lat' dir='ltr'><strong>mortis</strong></span> <span class='ocrx_word' id='word_1_175' title='bbox 632 2392 735 2449; x_wconf 91' lang='lat' dir='ltr'><strong>est,</strong></span> <span class='ocrx_word' id='word_1_176' title='bbox 766 2399 884 2439; x_wconf 89' lang='lat' dir='ltr'><strong>eum</strong></span> <span class='ocrx_word' id='word_1_177' title='bbox 916 2399 1013 2455; x_wconf 89' lang='lat' dir='ltr'><strong>per</strong></span> <span class='ocrx_word' id='word_1_178' title='bbox 1042 2400 1204 2439; x_wconf 90' lang='lat' dir='ltr'><strong>unum</strong></span> <span class='ocrx_word' id='word_1_179' title='bbox 1232 2384 1504 2439; x_wconf 87' lang='lat' dir='ltr'><strong>hominem</strong></span> <span class='ocrx_word' id='word_1_180' title='bbox 1530 2392 1808 2455; x_wconf 88' lang='lat' dir='ltr'><strong>peccatum</strong></span> <span class='ocrx_word' id='word_1_181' title='bbox 1837 2383 2006 2438; x_wconf 85' lang='lat' dir='ltr'><strong>intra-</strong></span> 
     </span>
    </p>
   </div>
   <div class='ocr_carea' id='block_1_23' title="bbox 418 2475 2009 2547">
    <p class='ocr_par' dir='ltr' id='par_1_23' title="bbox 418 2475 2009 2547">
     <span class='ocr_line' id='line_1_23' title="bbox 418 2475 2009 2547; baseline 0.001 -17"><span class='ocrx_word' id='word_1_182' title='bbox 418 2477 497 2530; x_wconf 86' lang='lat' dir='ltr'><strong>vit</strong></span> <span class='ocrx_word' id='word_1_183' title='bbox 526 2476 577 2529; x_wconf 91' lang='lat' dir='ltr'><strong>in</strong></span> <span class='ocrx_word' id='word_1_184' title='bbox 608 2475 862 2531; x_wconf 88' lang='lat' dir='ltr'><strong>mundum</strong></span> <span class='ocrx_word' id='word_1_185' title='bbox 888 2518 903 2540; x_wconf 89' lang='lat'><strong>,</strong></span> <span class='ocrx_word' id='word_1_186' title='bbox 932 2485 986 2532; x_wconf 92' lang='lat' dir='ltr'><strong>et</strong></span> <span class='ocrx_word' id='word_1_187' title='bbox 1010 2492 1105 2547; x_wconf 91' lang='lat' dir='ltr'><strong>per</strong></span> <span class='ocrx_word' id='word_1_188' title='bbox 1134 2486 1406 2547; x_wconf 89' lang='lat' dir='ltr'><strong>peccatum</strong></span> <span class='ocrx_word' id='word_1_189' title='bbox 1436 2492 1603 2543; x_wconf 87' lang='lat' dir='ltr'><strong>mors,</strong></span> <span class='ocrx_word' id='word_1_190' title='bbox 1634 2486 1690 2533; x_wconf 92' lang='lat' dir='ltr'><strong>et</strong></span> <span class='ocrx_word' id='word_1_191' title='bbox 1717 2478 1787 2532; x_wconf 90' lang='lat' dir='ltr'><strong>ita</strong></span> <span class='ocrx_word' id='word_1_192' title='bbox 1816 2478 1868 2532; x_wconf 91' lang='lat' dir='ltr'><strong>in</strong></span> <span class='ocrx_word' id='word_1_193' title='bbox 1892 2492 2009 2531; x_wconf 85' lang='lat' dir='ltr'><strong>om-</strong></span> 
     </span>
    </p>
   </div>
   <div class='ocr_carea' id='block_1_24' title="bbox 418 2567 2004 2640">
    <p class='ocr_par' dir='ltr' id='par_1_24' title="bbox 418 2567 2004 2640">
     <span class='ocr_line' id='line_1_24' title="bbox 418 2567 2004 2640; baseline 0 -17"><span class='ocrx_word' id='word_1_194' title='bbox 418 2582 519 2623; x_wconf 91' lang='lat' dir='ltr'><strong>nes</strong></span> <span class='ocrx_word' id='word_1_195' title='bbox 546 2567 788 2622; x_wconf 81' lang='lat' dir='ltr'><strong>homines</strong></span> <span class='ocrx_word' id='word_1_196' title='bbox 814 2569 1122 2637; x_wconf 89' lang='lat' dir='ltr'><strong>pertransiit</strong></span> <span class='ocrx_word' id='word_1_197' title='bbox 1146 2610 1163 2637; x_wconf 93' lang='lat'><strong>,</strong></span> <span class='ocrx_word' id='word_1_198' title='bbox 1198 2569 1253 2623; x_wconf 91' lang='lat' dir='ltr'><strong>in</strong></span> <span class='ocrx_word' id='word_1_199' title='bbox 1279 2584 1384 2638; x_wconf 92' lang='lat' dir='ltr'><strong>quo</strong></span> <span class='ocrx_word' id='word_1_200' title='bbox 1410 2584 1596 2625; x_wconf 91' lang='lat' dir='ltr'><strong>omnes</strong></span> <span class='ocrx_word' id='word_1_201' title='bbox 1621 2580 2004 2640; x_wconf 88' lang='lat' dir='ltr'><strong>peccaverunt;</strong></span> 
     </span>
    </p>
   </div>
   <div class='ocr_carea' id='block_1_25' title="bbox 418 2660 2006 2733">
    <p class='ocr_par' dir='ltr' id='par_1_25' title="bbox 418 2660 2006 2733">
     <span class='ocr_line' id='line_1_25' title="bbox 418 2660 2006 2733; baseline -0.001 -16"><span class='ocrx_word' id='word_1_202' title='bbox 418 2661 790 2717; x_wconf 87' lang='lat' dir='ltr'><strong>misericordia</strong></span> <span class='ocrx_word' id='word_1_203' title='bbox 818 2676 883 2717; x_wconf 84' lang='lat' dir='ltr'><strong>ex</strong></span> <span class='ocrx_word' id='word_1_204' title='bbox 909 2661 997 2716; x_wconf 87' lang='lat' dir='ltr'><strong>illa</strong></span> <span class='ocrx_word' id='word_1_205' title='bbox 1030 2662 1088 2716; x_wconf 84' lang='lat' dir='ltr'><strong>ﬁt</strong></span> <span class='ocrx_word' id='word_1_206' title='bbox 1114 2661 1258 2717; x_wconf 90' lang='lat' dir='ltr'><strong>aliud</strong></span> <span class='ocrx_word' id='word_1_207' title='bbox 1288 2676 1381 2717; x_wconf 92' lang='lat' dir='ltr'><strong>vas</strong></span> <span class='ocrx_word' id='word_1_208' title='bbox 1410 2661 1464 2717; x_wconf 91' lang='lat' dir='ltr'><strong>in</strong></span> <span class='ocrx_word' id='word_1_209' title='bbox 1495 2660 1779 2726; x_wconf 88' lang='lat' dir='ltr'><strong>honorem,</strong></span> <span class='ocrx_word' id='word_1_210' title='bbox 1803 2660 2006 2733; x_wconf 83' lang='lat' dir='ltr'><strong>judicio</strong></span> 
     </span>
    </p>
   </div>
   <div class='ocr_carea' id='block_1_26' title="bbox 420 2752 2008 2824">
    <p class='ocr_par' dir='ltr' id='par_1_26' title="bbox 420 2752 2008 2824">
     <span class='ocr_line' id='line_1_26' title="bbox 420 2752 2008 2824; baseline 0.001 -18"><span class='ocrx_word' id='word_1_211' title='bbox 420 2763 606 2808; x_wconf 88' lang='lat' dir='ltr'><strong>autem</strong></span> <span class='ocrx_word' id='word_1_212' title='bbox 650 2753 791 2807; x_wconf 91' lang='lat' dir='ltr'><strong>aliud</strong></span> <span class='ocrx_word' id='word_1_213' title='bbox 840 2753 893 2807; x_wconf 92' lang='lat' dir='ltr'><strong>in</strong></span> <span class='ocrx_word' id='word_1_214' title='bbox 938 2754 1336 2810; x_wconf 87' lang='lat' dir='ltr'><strong>contumeliam.</strong></span> <span class='ocrx_word' id='word_1_215' title='bbox 1377 2752 1560 2824; x_wconf 86' lang='lat' dir='ltr'><strong>Neque</strong></span> <span class='ocrx_word' id='word_1_216' title='bbox 1588 2753 1660 2808; x_wconf 89' lang='lat' dir='ltr'><strong>ibi</strong></span> <span class='ocrx_word' id='word_1_217' title='bbox 1699 2753 2008 2824; x_wconf 73' lang='lat' dir='ltr'><strong>prmcedunt</strong></span> 
     </span>
    </p>
   </div>
   <div class='ocr_carea' id='block_1_27' title="bbox 418 2845 2007 2917">
    <p class='ocr_par' dir='ltr' id='par_1_27' title="bbox 418 2845 2007 2917">
     <span class='ocr_line' id='line_1_27' title="bbox 418 2845 2007 2917; baseline 0.001 -17"><span class='ocrx_word' id='word_1_218' title='bbox 418 2845 611 2900; x_wconf 89' lang='lat' dir='ltr'><strong>merita</strong></span> <span class='ocrx_word' id='word_1_219' title='bbox 655 2846 877 2916; x_wconf 77' lang='lat' dir='ltr'><strong>gratiam</strong></span> <span class='ocrx_word' id='word_1_220' title='bbox 923 2845 1227 2912; x_wconf 89' lang='lat' dir='ltr'><strong>liberantis;</strong></span> <span class='ocrx_word' id='word_1_221' title='bbox 1274 2861 1449 2917; x_wconf 91' lang='lat' dir='ltr'><strong>neque</strong></span> <span class='ocrx_word' id='word_1_222' title='bbox 1484 2845 1572 2901; x_wconf 89' lang='lat' dir='ltr'><strong>hic</strong></span> <span class='ocrx_word' id='word_1_223' title='bbox 1599 2846 1856 2917; x_wconf 84' lang='lat' dir='ltr'><strong>ell&#39;ugiunt</strong></span> <span class='ocrx_word' id='word_1_224' title='bbox 1884 2862 2007 2917; x_wconf 81' lang='lat' dir='ltr'><strong>pee-</strong></span> 
     </span>
    </p>
   </div>
   <div class='ocr_carea' id='block_1_28' title="bbox 419 2932 2007 3008">
    <p class='ocr_par' dir='ltr' id='par_1_28' title="bbox 419 2932 2007 3008">
     <span class='ocr_line' id='line_1_28' title="bbox 419 2932 2007 3008; baseline 0.001 -17"><span class='ocrx_word' id='word_1_225' title='bbox 419 2946 537 2991; x_wconf 87' lang='lat' dir='ltr'><strong>cata</strong></span> <span class='ocrx_word' id='word_1_226' title='bbox 580 2936 837 3007; x_wconf 87' lang='lat' dir='ltr'><strong>justitiam</strong></span> <span class='ocrx_word' id='word_1_227' title='bbox 887 2932 1173 3008; x_wconf 89' lang='lat' dir='ltr'><strong>punientis.</strong></span> <span class='ocrx_word' id='word_1_228' title='bbox 1224 2937 1377 3004; x_wconf 85' lang='lat' dir='ltr'><strong>Quod</strong></span> <span class='ocrx_word' id='word_1_229' title='bbox 1416 2937 1631 3008; x_wconf 88' lang='lat' dir='ltr'><strong>quidem</strong></span> <span class='ocrx_word' id='word_1_230' title='bbox 1663 2938 1714 2992; x_wconf 89' lang='lat' dir='ltr'><strong>in</strong></span> <span class='ocrx_word' id='word_1_231' title='bbox 1760 2939 2007 2993; x_wconf 75' lang='lat' dir='ltr'><strong>aetatibus</strong></span> 
     </span>
    </p>
   </div>
   <div class='ocr_carea' id='block_1_29' title="bbox 419 3029 2008 3100">
    <p class='ocr_par' dir='ltr' id='par_1_29' title="bbox 419 3029 2008 3100">
     <span class='ocr_line' id='line_1_29' title="bbox 419 3029 2008 3100; baseline -0.003 -13"><span class='ocrx_word' id='word_1_232' title='bbox 419 3032 709 3100; x_wconf 86' lang='lat' dir='ltr'><strong>majoribus</strong></span> <span class='ocrx_word' id='word_1_233' title='bbox 738 3030 993 3087; x_wconf 88' lang='lat' dir='ltr'><strong>adversus</strong></span> <span class='ocrx_word' id='word_1_234' title='bbox 1030 3031 1399 3086; x_wconf 87' lang='lat' dir='ltr'><strong>contensiosos</strong></span> <span class='ocrx_word' id='word_1_235' title='bbox 1438 3044 1546 3085; x_wconf 90' lang='lat' dir='ltr'><strong>non</strong></span> <span class='ocrx_word' id='word_1_236' title='bbox 1586 3040 1691 3084; x_wconf 91' lang='lat' dir='ltr'><strong>tam</strong></span> <span class='ocrx_word' id='word_1_237' title='bbox 1734 3029 2008 3084; x_wconf 82' lang='lat' dir='ltr'><strong>evidenter</strong></span> 
     </span>
    </p>
   </div>
   <div class='ocr_carea' id='block_1_30' title="bbox 419 3122 2008 3193">
    <p class='ocr_par' dir='ltr' id='par_1_30' title="bbox 419 3122 2008 3193">
     <span class='ocr_line' id='line_1_30' title="bbox 419 3122 2008 3193; baseline -0.001 -14"><span class='ocrx_word' id='word_1_238' title='bbox 419 3132 657 3193; x_wconf 85' lang='lat' dir='ltr'><strong>apparet,</strong></span> <span class='ocrx_word' id='word_1_239' title='bbox 692 3123 783 3178; x_wconf 92' lang='lat' dir='ltr'><strong>ubi</strong></span> <span class='ocrx_word' id='word_1_240' title='bbox 809 3138 905 3193; x_wconf 92' lang='lat' dir='ltr'><strong>pro</strong></span> <span class='ocrx_word' id='word_1_241' title='bbox 930 3123 1132 3177; x_wconf 89' lang='lat' dir='ltr'><strong>meritis</strong></span> <span class='ocrx_word' id='word_1_242' title='bbox 1162 3124 1435 3177; x_wconf 91' lang='lat' dir='ltr'><strong>hominum</strong></span> <span class='ocrx_word' id='word_1_243' title='bbox 1468 3122 1839 3192; x_wconf 88' lang='lat' dir='ltr'><strong>qualicumque</strong></span> <span class='ocrx_word' id='word_1_244' title='bbox 1862 3122 2008 3177; x_wconf 88' lang='lat' dir='ltr'><strong>velut</strong></span> 
     </span>
    </p>
   </div>
   <div class='ocr_carea' id='block_1_31' title="bbox 419 3213 2005 3285">
    <p class='ocr_par' dir='ltr' id='par_1_31' title="bbox 419 3213 2005 3285">
     <span class='ocr_line' id='line_1_31' title="bbox 419 3213 2005 3285; baseline 0 -18"><span class='ocrx_word' id='word_1_245' title='bbox 419 3214 646 3285; x_wconf 85' lang='lat' dir='ltr'><strong>protecti</strong></span> <span class='ocrx_word' id='word_1_246' title='bbox 689 3214 1018 3269; x_wconf 88' lang='lat' dir='ltr'><strong>obscuritate</strong></span> <span class='ocrx_word' id='word_1_247' title='bbox 1040 3213 1357 3283; x_wconf 81' lang='lat' dir='ltr'><strong>confugiunt</strong></span> <span class='ocrx_word' id='word_1_248' title='bbox 1390 3231 1403 3267; x_wconf 89' lang='lat'>:</span> <span class='ocrx_word' id='word_1_249' title='bbox 1432 3213 1524 3266; x_wconf 77' lang='lat' dir='ltr'><strong>sed</strong></span> <span class='ocrx_word' id='word_1_250' title='bbox 1552 3213 1673 3268; x_wconf 92' lang='lat' dir='ltr'><strong>ideo</strong></span> <span class='ocrx_word' id='word_1_251' title='bbox 1698 3221 1881 3267; x_wconf 89' lang='lat' dir='ltr'><strong>contra</strong></span> <span class='ocrx_word' id='word_1_252' title='bbox 1910 3228 2005 3267; x_wconf 93' lang='lat' dir='ltr'><strong>eo-</strong></span> 
     </span>
    </p>
   </div>
   <div class='ocr_carea' id='block_1_32' title="bbox 419 3306 2006 3376">
    <p class='ocr_par' dir='ltr' id='par_1_32' title="bbox 419 3306 2006 3376">
     <span class='ocr_line' id='line_1_32' title="bbox 419 3306 2006 3376; baseline -0.001 -14"><span class='ocrx_word' id='word_1_253' title='bbox 419 3322 540 3362; x_wconf 87' lang='lat' dir='ltr'><strong>rum</strong></span> <span class='ocrx_word' id='word_1_254' title='bbox 566 3306 963 3362; x_wconf 86' lang='lat' dir='ltr'><strong>contentionem</strong></span> <span class='ocrx_word' id='word_1_255' title='bbox 992 3307 1111 3360; x_wconf 91' lang='lat' dir='ltr'><strong>illos</strong></span> <span class='ocrx_word' id='word_1_256' title='bbox 1138 3306 1339 3361; x_wconf 91' lang='lat' dir='ltr'><strong>invehit</strong></span> <span class='ocrx_word' id='word_1_257' title='bbox 1379 3306 1667 3376; x_wconf 83' lang='lat' dir='ltr'><strong>Apostolus</strong></span> <span class='ocrx_word' id='word_1_258' title='bbox 1690 3348 1706 3374; x_wconf 94' lang='lat'><strong>,</strong></span> <span class='ocrx_word' id='word_1_259' title='bbox 1736 3308 1787 3361; x_wconf 93' lang='lat' dir='ltr'><strong>in</strong></span> <span class='ocrx_word' id='word_1_260' title='bbox 1815 3307 2006 3376; x_wconf 88' lang='lat' dir='ltr'><strong>quibus</strong></span> 
     </span>
    </p>
   </div>
   <div class='ocr_carea' id='block_1_33' title="bbox 419 3396 2003 3467">
    <p class='ocr_par' dir='ltr' id='par_1_33' title="bbox 419 3396 2003 3467">
     <span class='ocr_line' id='line_1_33' title="bbox 419 3396 2003 3467; baseline -0.001 -15"><span class='ocrx_word' id='word_1_261' title='bbox 419 3397 657 3452; x_wconf 90' lang='lat' dir='ltr'><strong>nondum</strong></span> <span class='ocrx_word' id='word_1_262' title='bbox 682 3397 838 3461; x_wconf 90' lang='lat' dir='ltr'><strong>natis,</strong></span> <span class='ocrx_word' id='word_1_263' title='bbox 866 3412 1039 3467; x_wconf 89' lang='lat' dir='ltr'><strong>neque</strong></span> <span class='ocrx_word' id='word_1_264' title='bbox 1065 3396 1344 3467; x_wconf 83' lang='lat' dir='ltr'><strong>agentibus</strong></span> <span class='ocrx_word' id='word_1_265' title='bbox 1369 3396 1566 3467; x_wconf 91' lang='lat' dir='ltr'><strong>aliquid</strong></span> <span class='ocrx_word' id='word_1_266' title='bbox 1586 3397 1710 3451; x_wconf 92' lang='lat' dir='ltr'><strong>boni</strong></span> <span class='ocrx_word' id='word_1_267' title='bbox 1738 3406 1829 3451; x_wconf 86' lang='lat' dir='ltr'><strong>aut</strong></span> <span class='ocrx_word' id='word_1_268' title='bbox 1857 3397 2003 3462; x_wconf 84' lang='lat' dir='ltr'><strong>mali,</strong></span> 
     </span>
    </p>
   </div>
   <div class='ocr_carea' id='block_1_34' title="bbox 418 3485 2009 3559">
    <p class='ocr_par' dir='ltr' id='par_1_34' title="bbox 418 3485 2009 3559">
     <span class='ocr_line' id='line_1_34' title="bbox 418 3485 2009 3559; baseline 0.001 -18"><span class='ocrx_word' id='word_1_269' title='bbox 418 3504 523 3541; x_wconf 91' lang='lat' dir='ltr'><strong>non</strong></span> <span class='ocrx_word' id='word_1_270' title='bbox 550 3505 611 3542; x_wconf 81' lang='lat' dir='ltr'><strong>ea:</strong></span> <span class='ocrx_word' id='word_1_271' title='bbox 642 3487 893 3559; x_wconf 78' lang='lat' dir='ltr'><strong>operibus,</strong></span> <span class='ocrx_word' id='word_1_272' title='bbox 924 3485 1013 3541; x_wconf 86' lang='lat' dir='ltr'><strong>sed</strong></span> <span class='ocrx_word' id='word_1_273' title='bbox 1051 3503 1113 3541; x_wconf 68' lang='lat' dir='ltr'><strong>ex</strong></span> <span class='ocrx_word' id='word_1_274' title='bbox 1146 3494 1353 3542; x_wconf 78' lang='lat' dir='ltr'><strong>vocante</strong></span> <span class='ocrx_word' id='word_1_275' title='bbox 1374 3486 1563 3541; x_wconf 87' lang='lat' dir='ltr'><strong>dictum</strong></span> <span class='ocrx_word' id='word_1_276' title='bbox 1582 3496 1673 3553; x_wconf 87' lang='lat' dir='ltr'><strong>est,</strong></span> <span class='ocrx_word' id='word_1_277' title='bbox 1705 3486 1879 3558; x_wconf 77' lang='lat' dir='ltr'><strong>Major</strong></span> <span class='ocrx_word' id='word_1_278' title='bbox 1902 3504 2009 3542; x_wconf 82' lang='lat' dir='ltr'><strong>ser-</strong></span> 
     </span>
    </p>
   </div>
   <div class='ocr_carea' id='block_1_35' title="bbox 418 3580 745 3633">
    <p class='ocr_par' dir='ltr' id='par_1_35' title="bbox 418 3580 745 3633">
     <span class='ocr_line' id='line_1_35' title="bbox 418 3580 745 3633; baseline 0.003 -1"><span class='ocrx_word' id='word_1_279' title='bbox 418 3581 517 3633; x_wconf 74' lang='lat' dir='ltr'><strong>viet</strong></span> <span class='ocrx_word' id='word_1_280' title='bbox 542 3580 745 3633; x_wconf 87' lang='lat' dir='ltr'><strong>minori.</strong></span> 
     </span>
    </p>
   </div>
   <div class='ocr_carea' id='block_1_36' title="bbox 491 3669 2005 3740">
    <p class='ocr_par' dir='ltr' id='par_1_36' title="bbox 491 3669 2005 3740">
     <span class='ocr_line' id='line_1_36' title="bbox 491 3669 2005 3740; baseline 0.002 -17"><span class='ocrx_word' id='word_1_281' title='bbox 491 3671 583 3727; x_wconf 68' lang='lat'><strong>20.</strong></span> <span class='ocrx_word' id='word_1_282' title='bbox 626 3670 738 3739; x_wconf 89' lang='lat' dir='ltr'><strong>Qua</strong></span> <span class='ocrx_word' id='word_1_283' title='bbox 768 3670 820 3724; x_wconf 91' lang='lat' dir='ltr'><strong>in</strong></span> <span class='ocrx_word' id='word_1_284' title='bbox 862 3685 920 3725; x_wconf 90' lang='lat' dir='ltr'><strong>re</strong></span> <span class='ocrx_word' id='word_1_285' title='bbox 944 3669 1192 3740; x_wconf 91' lang='lat' dir='ltr'><strong>quoniam</strong></span> <span class='ocrx_word' id='word_1_286' title='bbox 1241 3671 1399 3725; x_wconf 91' lang='lat' dir='ltr'><strong>nimis</strong></span> <span class='ocrx_word' id='word_1_287' title='bbox 1427 3671 1532 3726; x_wconf 89' lang='lat' dir='ltr'><strong>alta</strong></span> <span class='ocrx_word' id='word_1_288' title='bbox 1560 3680 1616 3728; x_wconf 92' lang='lat' dir='ltr'><strong>et</strong></span> <span class='ocrx_word' id='word_1_289' title='bbox 1644 3670 2005 3726; x_wconf 90' lang='lat' dir='ltr'><strong>inscrutabilia</strong></span> 
     </span>
    </p>
   </div>
   <div class='ocr_carea' id='block_1_37' title="bbox 419 3760 2000 3834">
    <p class='ocr_par' dir='ltr' id='par_1_37' title="bbox 419 3760 2000 3834">
     <span class='ocr_line' id='line_1_37' title="bbox 419 3760 2000 3834; baseline -0.003 -15"><span class='ocrx_word' id='word_1_290' title='bbox 419 3772 544 3819; x_wconf 90' lang='lat' dir='ltr'><strong>sunt</strong></span> <span class='ocrx_word' id='word_1_291' title='bbox 567 3761 760 3832; x_wconf 85' lang='lat' dir='ltr'><strong>judicia</strong></span> <span class='ocrx_word' id='word_1_292' title='bbox 784 3761 897 3827; x_wconf 90' lang='lat' dir='ltr'><strong>Dei,</strong></span> <span class='ocrx_word' id='word_1_293' title='bbox 930 3770 986 3816; x_wconf 91' lang='lat' dir='ltr'><strong>et</strong></span> <span class='ocrx_word' id='word_1_294' title='bbox 1011 3761 1408 3833; x_wconf 85' lang='lat' dir='ltr'><strong>investigahiles</strong></span> <span class='ocrx_word' id='word_1_295' title='bbox 1421 3762 1522 3816; x_wconf 70' lang='lat' dir='ltr'><strong>vim</strong></span> <span class='ocrx_word' id='word_1_296' title='bbox 1544 3761 1660 3831; x_wconf 89' lang='lat' dir='ltr'><strong>ejus</strong></span> <span class='ocrx_word' id='word_1_297' title='bbox 1686 3760 1847 3834; x_wconf 83' lang='lat' dir='ltr'><strong>(Ibid.</strong></span> <span class='ocrx_word' id='word_1_298' title='bbox 1874 3760 1969 3831; x_wconf 75' lang='grc'><strong>55)</strong></span> <span class='ocrx_word' id='word_1_299' title='bbox 1985 3803 2000 3828; x_wconf 89' lang='grc'><em>,</em></span> 
     </span>
    </p>
   </div>
   <div class='ocr_carea' id='block_1_38' title="bbox 418 3854 2003 3926">
    <p class='ocr_par' dir='ltr' id='par_1_38' title="bbox 418 3854 2003 3926">
     <span class='ocr_line' id='line_1_38' title="bbox 418 3854 2003 3926; baseline -0.002 -14"><span class='ocrx_word' id='word_1_300' title='bbox 418 3857 635 3912; x_wconf 82' lang='lat' dir='ltr'><strong>interim</strong></span> <span class='ocrx_word' id='word_1_301' title='bbox 689 3863 867 3910; x_wconf 90' lang='lat' dir='ltr'><strong>teneat</strong></span> <span class='ocrx_word' id='word_1_302' title='bbox 915 3855 1074 3910; x_wconf 88' lang='lat' dir='ltr'><strong>homo</strong></span> <span class='ocrx_word' id='word_1_303' title='bbox 1131 3870 1237 3910; x_wconf 93' lang='lat' dir='ltr'><strong>non</strong></span> <span class='ocrx_word' id='word_1_304' title='bbox 1284 3869 1403 3910; x_wconf 87' lang='lat' dir='ltr'><strong>esse</strong></span> <span class='ocrx_word' id='word_1_305' title='bbox 1468 3856 1800 3926; x_wconf 88' lang='lat' dir='ltr'><strong>iniquitatem</strong></span> <span class='ocrx_word' id='word_1_306' title='bbox 1862 3854 2003 3925; x_wconf 86' lang='lat' dir='ltr'><strong>apud</strong></span> 
     </span>
    </p>
   </div>
   <div class='ocr_carea' id='block_1_39' title="bbox 417 3947 2007 4018">
    <p class='ocr_par' dir='ltr' id='par_1_39' title="bbox 417 3947 2007 4018">
     <span class='ocr_line' id='line_1_39' title="bbox 417 3947 2007 4018; baseline -0.002 -14"><span class='ocrx_word' id='word_1_307' title='bbox 417 3950 619 4014; x_wconf 84' lang='lat' dir='ltr'><strong>Deum;</strong></span> <span class='ocrx_word' id='word_1_308' title='bbox 665 3947 757 4004; x_wconf 88' lang='lat' dir='ltr'><strong>sed</strong></span> <span class='ocrx_word' id='word_1_309' title='bbox 803 3963 902 4018; x_wconf 92' lang='lat' dir='ltr'><strong>qua</strong></span> <span class='ocrx_word' id='word_1_310' title='bbox 946 3948 1195 4017; x_wconf 72' lang='lat' dir='ltr'><strong>mquitate</strong></span> <span class='ocrx_word' id='word_1_311' title='bbox 1236 3947 1387 4016; x_wconf 86' lang='lat' dir='ltr'><strong>cujus</strong></span> <span class='ocrx_word' id='word_1_312' title='bbox 1436 3947 1547 4001; x_wconf 89' lang='lat' dir='ltr'><strong>vult</strong></span> <span class='ocrx_word' id='word_1_313' title='bbox 1597 3947 1901 4014; x_wconf 88' lang='lat' dir='ltr'><strong>miseretur,</strong></span> <span class='ocrx_word' id='word_1_314' title='bbox 1952 3954 2007 4001; x_wconf 91' lang='lat' dir='ltr'><strong>et</strong></span> 
     </span>
    </p>
   </div>
   <div class='ocr_carea' id='block_1_40' title="bbox 417 4034 2004 4111">
    <p class='ocr_par' dir='ltr' id='par_1_40' title="bbox 417 4034 2004 4111">
     <span class='ocr_line' id='line_1_40' title="bbox 417 4034 2004 4111; baseline 0 -18"><span class='ocrx_word' id='word_1_315' title='bbox 417 4055 576 4111; x_wconf 87' lang='lat' dir='ltr'><strong>quem</strong></span> <span class='ocrx_word' id='word_1_316' title='bbox 604 4039 715 4093; x_wconf 89' lang='lat' dir='ltr'><strong>vult</strong></span> <span class='ocrx_word' id='word_1_317' title='bbox 752 4038 1012 4103; x_wconf 90' lang='lat' dir='ltr'><strong>obdurat,</strong></span> <span class='ocrx_word' id='word_1_318' title='bbox 1048 4053 1106 4093; x_wconf 94' lang='lat' dir='ltr'><strong>se</strong></span> <span class='ocrx_word' id='word_1_319' title='bbox 1146 4047 1398 4109; x_wconf 87' lang='lat' dir='ltr'><strong>tanquam</strong></span> <span class='ocrx_word' id='word_1_320' title='bbox 1446 4038 1717 4093; x_wconf 90' lang='lat' dir='ltr'><strong>hominem</strong></span> <span class='ocrx_word' id='word_1_321' title='bbox 1759 4034 2004 4108; x_wconf 86' lang='lat' dir='ltr'><strong>ignorare</strong></span> 
     </span>
    </p>
   </div>
   <div class='ocr_carea' id='block_1_41' title="bbox 415 4129 2001 4201">
    <p class='ocr_par' dir='ltr' id='par_1_41' title="bbox 415 4129 2001 4201">
     <span class='ocr_line' id='line_1_41' title="bbox 415 4129 2001 4201; baseline -0.002 -15"><span class='ocrx_word' id='word_1_322' title='bbox 415 4132 679 4186; x_wconf 77' lang='lat' dir='ltr'><strong>fateatur:</strong></span> <span class='ocrx_word' id='word_1_323' title='bbox 714 4132 781 4184; x_wconf 91' lang='lat' dir='ltr'><strong>ita</strong></span> <span class='ocrx_word' id='word_1_324' title='bbox 811 4145 938 4185; x_wconf 91' lang='lat' dir='ltr'><strong>sane</strong></span> <span class='ocrx_word' id='word_1_325' title='bbox 977 4139 1035 4184; x_wconf 91' lang='lat' dir='ltr'><strong>ut</strong></span> <span class='ocrx_word' id='word_1_326' title='bbox 1059 4137 1275 4200; x_wconf 89' lang='lat' dir='ltr'><strong>propter</strong></span> <span class='ocrx_word' id='word_1_327' title='bbox 1300 4129 1429 4185; x_wconf 91' lang='lat' dir='ltr'><strong>illud</strong></span> <span class='ocrx_word' id='word_1_328' title='bbox 1456 4129 1595 4201; x_wconf 90' lang='lat' dir='ltr'><strong>quod</strong></span> <span class='ocrx_word' id='word_1_329' title='bbox 1627 4129 2001 4185; x_wconf 89' lang='lat' dir='ltr'><strong>inconcussum</strong></span> 
     </span>
    </p>
   </div>
   <div class='ocr_carea' id='block_1_42' title="bbox 415 4219 2004 4291">
    <p class='ocr_par' dir='ltr' id='par_1_42' title="bbox 415 4219 2004 4291">
     <span class='ocr_line' id='line_1_42' title="bbox 415 4219 2004 4291; baseline -0.001 -16"><span class='ocrx_word' id='word_1_330' title='bbox 415 4229 586 4288; x_wconf 86' lang='lat' dir='ltr'><strong>tenet,</strong></span> <span class='ocrx_word' id='word_1_331' title='bbox 639 4236 742 4275; x_wconf 92' lang='lat' dir='ltr'><strong>non</strong></span> <span class='ocrx_word' id='word_1_332' title='bbox 801 4235 920 4275; x_wconf 79' lang='lat' dir='ltr'><strong>esse</strong></span> <span class='ocrx_word' id='word_1_333' title='bbox 961 4220 1292 4291; x_wconf 88' lang='lat' dir='ltr'><strong>iniquitatem</strong></span> <span class='ocrx_word' id='word_1_334' title='bbox 1342 4219 1479 4289; x_wconf 89' lang='lat' dir='ltr'><strong>apud</strong></span> <span class='ocrx_word' id='word_1_335' title='bbox 1527 4220 1729 4287; x_wconf 91' lang='lat' dir='ltr'><strong>Deum,</strong></span> <span class='ocrx_word' id='word_1_336' title='bbox 1761 4220 2004 4290; x_wconf 87' lang='lat' dir='ltr'><strong>quamvis</strong></span> 
     </span>
    </p>
   </div>
   <div class='ocr_carea' id='block_1_43' title="bbox 416 4312 2000 4387">
    <p class='ocr_par' dir='ltr' id='par_1_43' title="bbox 416 4312 2000 4387">
     <span class='ocr_line' id='line_1_43' title="bbox 416 4312 2000 4387; baseline -0.001 -18"><span class='ocrx_word' id='word_1_337' title='bbox 416 4329 577 4387; x_wconf 87' lang='lat' dir='ltr'><strong>nemo</strong></span> <span class='ocrx_word' id='word_1_338' title='bbox 604 4312 670 4368; x_wconf 90' lang='lat' dir='ltr'><strong>ab</strong></span> <span class='ocrx_word' id='word_1_339' title='bbox 695 4312 785 4367; x_wconf 91' lang='lat' dir='ltr'><strong>illo</strong></span> <span class='ocrx_word' id='word_1_340' title='bbox 820 4312 1139 4382; x_wconf 83' lang='lat' dir='ltr'><strong>justilicetur</strong></span> <span class='ocrx_word' id='word_1_341' title='bbox 1167 4312 1371 4367; x_wconf 88' lang='lat' dir='ltr'><strong>meritis</strong></span> <span class='ocrx_word' id='word_1_342' title='bbox 1399 4312 1823 4382; x_wconf 66' lang='lat' dir='ltr'><strong>prmeeden’tibus</strong></span> <span class='ocrx_word' id='word_1_343' title='bbox 1842 4352 1858 4381; x_wconf 88' lang='lat'><strong>,</strong></span> <span class='ocrx_word' id='word_1_344' title='bbox 1902 4329 2000 4369; x_wconf 79' lang='lat' dir='ltr'><strong>ne-</strong></span> 
     </span>
    </p>
   </div>
   <div class='ocr_carea' id='block_1_44' title="bbox 412 4404 2000 4471">
    <p class='ocr_par' dir='ltr' id='par_1_44' title="bbox 412 4404 2000 4471">
     <span class='ocr_line' id='line_1_44' title="bbox 412 4404 2000 4471; baseline 0 -11"><span class='ocrx_word' id='word_1_345' title='bbox 412 4407 613 4460; x_wconf 87' lang='lat' dir='ltr'><strong>minem</strong></span> <span class='ocrx_word' id='word_1_346' title='bbox 640 4413 814 4459; x_wconf 90' lang='lat' dir='ltr'><strong>tamen</strong></span> <span class='ocrx_word' id='word_1_347' title='bbox 836 4404 1104 4471; x_wconf 89' lang='lat' dir='ltr'><strong>obdurari,</strong></span> <span class='ocrx_word' id='word_1_348' title='bbox 1134 4405 1235 4459; x_wconf 92' lang='lat' dir='ltr'><strong>nisi</strong></span> <span class='ocrx_word' id='word_1_349' title='bbox 1255 4404 1465 4471; x_wconf 91' lang='lat' dir='ltr'><strong>merito,</strong></span> <span class='ocrx_word' id='word_1_350' title='bbox 1486 4406 1710 4461; x_wconf 89' lang='lat' dir='ltr'><strong>noverit.</strong></span> <span class='ocrx_word' id='word_1_351' title='bbox 1730 4406 1823 4461; x_wconf 87' lang='lat' dir='ltr'><strong>Pie</strong></span> <span class='ocrx_word' id='word_1_352' title='bbox 1846 4422 2000 4462; x_wconf 90' lang='lat' dir='ltr'><strong>nam-</strong></span> 
     </span>
    </p>
   </div>
   <div class='ocr_carea' id='block_1_45' title="bbox 416 4495 2002 4568">
    <p class='ocr_par' dir='ltr' id='par_1_45' title="bbox 416 4495 2002 4568">
     <span class='ocr_line' id='line_1_45' title="bbox 416 4495 2002 4568; baseline 0.001 -18"><span class='ocrx_word' id='word_1_353' title='bbox 416 4514 520 4567; x_wconf 89' lang='lat' dir='ltr'><strong>que</strong></span> <span class='ocrx_word' id='word_1_354' title='bbox 547 4506 602 4551; x_wconf 91' lang='lat' dir='ltr'><strong>et</strong></span> <span class='ocrx_word' id='word_1_355' title='bbox 626 4497 887 4551; x_wconf 84' lang='lat' dir='ltr'><strong>veraciter</strong></span> <span class='ocrx_word' id='word_1_356' title='bbox 914 4496 1150 4551; x_wconf 89' lang='lat' dir='ltr'><strong>creditur</strong></span> <span class='ocrx_word' id='word_1_357' title='bbox 1179 4495 1320 4550; x_wconf 91' lang='lat' dir='ltr'><strong>Deus</strong></span> <span class='ocrx_word' id='word_1_358' title='bbox 1344 4503 1597 4551; x_wconf 90' lang='lat' dir='ltr'><strong>nocentes</strong></span> <span class='ocrx_word' id='word_1_359' title='bbox 1623 4505 1781 4568; x_wconf 82' lang='lat' dir='ltr'><strong>atque</strong></span> <span class='ocrx_word' id='word_1_360' title='bbox 1809 4498 2002 4567; x_wconf 90' lang='lat' dir='ltr'><strong>impios</strong></span> 
     </span>
    </p>
   </div>
   <div class='ocr_carea' id='block_1_46' title="bbox 410 4586 2000 4659">
    <p class='ocr_par' dir='ltr' id='par_1_46' title="bbox 410 4586 2000 4659">
     <span class='ocr_line' id='line_1_46' title="bbox 410 4586 2000 4659; baseline 0.002 -18"><span class='ocrx_word' id='word_1_361' title='bbox 410 4586 749 4659; x_wconf 81' lang='lat' dir='ltr'><strong>justilicando</strong></span> <span class='ocrx_word' id='word_1_362' title='bbox 769 4601 799 4641; x_wconf 91' lang='lat' dir='ltr'><strong>a</strong></span> <span class='ocrx_word' id='word_1_363' title='bbox 824 4586 997 4657; x_wconf 67' lang='lat' dir='ltr'><strong>pinnis</strong></span> <span class='ocrx_word' id='word_1_364' title='bbox 1020 4586 1215 4642; x_wconf 89' lang='lat' dir='ltr'><strong>debitis</strong></span> <span class='ocrx_word' id='word_1_365' title='bbox 1232 4586 1460 4642; x_wconf 87' lang='lat' dir='ltr'><strong>liberare</strong></span> <span class='ocrx_word' id='word_1_366' title='bbox 1489 4605 1502 4645; x_wconf 92' lang='lat'><strong>:</strong></span> <span class='ocrx_word' id='word_1_367' title='bbox 1529 4603 1849 4659; x_wconf 85' lang='lat' dir='ltr'><strong>quemquam</strong></span> <span class='ocrx_word' id='word_1_368' title='bbox 1872 4604 2000 4644; x_wconf 90' lang='lat' dir='ltr'><strong>vero</strong></span> 
     </span>
    </p>
   </div>
   <div class='ocr_carea' id='block_1_47' title="bbox 412 4679 2001 4750">
    <p class='ocr_par' dir='ltr' id='par_1_47' title="bbox 412 4679 2001 4750">
     <span class='ocr_line' id='line_1_47' title="bbox 412 4679 2001 4750; baseline 0.001 -14"><span class='ocrx_word' id='word_1_369' title='bbox 412 4679 739 4736; x_wconf 91' lang='lat' dir='ltr'><strong>immeritum</strong></span> <span class='ocrx_word' id='word_1_370' title='bbox 783 4688 839 4735; x_wconf 91' lang='lat' dir='ltr'><strong>et</strong></span> <span class='ocrx_word' id='word_1_371' title='bbox 866 4680 996 4733; x_wconf 88' lang='lat' dir='ltr'><strong>nulli</strong></span> <span class='ocrx_word' id='word_1_372' title='bbox 1035 4680 1322 4735; x_wconf 81' lang='lat' dir='ltr'><strong>obnoxium</strong></span> <span class='ocrx_word' id='word_1_373' title='bbox 1350 4690 1568 4750; x_wconf 89' lang='lat' dir='ltr'><strong>peccato</strong></span> <span class='ocrx_word' id='word_1_374' title='bbox 1597 4682 1641 4737; x_wconf 87' lang='lat' dir='ltr'><strong>si</strong></span> <span class='ocrx_word' id='word_1_375' title='bbox 1680 4681 1819 4738; x_wconf 92' lang='lat' dir='ltr'><strong>Deus</strong></span> <span class='ocrx_word' id='word_1_376' title='bbox 1849 4682 2001 4737; x_wconf 89' lang='lat' dir='ltr'><strong>dam-</strong></span> 
     </span>
    </p>
   </div>
   <div class='ocr_carea' id='block_1_48' title="bbox 410 4771 1999 4841">
    <p class='ocr_par' dir='ltr' id='par_1_48' title="bbox 410 4771 1999 4841">
     <span class='ocr_line' id='line_1_48' title="bbox 410 4771 1999 4841; baseline 0.003 -13"><span class='ocrx_word' id='word_1_377' title='bbox 410 4786 544 4828; x_wconf 88' lang='lat' dir='ltr'><strong>nare</strong></span> <span class='ocrx_word' id='word_1_378' title='bbox 573 4771 828 4837; x_wconf 89' lang='lat' dir='ltr'><strong>creditur,</strong></span> <span class='ocrx_word' id='word_1_379' title='bbox 852 4772 1058 4827; x_wconf 88' lang='lat' dir='ltr'><strong>alienus</strong></span> <span class='ocrx_word' id='word_1_380' title='bbox 1084 4772 1153 4825; x_wconf 86' lang='lat' dir='ltr'><strong>ab</strong></span> <span class='ocrx_word' id='word_1_381' title='bbox 1179 4771 1454 4841; x_wconf 89' lang='lat' dir='ltr'><strong>iniquitate</strong></span> <span class='ocrx_word' id='word_1_382' title='bbox 1474 4786 1583 4827; x_wconf 91' lang='lat' dir='ltr'><strong>non</strong></span> <span class='ocrx_word' id='word_1_383' title='bbox 1605 4773 1863 4830; x_wconf 87' lang='lat' dir='ltr'><strong>creditur.</strong></span> <span class='ocrx_word' id='word_1_384' title='bbox 1893 4774 1999 4832; x_wconf 89' lang='lat' dir='ltr'><strong>Ubi</strong></span> 
     </span>
    </p>
   </div>
   <div class='ocr_carea' id='block_1_49' title="bbox 411 4864 1999 4938">
    <p class='ocr_par' dir='ltr' id='par_1_49' title="bbox 411 4864 1999 4938">
     <span class='ocr_line' id='line_1_49' title="bbox 411 4864 1999 4938; baseline 0.002 -17"><span class='ocrx_word' id='word_1_385' title='bbox 411 4881 542 4937; x_wconf 86' lang='lat' dir='ltr'><strong>ergo</strong></span> <span class='ocrx_word' id='word_1_386' title='bbox 584 4865 837 4921; x_wconf 89' lang='lat' dir='ltr'><strong>liberatur</strong></span> <span class='ocrx_word' id='word_1_387' title='bbox 878 4865 1144 4936; x_wconf 89' lang='lat' dir='ltr'><strong>indiguus,</strong></span> <span class='ocrx_word' id='word_1_388' title='bbox 1194 4871 1341 4919; x_wconf 83' lang='lat' dir='ltr'><strong>tanto</strong></span> <span class='ocrx_word' id='word_1_389' title='bbox 1374 4864 1600 4921; x_wconf 88' lang='lat' dir='ltr'><strong>debetur</strong></span> <span class='ocrx_word' id='word_1_390' title='bbox 1645 4867 1815 4938; x_wconf 87' lang='lat' dir='ltr'><strong>major</strong></span> <span class='ocrx_word' id='word_1_391' title='bbox 1860 4869 1999 4924; x_wconf 89' lang='lat' dir='ltr'><strong>actio</strong></span> 
     </span>
    </p>
   </div>
   <div class='ocr_carea' id='block_1_50' title="bbox 409 4958 1996 5032">
    <p class='ocr_par' dir='ltr' id='par_1_50' title="bbox 409 4958 1996 5032">
     <span class='ocr_line' id='line_1_50' title="bbox 409 4958 1996 5032; baseline 0 -17"><span class='ocrx_word' id='word_1_392' title='bbox 409 4962 720 5032; x_wconf 74' lang='lat' dir='ltr'><strong>gratiarum,</strong></span> <span class='ocrx_word' id='word_1_393' title='bbox 739 4966 936 5031; x_wconf 87' lang='lat' dir='ltr'><strong>quanto</strong></span> <span class='ocrx_word' id='word_1_394' title='bbox 959 4974 1113 5031; x_wconf 67' lang='lat' dir='ltr'><strong>pinna</strong></span> <span class='ocrx_word' id='word_1_395' title='bbox 1126 4959 1323 5029; x_wconf 88' lang='lat' dir='ltr'><strong>justior</strong></span> <span class='ocrx_word' id='word_1_396' title='bbox 1342 4958 1636 5013; x_wconf 87' lang='lat' dir='ltr'><strong>debebatur</strong></span> <span class='ocrx_word' id='word_1_397' title='bbox 1660 4978 1672 5014; x_wconf 89' lang='lat'><strong>:</strong></span> <span class='ocrx_word' id='word_1_398' title='bbox 1696 4960 1787 5015; x_wconf 91' lang='lat' dir='ltr'><strong>ubi</strong></span> <span class='ocrx_word' id='word_1_399' title='bbox 1818 4970 1996 5015; x_wconf 92' lang='lat' dir='ltr'><strong>autem</strong></span> 
     </span>
    </p>
   </div>
   <div class='ocr_carea' id='block_1_51' title="bbox 410 5048 1998 5122">
    <p class='ocr_par' dir='ltr' id='par_1_51' title="bbox 410 5048 1998 5122">
     <span class='ocr_line' id='line_1_51' title="bbox 410 5048 1998 5122; baseline 0.001 -16"><span class='ocrx_word' id='word_1_400' title='bbox 410 5052 695 5106; x_wconf 88' lang='lat' dir='ltr'><strong>damnatur</strong></span> <span class='ocrx_word' id='word_1_401' title='bbox 723 5051 999 5122; x_wconf 87' lang='lat' dir='ltr'><strong>indignus,</strong></span> <span class='ocrx_word' id='word_1_402' title='bbox 1028 5064 1128 5106; x_wconf 88' lang='lat' dir='ltr'><strong>nec</strong></span> <span class='ocrx_word' id='word_1_403' title='bbox 1157 5048 1519 5105; x_wconf 87' lang='lat' dir='ltr'><strong>misericordia</strong></span> <span class='ocrx_word' id='word_1_404' title='bbox 1551 5067 1651 5108; x_wconf 91' lang='lat' dir='ltr'><strong>nec</strong></span> <span class='ocrx_word' id='word_1_405' title='bbox 1673 5053 1871 5107; x_wconf 85' lang='lat' dir='ltr'><strong>veritas</strong></span> <span class='ocrx_word' id='word_1_406' title='bbox 1900 5052 1998 5107; x_wconf 91' lang='lat' dir='ltr'><strong>ob-</strong></span> 
     </span>
    </p>
   </div>
   <div class='ocr_carea' id='block_1_52' title="bbox 408 5144 666 5199">
    <p class='ocr_par' dir='ltr' id='par_1_52' title="bbox 408 5144 666 5199">
     <span class='ocr_line' id='line_1_52' title="bbox 408 5144 666 5199; baseline -0.012 -1"><span class='ocrx_word' id='word_1_407' title='bbox 408 5144 666 5199; x_wconf 76' lang='lat' dir='ltr'><strong>tinetur’.</strong></span> 
     </span>
    </p>
   </div>
   <div class='ocr_carea' id='block_1_53' title="bbox 479 5232 1993 5305">
    <p class='ocr_par' dir='ltr' id='par_1_53' title="bbox 479 5232 1993 5305">
     <span class='ocr_line' id='line_1_53' title="bbox 479 5232 1993 5305; baseline -0.001 -16"><span class='ocrx_word' id='word_1_408' title='bbox 479 5236 570 5289; x_wconf 74' lang='grc'><strong>21.</strong></span> <span class='ocrx_word' id='word_1_409' title='bbox 602 5233 866 5299; x_wconf 86' lang='lat' dir='ltr'><strong>Quomodo</strong></span> <span class='ocrx_word' id='word_1_410' title='bbox 889 5273 906 5302; x_wconf 91' lang='lat'><strong>,</strong></span> <span class='ocrx_word' id='word_1_411' title='bbox 936 5233 1213 5305; x_wconf 88' lang='lat' dir='ltr'><strong>inquiunt,</strong></span> <span class='ocrx_word' id='word_1_412' title='bbox 1247 5232 1389 5288; x_wconf 84' lang='lat' dir='ltr'><strong>Esau</strong></span> <span class='ocrx_word' id='word_1_413' title='bbox 1416 5250 1519 5288; x_wconf 89' lang='lat' dir='ltr'><strong>non</strong></span> <span class='ocrx_word' id='word_1_414' title='bbox 1548 5235 1817 5289; x_wconf 81' lang='lat' dir='ltr'><strong>damnatur</strong></span> <span class='ocrx_word' id='word_1_415' title='bbox 1854 5234 1993 5288; x_wconf 88' lang='lat' dir='ltr'><strong>indi-</strong></span> 
     </span>
    </p>
   </div>
   <div class='ocr_carea' id='block_1_54' title="bbox 408 5325 1993 5400">
    <p class='ocr_par' dir='ltr' id='par_1_54' title="bbox 408 5325 1993 5400">
     <span class='ocr_line' id='line_1_54' title="bbox 408 5325 1993 5400; baseline -0.002 -18"><span class='ocrx_word' id='word_1_416' title='bbox 408 5345 557 5400; x_wconf 78' lang='lat' dir='ltr'><strong>gnus,</strong></span> <span class='ocrx_word' id='word_1_417' title='bbox 582 5328 627 5381; x_wconf 90' lang='lat' dir='ltr'><strong>si</strong></span> <span class='ocrx_word' id='word_1_418' title='bbox 652 5345 672 5379; x_wconf 89' lang='grc'>‹</span> <span class='ocrx_word' id='word_1_419' title='bbox 708 5343 809 5381; x_wconf 88' lang='lat' dir='ltr'><strong>non</strong></span> <span class='ocrx_word' id='word_1_420' title='bbox 837 5342 900 5381; x_wconf 80' lang='lat' dir='ltr'><strong>ea:</strong></span> <span class='ocrx_word' id='word_1_421' title='bbox 927 5327 1180 5397; x_wconf 80' lang='lat' dir='ltr'><strong>operibus,</strong></span> <span class='ocrx_word' id='word_1_422' title='bbox 1217 5325 1307 5380; x_wconf 91' lang='lat' dir='ltr'><strong>sed</strong></span> <span class='ocrx_word' id='word_1_423' title='bbox 1342 5342 1405 5380; x_wconf 72' lang='lat' dir='ltr'><strong>ea:</strong></span> <span class='ocrx_word' id='word_1_424' title='bbox 1430 5335 1637 5381; x_wconf 82' lang='lat' dir='ltr'><strong>vocante</strong></span> <span class='ocrx_word' id='word_1_425' title='bbox 1666 5326 1857 5381; x_wconf 85' lang='lat' dir='ltr'><strong>dictum</strong></span> <span class='ocrx_word' id='word_1_426' title='bbox 1900 5334 1993 5392; x_wconf 87' lang='lat' dir='ltr'><strong>est,</strong></span> 
     </span>
    </p>
   </div>
   <div class='ocr_carea' id='block_1_55' title="bbox 411 5416 1995 5491">
    <p class='ocr_par' dir='ltr' id='par_1_55' title="bbox 411 5416 1995 5491">
     <span class='ocr_line' id='line_1_55' title="bbox 411 5416 1995 5491; baseline -0.001 -20"><span class='ocrx_word' id='word_1_427' title='bbox 411 5419 545 5484; x_wconf 83' lang='lat' dir='ltr'><strong>Quia</strong></span> <span class='ocrx_word' id='word_1_428' title='bbox 586 5420 749 5491; x_wconf 87' lang='lat' dir='ltr'><strong>major</strong></span> <span class='ocrx_word' id='word_1_429' title='bbox 777 5418 955 5472; x_wconf 82' lang='lat' dir='ltr'><strong>serviet</strong></span> <span class='ocrx_word' id='word_1_430' title='bbox 986 5418 1211 5480; x_wconf 80' lang='lat' dir='ltr'><strong>minori?</strong></span> <span class='ocrx_word' id='word_1_431' title='bbox 1244 5436 1263 5470; x_wconf 72' lang='grc' dir='ltr'><strong><em>ι</em></strong></span> <span class='ocrx_word' id='word_1_432' title='bbox 1313 5417 1458 5472; x_wconf 85' lang='lat' dir='ltr'><strong>Sicut</strong></span> <span class='ocrx_word' id='word_1_433' title='bbox 1485 5418 1619 5471; x_wconf 88' lang='lat' dir='ltr'><strong>enim</strong></span> <span class='ocrx_word' id='word_1_434' title='bbox 1662 5418 1803 5471; x_wconf 90' lang='lat' dir='ltr'><strong>illius</strong></span> <span class='ocrx_word' id='word_1_435' title='bbox 1850 5416 1995 5471; x_wconf 88' lang='lat' dir='ltr'><strong>nulla</strong></span> 
     </span>
    </p>
   </div>
   <div class='ocr_carea' id='block_1_56' title="bbox 473 5532 865 5596">
    <p class='ocr_par' dir='ltr' id='par_1_56' title="bbox 473 5532 865 5596">
     <span class='ocr_line' id='line_1_56' title="bbox 473 5532 865 5596; baseline 0.01 -14"><span class='ocrx_word' id='word_1_436' title='bbox 473 5537 490 5566; x_wconf 75' lang='grc' dir='ltr'><strong><em>ι</em></strong></span> <span class='ocrx_word' id='word_1_437' title='bbox 512 5533 651 5596; x_wconf 76' lang='lat' dir='ltr'><strong>Alias,</strong></span> <span class='ocrx_word' id='word_1_438' title='bbox 672 5532 865 5586; x_wconf 85' lang='lat' dir='ltr'><strong>invitus.</strong></span> 
     </span>
    </p>
   </div>
   <div class='ocr_carea' id='block_1_57' title="bbox 472 5594 1991 5659">
    <p class='ocr_par' dir='ltr' id='par_1_57' title="bbox 472 5594 1991 5659">
     <span class='ocr_line' id='line_1_57' title="bbox 472 5594 1991 5659; baseline 0.001 -14"><span class='ocrx_word' id='word_1_439' title='bbox 472 5598 492 5627; x_wconf 83' lang='grc'>²</span> <span class='ocrx_word' id='word_1_440' title='bbox 516 5594 649 5659; x_wconf 70' lang='lat' dir='ltr'><strong>F.dd.,</strong></span> <span class='ocrx_word' id='word_1_441' title='bbox 680 5610 767 5648; x_wconf 88' lang='lat' dir='ltr'><strong>nec</strong></span> <span class='ocrx_word' id='word_1_442' title='bbox 790 5595 965 5649; x_wconf 85' lang='lat' dir='ltr'><strong>veritas</strong></span> <span class='ocrx_word' id='word_1_443' title='bbox 988 5596 1264 5659; x_wconf 78' lang='lat' dir='ltr'><strong>danmatur.</strong></span> <span class='ocrx_word' id='word_1_444' title='bbox 1295 5602 1350 5646; x_wconf 79' lang='lat' dir='ltr'><strong>At</strong></span> <span class='ocrx_word' id='word_1_445' title='bbox 1379 5602 1483 5659; x_wconf 84' lang='lat' dir='ltr'><strong>Mss.</strong></span> <span class='ocrx_word' id='word_1_446' title='bbox 1515 5607 1720 5659; x_wconf 62' lang='lat' dir='ltr'><strong>omnes,</strong></span> <span class='ocrx_word' id='word_1_447' title='bbox 1740 5594 1991 5647; x_wconf 82' lang='lat' dir='ltr'><strong>obtinetur.</strong></span> 
     </span>
    </p>
   </div>
   <div class='ocr_carea' id='block_1_58' title="bbox 405 5656 1991 5721">
    <p class='ocr_par' dir='ltr' id='par_1_58' title="bbox 405 5656 1991 5721">
     <span class='ocr_line' id='line_1_58' title="bbox 405 5656 1991 5721; baseline -0.001 -13"><span class='ocrx_word' id='word_1_448' title='bbox 405 5656 766 5709; x_wconf 52' lang='lat' dir='ltr'><strong>Proxime&#39;ante</strong></span> <span class='ocrx_word' id='word_1_449' title='bbox 788 5666 861 5709; x_wconf 83' lang='lat' dir='ltr'><strong>Er.</strong></span> <span class='ocrx_word' id='word_1_450' title='bbox 881 5667 935 5710; x_wconf 90' lang='lat' dir='ltr'><strong>et</strong></span> <span class='ocrx_word' id='word_1_451' title='bbox 955 5667 1086 5721; x_wconf 73' lang='lat' dir='ltr'><strong>I.ov.,</strong></span> <span class='ocrx_word' id='word_1_452' title='bbox 1110 5658 1193 5709; x_wconf 88' lang='lat' dir='ltr'><strong>ubi</strong></span> <span class='ocrx_word' id='word_1_453' title='bbox 1214 5663 1372 5709; x_wconf 84' lang='lat' dir='ltr'><strong>autem</strong></span> <span class='ocrx_word' id='word_1_454' title='bbox 1393 5658 1649 5721; x_wconf 73' lang='lat' dir='ltr'><strong>damnatur</strong></span> <span class='ocrx_word' id='word_1_455' title='bbox 1667 5656 1855 5721; x_wconf 80' lang='lat' dir='ltr'><strong>dignus.</strong></span> <span class='ocrx_word' id='word_1_456' title='bbox 1870 5659 1991 5721; x_wconf 84' lang='lat' dir='ltr'><strong>_Bad.</strong></span> 
     </span>
    </p>
   </div>
   <div class='ocr_carea' id='block_1_59' title="bbox 406 5717 1990 5784">
    <p class='ocr_par' dir='ltr' id='par_1_59' title="bbox 406 5717 1990 5784">
     <span class='ocr_line' id='line_1_59' title="bbox 406 5717 1990 5784; baseline 0.001 -15"><span class='ocrx_word' id='word_1_457' title='bbox 406 5733 527 5784; x_wconf 78' lang='lat' dir='ltr'><strong>vero</strong></span> <span class='ocrx_word' id='word_1_458' title='bbox 544 5730 595 5769; x_wconf 86' lang='lat' dir='ltr'><strong>ct</strong></span> <span class='ocrx_word' id='word_1_459' title='bbox 617 5730 715 5772; x_wconf 75' lang='lat' dir='ltr'><strong>Am.</strong></span> <span class='ocrx_word' id='word_1_460' title='bbox 742 5735 932 5772; x_wconf 90' lang='lat' dir='ltr'><strong>necnon</strong></span> <span class='ocrx_word' id='word_1_461' title='bbox 956 5717 1183 5772; x_wconf 51' lang='lat' dir='ltr'><strong>MSSJduo</strong></span> <span class='ocrx_word' id='word_1_462' title='bbox 1206 5722 1406 5784; x_wconf 78' lang='lat' dir='ltr'><strong>habent,</strong></span> <span class='ocrx_word' id='word_1_463' title='bbox 1428 5717 1689 5784; x_wconf 81' lang='lat' dir='ltr'><strong>indignus;</strong></span> <span class='ocrx_word' id='word_1_464' title='bbox 1713 5717 1764 5771; x_wconf 85' lang='lat' dir='ltr'><strong>ét</strong></span> <span class='ocrx_word' id='word_1_465' title='bbox 1786 5719 1990 5784; x_wconf 76' lang='lat' dir='ltr'><strong>melius:</strong></span> 
     </span>
    </p>
   </div>
   <div class='ocr_carea' id='block_1_60' title="bbox 404 5781 1995 5849">
    <p class='ocr_par' dir='ltr' id='par_1_60' title="bbox 404 5781 1995 5849">
     <span class='ocr_line' id='line_1_60' title="bbox 404 5781 1995 5849; baseline 0.001 -18"><span class='ocrx_word' id='word_1_466' title='bbox 404 5783 586 5844; x_wconf 85' lang='lat' dir='ltr'><strong>quippe</strong></span> <span class='ocrx_word' id='word_1_467' title='bbox 607 5792 773 5835; x_wconf 88' lang='lat' dir='ltr'><strong>contra</strong></span> <span class='ocrx_word' id='word_1_468' title='bbox 795 5791 998 5849; x_wconf 75' lang='lat' dir='ltr'><strong>urgetur</strong></span> <span class='ocrx_word' id='word_1_469' title='bbox 1014 5820 1029 5845; x_wconf 92' lang='lat'><strong>,</strong></span> <span class='ocrx_word' id='word_1_470' title='bbox 1054 5783 1293 5849; x_wconf 80' lang='lat' dir='ltr'><strong>Quomodo</strong></span> <span class='ocrx_word' id='word_1_471' title='bbox 1323 5791 1446 5835; x_wconf 80' lang='lat' dir='ltr'><strong>Esau</strong></span> <span class='ocrx_word' id='word_1_472' title='bbox 1476 5781 1570 5840; x_wconf 69' lang='lat' dir='ltr'><strong>non</strong></span> <span class='ocrx_word' id='word_1_473' title='bbox 1592 5782 1847 5839; x_wconf 71' lang='lat' dir='ltr'><strong>(immatur</strong></span> <span class='ocrx_word' id='word_1_474' title='bbox 1867 5781 1995 5833; x_wconf 84' lang='lat' dir='ltr'><strong>indi-</strong></span> 
     </span>
    </p>
   </div>
   <div class='ocr_carea' id='block_1_61' title="bbox 403 5846 1248 5909">
    <p class='ocr_par' dir='ltr' id='par_1_61' title="bbox 403 5846 1248 5909">
     <span class='ocr_line' id='line_1_61' title="bbox 403 5846 1248 5909; baseline 0.004 -17"><span class='ocrx_word' id='word_1_475' title='bbox 403 5854 545 5909; x_wconf 82' lang='lat' dir='ltr'><strong>gnus,</strong></span> <span class='ocrx_word' id='word_1_476' title='bbox 572 5854 689 5909; x_wconf 67' lang='lat' dir='ltr'><strong>etc,</strong></span> <span class='ocrx_word' id='word_1_477' title='bbox 709 5846 904 5909; x_wconf 79' lang='lat' dir='ltr'><strong>supple,</strong></span> <span class='ocrx_word' id='word_1_478' title='bbox 922 5846 1248 5908; x_wconf 77' lang='lat' dir='ltr'><strong>damnatione.</strong></span> 
     </span>
    </p>
   </div>
   <div class='ocr_carea' id='block_1_62' title="bbox 470 5904 825 5971">
    <p class='ocr_par' dir='ltr' id='par_1_62' title="bbox 470 5904 825 5971">
     <span class='ocr_line' id='line_1_62' title="bbox 470 5904 825 5971; baseline 0.011 -16"><span class='ocrx_word' id='word_1_479' title='bbox 470 5904 544 5971; x_wconf 90' lang='lat' dir='ltr'><strong>(a)</strong></span> <span class='ocrx_word' id='word_1_480' title='bbox 564 5904 825 5960; x_wconf 59' lang='lat' dir='ltr'><strong>Phuram&#39;ti.</strong></span> 
     </span>
    </p>
   </div>
   <div class='ocr_carea' id='block_1_63' title="bbox 1615 5967 1671 5980">
    <p class='ocr_par' dir='ltr' id='par_1_63' title="bbox 1615 5967 1671 5980">
     <span class='ocr_line' id='line_1_63' title="bbox 1615 5967 1671 5980; baseline 0 0"><span class='ocrx_word' id='word_1_481' title='bbox 1615 5970 1618 5973; x_wconf 97' lang='lat'>&#39;</span> <span class='ocrx_word' id='word_1_482' title='bbox 1628 5967 1671 5980; x_wconf 64' lang='lat' dir='ltr'><strong>lo.</strong></span> 
     </span>
    </p>
   </div>
   <div class='ocr_carea' id='block_1_64' title="bbox 1659 414 2458 478">
    <p class='ocr_par' dir='ltr' id='par_1_64' title="bbox 1659 414 2458 478">
     <span class='ocr_line' id='line_1_64' title="bbox 1659 414 2458 478; baseline -0.001 0"><span class='ocrx_word' id='word_1_483' title='bbox 1659 420 1717 478; x_wconf 89' lang='lat' dir='ltr'><strong>S.</strong></span> <span class='ocrx_word' id='word_1_484' title='bbox 1752 414 2119 475; x_wconf 80' lang='lat' dir='ltr'><strong>AUGUSTINI</strong></span> <span class='ocrx_word' id='word_1_485' title='bbox 2155 416 2458 477; x_wconf 81' lang='lat' dir='ltr'><strong>EPISCOPl</strong></span> 
     </span>
    </p>
   </div>
   <div class='ocr_carea' id='block_1_65' title="bbox 3593 427 3697 484">
    <p class='ocr_par' dir='ltr' id='par_1_65' title="bbox 3593 427 3697 484">
     <span class='ocr_line' id='line_1_65' title="bbox 3593 427 3697 484; baseline 0.029 -3"><span class='ocrx_word' id='word_1_486' title='bbox 3593 427 3697 484; x_wconf 67' lang='grc'><strong>824</strong></span> 
     </span>
    </p>
   </div>
   <div class='ocr_carea' id='block_1_66' title="bbox 2117 537 3694 611">
    <p class='ocr_par' dir='ltr' id='par_1_66' title="bbox 2117 537 3694 611">
     <span class='ocr_line' id='line_1_66' title="bbox 2117 537 3694 611; baseline 0.003 -18"><span class='ocrx_word' id='word_1_487' title='bbox 2117 548 2475 608; x_wconf 74' lang='grc' dir='ltr'><strong>ρτωιτεεεεταηι</strong></span> <span class='ocrx_word' id='word_1_488' title='bbox 2512 554 2667 611; x_wconf 85' lang='lat' dir='ltr'><strong>opera</strong></span> <span class='ocrx_word' id='word_1_489' title='bbox 2689 538 2838 607; x_wconf 88' lang='lat' dir='ltr'><strong>bona,</strong></span> <span class='ocrx_word' id='word_1_490' title='bbox 2866 546 2919 593; x_wconf 86' lang='lat' dir='ltr'><strong>ut</strong></span> <span class='ocrx_word' id='word_1_491' title='bbox 2948 537 3017 592; x_wconf 89' lang='lat' dir='ltr'><strong>ad</strong></span> <span class='ocrx_word' id='word_1_492' title='bbox 3040 539 3255 611; x_wconf 83' lang='lat' dir='ltr'><strong>gratiam</strong></span> <span class='ocrx_word' id='word_1_493' title='bbox 3299 540 3588 611; x_wconf 79' lang='lat' dir='ltr'><strong>pertineret,</strong></span> <span class='ocrx_word' id='word_1_494' title='bbox 3618 545 3694 598; x_wconf 88' lang='lat' dir='ltr'><strong>sic</strong></span> 
     </span>
    </p>
   </div>
   <div class='ocr_carea' id='block_1_67' title="bbox 2115 632 3694 704">
    <p class='ocr_par' dir='ltr' id='par_1_67' title="bbox 2115 632 3694 704">
     <span class='ocr_line' id='line_1_67' title="bbox 2115 632 3694 704; baseline 0.001 -17"><span class='ocrx_word' id='word_1_495' title='bbox 2115 648 2206 687; x_wconf 86' lang='lat' dir='ltr'><strong>nec</strong></span> <span class='ocrx_word' id='word_1_496' title='bbox 2236 632 2389 704; x_wconf 86' lang='lat' dir='ltr'><strong>hujus</strong></span> <span class='ocrx_word' id='word_1_497' title='bbox 2428 633 2565 687; x_wconf 89' lang='lat' dir='ltr'><strong>mala</strong></span> <span class='ocrx_word' id='word_1_498' title='bbox 2585 642 2639 687; x_wconf 87' lang='lat' dir='ltr'><strong>ut</strong></span> <span class='ocrx_word' id='word_1_499' title='bbox 2668 632 2737 686; x_wconf 90' lang='lat' dir='ltr'><strong>ad</strong></span> <span class='ocrx_word' id='word_1_500' title='bbox 2769 649 2968 704; x_wconf 75' lang='lat' dir='ltr'><strong>poenam</strong></span> <span class='ocrx_word' id='word_1_501' title='bbox 3007 632 3251 702; x_wconf 78' lang='lat' dir='ltr'><strong>pertinere</strong></span> <span class='ocrx_word' id='word_1_502' title='bbox 3294 633 3510 687; x_wconf 88' lang='lat' dir='ltr'><strong>deberet.</strong></span> <span class='ocrx_word' id='word_1_503' title='bbox 3539 634 3694 690; x_wconf 87' lang='lat' dir='ltr'><strong>Nulla</strong></span> 
     </span>
    </p>
   </div>
   <div class='ocr_carea' id='block_1_68' title="bbox 2114 723 3698 795">
    <p class='ocr_par' dir='ltr' id='par_1_68' title="bbox 2114 723 3698 795">
     <span class='ocr_line' id='line_1_68' title="bbox 2114 723 3698 795; baseline 0.003 -18"><span class='ocrx_word' id='word_1_504' title='bbox 2114 723 2270 793; x_wconf 89' lang='lat' dir='ltr'><strong>plane</strong></span> <span class='ocrx_word' id='word_1_505' title='bbox 2299 723 2351 777; x_wconf 91' lang='lat' dir='ltr'><strong>in</strong></span> <span class='ocrx_word' id='word_1_506' title='bbox 2381 732 2606 794; x_wconf 90' lang='lat' dir='ltr'><strong>utroque</strong></span> <span class='ocrx_word' id='word_1_507' title='bbox 2632 739 2795 794; x_wconf 85' lang='lat' dir='ltr'><strong>Opera</strong></span> <span class='ocrx_word' id='word_1_508' title='bbox 2841 724 2921 777; x_wconf 82' lang='lat' dir='ltr'><strong>vel</strong></span> <span class='ocrx_word' id='word_1_509' title='bbox 2946 723 3082 778; x_wconf 87' lang='lat' dir='ltr'><strong>bona</strong></span> <span class='ocrx_word' id='word_1_510' title='bbox 3112 724 3195 779; x_wconf 81' lang='lat' dir='ltr'><strong>vel</strong></span> <span class='ocrx_word' id='word_1_511' title='bbox 3222 724 3360 778; x_wconf 89' lang='lat' dir='ltr'><strong>mala</strong></span> <span class='ocrx_word' id='word_1_512' title='bbox 3390 765 3406 791; x_wconf 94' lang='lat'><strong>,</strong></span> <span class='ocrx_word' id='word_1_513' title='bbox 3440 725 3536 780; x_wconf 90' lang='lat' dir='ltr'><strong>sed</strong></span> <span class='ocrx_word' id='word_1_514' title='bbox 3568 741 3698 795; x_wconf 88' lang='lat' dir='ltr'><strong>pro-</strong></span> 
     </span>
    </p>
   </div>
   <div class='ocr_carea' id='block_1_69' title="bbox 2117 816 3698 890">
    <p class='ocr_par' dir='ltr' id='par_1_69' title="bbox 2117 816 3698 890">
     <span class='ocr_line' id='line_1_69' title="bbox 2117 816 3698 890; baseline 0.003 -20"><span class='ocrx_word' id='word_1_515' title='bbox 2117 816 2230 886; x_wconf 90' lang='lat' dir='ltr'><strong>pria</strong></span> <span class='ocrx_word' id='word_1_516' title='bbox 2262 834 2276 869; x_wconf 91' lang='lat'><strong>:</strong></span> <span class='ocrx_word' id='word_1_517' title='bbox 2303 823 2528 888; x_wconf 88' lang='lat' dir='ltr'><strong>uterque</strong></span> <span class='ocrx_word' id='word_1_518' title='bbox 2566 826 2744 872; x_wconf 88' lang='lat' dir='ltr'><strong>autem</strong></span> <span class='ocrx_word' id='word_1_519' title='bbox 2787 817 2863 872; x_wconf 91' lang='lat' dir='ltr'><strong>illi</strong></span> <span class='ocrx_word' id='word_1_520' title='bbox 2897 817 2990 871; x_wconf 92' lang='lat' dir='ltr'><strong>uni</strong></span> <span class='ocrx_word' id='word_1_521' title='bbox 3018 816 3281 872; x_wconf 84' lang='lat' dir='ltr'><strong>obnoxius</strong></span> <span class='ocrx_word' id='word_1_522' title='bbox 3333 826 3468 883; x_wconf 88' lang='lat' dir='ltr'><strong>erat,</strong></span> <span class='ocrx_word' id='word_1_523' title='bbox 3512 819 3564 872; x_wconf 92' lang='lat' dir='ltr'><strong>in</strong></span> <span class='ocrx_word' id='word_1_524' title='bbox 3591 835 3698 890; x_wconf 88' lang='lat' dir='ltr'><strong>quo</strong></span> 
     </span>
    </p>
   </div>
   <div class='ocr_carea' id='block_1_70' title="bbox 2114 907 3694 976">
    <p class='ocr_par' dir='ltr' id='par_1_70' title="bbox 2114 907 3694 976">
     <span class='ocr_line' id='line_1_70' title="bbox 2114 907 3694 976; baseline 0.002 -16"><span class='ocrx_word' id='word_1_525' title='bbox 2114 919 2301 960; x_wconf 91' lang='lat' dir='ltr'><strong>omnes</strong></span> <span class='ocrx_word' id='word_1_526' title='bbox 2344 916 2731 976; x_wconf 89' lang='lat' dir='ltr'><strong>peccaverunt,</strong></span> <span class='ocrx_word' id='word_1_527' title='bbox 2766 915 2825 961; x_wconf 92' lang='lat' dir='ltr'><strong>ut</strong></span> <span class='ocrx_word' id='word_1_528' title='bbox 2860 922 3047 962; x_wconf 91' lang='lat' dir='ltr'><strong>omnes</strong></span> <span class='ocrx_word' id='word_1_529' title='bbox 3090 907 3142 961; x_wconf 93' lang='lat' dir='ltr'><strong>in</strong></span> <span class='ocrx_word' id='word_1_530' title='bbox 3187 907 3276 961; x_wconf 91' lang='lat' dir='ltr'><strong>illo</strong></span> <span class='ocrx_word' id='word_1_531' title='bbox 3312 918 3694 963; x_wconf 88' lang='lat' dir='ltr'><strong>morerentur:</strong></span> 
     </span>
    </p>
   </div>
   <div class='ocr_carea' id='block_1_71' title="bbox 2113 996 3696 1070">
    <p class='ocr_par' dir='ltr' id='par_1_71' title="bbox 2113 996 3696 1070">
     <span class='ocr_line' id='line_1_71' title="bbox 2113 996 3696 1070; baseline 0.004 -21"><span class='ocrx_word' id='word_1_532' title='bbox 2113 996 2432 1068; x_wconf 87' lang='lat' dir='ltr'><strong>quicumque</strong></span> <span class='ocrx_word' id='word_1_533' title='bbox 2469 999 2612 1054; x_wconf 92' lang='lat' dir='ltr'><strong>enim</strong></span> <span class='ocrx_word' id='word_1_534' title='bbox 2657 1014 2721 1053; x_wconf 83' lang='lat' dir='ltr'><strong>ex</strong></span> <span class='ocrx_word' id='word_1_535' title='bbox 2766 999 2857 1053; x_wconf 92' lang='lat' dir='ltr'><strong>illo</strong></span> <span class='ocrx_word' id='word_1_536' title='bbox 2882 1014 2989 1054; x_wconf 90' lang='lat' dir='ltr'><strong>uno</strong></span> <span class='ocrx_word' id='word_1_537' title='bbox 3026 998 3179 1055; x_wconf 89' lang='lat' dir='ltr'><strong>multi</strong></span> <span class='ocrx_word' id='word_1_538' title='bbox 3212 999 3266 1054; x_wconf 92' lang='lat' dir='ltr'><strong>in</strong></span> <span class='ocrx_word' id='word_1_539' title='bbox 3312 999 3505 1070; x_wconf 88' lang='lat' dir='ltr'><strong>seipsis</strong></span> <span class='ocrx_word' id='word_1_540' title='bbox 3538 1000 3696 1061; x_wconf 80' lang='lat' dir='ltr'><strong>futuri</strong></span> 
     </span>
    </p>
   </div>
   <div class='ocr_carea' id='block_1_72' title="bbox 2113 1089 3695 1162">
    <p class='ocr_par' dir='ltr' id='par_1_72' title="bbox 2113 1089 3695 1162">
     <span class='ocr_line' id='line_1_72' title="bbox 2113 1089 3695 1162; baseline 0.004 -19"><span class='ocrx_word' id='word_1_541' title='bbox 2113 1096 2284 1152; x_wconf 88' lang='lat' dir='ltr'><strong>erant,</strong></span> <span class='ocrx_word' id='word_1_542' title='bbox 2313 1097 2440 1145; x_wconf 88' lang='lat' dir='ltr'><strong>tunc</strong></span> <span class='ocrx_word' id='word_1_543' title='bbox 2454 1089 2511 1144; x_wconf 91' lang='lat' dir='ltr'><strong>in</strong></span> <span class='ocrx_word' id='word_1_544' title='bbox 2537 1090 2628 1145; x_wconf 93' lang='lat' dir='ltr'><strong>illo</strong></span> <span class='ocrx_word' id='word_1_545' title='bbox 2653 1105 2789 1145; x_wconf 91' lang='lat' dir='ltr'><strong>unus</strong></span> <span class='ocrx_word' id='word_1_546' title='bbox 2812 1098 2983 1146; x_wconf 87' lang='lat' dir='ltr'><strong>erant.</strong></span> <span class='ocrx_word' id='word_1_547' title='bbox 3008 1090 3239 1147; x_wconf 88' lang='lat' dir='ltr'><strong>Proinde</strong></span> <span class='ocrx_word' id='word_1_548' title='bbox 3263 1091 3393 1147; x_wconf 89' lang='lat' dir='ltr'><strong>illud</strong></span> <span class='ocrx_word' id='word_1_549' title='bbox 3421 1102 3695 1162; x_wconf 85' lang='lat' dir='ltr'><strong>peccatum</strong></span> 
     </span>
    </p>
   </div>
   <div class='ocr_carea' id='block_1_73' title="bbox 2115 1180 3695 1256">
    <p class='ocr_par' dir='ltr' id='par_1_73' title="bbox 2115 1180 3695 1256">
     <span class='ocr_line' id='line_1_73' title="bbox 2115 1180 3695 1256; baseline 0.004 -21"><span class='ocrx_word' id='word_1_550' title='bbox 2115 1180 2280 1236; x_wconf 89' lang='lat' dir='ltr'><strong>solius</strong></span> <span class='ocrx_word' id='word_1_551' title='bbox 2302 1189 2477 1250; x_wconf 89' lang='lat' dir='ltr'><strong>esset,</strong></span> <span class='ocrx_word' id='word_1_552' title='bbox 2510 1183 2556 1238; x_wconf 90' lang='lat' dir='ltr'><strong>si</strong></span> <span class='ocrx_word' id='word_1_553' title='bbox 2600 1198 2664 1238; x_wconf 83' lang='lat' dir='ltr'><strong>ex</strong></span> <span class='ocrx_word' id='word_1_554' title='bbox 2697 1183 2787 1238; x_wconf 91' lang='lat' dir='ltr'><strong>illo</strong></span> <span class='ocrx_word' id='word_1_555' title='bbox 2831 1183 3009 1239; x_wconf 81' lang='lat' dir='ltr'><strong>nullus</strong></span> <span class='ocrx_word' id='word_1_556' title='bbox 3036 1186 3254 1240; x_wconf 82' lang='lat' dir='ltr'><strong>exiisset</strong></span> <span class='ocrx_word' id='word_1_557' title='bbox 3287 1203 3301 1240; x_wconf 89' lang='lat'><strong>:</strong></span> <span class='ocrx_word' id='word_1_558' title='bbox 3331 1200 3494 1256; x_wconf 92' lang='lat' dir='ltr'><strong>porro</strong></span> <span class='ocrx_word' id='word_1_559' title='bbox 3517 1195 3695 1242; x_wconf 87' lang='lat' dir='ltr'><strong>autem</strong></span> 
     </span>
    </p>
   </div>
   <div class='ocr_carea' id='block_1_74' title="bbox 2114 1271 3693 1348">
    <p class='ocr_par' dir='ltr' id='par_1_74' title="bbox 2114 1271 3693 1348">
     <span class='ocr_line' id='line_1_74' title="bbox 2114 1271 3693 1348; baseline 0.003 -21"><span class='ocrx_word' id='word_1_560' title='bbox 2114 1271 2169 1327; x_wconf 91' lang='lat' dir='ltr'><strong>in</strong></span> <span class='ocrx_word' id='word_1_561' title='bbox 2196 1288 2303 1344; x_wconf 93' lang='lat' dir='ltr'><strong>quo</strong></span> <span class='ocrx_word' id='word_1_562' title='bbox 2348 1282 2463 1330; x_wconf 87' lang='lat' dir='ltr'><strong>erat</strong></span> <span class='ocrx_word' id='word_1_563' title='bbox 2492 1282 2677 1330; x_wconf 90' lang='lat' dir='ltr'><strong>natura</strong></span> <span class='ocrx_word' id='word_1_564' title='bbox 2708 1276 3029 1343; x_wconf 88' lang='lat' dir='ltr'><strong>communis,</strong></span> <span class='ocrx_word' id='word_1_565' title='bbox 3056 1276 3125 1331; x_wconf 87' lang='lat' dir='ltr'><strong>ab</strong></span> <span class='ocrx_word' id='word_1_566' title='bbox 3154 1276 3270 1348; x_wconf 89' lang='lat' dir='ltr'><strong>ejus</strong></span> <span class='ocrx_word' id='word_1_567' title='bbox 3308 1277 3438 1332; x_wconf 90' lang='lat' dir='ltr'><strong>vitio</strong></span> <span class='ocrx_word' id='word_1_568' title='bbox 3466 1285 3551 1332; x_wconf 87' lang='lat' dir='ltr'><strong>est</strong></span> <span class='ocrx_word' id='word_1_569' title='bbox 3576 1279 3693 1333; x_wconf 69' lang='lat' dir='ltr'><strong>nul.</strong></span> 
     </span>
    </p>
   </div>
   <div class='ocr_carea' id='block_1_75' title="bbox 2114 1364 3695 1442">
    <p class='ocr_par' dir='ltr' id='par_1_75' title="bbox 2114 1364 3695 1442">
     <span class='ocr_line' id='line_1_75' title="bbox 2114 1364 3695 1442; baseline 0.006 -22"><span class='ocrx_word' id='word_1_570' title='bbox 2114 1364 2197 1421; x_wconf 89' lang='lat' dir='ltr'><strong>lus</strong></span> <span class='ocrx_word' id='word_1_571' title='bbox 2236 1367 2507 1424; x_wconf 88' lang='lat' dir='ltr'><strong>immunis.</strong></span> <span class='ocrx_word' id='word_1_572' title='bbox 2534 1368 2588 1425; x_wconf 92' lang='lat' dir='ltr'><strong>Si</strong></span> <span class='ocrx_word' id='word_1_573' title='bbox 2612 1369 2773 1425; x_wconf 86' lang='lat' dir='ltr'><strong>ambo</strong></span> <span class='ocrx_word' id='word_1_574' title='bbox 2798 1370 2886 1441; x_wconf 91' lang='lat' dir='ltr'><strong>qui</strong></span> <span class='ocrx_word' id='word_1_575' title='bbox 2918 1371 3151 1426; x_wconf 88' lang='lat' dir='ltr'><strong>nondum</strong></span> <span class='ocrx_word' id='word_1_576' title='bbox 3192 1372 3405 1442; x_wconf 90' lang='lat' dir='ltr'><strong>propria</strong></span> <span class='ocrx_word' id='word_1_577' title='bbox 3434 1372 3515 1427; x_wconf 89' lang='lat' dir='ltr'><strong>vel</strong></span> <span class='ocrx_word' id='word_1_578' title='bbox 3557 1372 3695 1429; x_wconf 87' lang='lat' dir='ltr'><strong>bona</strong></span> 
     </span>
    </p>
   </div>
   <div class='ocr_carea' id='block_1_76' title="bbox 2112 1458 3696 1534">
    <p class='ocr_par' dir='ltr' id='par_1_76' title="bbox 2112 1458 3696 1534">
     <span class='ocr_line' id='line_1_76' title="bbox 2112 1458 3696 1534; baseline 0.004 -21"><span class='ocrx_word' id='word_1_579' title='bbox 2112 1458 2199 1514; x_wconf 89' lang='lat' dir='ltr'><strong>vel</strong></span> <span class='ocrx_word' id='word_1_580' title='bbox 2224 1459 2362 1514; x_wconf 89' lang='lat' dir='ltr'><strong>mala</strong></span> <span class='ocrx_word' id='word_1_581' title='bbox 2398 1460 2789 1531; x_wconf 88' lang='lat' dir='ltr'><strong>operabantur,</strong></span> <span class='ocrx_word' id='word_1_582' title='bbox 2839 1462 2917 1517; x_wconf 92' lang='lat' dir='ltr'><strong>rei</strong></span> <span class='ocrx_word' id='word_1_583' title='bbox 2960 1470 3137 1518; x_wconf 83' lang='lat' dir='ltr'><strong>tamen</strong></span> <span class='ocrx_word' id='word_1_584' title='bbox 3175 1478 3242 1519; x_wconf 80' lang='lat' dir='ltr'><strong>ex</strong></span> <span class='ocrx_word' id='word_1_585' title='bbox 3266 1462 3473 1534; x_wconf 89' lang='lat' dir='ltr'><strong>origine</strong></span> <span class='ocrx_word' id='word_1_586' title='bbox 3511 1478 3696 1519; x_wconf 89' lang='lat' dir='ltr'><strong>nasce-</strong></span> 
     </span>
    </p>
   </div>
   <div class='ocr_carea' id='block_1_77' title="bbox 2112 1551 3696 1627">
    <p class='ocr_par' dir='ltr' id='par_1_77' title="bbox 2112 1551 3696 1627">
     <span class='ocr_line' id='line_1_77' title="bbox 2112 1551 3696 1627; baseline 0.004 -20"><span class='ocrx_word' id='word_1_587' title='bbox 2112 1551 2339 1619; x_wconf 90' lang='lat' dir='ltr'><strong>bantur;</strong></span> <span class='ocrx_word' id='word_1_588' title='bbox 2367 1553 2544 1609; x_wconf 90' lang='lat' dir='ltr'><strong>laudet</strong></span> <span class='ocrx_word' id='word_1_589' title='bbox 2573 1554 2991 1611; x_wconf 86' lang='lat' dir='ltr'><strong>misericordiam</strong></span> <span class='ocrx_word' id='word_1_590' title='bbox 3022 1556 3112 1627; x_wconf 91' lang='lat' dir='ltr'><strong>qui</strong></span> <span class='ocrx_word' id='word_1_591' title='bbox 3147 1555 3424 1626; x_wconf 84' lang='lat' dir='ltr'><strong>liberatur,</strong></span> <span class='ocrx_word' id='word_1_592' title='bbox 3453 1572 3559 1613; x_wconf 92' lang='lat' dir='ltr'><strong>non</strong></span> <span class='ocrx_word' id='word_1_593' title='bbox 3580 1559 3696 1614; x_wconf 84' lang='lat' dir='ltr'><strong>cul-</strong></span> 
     </span>
    </p>
   </div>
   <div class='ocr_carea' id='block_1_78' title="bbox 2112 1643 2864 1715">
    <p class='ocr_par' dir='ltr' id='par_1_78' title="bbox 2112 1643 2864 1715">
     <span class='ocr_line' id='line_1_78' title="bbox 2112 1643 2864 1715; baseline 0.001 -17"><span class='ocrx_word' id='word_1_594' title='bbox 2112 1650 2204 1713; x_wconf 88' lang='lat' dir='ltr'><strong>pet</strong></span> <span class='ocrx_word' id='word_1_595' title='bbox 2225 1643 2482 1714; x_wconf 89' lang='lat' dir='ltr'><strong>judicium</strong></span> <span class='ocrx_word' id='word_1_596' title='bbox 2510 1646 2599 1715; x_wconf 94' lang='lat' dir='ltr'><strong>qui</strong></span> <span class='ocrx_word' id='word_1_597' title='bbox 2627 1646 2864 1715; x_wconf 90' lang='lat' dir='ltr'><strong>punitur.</strong></span> 
     </span>
    </p>
   </div>
   <div class='ocr_carea' id='block_1_79' title="bbox 2182 1733 3693 1809">
    <p class='ocr_par' dir='ltr' id='par_1_79' title="bbox 2182 1733 3693 1809">
     <span class='ocr_line' id='line_1_79' title="bbox 2182 1733 3693 1809; baseline 0.004 -17"><span class='ocrx_word' id='word_1_598' title='bbox 2182 1733 2409 1795; x_wconf 84' lang='lat' dir='ltr'><strong>CAPUT</strong></span> <span class='ocrx_word' id='word_1_599' title='bbox 2436 1737 2547 1793; x_wconf 82' lang='lat' dir='ltr'><strong>Vll.</strong></span> <span class='ocrx_word' id='word_1_600' title='bbox 2579 1769 2650 1780; x_wconf 90' lang='lat'><strong>--</strong></span> <span class='ocrx_word' id='word_1_601' title='bbox 2684 1739 2775 1794; x_wconf 76' lang='lat'><strong>22.</strong></span> <span class='ocrx_word' id='word_1_602' title='bbox 2800 1739 2899 1795; x_wconf 83' lang='lat' dir='ltr'><strong>Hic</strong></span> <span class='ocrx_word' id='word_1_603' title='bbox 2923 1740 2968 1795; x_wconf 91' lang='lat' dir='ltr'><strong>si</strong></span> <span class='ocrx_word' id='word_1_604' title='bbox 2997 1739 3319 1809; x_wconf 77' lang='lat' dir='ltr'><strong>dixerimus,</strong></span> <span class='ocrx_word' id='word_1_605' title='bbox 3343 1740 3552 1809; x_wconf 87' lang='lat' dir='ltr'><strong>Quanto</strong></span> <span class='ocrx_word' id='word_1_606' title='bbox 3576 1758 3693 1798; x_wconf 90' lang='lat' dir='ltr'><strong>me-</strong></span> 
     </span>
    </p>
   </div>
   <div class='ocr_carea' id='block_1_80' title="bbox 2113 1822 3693 1899">
    <p class='ocr_par' dir='ltr' id='par_1_80' title="bbox 2113 1822 3693 1899">
     <span class='ocr_line' id='line_1_80' title="bbox 2113 1822 3693 1899; baseline 0.004 -18"><span class='ocrx_word' id='word_1_607' title='bbox 2113 1825 2216 1883; x_wconf 90' lang='lat' dir='ltr'><strong>lius</strong></span> <span class='ocrx_word' id='word_1_608' title='bbox 2244 1829 2401 1884; x_wconf 88' lang='lat' dir='ltr'><strong>ambo</strong></span> <span class='ocrx_word' id='word_1_609' title='bbox 2428 1830 2815 1899; x_wconf 89' lang='lat' dir='ltr'><strong>liberarentur;</strong></span> <span class='ocrx_word' id='word_1_610' title='bbox 2851 1822 2985 1886; x_wconf 84' lang='lat' dir='ltr'><strong>nihil</strong></span> <span class='ocrx_word' id='word_1_611' title='bbox 3007 1831 3159 1887; x_wconf 90' lang='lat' dir='ltr'><strong>nobis</strong></span> <span class='ocrx_word' id='word_1_612' title='bbox 3181 1833 3585 1888; x_wconf 89' lang='lat' dir='ltr'><strong>convenientius</strong></span> <span class='ocrx_word' id='word_1_613' title='bbox 3608 1834 3693 1888; x_wconf 84' lang='lat' dir='ltr'><strong>di-</strong></span> 
     </span>
    </p>
   </div>
   <div class='ocr_carea' id='block_1_81' title="bbox 2112 1922 3690 1997">
    <p class='ocr_par' dir='ltr' id='par_1_81' title="bbox 2112 1922 3690 1997">
     <span class='ocr_line' id='line_1_81' title="bbox 2112 1922 3690 1997; baseline 0.005 -23"><span class='ocrx_word' id='word_1_614' title='bbox 2112 1927 2283 1987; x_wconf 87' lang='lat' dir='ltr'><strong>cetur,</strong></span> <span class='ocrx_word' id='word_1_615' title='bbox 2313 1937 2491 1993; x_wconf 87' lang='lat' dir='ltr'><strong>quam,</strong></span> <span class='ocrx_word' id='word_1_616' title='bbox 2528 1922 2572 1978; x_wconf 92' lang='lat'><em>0</em></span> <span class='ocrx_word' id='word_1_617' title='bbox 2598 1924 2768 1988; x_wconf 86' lang='lat' dir='ltr'><strong>homo,</strong></span> <span class='ocrx_word' id='word_1_618' title='bbox 2801 1934 2856 1979; x_wconf 85' lang='lat' dir='ltr'><strong>tu</strong></span> <span class='ocrx_word' id='word_1_619' title='bbox 2879 1925 2994 1995; x_wconf 87' lang='lat' dir='ltr'><strong>quis</strong></span> <span class='ocrx_word' id='word_1_620' title='bbox 3017 1942 3069 1980; x_wconf 87' lang='lat' dir='ltr'><strong>es</strong></span> <span class='ocrx_word' id='word_1_621' title='bbox 3097 1926 3184 1996; x_wconf 89' lang='lat' dir='ltr'><strong>qui</strong></span> <span class='ocrx_word' id='word_1_622' title='bbox 3213 1926 3517 1997; x_wconf 81' lang='lat' dir='ltr'><strong>respondeas</strong></span> <span class='ocrx_word' id='word_1_623' title='bbox 3543 1927 3690 1982; x_wconf 76' lang='lat' dir='ltr'><strong>Deo?</strong></span> 
     </span>
    </p>
   </div>
   <div class='ocr_carea' id='block_1_82' title="bbox 2111 2010 3684 2087">
    <p class='ocr_par' dir='ltr' id='par_1_82' title="bbox 2111 2010 3684 2087">
     <span class='ocr_line' id='line_1_82' title="bbox 2111 2010 3684 2087; baseline 0.005 -21"><span class='ocrx_word' id='word_1_624' title='bbox 2111 2010 2266 2066; x_wconf 85' lang='lat' dir='ltr'><strong>Novit</strong></span> <span class='ocrx_word' id='word_1_625' title='bbox 2294 2013 2490 2083; x_wconf 90' lang='lat' dir='ltr'><strong>quippe</strong></span> <span class='ocrx_word' id='word_1_626' title='bbox 2519 2015 2609 2069; x_wconf 86' lang='lat' dir='ltr'><strong>ille</strong></span> <span class='ocrx_word' id='word_1_627' title='bbox 2628 2016 2753 2085; x_wconf 90' lang='lat' dir='ltr'><strong>quid</strong></span> <span class='ocrx_word' id='word_1_628' title='bbox 2778 2024 2919 2087; x_wconf 89' lang='lat' dir='ltr'><strong>agat,</strong></span> <span class='ocrx_word' id='word_1_629' title='bbox 2943 2024 2999 2071; x_wconf 91' lang='lat' dir='ltr'><strong>et</strong></span> <span class='ocrx_word' id='word_1_630' title='bbox 3023 2025 3254 2087; x_wconf 90' lang='lat' dir='ltr'><strong>quantus</strong></span> <span class='ocrx_word' id='word_1_631' title='bbox 3277 2033 3533 2072; x_wconf 91' lang='lat' dir='ltr'><strong>numerus</strong></span> <span class='ocrx_word' id='word_1_632' title='bbox 3562 2034 3684 2074; x_wconf 84' lang='lat' dir='ltr'><strong>esse</strong></span> 
     </span>
    </p>
   </div>
   <div class='ocr_carea' id='block_1_83' title="bbox 2111 2100 3690 2177">
    <p class='ocr_par' dir='ltr' id='par_1_83' title="bbox 2111 2100 3690 2177">
     <span class='ocr_line' id='line_1_83' title="bbox 2111 2100 3690 2177; baseline 0.005 -21"><span class='ocrx_word' id='word_1_633' title='bbox 2111 2100 2305 2157; x_wconf 89' lang='lat' dir='ltr'><strong>debeat</strong></span> <span class='ocrx_word' id='word_1_634' title='bbox 2320 2104 2563 2173; x_wconf 88' lang='lat' dir='ltr'><strong>primitus</strong></span> <span class='ocrx_word' id='word_1_635' title='bbox 2587 2107 2822 2161; x_wconf 91' lang='lat' dir='ltr'><strong>omnium</strong></span> <span class='ocrx_word' id='word_1_636' title='bbox 2844 2107 3138 2175; x_wconf 90' lang='lat' dir='ltr'><strong>hominum,</strong></span> <span class='ocrx_word' id='word_1_637' title='bbox 3158 2108 3350 2164; x_wconf 91' lang='lat' dir='ltr'><strong>deinde</strong></span> <span class='ocrx_word' id='word_1_638' title='bbox 3364 2120 3690 2177; x_wconf 87' lang='lat' dir='ltr'><strong>sanctorum,</strong></span> 
     </span>
    </p>
   </div>
   <div class='ocr_carea' id='block_1_84' title="bbox 2111 2192 3679 2272">
    <p class='ocr_par' dir='ltr' id='par_1_84' title="bbox 2111 2192 3679 2272">
     <span class='ocr_line' id='line_1_84' title="bbox 2111 2192 3679 2272; baseline 0.006 -25"><span class='ocrx_word' id='word_1_639' title='bbox 2111 2192 2249 2248; x_wconf 90' lang='lat' dir='ltr'><strong>sicut</strong></span> <span class='ocrx_word' id='word_1_640' title='bbox 2272 2194 2527 2262; x_wconf 91' lang='lat' dir='ltr'><strong>siderum,</strong></span> <span class='ocrx_word' id='word_1_641' title='bbox 2566 2198 2702 2252; x_wconf 91' lang='lat' dir='ltr'><strong>sicut</strong></span> <span class='ocrx_word' id='word_1_642' title='bbox 2728 2199 3049 2270; x_wconf 82' lang='lat' dir='ltr'><strong>Angelorum</strong></span> <span class='ocrx_word' id='word_1_643' title='bbox 3074 2216 3089 2266; x_wconf 90' lang='lat'><strong>;</strong></span> <span class='ocrx_word' id='word_1_644' title='bbox 3118 2209 3297 2272; x_wconf 87' lang='lat' dir='ltr'><strong>atque,</strong></span> <span class='ocrx_word' id='word_1_645' title='bbox 3331 2210 3388 2256; x_wconf 91' lang='lat' dir='ltr'><strong>ut</strong></span> <span class='ocrx_word' id='word_1_646' title='bbox 3415 2201 3482 2257; x_wconf 92' lang='lat' dir='ltr'><strong>de</strong></span> <span class='ocrx_word' id='word_1_647' title='bbox 3509 2212 3679 2257; x_wconf 79' lang='lat' dir='ltr'><strong>terre-</strong></span> 
     </span>
    </p>
   </div>
   <div class='ocr_carea' id='block_1_85' title="bbox 2112 2275 3684 2362">
    <p class='ocr_par' dir='ltr' id='par_1_85' title="bbox 2112 2275 3684 2362">
     <span class='ocr_line' id='line_1_85' title="bbox 2112 2275 3684 2362; baseline 0.006 -23"><span class='ocrx_word' id='word_1_648' title='bbox 2112 2284 2196 2339; x_wconf 90' lang='lat' dir='ltr'><strong>nis</strong></span> <span class='ocrx_word' id='word_1_649' title='bbox 2222 2286 2521 2356; x_wconf 89' lang='lat' dir='ltr'><strong>loquamur,</strong></span> <span class='ocrx_word' id='word_1_650' title='bbox 2563 2288 2700 2344; x_wconf 87' lang='lat' dir='ltr'><strong>sicut</strong></span> <span class='ocrx_word' id='word_1_651' title='bbox 2728 2305 2977 2360; x_wconf 88' lang='lat' dir='ltr'><strong>pecorum</strong></span> <span class='ocrx_word' id='word_1_652' title='bbox 3001 2332 3017 2358; x_wconf 90' lang='lat'><strong>,</strong></span> <span class='ocrx_word' id='word_1_653' title='bbox 3046 2275 3271 2362; x_wconf 74' lang='lat' dir='ltr'><strong>piscium</strong></span> <span class='ocrx_word' id='word_1_654' title='bbox 3305 2335 3320 2362; x_wconf 94' lang='lat'><strong>,</strong></span> <span class='ocrx_word' id='word_1_655' title='bbox 3352 2294 3644 2349; x_wconf 81' lang='lat' dir='ltr'><strong>volatilium</strong></span> <span class='ocrx_word' id='word_1_656' title='bbox 3668 2337 3684 2362; x_wconf 91' lang='lat'><strong>,</strong></span> 
     </span>
    </p>
   </div>
   <div class='ocr_carea' id='block_1_86' title="bbox 2111 2376 3688 2456">
    <p class='ocr_par' dir='ltr' id='par_1_86' title="bbox 2111 2376 3688 2456">
     <span class='ocr_line' id='line_1_86' title="bbox 2111 2376 3688 2456; baseline 0.003 -21"><span class='ocrx_word' id='word_1_657' title='bbox 2111 2376 2249 2435; x_wconf 84' lang='lat' dir='ltr'><strong>sicut</strong></span> <span class='ocrx_word' id='word_1_658' title='bbox 2291 2379 2541 2435; x_wconf 89' lang='lat' dir='ltr'><strong>arborum</strong></span> <span class='ocrx_word' id='word_1_659' title='bbox 2584 2389 2639 2436; x_wconf 92' lang='lat' dir='ltr'><strong>et</strong></span> <span class='ocrx_word' id='word_1_660' title='bbox 2667 2380 2953 2438; x_wconf 88' lang='lat' dir='ltr'><strong>herbarum</strong></span> <span class='ocrx_word' id='word_1_661' title='bbox 2981 2425 2995 2449; x_wconf 94' lang='lat'><strong>,</strong></span> <span class='ocrx_word' id='word_1_662' title='bbox 3026 2386 3162 2439; x_wconf 90' lang='lat' dir='ltr'><strong>sicut</strong></span> <span class='ocrx_word' id='word_1_663' title='bbox 3183 2384 3415 2456; x_wconf 90' lang='lat' dir='ltr'><strong>denique</strong></span> <span class='ocrx_word' id='word_1_664' title='bbox 3438 2384 3688 2441; x_wconf 83' lang='lat' dir='ltr'><strong>foliorum</strong></span> 
     </span>
    </p>
   </div>
   <div class='ocr_carea' id='block_1_87' title="bbox 2110 2472 3696 2549">
    <p class='ocr_par' dir='ltr' id='par_1_87' title="bbox 2110 2472 3696 2549">
     <span class='ocr_line' id='line_1_87' title="bbox 2110 2472 3696 2549; baseline 0.003 -21"><span class='ocrx_word' id='word_1_665' title='bbox 2110 2472 2529 2545; x_wconf 86' lang='lat' dir='ltr'><strong>capillorumque</strong></span> <span class='ocrx_word' id='word_1_666' title='bbox 2572 2482 2899 2530; x_wconf 88' lang='lat' dir='ltr'><strong>nostrorum.</strong></span> <span class='ocrx_word' id='word_1_667' title='bbox 2948 2476 3081 2531; x_wconf 86' lang='lat' dir='ltr'><strong>Nam</strong></span> <span class='ocrx_word' id='word_1_668' title='bbox 3111 2491 3207 2532; x_wconf 90' lang='lat' dir='ltr'><strong>nos</strong></span> <span class='ocrx_word' id='word_1_669' title='bbox 3246 2477 3477 2533; x_wconf 86' lang='lat' dir='ltr'><strong>humana</strong></span> <span class='ocrx_word' id='word_1_670' title='bbox 3504 2479 3696 2549; x_wconf 79' lang='lat' dir='ltr'><strong>cogita-</strong></span> 
     </span>
    </p>
   </div>
   <div class='ocr_carea' id='block_1_88' title="bbox 2113 2565 3695 2645">
    <p class='ocr_par' dir='ltr' id='par_1_88' title="bbox 2113 2565 3695 2645">
     <span class='ocr_line' id='line_1_88' title="bbox 2113 2565 3695 2645; baseline 0.004 -25"><span class='ocrx_word' id='word_1_671' title='bbox 2113 2566 2257 2622; x_wconf 88' lang='lat' dir='ltr'><strong>tione</strong></span> <span class='ocrx_word' id='word_1_672' title='bbox 2310 2565 2484 2622; x_wconf 87' lang='lat' dir='ltr'><strong>adhuc</strong></span> <span class='ocrx_word' id='word_1_673' title='bbox 2517 2581 2800 2637; x_wconf 88' lang='lat' dir='ltr'><strong>possumus</strong></span> <span class='ocrx_word' id='word_1_674' title='bbox 2851 2568 3065 2636; x_wconf 87' lang='lat' dir='ltr'><strong>dicere,</strong></span> <span class='ocrx_word' id='word_1_675' title='bbox 3102 2569 3363 2637; x_wconf 84' lang='lat' dir='ltr'><strong>Quoniam</strong></span> <span class='ocrx_word' id='word_1_676' title='bbox 3390 2570 3526 2625; x_wconf 88' lang='lat' dir='ltr'><strong>bona</strong></span> <span class='ocrx_word' id='word_1_677' title='bbox 3571 2580 3695 2645; x_wconf 80' lang='lat' dir='ltr'><strong>sunt</strong></span> 
     </span>
    </p>
   </div>
   <div class='ocr_carea' id='block_1_89' title="bbox 2110 2657 3690 2732">
    <p class='ocr_par' dir='ltr' id='par_1_89' title="bbox 2110 2657 3690 2732">
     <span class='ocr_line' id='line_1_89' title="bbox 2110 2657 3690 2732; baseline 0.003 -20"><span class='ocrx_word' id='word_1_678' title='bbox 2110 2665 2299 2712; x_wconf 92' lang='lat' dir='ltr'><strong>cuncta</strong></span> <span class='ocrx_word' id='word_1_679' title='bbox 2329 2657 2428 2711; x_wconf 90' lang='lat' dir='ltr'><strong>ista</strong></span> <span class='ocrx_word' id='word_1_680' title='bbox 2456 2672 2574 2727; x_wconf 71' lang='lat' dir='ltr'><strong>qua:</strong></span> <span class='ocrx_word' id='word_1_681' title='bbox 2601 2657 2740 2724; x_wconf 82' lang='lat' dir='ltr'><strong>fecit,</strong></span> <span class='ocrx_word' id='word_1_682' title='bbox 2770 2668 2970 2729; x_wconf 86' lang='lat' dir='ltr'><strong>quanto</strong></span> <span class='ocrx_word' id='word_1_683' title='bbox 2996 2660 3189 2716; x_wconf 89' lang='lat' dir='ltr'><strong>melius</strong></span> <span class='ocrx_word' id='word_1_684' title='bbox 3217 2662 3308 2716; x_wconf 92' lang='lat' dir='ltr'><strong>illa</strong></span> <span class='ocrx_word' id='word_1_685' title='bbox 3345 2661 3690 2732; x_wconf 90' lang='lat' dir='ltr'><strong>duplicasset,</strong></span> 
     </span>
    </p>
   </div>
   <div class='ocr_carea' id='block_1_90' title="bbox 2110 2749 3689 2825">
    <p class='ocr_par' dir='ltr' id='par_1_90' title="bbox 2110 2749 3689 2825">
     <span class='ocr_line' id='line_1_90' title="bbox 2110 2749 3689 2825; baseline 0.001 -19"><span class='ocrx_word' id='word_1_686' title='bbox 2110 2758 2165 2806; x_wconf 92' lang='lat' dir='ltr'><strong>et</strong></span> <span class='ocrx_word' id='word_1_687' title='bbox 2192 2749 2616 2819; x_wconf 87' lang='lat' dir='ltr'><strong>multiplicasset,</strong></span> <span class='ocrx_word' id='word_1_688' title='bbox 2644 2760 2703 2806; x_wconf 89' lang='lat' dir='ltr'><strong>ut</strong></span> <span class='ocrx_word' id='word_1_689' title='bbox 2727 2752 2893 2806; x_wconf 90' lang='lat' dir='ltr'><strong>multo</strong></span> <span class='ocrx_word' id='word_1_690' title='bbox 2937 2762 3116 2808; x_wconf 89' lang='lat' dir='ltr'><strong>essent</strong></span> <span class='ocrx_word' id='word_1_691' title='bbox 3143 2754 3294 2824; x_wconf 89' lang='lat' dir='ltr'><strong>plura</strong></span> <span class='ocrx_word' id='word_1_692' title='bbox 3329 2769 3487 2825; x_wconf 87' lang='lat' dir='ltr'><strong>quam</strong></span> <span class='ocrx_word' id='word_1_693' title='bbox 3520 2761 3645 2809; x_wconf 90' lang='lat' dir='ltr'><strong>sunt</strong></span> <span class='ocrx_word' id='word_1_694' title='bbox 3676 2771 3689 2807; x_wconf 88' lang='lat'><strong>:</strong></span> 
     </span>
    </p>
   </div>
   <div class='ocr_carea' id='block_1_91' title="bbox 2111 2842 3690 2919">
    <p class='ocr_par' dir='ltr' id='par_1_91' title="bbox 2111 2842 3690 2919">
     <span class='ocr_line' id='line_1_91' title="bbox 2111 2842 3690 2919; baseline 0.003 -21"><span class='ocrx_word' id='word_1_695' title='bbox 2111 2843 2155 2898; x_wconf 87' lang='lat' dir='ltr'><strong>si</strong></span> <span class='ocrx_word' id='word_1_696' title='bbox 2176 2842 2319 2897; x_wconf 90' lang='lat' dir='ltr'><strong>enim</strong></span> <span class='ocrx_word' id='word_1_697' title='bbox 2348 2858 2453 2897; x_wconf 92' lang='lat' dir='ltr'><strong>non</strong></span> <span class='ocrx_word' id='word_1_698' title='bbox 2474 2858 2537 2898; x_wconf 91' lang='lat' dir='ltr'><strong>ea</strong></span> <span class='ocrx_word' id='word_1_699' title='bbox 2564 2853 2780 2913; x_wconf 87' lang='lat' dir='ltr'><strong>caperet</strong></span> <span class='ocrx_word' id='word_1_700' title='bbox 2805 2846 3056 2913; x_wconf 89' lang='lat' dir='ltr'><strong>mundus,</strong></span> <span class='ocrx_word' id='word_1_701' title='bbox 3091 2848 3345 2918; x_wconf 90' lang='lat' dir='ltr'><strong>numquid</strong></span> <span class='ocrx_word' id='word_1_702' title='bbox 3370 2862 3475 2903; x_wconf 91' lang='lat' dir='ltr'><strong>non</strong></span> <span class='ocrx_word' id='word_1_703' title='bbox 3503 2856 3690 2919; x_wconf 88' lang='lat' dir='ltr'><strong>posset</strong></span> 
     </span>
    </p>
   </div>
   <div class='ocr_carea' id='block_1_92' title="bbox 2110 2934 3692 3010">
    <p class='ocr_par' dir='ltr' id='par_1_92' title="bbox 2110 2934 3692 3010">
     <span class='ocr_line' id='line_1_92' title="bbox 2110 2934 3692 3010; baseline 0.004 -20"><span class='ocrx_word' id='word_1_704' title='bbox 2110 2934 2271 2990; x_wconf 91' lang='lat' dir='ltr'><strong>etiam</strong></span> <span class='ocrx_word' id='word_1_705' title='bbox 2316 2934 2487 3005; x_wconf 91' lang='lat' dir='ltr'><strong>ipsum</strong></span> <span class='ocrx_word' id='word_1_706' title='bbox 2531 2934 2708 2991; x_wconf 80' lang='lat' dir='ltr'><strong>facere</strong></span> <span class='ocrx_word' id='word_1_707' title='bbox 2754 2949 3008 3007; x_wconf 87' lang='lat' dir='ltr'><strong>quantum</strong></span> <span class='ocrx_word' id='word_1_708' title='bbox 3038 2938 3199 2994; x_wconf 88' lang='lat' dir='ltr'><strong>vellet</strong></span> <span class='ocrx_word' id='word_1_709' title='bbox 3238 2940 3589 3010; x_wconf 83' lang='lat' dir='ltr'><strong>ampliorem?</strong></span> <span class='ocrx_word' id='word_1_710' title='bbox 3627 2941 3692 2996; x_wconf 86' lang='lat' dir='ltr'><strong>Et</strong></span> 
     </span>
    </p>
   </div>
   <div class='ocr_carea' id='block_1_93' title="bbox 2113 3028 3721 3103">
    <p class='ocr_par' dir='ltr' id='par_1_93' title="bbox 2113 3028 3721 3103">
     <span class='ocr_line' id='line_1_93' title="bbox 2113 3028 3721 3103; baseline 0.007 -22"><span class='ocrx_word' id='word_1_711' title='bbox 2113 3033 2288 3082; x_wconf 89' lang='lat' dir='ltr'><strong>tamen</strong></span> <span class='ocrx_word' id='word_1_712' title='bbox 2345 3036 2830 3099; x_wconf 87' lang='lat' dir='ltr'><strong>quantumcumque</strong></span> <span class='ocrx_word' id='word_1_713' title='bbox 2888 3028 3087 3086; x_wconf 76' lang='lat' dir='ltr'><strong>iaceret</strong></span> <span class='ocrx_word' id='word_1_714' title='bbox 3126 3030 3211 3085; x_wconf 87' lang='lat' dir='ltr'><strong>vel</strong></span> <span class='ocrx_word' id='word_1_715' title='bbox 3252 3031 3341 3091; x_wconf 84' lang='lat' dir='ltr'><strong>illa</strong></span> <span class='ocrx_word' id='word_1_716' title='bbox 3385 3032 3531 3103; x_wconf 89' lang='lat' dir='ltr'><strong>plura</strong></span> <span class='ocrx_word' id='word_1_717' title='bbox 3557 3073 3571 3099; x_wconf 92' lang='lat'><strong>,</strong></span> <span class='ocrx_word' id='word_1_718' title='bbox 3607 3033 3721 3093; x_wconf 89' lang='lat' dir='ltr'><strong>vel.</strong></span> 
     </span>
    </p>
   </div>
   <div class='ocr_carea' id='block_1_94' title="bbox 2110 3116 3689 3190">
    <p class='ocr_par' dir='ltr' id='par_1_94' title="bbox 2110 3116 3689 3190">
     <span class='ocr_line' id='line_1_94' title="bbox 2110 3116 3689 3190; baseline 0.004 -18"><span class='ocrx_word' id='word_1_719' title='bbox 2110 3116 2269 3172; x_wconf 89' lang='lat' dir='ltr'><strong>istum</strong></span> <span class='ocrx_word' id='word_1_720' title='bbox 2296 3118 2625 3186; x_wconf 87' lang='lat' dir='ltr'><strong>capaciorem</strong></span> <span class='ocrx_word' id='word_1_721' title='bbox 2657 3127 2816 3190; x_wconf 90' lang='lat' dir='ltr'><strong>atque</strong></span> <span class='ocrx_word' id='word_1_722' title='bbox 2832 3121 3115 3190; x_wconf 87' lang='lat' dir='ltr'><strong>majorem,</strong></span> <span class='ocrx_word' id='word_1_723' title='bbox 3136 3122 3478 3179; x_wconf 89' lang='lat' dir='ltr'><strong>nihilominus</strong></span> <span class='ocrx_word' id='word_1_724' title='bbox 3504 3122 3689 3179; x_wconf 71' lang='lat' dir='ltr'><strong>eadem</strong></span> 
     </span>
    </p>
   </div>
   <div class='ocr_carea' id='block_1_95' title="bbox 2108 3206 3689 3281">
    <p class='ocr_par' dir='ltr' id='par_1_95' title="bbox 2108 3206 3689 3281">
     <span class='ocr_line' id='line_1_95' title="bbox 2108 3206 3689 3281; baseline 0.004 -18"><span class='ocrx_word' id='word_1_725' title='bbox 2108 3206 2178 3263; x_wconf 91' lang='lat' dir='ltr'><strong>de</strong></span> <span class='ocrx_word' id='word_1_726' title='bbox 2200 3208 2613 3278; x_wconf 89' lang='lat' dir='ltr'><strong>multiplicandis</strong></span> <span class='ocrx_word' id='word_1_727' title='bbox 2638 3210 2718 3265; x_wconf 83' lang='lat' dir='ltr'><strong>eis</strong></span> <span class='ocrx_word' id='word_1_728' title='bbox 2746 3209 2847 3265; x_wconf 92' lang='lat' dir='ltr'><strong>diei</strong></span> <span class='ocrx_word' id='word_1_729' title='bbox 2876 3220 3110 3281; x_wconf 87' lang='lat' dir='ltr'><strong>possent,</strong></span> <span class='ocrx_word' id='word_1_730' title='bbox 3140 3221 3193 3267; x_wconf 90' lang='lat' dir='ltr'><strong>et</strong></span> <span class='ocrx_word' id='word_1_731' title='bbox 3233 3214 3409 3270; x_wconf 88' lang='lat' dir='ltr'><strong>nullus</strong></span> <span class='ocrx_word' id='word_1_732' title='bbox 3437 3223 3580 3271; x_wconf 86' lang='lat' dir='ltr'><strong>esset</strong></span> <span class='ocrx_word' id='word_1_733' title='bbox 3598 3215 3689 3269; x_wconf 83' lang='lat' dir='ltr'><strong>im-</strong></span> 
     </span>
    </p>
   </div>
   <div class='ocr_carea' id='block_1_96' title="bbox 2109 3299 2766 3373">
    <p class='ocr_par' dir='ltr' id='par_1_96' title="bbox 2109 3299 2766 3373">
     <span class='ocr_line' id='line_1_96' title="bbox 2109 3299 2766 3373; baseline -0.003 -16"><span class='ocrx_word' id='word_1_734' title='bbox 2109 3300 2416 3357; x_wconf 89' lang='lat' dir='ltr'><strong>moderatus</strong></span> <span class='ocrx_word' id='word_1_735' title='bbox 2451 3299 2523 3373; x_wconf 89' lang='lat' dir='ltr'><strong>(a)</strong></span> <span class='ocrx_word' id='word_1_736' title='bbox 2554 3302 2766 3357; x_wconf 91' lang='lat' dir='ltr'><strong>modus.</strong></span> 
     </span>
    </p>
   </div>
   <div class='ocr_carea' id='block_1_97' title="bbox 2178 3392 3690 3468">
    <p class='ocr_par' dir='ltr' id='par_1_97' title="bbox 2178 3392 3690 3468">
     <span class='ocr_line' id='line_1_97' title="bbox 2178 3392 3690 3468; baseline 0.006 -22"><span class='ocrx_word' id='word_1_737' title='bbox 2178 3392 2269 3447; x_wconf 76' lang='lat'><strong>23.</strong></span> <span class='ocrx_word' id='word_1_738' title='bbox 2316 3392 2526 3447; x_wconf 88' lang='lat' dir='ltr'><strong>Etenim</strong></span> <span class='ocrx_word' id='word_1_739' title='bbox 2551 3394 2708 3448; x_wconf 89' lang='lat' dir='ltr'><strong>etiam</strong></span> <span class='ocrx_word' id='word_1_740' title='bbox 2738 3394 2869 3450; x_wconf 89' lang='lat' dir='ltr'><strong>illud</strong></span> <span class='ocrx_word' id='word_1_741' title='bbox 2908 3395 3010 3450; x_wconf 90' lang='lat' dir='ltr'><strong>dici</strong></span> <span class='ocrx_word' id='word_1_742' title='bbox 3043 3403 3249 3466; x_wconf 90' lang='lat' dir='ltr'><strong>potest,</strong></span> <span class='ocrx_word' id='word_1_743' title='bbox 3290 3397 3403 3452; x_wconf 90' lang='lat' dir='ltr'><strong>sive</strong></span> <span class='ocrx_word' id='word_1_744' title='bbox 3431 3398 3500 3452; x_wconf 91' lang='lat' dir='ltr'><strong>sit</strong></span> <span class='ocrx_word' id='word_1_745' title='bbox 3523 3399 3690 3468; x_wconf 85' lang='lat' dir='ltr'><strong>gratia</strong></span> 
     </span>
    </p>
   </div>
   <div class='ocr_carea' id='block_1_98' title="bbox 2109 3483 3690 3556">
    <p class='ocr_par' dir='ltr' id='par_1_98' title="bbox 2109 3483 3690 3556">
     <span class='ocr_line' id='line_1_98' title="bbox 2109 3483 3690 3556; baseline 0.004 -20"><span class='ocrx_word' id='word_1_746' title='bbox 2109 3499 2210 3554; x_wconf 91' lang='lat' dir='ltr'><strong>qua</strong></span> <span class='ocrx_word' id='word_1_747' title='bbox 2235 3483 2596 3554; x_wconf 83' lang='lat' dir='ltr'><strong>justiﬁcantur</strong></span> <span class='ocrx_word' id='word_1_748' title='bbox 2638 3484 2817 3554; x_wconf 86' lang='lat' dir='ltr'><strong>injusti</strong></span> <span class='ocrx_word' id='word_1_749' title='bbox 2839 3524 2856 3551; x_wconf 91' lang='lat'><strong>,</strong></span> <span class='ocrx_word' id='word_1_750' title='bbox 2899 3485 2967 3541; x_wconf 92' lang='lat' dir='ltr'><strong>de</strong></span> <span class='ocrx_word' id='word_1_751' title='bbox 2995 3500 3100 3556; x_wconf 90' lang='lat' dir='ltr'><strong>qua</strong></span> <span class='ocrx_word' id='word_1_752' title='bbox 3143 3486 3298 3543; x_wconf 91' lang='lat' dir='ltr'><strong>nobis</strong></span> <span class='ocrx_word' id='word_1_753' title='bbox 3332 3486 3578 3542; x_wconf 86' lang='lat' dir='ltr'><strong>dubitare</strong></span> <span class='ocrx_word' id='word_1_754' title='bbox 3615 3486 3690 3542; x_wconf 81' lang='lat' dir='ltr'><strong>fas</strong></span> 
     </span>
    </p>
   </div>
   <div class='ocr_carea' id='block_1_99' title="bbox 2109 3574 3691 3648">
    <p class='ocr_par' dir='ltr' id='par_1_99' title="bbox 2109 3574 3691 3648">
     <span class='ocr_line' id='line_1_99' title="bbox 2109 3574 3691 3648; baseline 0.003 -19"><span class='ocrx_word' id='word_1_755' title='bbox 2109 3587 2215 3629; x_wconf 88' lang='lat' dir='ltr'><strong>non</strong></span> <span class='ocrx_word' id='word_1_756' title='bbox 2244 3580 2365 3639; x_wconf 92' lang='lat' dir='ltr'><strong>est,</strong></span> <span class='ocrx_word' id='word_1_757' title='bbox 2394 3574 2507 3629; x_wconf 88' lang='lat' dir='ltr'><strong>sive</strong></span> <span class='ocrx_word' id='word_1_758' title='bbox 2533 3616 2549 3641; x_wconf 96' lang='lat'><strong>,</strong></span> <span class='ocrx_word' id='word_1_759' title='bbox 2581 3582 2639 3628; x_wconf 91' lang='lat' dir='ltr'><strong>ut</strong></span> <span class='ocrx_word' id='word_1_760' title='bbox 2678 3574 2891 3645; x_wconf 88' lang='lat' dir='ltr'><strong>quidam</strong></span> <span class='ocrx_word' id='word_1_761' title='bbox 2921 3575 3138 3643; x_wconf 84' lang='lat' dir='ltr'><strong>volunt,</strong></span> <span class='ocrx_word' id='word_1_762' title='bbox 3172 3591 3384 3647; x_wconf 88' lang='lat' dir='ltr'><strong>semper</strong></span> <span class='ocrx_word' id='word_1_763' title='bbox 3427 3577 3691 3648; x_wconf 81' lang='lat' dir='ltr'><strong>praecedat</strong></span> 
     </span>
    </p>
   </div>
   <div class='ocr_carea' id='block_1_100' title="bbox 2108 3664 3689 3742">
    <p class='ocr_par' dir='ltr' id='par_1_100' title="bbox 2108 3664 3689 3742">
     <span class='ocr_line' id='line_1_100' title="bbox 2108 3664 3689 3742; baseline 0.003 -22"><span class='ocrx_word' id='word_1_764' title='bbox 2108 3664 2332 3721; x_wconf 90' lang='lat' dir='ltr'><strong>liberum</strong></span> <span class='ocrx_word' id='word_1_765' title='bbox 2353 3666 2651 3734; x_wconf 90' lang='lat' dir='ltr'><strong>arbitrium,</strong></span> <span class='ocrx_word' id='word_1_766' title='bbox 2682 3667 2834 3737; x_wconf 90' lang='lat' dir='ltr'><strong>cujus</strong></span> <span class='ocrx_word' id='word_1_767' title='bbox 2855 3669 3105 3723; x_wconf 91' lang='lat' dir='ltr'><strong>meritum</strong></span> <span class='ocrx_word' id='word_1_768' title='bbox 3141 3679 3395 3740; x_wconf 85' lang='lat' dir='ltr'><strong>sequatur</strong></span> <span class='ocrx_word' id='word_1_769' title='bbox 3420 3671 3504 3726; x_wconf 91' lang='lat' dir='ltr'><strong>vel</strong></span> <span class='ocrx_word' id='word_1_770' title='bbox 3536 3686 3689 3742; x_wconf 69' lang='lat' dir='ltr'><strong>pinna</strong></span> 
     </span>
    </p>
   </div>
   <div class='ocr_carea' id='block_1_101' title="bbox 2109 3756 3689 3832">
    <p class='ocr_par' dir='ltr' id='par_1_101' title="bbox 2109 3756 3689 3832">
     <span class='ocr_line' id='line_1_101' title="bbox 2109 3756 3689 3832; baseline 0.004 -22"><span class='ocrx_word' id='word_1_771' title='bbox 2109 3756 2193 3813; x_wconf 88' lang='lat' dir='ltr'><strong>vel</strong></span> <span class='ocrx_word' id='word_1_772' title='bbox 2215 3757 2512 3826; x_wconf 75' lang='lat' dir='ltr'><strong>praemium,</strong></span> <span class='ocrx_word' id='word_1_773' title='bbox 2542 3772 2639 3812; x_wconf 91' lang='lat' dir='ltr'><strong>cur</strong></span> <span class='ocrx_word' id='word_1_774' title='bbox 2665 3758 2884 3813; x_wconf 86' lang='lat' dir='ltr'><strong>omnino</strong></span> <span class='ocrx_word' id='word_1_775' title='bbox 2912 3760 3078 3815; x_wconf 87' lang='lat' dir='ltr'><strong>creati</strong></span> <span class='ocrx_word' id='word_1_776' title='bbox 3119 3769 3244 3815; x_wconf 92' lang='lat' dir='ltr'><strong>sunt</strong></span> <span class='ocrx_word' id='word_1_777' title='bbox 3281 3761 3425 3832; x_wconf 91' lang='lat' dir='ltr'><strong>quod</strong></span> <span class='ocrx_word' id='word_1_778' title='bbox 3454 3762 3596 3818; x_wconf 87' lang='lat' dir='ltr'><strong>Dens</strong></span> <span class='ocrx_word' id='word_1_779' title='bbox 3619 3762 3689 3816; x_wconf 88' lang='lat' dir='ltr'><strong>ita</strong></span> 
     </span>
    </p>
   </div>
   <div class='ocr_carea' id='block_1_102' title="bbox 2108 3853 3692 3924">
    <p class='ocr_par' dir='ltr' id='par_1_102' title="bbox 2108 3853 3692 3924">
     <span class='ocr_line' id='line_1_102' title="bbox 2108 3853 3692 3924; baseline 0.004 -21"><span class='ocrx_word' id='word_1_780' title='bbox 2108 3858 2440 3919; x_wconf 88' lang='lat' dir='ltr'><strong>peccaturos,</strong></span> <span class='ocrx_word' id='word_1_781' title='bbox 2464 3858 2523 3905; x_wconf 91' lang='lat' dir='ltr'><strong>ut</strong></span> <span class='ocrx_word' id='word_1_782' title='bbox 2545 3860 2745 3906; x_wconf 68' lang='lat' dir='ltr'><strong>aeterno</strong></span> <span class='ocrx_word' id='word_1_783' title='bbox 2775 3862 2957 3907; x_wconf 88' lang='lat' dir='ltr'><strong>essent</strong></span> <span class='ocrx_word' id='word_1_784' title='bbox 2980 3854 3101 3924; x_wconf 83' lang='lat' dir='ltr'><strong>igne</strong></span> <span class='ocrx_word' id='word_1_785' title='bbox 3125 3853 3432 3922; x_wconf 89' lang='lat' dir='ltr'><strong>damnandi,</strong></span> <span class='ocrx_word' id='word_1_786' title='bbox 3465 3857 3581 3911; x_wconf 85' lang='lat' dir='ltr'><strong>sine</strong></span> <span class='ocrx_word' id='word_1_787' title='bbox 3600 3856 3692 3910; x_wconf 85' lang='lat' dir='ltr'><strong>du-</strong></span> 
     </span>
    </p>
   </div>
   <div class='ocr_carea' id='block_1_103' title="bbox 2107 3939 3692 4016">
    <p class='ocr_par' dir='ltr' id='par_1_103' title="bbox 2107 3939 3692 4016">
     <span class='ocr_line' id='line_1_103' title="bbox 2107 3939 3692 4016; baseline 0.005 -21"><span class='ocrx_word' id='word_1_788' title='bbox 2107 3939 2365 3995; x_wconf 80' lang='lat' dir='ltr'><strong>bitatione</strong></span> <span class='ocrx_word' id='word_1_789' title='bbox 2395 3940 2698 4010; x_wconf 82' lang='lat' dir='ltr'><strong>praescivit?</strong></span> <span class='ocrx_word' id='word_1_790' title='bbox 2725 3942 2977 4011; x_wconf 85' lang='lat' dir='ltr'><strong>Quamvis</strong></span> <span class='ocrx_word' id='word_1_791' title='bbox 3001 3945 3141 4001; x_wconf 88' lang='lat' dir='ltr'><strong>enim</strong></span> <span class='ocrx_word' id='word_1_792' title='bbox 3174 3955 3388 4016; x_wconf 86' lang='lat' dir='ltr'><strong>peccata</strong></span> <span class='ocrx_word' id='word_1_793' title='bbox 3419 3962 3523 4003; x_wconf 93' lang='lat' dir='ltr'><strong>non</strong></span> <span class='ocrx_word' id='word_1_794' title='bbox 3552 3950 3692 4003; x_wconf 86' lang='lat' dir='ltr'><strong>lece-</strong></span> 
     </span>
    </p>
   </div>
   <div class='ocr_carea' id='block_1_104' title="bbox 2108 4033 3690 4109">
    <p class='ocr_par' dir='ltr' id='par_1_104' title="bbox 2108 4033 3690 4109">
     <span class='ocr_line' id='line_1_104' title="bbox 2108 4033 3690 4109; baseline 0.005 -22"><span class='ocrx_word' id='word_1_795' title='bbox 2108 4033 2198 4099; x_wconf 90' lang='lat' dir='ltr'><strong>rit,</strong></span> <span class='ocrx_word' id='word_1_796' title='bbox 2228 4042 2445 4088; x_wconf 82' lang='lat' dir='ltr'><strong>naturas</strong></span> <span class='ocrx_word' id='word_1_797' title='bbox 2475 4042 2652 4089; x_wconf 89' lang='lat' dir='ltr'><strong>tamen</strong></span> <span class='ocrx_word' id='word_1_798' title='bbox 2683 4037 2847 4106; x_wconf 89' lang='lat' dir='ltr'><strong>ipsas,</strong></span> <span class='ocrx_word' id='word_1_799' title='bbox 2872 4052 2993 4108; x_wconf 69' lang='lat' dir='ltr'><strong>qua:</strong></span> <span class='ocrx_word' id='word_1_800' title='bbox 3020 4052 3117 4108; x_wconf 83' lang='lat' dir='ltr'><strong>per</strong></span> <span class='ocrx_word' id='word_1_801' title='bbox 3145 4040 3352 4109; x_wconf 85' lang='lat' dir='ltr'><strong>seipsas</strong></span> <span class='ocrx_word' id='word_1_802' title='bbox 3384 4041 3502 4097; x_wconf 87' lang='lat' dir='ltr'><strong>sine</strong></span> <span class='ocrx_word' id='word_1_803' title='bbox 3525 4039 3690 4096; x_wconf 89' lang='lat' dir='ltr'><strong>dubio</strong></span> 
     </span>
    </p>
   </div>
   <div class='ocr_carea' id='block_1_105' title="bbox 2106 4116 3689 4198">
    <p class='ocr_par' dir='ltr' id='par_1_105' title="bbox 2106 4116 3689 4198">
     <span class='ocr_line' id='line_1_105' title="bbox 2106 4116 3689 4198; baseline 0.006 -19"><span class='ocrx_word' id='word_1_804' title='bbox 2106 4124 2263 4180; x_wconf 69' lang='lat' dir='ltr'><strong>bona:</strong></span> <span class='ocrx_word' id='word_1_805' title='bbox 2300 4134 2462 4195; x_wconf 91' lang='lat' dir='ltr'><strong>sunt,</strong></span> <span class='ocrx_word' id='word_1_806' title='bbox 2506 4128 2699 4198; x_wconf 90' lang='lat' dir='ltr'><strong>quibus</strong></span> <span class='ocrx_word' id='word_1_807' title='bbox 2733 4140 2908 4185; x_wconf 89' lang='lat' dir='ltr'><strong>tamen</strong></span> <span class='ocrx_word' id='word_1_808' title='bbox 2934 4116 3008 4185; x_wconf 82' lang='lat' dir='ltr'><strong>ex</strong></span> <span class='ocrx_word' id='word_1_809' title='bbox 3036 4132 3256 4187; x_wconf 90' lang='lat' dir='ltr'><strong>arbitrio</strong></span> <span class='ocrx_word' id='word_1_810' title='bbox 3296 4133 3581 4190; x_wconf 88' lang='lat' dir='ltr'><strong>voluntatis</strong></span> <span class='ocrx_word' id='word_1_811' title='bbox 3607 4135 3689 4190; x_wconf 84' lang='lat' dir='ltr'><strong>fu-</strong></span> 
     </span>
    </p>
   </div>
   <div class='ocr_carea' id='block_1_106' title="bbox 2108 4220 3689 4297">
    <p class='ocr_par' dir='ltr' id='par_1_106' title="bbox 2108 4220 3689 4297">
     <span class='ocr_line' id='line_1_106' title="bbox 2108 4220 3689 4297; baseline 0.008 -27"><span class='ocrx_word' id='word_1_812' title='bbox 2108 4222 2221 4270; x_wconf 87' lang='lat' dir='ltr'><strong>tura</strong></span> <span class='ocrx_word' id='word_1_813' title='bbox 2250 4226 2430 4274; x_wconf 86' lang='lat' dir='ltr'><strong>essent</strong></span> <span class='ocrx_word' id='word_1_814' title='bbox 2451 4220 2574 4273; x_wconf 87' lang='lat' dir='ltr'><strong>vitia</strong></span> <span class='ocrx_word' id='word_1_815' title='bbox 2602 4230 2960 4289; x_wconf 87' lang='lat' dir='ltr'><strong>peccatorum,</strong></span> <span class='ocrx_word' id='word_1_816' title='bbox 2984 4232 3039 4277; x_wconf 91' lang='lat' dir='ltr'><strong>et</strong></span> <span class='ocrx_word' id='word_1_817' title='bbox 3064 4224 3120 4278; x_wconf 90' lang='lat' dir='ltr'><strong>in</strong></span> <span class='ocrx_word' id='word_1_818' title='bbox 3147 4224 3329 4279; x_wconf 90' lang='lat' dir='ltr'><strong>multis</strong></span> <span class='ocrx_word' id='word_1_819' title='bbox 3350 4226 3472 4280; x_wconf 87' lang='lat' dir='ltr'><strong>talia</strong></span> <span class='ocrx_word' id='word_1_820' title='bbox 3496 4228 3689 4297; x_wconf 83' lang='lat' dir='ltr'><strong>quibus</strong></span> 
     </span>
    </p>
   </div>
   <div class='ocr_carea' id='block_1_107' title="bbox 2106 4311 3689 4384">
    <p class='ocr_par' dir='ltr' id='par_1_107' title="bbox 2106 4311 3689 4384">
     <span class='ocr_line' id='line_1_107' title="bbox 2106 4311 3689 4384; baseline 0.006 -23"><span class='ocrx_word' id='word_1_821' title='bbox 2106 4314 2250 4362; x_wconf 85' lang='lat' dir='ltr'><strong>esset</strong></span> <span class='ocrx_word' id='word_1_822' title='bbox 2272 4316 2470 4363; x_wconf 68' lang='lat' dir='ltr'><strong>aeterna</strong></span> <span class='ocrx_word' id='word_1_823' title='bbox 2496 4324 2652 4379; x_wconf 67' lang='lat' dir='ltr'><strong>pinna</strong></span> <span class='ocrx_word' id='word_1_824' title='bbox 2680 4311 2946 4367; x_wconf 86' lang='lat' dir='ltr'><strong>reddenda</strong></span> <span class='ocrx_word' id='word_1_825' title='bbox 2965 4354 2978 4378; x_wconf 93' lang='lat'><strong>,</strong></span> <span class='ocrx_word' id='word_1_826' title='bbox 3006 4313 3127 4384; x_wconf 91' lang='lat' dir='ltr'><strong>quis</strong></span> <span class='ocrx_word' id='word_1_827' title='bbox 3154 4315 3253 4369; x_wconf 90' lang='lat' dir='ltr'><strong>nisi</strong></span> <span class='ocrx_word' id='word_1_828' title='bbox 3288 4316 3428 4372; x_wconf 88' lang='lat' dir='ltr'><strong>Deus</strong></span> <span class='ocrx_word' id='word_1_829' title='bbox 3458 4318 3689 4376; x_wconf 82' lang='lat' dir='ltr'><strong>creavit?</strong></span> 
     </span>
    </p>
   </div>
   <div class='ocr_carea' id='block_1_108' title="bbox 2106 4398 3687 4477">
    <p class='ocr_par' dir='ltr' id='par_1_108' title="bbox 2106 4398 3687 4477">
     <span class='ocr_line' id='line_1_108' title="bbox 2106 4398 3687 4477; baseline 0.007 -23"><span class='ocrx_word' id='word_1_830' title='bbox 2106 4398 2319 4471; x_wconf 88' lang='lat' dir='ltr'><strong>Quare,</strong></span> <span class='ocrx_word' id='word_1_831' title='bbox 2365 4403 2466 4458; x_wconf 92' lang='lat' dir='ltr'><strong>nisi</strong></span> <span class='ocrx_word' id='word_1_832' title='bbox 2510 4404 2632 4474; x_wconf 89' lang='lat' dir='ltr'><strong>quia</strong></span> <span class='ocrx_word' id='word_1_833' title='bbox 2673 4404 2877 4460; x_wconf 89' lang='lat' dir='ltr'><strong>voluit?</strong></span> <span class='ocrx_word' id='word_1_834' title='bbox 2928 4421 3092 4477; x_wconf 88' lang='lat' dir='ltr'><strong>quare</strong></span> <span class='ocrx_word' id='word_1_835' title='bbox 3137 4418 3315 4463; x_wconf 88' lang='lat' dir='ltr'><strong>autem</strong></span> <span class='ocrx_word' id='word_1_836' title='bbox 3368 4410 3628 4477; x_wconf 89' lang='lat' dir='ltr'><strong>voluerit,</strong></span> <span class='ocrx_word' id='word_1_837' title='bbox 3656 4429 3687 4465; x_wconf 94' lang='lat' dir='ltr'><strong>o</strong></span> 
     </span>
    </p>
   </div>
   <div class='ocr_carea' id='block_1_109' title="bbox 2106 4490 3687 4572">
    <p class='ocr_par' dir='ltr' id='par_1_109' title="bbox 2106 4490 3687 4572">
     <span class='ocr_line' id='line_1_109' title="bbox 2106 4490 3687 4572; baseline 0.004 -26"><span class='ocrx_word' id='word_1_838' title='bbox 2106 4490 2278 4559; x_wconf 79' lang='lat' dir='ltr'><strong>homo,</strong></span> <span class='ocrx_word' id='word_1_839' title='bbox 2311 4502 2367 4547; x_wconf 90' lang='lat' dir='ltr'><strong>tu</strong></span> <span class='ocrx_word' id='word_1_840' title='bbox 2401 4494 2511 4565; x_wconf 84' lang='lat' dir='ltr'><strong>quis</strong></span> <span class='ocrx_word' id='word_1_841' title='bbox 2536 4512 2587 4549; x_wconf 85' lang='lat' dir='ltr'><strong>es</strong></span> <span class='ocrx_word' id='word_1_842' title='bbox 2625 4495 2711 4566; x_wconf 87' lang='lat' dir='ltr'><strong>qui</strong></span> <span class='ocrx_word' id='word_1_843' title='bbox 2748 4497 3055 4567; x_wconf 83' lang='lat' dir='ltr'><strong>respondeas</strong></span> <span class='ocrx_word' id='word_1_844' title='bbox 3084 4497 3236 4554; x_wconf 72' lang='lat' dir='ltr'><strong>Deo!</strong></span> <span class='ocrx_word' id='word_1_845' title='bbox 3264 4498 3527 4572; x_wconf 84' lang='lat' dir='ltr'><strong>Numquid</strong></span> <span class='ocrx_word' id='word_1_846' title='bbox 3564 4501 3687 4555; x_wconf 86' lang='lat' dir='ltr'><strong>dicit</strong></span> 
     </span>
    </p>
   </div>
   <div class='ocr_carea' id='block_1_110' title="bbox 2104 4582 3688 4663">
    <p class='ocr_par' dir='ltr' id='par_1_110' title="bbox 2104 4582 3688 4663">
     <span class='ocr_line' id='line_1_110' title="bbox 2104 4582 3688 4663; baseline 0.006 -27"><span class='ocrx_word' id='word_1_847' title='bbox 2104 4582 2401 4655; x_wconf 72' lang='lat' dir='ltr'><strong>ﬁgmentum</strong></span> <span class='ocrx_word' id='word_1_848' title='bbox 2441 4600 2551 4639; x_wconf 88' lang='lat' dir='ltr'><strong>eum</strong></span> <span class='ocrx_word' id='word_1_849' title='bbox 2586 4586 2631 4639; x_wconf 86' lang='lat' dir='ltr'><strong>ei</strong></span> <span class='ocrx_word' id='word_1_850' title='bbox 2654 4587 2739 4655; x_wconf 87' lang='lat' dir='ltr'><strong>qui</strong></span> <span class='ocrx_word' id='word_1_851' title='bbox 2777 4603 2831 4640; x_wconf 89' lang='lat' dir='ltr'><strong>se</strong></span> <span class='ocrx_word' id='word_1_852' title='bbox 2856 4588 3039 4657; x_wconf 70' lang='lat' dir='ltr'><strong>ﬁnxit,</strong></span> <span class='ocrx_word' id='word_1_853' title='bbox 3085 4589 3255 4653; x_wconf 88' lang='lat' dir='ltr'><strong>Quare</strong></span> <span class='ocrx_word' id='word_1_854' title='bbox 3292 4591 3365 4646; x_wconf 89' lang='lat' dir='ltr'><strong>sic</strong></span> <span class='ocrx_word' id='word_1_855' title='bbox 3385 4606 3461 4644; x_wconf 88' lang='lat' dir='ltr'><strong>me</strong></span> <span class='ocrx_word' id='word_1_856' title='bbox 3484 4592 3688 4663; x_wconf 74' lang='lat' dir='ltr'><strong>fecisti?</strong></span> 
     </span>
    </p>
   </div>
   <div class='ocr_carea' id='block_1_111' title="bbox 2104 4675 3685 4753">
    <p class='ocr_par' dir='ltr' id='par_1_111' title="bbox 2104 4675 3685 4753">
     <span class='ocr_line' id='line_1_111' title="bbox 2104 4675 3685 4753; baseline 0.004 -23"><span class='ocrx_word' id='word_1_857' title='bbox 2104 4675 2288 4730; x_wconf 80' lang='lat' dir='ltr'><strong>Annon</strong></span> <span class='ocrx_word' id='word_1_858' title='bbox 2318 4676 2461 4731; x_wconf 79' lang='lat' dir='ltr'><strong>habet</strong></span> <span class='ocrx_word' id='word_1_859' title='bbox 2492 4687 2782 4745; x_wconf 85' lang='lat' dir='ltr'><strong>potestatem</strong></span> <span class='ocrx_word' id='word_1_860' title='bbox 2804 4678 2995 4750; x_wconf 83' lang='lat' dir='ltr'><strong>ﬁgulus</strong></span> <span class='ocrx_word' id='word_1_861' title='bbox 3015 4680 3128 4747; x_wconf 89' lang='lat' dir='ltr'><strong>luti,</strong></span> <span class='ocrx_word' id='word_1_862' title='bbox 3158 4682 3410 4737; x_wconf 69' lang='lat' dir='ltr'><strong>exeadem</strong></span> <span class='ocrx_word' id='word_1_863' title='bbox 3438 4699 3685 4753; x_wconf 87' lang='lat' dir='ltr'><strong>conspar-</strong></span> 
     </span>
    </p>
   </div>
   <div class='ocr_carea' id='block_1_112' title="bbox 2103 4766 3687 4847">
    <p class='ocr_par' dir='ltr' id='par_1_112' title="bbox 2103 4766 3687 4847">
     <span class='ocr_line' id='line_1_112' title="bbox 2103 4766 3687 4847; baseline 0.006 -26"><span class='ocrx_word' id='word_1_864' title='bbox 2103 4766 2243 4822; x_wconf 90' lang='lat' dir='ltr'><strong>sione</strong></span> <span class='ocrx_word' id='word_1_865' title='bbox 2263 4768 2429 4838; x_wconf 74' lang='lat' dir='ltr'><strong>facere</strong></span> <span class='ocrx_word' id='word_1_866' title='bbox 2450 4768 2593 4822; x_wconf 85' lang='lat' dir='ltr'><strong>aliud</strong></span> <span class='ocrx_word' id='word_1_867' title='bbox 2615 4770 2811 4839; x_wconf 84' lang='lat' dir='ltr'><strong>quidem</strong></span> <span class='ocrx_word' id='word_1_868' title='bbox 2836 4784 2923 4825; x_wconf 81' lang='lat' dir='ltr'><strong>uas</strong></span> <span class='ocrx_word' id='word_1_869' title='bbox 2951 4772 3005 4826; x_wconf 90' lang='lat' dir='ltr'><strong>in</strong></span> <span class='ocrx_word' id='word_1_870' title='bbox 3038 4771 3275 4847; x_wconf 66' lang='lat' dir='ltr'><strong>honorem</strong></span> <span class='ocrx_word' id='word_1_871' title='bbox 3300 4815 3317 4842; x_wconf 95' lang='lat'><strong>,</strong></span> <span class='ocrx_word' id='word_1_872' title='bbox 3347 4775 3491 4830; x_wconf 80' lang='lat' dir='ltr'><strong>aliud</strong></span> <span class='ocrx_word' id='word_1_873' title='bbox 3518 4784 3687 4831; x_wconf 86' lang='lat' dir='ltr'><strong>autem</strong></span> 
     </span>
    </p>
   </div>
   <div class='ocr_carea' id='block_1_113' title="bbox 2102 4860 2587 4915">
    <p class='ocr_par' dir='ltr' id='par_1_113' title="bbox 2102 4860 2587 4915">
     <span class='ocr_line' id='line_1_113' title="bbox 2102 4860 2587 4915; baseline 0 0"><span class='ocrx_word' id='word_1_874' title='bbox 2102 4860 2157 4915; x_wconf 90' lang='lat' dir='ltr'><strong>in</strong></span> <span class='ocrx_word' id='word_1_875' title='bbox 2193 4860 2587 4915; x_wconf 79' lang='lat' dir='ltr'><strong>contumeliam?</strong></span> 
     </span>
    </p>
   </div>
   <div class='ocr_carea' id='block_1_114' title="bbox 2172 4953 3685 5031">
    <p class='ocr_par' dir='ltr' id='par_1_114' title="bbox 2172 4953 3685 5031">
     <span class='ocr_line' id='line_1_114' title="bbox 2172 4953 3685 5031; baseline 0.007 -24"><span class='ocrx_word' id='word_1_876' title='bbox 2172 4953 2263 5008; x_wconf 64' lang='lat'><strong>‘24.</strong></span> <span class='ocrx_word' id='word_1_877' title='bbox 2288 4956 2460 5025; x_wconf 85' lang='lat' dir='ltr'><strong>Atque</strong></span> <span class='ocrx_word' id='word_1_878' title='bbox 2483 4954 2685 5010; x_wconf 89' lang='lat' dir='ltr'><strong>utinam</strong></span> <span class='ocrx_word' id='word_1_879' title='bbox 2711 4955 2980 5014; x_wconf 87' lang='lat' dir='ltr'><strong>discamus</strong></span> <span class='ocrx_word' id='word_1_880' title='bbox 3006 4958 3150 5029; x_wconf 92' lang='lat' dir='ltr'><strong>quod</strong></span> <span class='ocrx_word' id='word_1_881' title='bbox 3192 4961 3435 5031; x_wconf 88' lang='lat' dir='ltr'><strong>sequitur</strong></span> <span class='ocrx_word' id='word_1_882' title='bbox 3462 4979 3475 5015; x_wconf 91' lang='lat'><strong>:</strong></span> <span class='ocrx_word' id='word_1_883' title='bbox 3502 4960 3565 5018; x_wconf 90' lang='lat' dir='ltr'><strong>Si</strong></span> <span class='ocrx_word' id='word_1_884' title='bbox 3588 4980 3685 5017; x_wconf 84' lang='lat' dir='ltr'><strong>au-</strong></span> 
     </span>
    </p>
   </div>
   <div class='ocr_carea' id='block_1_115' title="bbox 2102 5045 3687 5124">
    <p class='ocr_par' dir='ltr' id='par_1_115' title="bbox 2102 5045 3687 5124">
     <span class='ocr_line' id='line_1_115' title="bbox 2102 5045 3687 5124; baseline 0.006 -25"><span class='ocrx_word' id='word_1_885' title='bbox 2102 5051 2201 5100; x_wconf 89' lang='lat' dir='ltr'><strong>tem</strong></span> <span class='ocrx_word' id='word_1_886' title='bbox 2226 5045 2395 5100; x_wconf 84' lang='lat' dir='ltr'><strong>volens</strong></span> <span class='ocrx_word' id='word_1_887' title='bbox 2419 5045 2557 5100; x_wconf 86' lang='lat' dir='ltr'><strong>Deus</strong></span> <span class='ocrx_word' id='word_1_888' title='bbox 2581 5048 2837 5104; x_wconf 82' lang='lat' dir='ltr'><strong>ostendere</strong></span> <span class='ocrx_word' id='word_1_889' title='bbox 2870 5050 3001 5103; x_wconf 86' lang='lat' dir='ltr'><strong>iram</strong></span> <span class='ocrx_word' id='word_1_890' title='bbox 3018 5092 3034 5117; x_wconf 92' lang='lat'><strong>,</strong></span> <span class='ocrx_word' id='word_1_891' title='bbox 3071 5058 3118 5104; x_wconf 88' lang='lat' dir='ltr'><strong>et</strong></span> <span class='ocrx_word' id='word_1_892' title='bbox 3143 5050 3489 5107; x_wconf 81' lang='lat' dir='ltr'><strong>demonstrare</strong></span> <span class='ocrx_word' id='word_1_893' title='bbox 3516 5064 3687 5124; x_wconf 80' lang='lat' dir='ltr'><strong>poten-</strong></span> 
     </span>
    </p>
   </div>
   <div class='ocr_carea' id='block_1_116' title="bbox 2101 5136 3691 5213">
    <p class='ocr_par' dir='ltr' id='par_1_116' title="bbox 2101 5136 3691 5213">
     <span class='ocr_line' id='line_1_116' title="bbox 2101 5136 3691 5213; baseline 0.004 -22"><span class='ocrx_word' id='word_1_894' title='bbox 2101 5136 2228 5191; x_wconf 88' lang='lat' dir='ltr'><strong>tiam</strong></span> <span class='ocrx_word' id='word_1_895' title='bbox 2253 5153 2421 5204; x_wconf 90' lang='lat' dir='ltr'><strong>suam,</strong></span> <span class='ocrx_word' id='word_1_896' title='bbox 2468 5138 2670 5208; x_wconf 86' lang='lat' dir='ltr'><strong>pertulit</strong></span> <span class='ocrx_word' id='word_1_897' title='bbox 2702 5139 2756 5193; x_wconf 89' lang='lat' dir='ltr'><strong>in</strong></span> <span class='ocrx_word' id='word_1_898' title='bbox 2802 5140 2963 5194; x_wconf 87' lang='lat' dir='ltr'><strong>multa</strong></span> <span class='ocrx_word' id='word_1_899' title='bbox 3006 5140 3250 5211; x_wconf 86' lang='lat' dir='ltr'><strong>patientia</strong></span> <span class='ocrx_word' id='word_1_900' title='bbox 3282 5158 3402 5196; x_wconf 85' lang='lat' dir='ltr'><strong>vasa</strong></span> <span class='ocrx_word' id='word_1_901' title='bbox 3428 5143 3537 5208; x_wconf 69' lang='lat' dir='ltr'><strong>ira,</strong></span> <span class='ocrx_word' id='word_1_902' title='bbox 3578 5160 3691 5213; x_wconf 81' lang='lat' dir='ltr'><strong>qua:</strong></span> 
     </span>
    </p>
   </div>
   <div class='ocr_carea' id='block_1_117' title="bbox 2101 5230 3688 5306">
    <p class='ocr_par' dir='ltr' id='par_1_117' title="bbox 2101 5230 3688 5306">
     <span class='ocr_line' id='line_1_117' title="bbox 2101 5230 3688 5306; baseline 0.004 -23"><span class='ocrx_word' id='word_1_903' title='bbox 2101 5232 2324 5301; x_wconf 81' lang='lat' dir='ltr'><strong>perfecta</strong></span> <span class='ocrx_word' id='word_1_904' title='bbox 2364 5238 2480 5283; x_wconf 89' lang='lat' dir='ltr'><strong>sunt</strong></span> <span class='ocrx_word' id='word_1_905' title='bbox 2517 5230 2571 5283; x_wconf 89' lang='lat' dir='ltr'><strong>in</strong></span> <span class='ocrx_word' id='word_1_906' title='bbox 2612 5230 2961 5302; x_wconf 89' lang='lat' dir='ltr'><strong>perditionem,</strong></span> <span class='ocrx_word' id='word_1_907' title='bbox 2990 5240 3046 5286; x_wconf 89' lang='lat' dir='ltr'><strong>ut</strong></span> <span class='ocrx_word' id='word_1_908' title='bbox 3083 5242 3228 5287; x_wconf 91' lang='lat' dir='ltr'><strong>notas</strong></span> <span class='ocrx_word' id='word_1_909' title='bbox 3258 5236 3445 5306; x_wconf 76' lang='lat' dir='ltr'><strong>faceret</strong></span> <span class='ocrx_word' id='word_1_910' title='bbox 3490 5235 3688 5289; x_wconf 81' lang='lat' dir='ltr'><strong>divitias</strong></span> 
     </span>
    </p>
   </div>
   <div class='ocr_carea' id='block_1_118' title="bbox 2100 5320 3689 5395">
    <p class='ocr_par' dir='ltr' id='par_1_118' title="bbox 2100 5320 3689 5395">
     <span class='ocr_line' id='line_1_118' title="bbox 2100 5320 3689 5395; baseline 0.003 -20"><span class='ocrx_word' id='word_1_911' title='bbox 2100 5322 2277 5393; x_wconf 69' lang='lat' dir='ltr'><strong>gloriae</strong></span> <span class='ocrx_word' id='word_1_912' title='bbox 2303 5335 2411 5375; x_wconf 63' lang='lat' dir='ltr'><strong>suae</strong></span> <span class='ocrx_word' id='word_1_913' title='bbox 2428 5320 2482 5374; x_wconf 89' lang='lat' dir='ltr'><strong>in</strong></span> <span class='ocrx_word' id='word_1_914' title='bbox 2502 5337 2624 5375; x_wconf 79' lang='lat' dir='ltr'><strong>vasa</strong></span> <span class='ocrx_word' id='word_1_915' title='bbox 2663 5322 3038 5378; x_wconf 71' lang='lat' dir='ltr'><strong>misericordiae.</strong></span> <span class='ocrx_word' id='word_1_916' title='bbox 3068 5324 3208 5380; x_wconf 87' lang='lat' dir='ltr'><strong>Ecce</strong></span> <span class='ocrx_word' id='word_1_917' title='bbox 3242 5324 3353 5395; x_wconf 89' lang='lat' dir='ltr'><strong>jam</strong></span> <span class='ocrx_word' id='word_1_918' title='bbox 3386 5326 3523 5380; x_wconf 89' lang='lat' dir='ltr'><strong>ratio</strong></span> <span class='ocrx_word' id='word_1_919' title='bbox 3562 5325 3689 5380; x_wconf 89' lang='lat' dir='ltr'><strong>red-</strong></span> 
     </span>
    </p>
   </div>
   <div class='ocr_carea' id='block_1_119' title="bbox 2100 5412 3687 5487">
    <p class='ocr_par' dir='ltr' id='par_1_119' title="bbox 2100 5412 3687 5487">
     <span class='ocr_line' id='line_1_119' title="bbox 2100 5412 3687 5487; baseline 0.002 -17"><span class='ocrx_word' id='word_1_920' title='bbox 2100 5413 2209 5470; x_wconf 89' lang='lat' dir='ltr'><strong>dita</strong></span> <span class='ocrx_word' id='word_1_921' title='bbox 2235 5422 2317 5471; x_wconf 91' lang='lat' dir='ltr'><strong>est</strong></span> <span class='ocrx_word' id='word_1_922' title='bbox 2346 5412 2572 5483; x_wconf 88' lang='lat' dir='ltr'><strong>homini,</strong></span> <span class='ocrx_word' id='word_1_923' title='bbox 2611 5423 2809 5487; x_wconf 89' lang='lat' dir='ltr'><strong>quanta</strong></span> <span class='ocrx_word' id='word_1_924' title='bbox 2835 5416 3017 5472; x_wconf 83' lang='lat' dir='ltr'><strong>debuit</strong></span> <span class='ocrx_word' id='word_1_925' title='bbox 3044 5416 3278 5483; x_wconf 88' lang='lat' dir='ltr'><strong>homini;</strong></span> <span class='ocrx_word' id='word_1_926' title='bbox 3308 5418 3351 5473; x_wconf 89' lang='lat' dir='ltr'><strong>si</strong></span> <span class='ocrx_word' id='word_1_927' title='bbox 3384 5427 3565 5473; x_wconf 89' lang='lat' dir='ltr'><strong>tamen</strong></span> <span class='ocrx_word' id='word_1_928' title='bbox 3604 5419 3687 5474; x_wconf 82' lang='lat' dir='ltr'><strong>vel</strong></span> 
     </span>
    </p>
   </div>
   <div class='ocr_carea' id='block_1_120' title="bbox 2074 5508 3689 5581">
    <p class='ocr_par' dir='ltr' id='par_1_120' title="bbox 2074 5508 3689 5581">
     <span class='ocr_line' id='line_1_120' title="bbox 2074 5508 3689 5581; baseline 0.001 -16"><span class='ocrx_word' id='word_1_929' title='bbox 2074 5508 2256 5573; x_wconf 79' lang='lat' dir='ltr'><strong>istam</strong></span> <span class='ocrx_word' id='word_1_930' title='bbox 2303 5508 2467 5581; x_wconf 90' lang='lat' dir='ltr'><strong>capit,</strong></span> <span class='ocrx_word' id='word_1_931' title='bbox 2492 5508 2583 5580; x_wconf 91' lang='lat' dir='ltr'><strong>qui</strong></span> <span class='ocrx_word' id='word_1_932' title='bbox 2627 5522 2723 5579; x_wconf 91' lang='lat' dir='ltr'><strong>pro</strong></span> <span class='ocrx_word' id='word_1_933' title='bbox 2763 5510 2845 5565; x_wconf 88' lang='lat' dir='ltr'><strong>sui</strong></span> <span class='ocrx_word' id='word_1_934' title='bbox 2889 5509 3094 5565; x_wconf 88' lang='lat' dir='ltr'><strong>arbitrii</strong></span> <span class='ocrx_word' id='word_1_935' title='bbox 3139 5510 3385 5566; x_wconf 86' lang='lat' dir='ltr'><strong>libertate</strong></span> <span class='ocrx_word' id='word_1_936' title='bbox 3433 5511 3486 5565; x_wconf 90' lang='lat' dir='ltr'><strong>in</strong></span> <span class='ocrx_word' id='word_1_937' title='bbox 3530 5520 3689 5567; x_wconf 84' lang='lat' dir='ltr'><strong>tantae</strong></span> 
     </span>
    </p>
   </div>
   <div class='ocr_carea' id='block_1_121' title="bbox 2099 5602 3692 5663">
    <p class='ocr_par' dir='ltr' id='par_1_121' title="bbox 2099 5602 3692 5663">
     <span class='ocr_line' id='line_1_121' title="bbox 2099 5602 3692 5663; baseline 0.002 -5"><span class='ocrx_word' id='word_1_938' title='bbox 2099 5602 2422 5660; x_wconf 87' lang='lat' dir='ltr'><strong>inﬁrmitatis</strong></span> <span class='ocrx_word' id='word_1_939' title='bbox 2471 5603 2726 5659; x_wconf 91' lang='lat' dir='ltr'><strong>servitute</strong></span> <span class='ocrx_word' id='word_1_940' title='bbox 2780 5605 3050 5660; x_wconf 91' lang='lat' dir='ltr'><strong>contendit</strong></span> <span class='ocrx_word' id='word_1_941' title='bbox 3112 5623 3126 5661; x_wconf 91' lang='lat'><strong>:</strong></span> <span class='ocrx_word' id='word_1_942' title='bbox 3179 5620 3307 5663; x_wconf 89' lang='lat' dir='ltr'><strong>ecce</strong></span> <span class='ocrx_word' id='word_1_943' title='bbox 3354 5605 3509 5663; x_wconf 71' lang='lat' dir='ltr'><strong>dictae</strong></span> <span class='ocrx_word' id='word_1_944' title='bbox 3566 5618 3692 5662; x_wconf 90' lang='lat' dir='ltr'><strong>sunt</strong></span> 
     </span>
    </p>
   </div>
   <div class='ocr_carea' id='block_1_122' title="bbox 2099 5695 3695 5769">
    <p class='ocr_par' dir='ltr' id='par_1_122' title="bbox 2099 5695 3695 5769">
     <span class='ocr_line' id='line_1_122' title="bbox 2099 5695 3695 5769; baseline 0.002 -17"><span class='ocrx_word' id='word_1_945' title='bbox 2099 5711 2295 5752; x_wconf 84' lang='lat' dir='ltr'><strong>causae.</strong></span> <span class='ocrx_word' id='word_1_946' title='bbox 2328 5695 2409 5751; x_wconf 89' lang='lat' dir='ltr'><strong>Tu</strong></span> <span class='ocrx_word' id='word_1_947' title='bbox 2436 5711 2563 5767; x_wconf 89' lang='lat' dir='ltr'><strong>ergo</strong></span> <span class='ocrx_word' id='word_1_948' title='bbox 2583 5738 2599 5764; x_wconf 92' lang='lat'><strong>,</strong></span> <span class='ocrx_word' id='word_1_949' title='bbox 2627 5696 2746 5767; x_wconf 89' lang='lat' dir='ltr'><strong>quis</strong></span> <span class='ocrx_word' id='word_1_950' title='bbox 2775 5711 2834 5752; x_wconf 90' lang='lat' dir='ltr'><strong>es</strong></span> <span class='ocrx_word' id='word_1_951' title='bbox 2857 5699 2947 5769; x_wconf 87' lang='lat' dir='ltr'><strong>qui</strong></span> <span class='ocrx_word' id='word_1_952' title='bbox 2977 5697 3303 5768; x_wconf 88' lang='lat' dir='ltr'><strong>respondeas</strong></span> <span class='ocrx_word' id='word_1_953' title='bbox 3333 5700 3483 5767; x_wconf 92' lang='lat' dir='ltr'><strong>Deo;</strong></span> <span class='ocrx_word' id='word_1_954' title='bbox 3524 5700 3567 5756; x_wconf 89' lang='lat' dir='ltr'><strong>si</strong></span> <span class='ocrx_word' id='word_1_955' title='bbox 3595 5716 3695 5755; x_wconf 87' lang='lat' dir='ltr'><strong>vo-</strong></span> 
     </span>
    </p>
   </div>
   <div class='ocr_carea' id='block_1_123' title="bbox 2098 5788 3688 5863">
    <p class='ocr_par' dir='ltr' id='par_1_123' title="bbox 2098 5788 3688 5863">
     <span class='ocr_line' id='line_1_123' title="bbox 2098 5788 3688 5863; baseline 0.004 -16"><span class='ocrx_word' id='word_1_956' title='bbox 2098 5790 2217 5847; x_wconf 88' lang='lat' dir='ltr'><strong>lens</strong></span> <span class='ocrx_word' id='word_1_957' title='bbox 2251 5790 2389 5844; x_wconf 91' lang='lat' dir='ltr'><strong>Deus</strong></span> <span class='ocrx_word' id='word_1_958' title='bbox 2413 5788 2695 5845; x_wconf 91' lang='lat' dir='ltr'><strong>ostendere</strong></span> <span class='ocrx_word' id='word_1_959' title='bbox 2735 5790 2890 5859; x_wconf 90' lang='lat' dir='ltr'><strong>iram,</strong></span> <span class='ocrx_word' id='word_1_960' title='bbox 2918 5798 2973 5846; x_wconf 90' lang='lat' dir='ltr'><strong>et</strong></span> <span class='ocrx_word' id='word_1_961' title='bbox 2996 5790 3370 5851; x_wconf 87' lang='lat' dir='ltr'><strong>demonstrare</strong></span> <span class='ocrx_word' id='word_1_962' title='bbox 3395 5792 3688 5863; x_wconf 81' lang='lat' dir='ltr'><strong>potentiam</strong></span> 
     </span>
    </p>
   </div>
   <div class='ocr_carea' id='block_1_124' title="bbox 2164 5903 2823 5968">
    <p class='ocr_par' dir='ltr' id='par_1_124' title="bbox 2164 5903 2823 5968">
     <span class='ocr_line' id='line_1_124' title="bbox 2164 5903 2823 5968; baseline 0.006 -14"><span class='ocrx_word' id='word_1_963' title='bbox 2164 5903 2238 5968; x_wconf 91' lang='lat' dir='ltr'><strong>(a)</strong></span> <span class='ocrx_word' id='word_1_964' title='bbox 2260 5908 2496 5967; x_wconf 74' lang='lat' dir='ltr'><strong>mtasse,</strong></span> <span class='ocrx_word' id='word_1_965' title='bbox 2527 5903 2823 5959; x_wconf 78' lang='lat' dir='ltr'><strong>moderatus.</strong></span> 
     </span>
    </p>
   </div>
  </div>
