4086 6350
357 397 463 460 825

356 528 533 581 suam,
580 514 723 585 quod
750 522 807 575 et
832 517 985 573 malis
1029 519 1168 576 bene
1193 521 1268 576 uti
1296 522 1529 593 Optimus
1570 528 1755 597 possit,
1786 532 1936 587 malis

356 605 611 661 duntaxat
634 623 740 661 non
767 610 1071 667 conditione
1100 612 1299 681 divina,
1324 615 1417 670 sed
1439 617 1619 673 vitiata
1648 621 1934 679 voluntatis

354 698 631 768 iniquitate
659 708 843 754 natura
865 743 880 769 ,
922 718 1039 772 quae
1064 718 1095 759 a
1137 705 1247 761 Deo
1288 707 1567 765 conditore
1597 712 1807 767 condita
1849 727 1933 771 eSt

350 791 490 847 bona
513 834 529 859 ,
573 792 791 862 pertulit
832 793 888 849 in
915 796 1078 850 multa
1106 798 1360 867 patientia
1387 815 1512 857 vasa
1541 802 1635 857 ira":
1672 814 1845 874 aptata
1879 807 1933 861 in

349 883 621 938 interitum
650 902 663 937 :
688 899 795 939 non
809 886 949 956 quod
976 887 1051 942 illi
1079 901 1262 945 essent
1285 895 1603 958 necessaria,
1630 896 1743 951 sive
1767 911 1929 968 ange-

348 974 449 1030 lica
482 976 595 1030 sive
621 975 851 1032 humana
875 989 1089 1050 peccata
1122 1023 1138 1049 ,
1181 983 1266 1038 cui
1308 1000 1408 1041 nec
1436 985 1640 1056 justitia
1670 999 1930 1046 creaturae

345 1066 655 1137 cujusquam
668 1077 751 1123 est
777 1074 1107 1140 necessaria;
1128 1075 1221 1130 sed
1240 1084 1295 1130 ut
1318 1086 1472 1133 notas
1492 1078 1694 1136 faceret
1714 1082 1927 1139 divitias

341 1162 527 1232 gloriae
555 1178 665 1218 sua:
692 1162 742 1218 in
765 1179 889 1220 vasa
912 1167 1291 1225 misericordia;
1310 1212 1324 1238 ,
1349 1186 1417 1226 ne
1446 1186 1506 1228 se
1532 1173 1583 1227 in
1618 1173 1771 1230 bonis
1793 1191 1925 1247 0pc-

340 1252 491 1308 ribus
526 1263 776 1326 tanquam
825 1257 892 1312 de
938 1259 1169 1329 propriis
1206 1262 1525 1319 extullerent
1565 1265 1784 1333 viribus,
1831 1268 1925 1323 sed

339 1343 613 1400 humiliter
641 1347 1014 1418 intelligerent,
1044 1350 1144 1404 nisi
1189 1351 1292 1407 illis
1331 1353 1424 1409 Dei
1474 1357 1640 1425 gratia
1686 1372 1790 1412 non
1827 1359 1923 1413 de-

337 1437 482 1506 bita,
514 1439 607 1493 sed
650 1442 876 1509 gratuita
917 1443 1263 1514 subveniret,
1290 1446 1343 1501 id
1372 1447 1538 1504 fuisse
1582 1451 1917 1509 reddendum

335 1531 542 1585 meritis
586 1533 695 1586 suis
722 1573 737 1600 ,
786 1534 926 1604 quod
972 1534 1087 1590 aliis
1132 1537 1185 1591 in
1237 1539 1424 1595 eadem
1452 1556 1627 1597 massa
1654 1543 1917 1601 redditum

333 1623 656 1678 cernerent?

404 1716 495 1770 25.
524 1713 712 1773 Certus
745 1728 829 1774 est
870 1735 996 1791 ergo
1029 1721 1121 1777 Dei
1167 1725 1516 1794 priescientiaa
1545 1727 1791 1785 definitus
1821 1747 1917 1787 nu-

330 1821 515 1861 merus
540 1849 555 1874 ,
591 1816 644 1862 et
668 1809 951 1865 multitudo
991 1822 1294 1869 sanctorum
1316 1856 1330 1880 ,
1376 1818 1568 1887 quibus
1597 1820 1915 1891 diligentibus

328 1901 515 1967 Deum,
544 1902 686 1974 quod
716 1904 793 1959 eis
816 1904 1034 1960 donavit
1060 1921 1155 1977 per
1175 1906 1424 1963 diffusum
1453 1912 1502 1965 in
1545 1913 1793 1970 cordibus
1818 1932 1912 1972 eo-

326 2008 447 2048 rum
479 1994 737 2064 Spiritum
759 2004 997 2052 sanctum
1026 2040 1041 2065 ,
1070 1999 1238 2052 omnia
1273 2012 1604 2071 cooperantur
1627 2005 1680 2058 in
1706 2006 1908 2076 bonum,

326 2084 389 2137 iis
413 2086 497 2155 qui
526 2087 799 2140 secundum
822 2088 1137 2159 prepositum
1156 2091 1317 2143 vocati
1345 2101 1479 2146 sunt.
1513 2093 1762 2159 Quoniam
1787 2113 1909 2167 quos

323 2188 442 2230 ante
467 2180 732 2248 prmi-ivit,
765 2189 812 2233 et
827 2180 1202 2251 prwdestinavit
1229 2187 1512 2255 conformes
1537 2186 1648 2255 ﬁeri
1672 2188 1907 2259 imaginis

322 2268 451 2323 Filii
479 2272 578 2337 sui,
607 2281 659 2324 ut
702 2273 766 2325 sit
799 2272 906 2342 ipse
934 2274 1293 2345 primogenitus
1338 2276 1389 2330 in
1434 2277 1605 2331 multis
1645 2279 1901 2348 fratribus.

324 2360 464 2428 Quos
483 2371 647 2416 autem
663 2363 1054 2433 praedestinavit,
1071 2366 1185 2419 illos
1204 2376 1251 2420 et
1270 2368 1465 2421 vocavit
1482 2384 1501 2422 :
1521 2369 1606 2424 hic
1621 2370 1905 2427 subaudire

319 2452 596 2522 debemus,
626 2455 899 2510 secundum
928 2458 1255 2528 propositum.
1284 2459 1418 2515 Sunt
1441 2463 1581 2515 enim
1612 2474 1665 2517 et
1688 2464 1777 2518 alii
1808 2480 1903 2520 vo-

318 2546 441 2610 cati,
467 2545 559 2600 sed
591 2561 695 2601 non
719 2547 907 2614 electi;
940 2564 1001 2603 ac
1036 2566 1129 2620 per
1156 2551 1257 2605 hoc
1298 2567 1403 2606 non
1444 2554 1736 2609 secundum
1771 2571 1898 2626 pro~

315 2637 546 2707 positum
574 2642 763 2694 vocati.
800 2641 936 2708 Quos
957 2653 1123 2696 autem
1147 2646 1337 2697 vocavit
1369 2646 1494 2715 (hoc
1518 2657 1601 2702 est
1626 2649 1899 2705 secundum

314 2729 657 2801 prapositum)
698 2731 813 2786 illos
839 2741 884 2786 et
918 2734 1216 2803 justi/ienuit
1247 2750 1265 2788 :
1307 2752 1429 2805 quos
1458 2747 1623 2791 autem
1642 2740 1899 2810 justiﬁca-

312 2822 398 2890 sit,
426 2822 543 2877 illos
570 2834 616 2878 et
649 2826 949 2896 gloriﬁcavit
974 2826 1158 2896 (Rom.
1186 2843 1277 2882 vm
1298 2870 1312 2893 ,
1341 2829 1503 2884 28-30
1524 2830 1563 2902 ).
1598 2831 1662 2885 Hi
1687 2843 1810 2887 sunt
1830 2834 1895 2887 fi—

308 2911 366 2967 lii
409 2915 777 2984 promissionis
802 2958 816 2985 ,
862 2916 917 2971 hi
964 2926 1089 2971 sunt
1129 2918 1283 2973 electi
1312 2920 1401 2989 qui
1435 2935 1531 2990 per
1579 2921 1894 2978 electionem

307 3005 493 3073 gratia:
528 3006 659 3061 salvi
691 3009 821 3061 fiunt
844 3050 858 3073 ,
888 3008 974 3062 ubi
1004 3009 1203 3063 dictum
1233 3016 1315 3063 est
1350 3027 1363 3064 :
1409 3010 1469 3063 Si
1496 3021 1661 3066 autem
1689 3014 1852 3083 gratia
1875 3057 1888 3081 ,

302 3095 414 3168 jam
438 3113 538 3151 non
559 3115 621 3151 ex
650 3099 879 3170 operibus
898 3100 1154 3172 ;alioquin
1170 3102 1334 3171 gratia
1345 3102 1460 3171 jam
1484 3119 1582 3156 non
1606 3114 1677 3157 est
1706 3107 1888 3175 gratia.

303 3186 434 3243 Haec
476 3198 600 3243 sunt
626 3206 752 3244 vasa
798 3190 1176 3246 misericordia:
1203 3233 1217 3256 ,
1247 3193 1301 3246 in
1340 3193 1531 3263 quibus
1565 3194 1704 3249 Deus
1733 3198 1890 3252 etiam

300 3291 402 3349 per
422 3293 548 3333 vasa
575 3280 668 3335 ira:
706 3288 861 3334 notas
886 3279 1011 3334 facit
1049 3281 1258 3336 divitias
1283 3283 1467 3353 gloria:
1504 3300 1633 3338 suae.
1664 3272 1889 3342 Iliorum

300 3371 361 3427 fit
409 3387 508 3443 per
554 3372 810 3442 Spiritum
859 3382 1100 3428 sanctum
1140 3389 1235 3429 cor
1272 3391 1433 3430 unum
1465 3385 1519 3431 et
1562 3378 1737 3433 anima
1785 3395 1888 3435 una

303 3465 455 3538 (Act.
482 3481 556 3534 iv,
584 3466 682 3538 52)
705 3509 720 3534 ,
749 3483 867 3538 qua:
892 3467 1161 3523 benedicit
1186 3468 1374 3535 Deum,
1408 3478 1462 3524 et
1491 3485 1594 3525 non
1622 3472 1889 3528 oblivisci-

298 3572 388 3615 tur
409 3575 598 3616 omnes
624 3561 1000 3617 retributiones
1019 3562 1154 3632 ejus,
1174 3562 1263 3633 qui
1288 3563 1543 3633 propitius
1558 3562 1618 3618 fit
1636 3566 1887 3623 omnibus

296 3654 664 3725 iniquitatibus
707 3656 851 3724 ejus;
897 3655 987 3725 qui
1016 3664 1168 3710 sanat
1195 3669 1382 3710 omnes
1424 3656 1706 3726 languores
1734 3657 1880 3726 ejus;

297 3744 390 3815 qui
429 3744 645 3799 redimit
670 3744 739 3800 de
781 3745 1121 3815 corruptione
1164 3745 1329 3799 vitam
1368 3744 1511 3813 ejus;
1542 3746 1633 3816 qui
1662 3756 1883 3802 coronat

297 3852 417 3894 eam
458 3839 512 3893 in
540 3838 900 3894 misericordia
932 3837 1115 3911 (Psal.
1139 3854 1229 3905 cu,
1258 3838 1311 3903 2,
1358 3837 1461 3907 2),
1487 3839 1609 3909 quia
1638 3855 1745 3896 non
1784 3857 1882 3897 vo-

296 3929 456 3986 lentis
477 3946 649 4002 neque
672 3932 959 3997 currentis,
990 3931 1086 3987 sed
1110 3932 1413 3987 miserentis
1440 3939 1525 3986 est
1550 3932 1665 3987 Dei.

365 4024 457 4078 26.
485 4023 674 4079 Caeteri
704 4032 881 4078 autem
907 4023 1154 4078 homines
1176 4024 1240 4077 ad
1265 4025 1418 4079 istam
1442 4024 1751 4095 societatem
1770 4042 1880 4083 non

296 4117 645 4188 pertinentes,
676 4132 901 4188 quorum
935 4124 1115 4171 tamen
1135 4125 1190 4171 et
1218 4117 1447 4170 animam
1476 4126 1535 4171 et
1559 4131 1754 4188 corpus
1786 4121 1879 4175 Dei

291 4209 504 4265 bonitas
531 4218 751 4281 operata
789 4218 914 4273 est,
961 4218 1016 4264 et
1042 4208 1301 4280 quidquid
1341 4208 1502 4264 habet
1549 4210 1661 4279 ipsa
1691 4222 1877 4267 natura

290 4310 489 4371 prmter
514 4302 719 4367 vitium,
749 4300 892 4371 quod
919 4300 1091 4356 eidem
1110 4300 1298 4355 inﬂixit
1323 4300 1678 4371 superbientis
1698 4302 1878 4359 volun-

291 4395 415 4450 tatis
444 4395 664 4450 audacia
690 4436 703 4460 ,
748 4404 967 4465 propter
1001 4395 1103 4450 hoc
1139 4410 1166 4447 a
1216 4394 1326 4449 Deo
1354 4394 1667 4464 praescieute
1710 4399 1876 4453 creati

288 4496 433 4552 sunt,
478 4496 534 4541 ut
581 4487 632 4541 in
677 4487 759 4541 his
787 4486 1094 4542 ostenderet
1135 4486 1358 4542 liberum
1398 4486 1691 4542 desertoris
1732 4490 1876 4544 arbi-

287 4579 447 4633 trium
474 4579 591 4634 sine
617 4593 713 4635 sua
736 4580 905 4650 gratia
933 4579 1061 4650 quid
1084 4580 1318 4646 valeret;
1342 4586 1396 4634 et
1424 4580 1477 4634 in
1505 4594 1690 4636 eorum
1712 4582 1873 4653 justis

285 4679 341 4726 ct
366 4671 564 4727 debitis
591 4673 765 4742 pmnis
790 4687 914 4727 vasa
943 4671 1344 4741 misericordiae,
1381 4688 1499 4743 qua:
1522 4686 1627 4727 non
1653 4690 1869 4731 suorum

282 4776 505 4833 operum
536 4763 738 4819 meritis
762 4804 777 4828 ,
825 4762 919 4819 sed
953 4763 1181 4834 gratuita
1210 4763 1301 4818 Dei
1328 4764 1495 4835 gratia
1525 4774 1648 4819 sunt
1684 4766 1753 4820 ab
1782 4767 1867 4822 illa

281 4857 624 4912 concretione
666 4856 893 4911 discreta
915 4898 929 4924 ,
961 4856 1087 4926 quid
1119 4856 1220 4911 sibi
1257 4857 1509 4911 collatum
1536 4866 1680 4913 esset
1721 4858 1875 4914 addi-

279 4962 525 5017 scerent;
548 4959 608 5006 ut
634 4966 794 5007 omne
813 4964 875 5005 os
894 4950 1201 5005 obstruatur
1226 4950 1395 5022 (Rom
1429 4966 1506 5017 Ill,
1539 4951 1631 5022 l9)
1652 4994 1667 5019 ,
1706 4960 1761 5007 ct
1778 4955 1868 5024 qui

278 5043 535 5113 gloriatur
558 5084 572 5108 ,
629 5042 681 5096 in
730 5042 955 5096 Domino
996 5041 1254 5112 glorietur
1307 5042 1324 5111 (
1354 5041 1372 5095 ι
1404 5040 1503 5095 Cor
1523 5058 1561 5110 ι,
1592 5044 1653 5099 5i
1678 5043 1721 5115 ).

347 5156 575 5213 CAPUT
617 5155 748 5211 Vill.
778 5186 849 5196 —
872 5155 963 5210 27.
997 5155 1246 5226 Quisquis
1273 5156 1427 5211 aliter
1453 5156 1644 5225 docet,
1677 5167 1731 5214 et
1756 5175 1864 5215 non

274 5248 567 5318 acquiescit
593 5249 737 5302 sanis
765 5246 1101 5302 sermonibus
1132 5247 1340 5301 Domini
1369 5248 1536 5302 nostri
1561 5249 1685 5304 Jesu
1708 5249 1863 5305 Chri-

273 5341 341 5393 sti
365 5340 451 5407 qui
472 5340 625 5405 dixit,
639 5338 786 5395 Venit
797 5338 966 5392 Filius
984 5338 1200 5391 hominis
1215 5355 1435 5408 quaerere
1454 5349 1499 5392 et
1521 5342 1716 5394 salvare
1731 5342 1865 5411 quod

270 5435 489 5505 perierat
514 5432 660 5503 (Luc.
692 5447 809 5498 xxx,
835 5430 924 5503 10)
946 5448 958 5484 :
990 5445 1093 5485 non
1114 5431 1255 5486 enim
1277 5431 1370 5497 ait,
1393 5431 1543 5498 Quod
1569 5432 1861 5502 periturum

273 5527 463 5593 fuerat,
524 5525 619 5581 sed
651 5526 787 5596 quod
830 5524 1079 5595 perierat;
1115 5522 1242 5594 quid
1279 5522 1587 5586 ostendens,
1613 5524 1713 5578 nisi
1732 5540 1861 5595 pec-

268 5630 389 5676 cato
432 5620 590 5691 primi
635 5618 864 5674 hominis
893 5618 1125 5673 universi
1156 5616 1367 5689 generis
1394 5615 1609 5670 humani
1639 5617 1861 5685 periisse

265 5714 554 5771 naturam?
582 5714 671 5785 qui
713 5728 841 5785 ergo
870 5713 1026 5768 aliter
1048 5711 1207 5767 docet
1227 5754 1241 5778 ,
1271 5718 1324 5766 et
1368 5725 1473 5765 non
1516 5711 1860 5781 acquiescens

267 5806 320 5862 ei
356 5822 476 5876 qua:
503 5804 794 5860 secundum
837 5804 1090 5874 pietatem
1117 5812 1200 5858 est
1241 5802 1496 5857 doctrinze
1523 5803 1541 5872 (
1558 5800 1601 5855 ll
1626 5800 1760 5856 Tim.
1781 5819 1855 5871 vi,

266 5897 338 5968 ὅ)
357 5938 372 5965 ,
403 5905 593 5953 contra
624 5895 847 5967 gratiam
886 5894 1198 5964 Salvatoris,
1230 5903 1286 5951 et
1327 5901 1511 5951 contra
1542 5894 1855 5966 sanguinem

1542 412 2021 478 EPISTOLARUM
2055 400 2332 487 CLASSiS
2370 431 2455 487 lli.

3517 462 3619 522 826

2043 539 2413 635 ltedemptoris
2436 558 2680 623 tanquam
2708 558 2907 618 salvam
2926 568 2982 621 et
3004 564 3225 625 liberam
3247 579 3488 631 naturam
3512 577 3616 635 de-

2040 632 2206 689 fendit
2256 639 2561 710 humanam,
2598 655 2652 701 et
2687 650 2978 709 christiano
3012 665 3193 715 tamen
3223 667 3428 721 censeri
3456 684 3613 725 voca-

2038 831 2129 871 rus
2150 828 2249 885 est,
2281 838 2376 877 cur
2415 826 2549 881 alius
2590 830 2643 884 in
2669 832 2825 889 vitam
2858 840 3075 897 secundi
3119 842 3348 903 hominis
3376 866 3607 908 assumao

2038 917 2142 974 tur,
2201 913 2333 970 alius
2384 917 2434 970 in
2472 930 2643 977 morte
2686 926 2841 994 primi
2886 928 3113 988 hominis
3150 937 3515 1009 relinquatur?
3554 946 3609 1002 Si

2034 1000 2228 1060 dixerit
2272 1007 2425 1064 liberi
2465 1012 2665 1070 arbitrii
2697 1020 2880 1074 merita
2926 1000 3609 1103 prmcessissearespondet

2032 1096 2321 1197 A‘postolus
2341 1118 2457 1173 qua:
2488 1121 2644 1177 supra
2666 1109 2894 1167 diximus
2916 1116 2982 1171 de
3006 1119 3239 1175 nondum
3267 1096 3604 1197 natis-neque

2032 1186 2227 1257 aliquid
2253 1195 2528 1261 agentibus
2549 1198 2673 1253 boni
2695 1210 2785 1258 aut
2809 1205 2953 1260 mali.
2983 1208 3038 1262 Si
3054 1218 3229 1266 autem
3253 1212 3445 1271 dixerit
3465 1186 3604 1287 quod

2243 1285 2294 1339 in
2328 1286 2477 1343 libris
2506 1308 2639 1361 quos
2686 1301 2988 1367 nuperrime
3018 1302 3257 1375 Pelagius
3299 1281 3604 1377 perhibetur

2029 1374 2278 1443 edidisse,
2304 1381 2631 1454 defenditur;
2655 1393 2893 1460 quamvis
2905 1393 3013 1464 jam
3031 1396 3271 1454 videatur
3291 1374 3598 1459 anathema-

2028 1467 2219 1525 tizasse
2250 1473 2298 1525 iu
2343 1476 2627 1548 episcopali
2650 1482 2850 1552 judicio
2875 1485 3157 1545 Palmstino
3182 1507 3277 1548 cos
3303 1495 3391 1564 qui
3420 1495 3601 1553 dicunt

2025 1558 2162 1627 quod
2208 1574 2477 1631 peceatum
2524 1570 2654 1626 Adae
2706 1574 2875 1643 ipsum
2922 1578 3091 1637 solum
3130 1558 3358 1649 laeserit,
3408 1594 3461 1639 et
3493 1603 3597 1642 non

2022 1666 2188 1721 genus
2216 1655 2501 1715 humanum
2534 1681 2547 1716 :
2575 1665 2617 1718 si
2645 1666 2842 1724 dixeris
2872 1672 3028 1727 ambo
3056 1673 3172 1729 sine
3187 1675 3384 1744 judicio
3419 1689 3595 1747 natos,

2023 1747 2355 1818 nec‘aliquid
2386 1752 2450 1808 de
2498 1756 2651 1825 primi
2704 1758 2936 1817 hominis
2960 1763 3298 1823 damnatione
3334 1771 3593 1837 traxisse;

2021 1836 2260 1904 profecto
2290 1844 2537 1910 quoniam
2560 1864 2754 1919 negare
2782 1868 2884 1907 non
2911 1854 3069 1910 audet
3094 1857 3144 1911 in
3176 1875 3394 1929 regnum
3421 1865 3589 1918 caelo-

2018 1944 2132 1983 rum
2160 1932 2397 2003 adoptari
2427 1953 2545 1993 eum
2582 1943 2669 2012 qui
2700 1943 2855 1999 fuerit
2884 1957 3223 2017 regeneratus
3259 1952 3311 2007 in
3339 1952 3587 2022 Christo;

2016 2024 2333 2092 respondeat
2378 2030 2504 2099 quid
2547 2032 2613 2087 de
2659 2036 2749 2090 illo
2792 2036 3022 2095 futurum
3068 2043 3155 2107 sit,
3187 2044 3274 2113 qui
3304 2046 3446 2100 nulla
3494 2062 3586 2102 sua

2014 2114 2165 2186 culpa
2185 2134 2287 2173 non
2310 2120 2603 2191 baptizatus
2629 2169 2641 2191 ,
2671 2128 2768 2183 ista
2792 2129 2951 2186 fuerit
2971 2135 3243 2204 temporali
3266 2145 3436 2194 morte
3460 2154 3592 2209 pra:-

2012 2217 2220 2263 ventus.
2251 2211 2304 2266 Si
2332 2229 2435 2269 non
2463 2224 2708 2286 putamus
2734 2236 2851 2276 esse
2873 2222 3134 2280 dicturum
3162 2228 3299 2297 quod
3335 2230 3589 2286 innocen-

2010 2304 2116 2353 tem
2148 2302 2307 2370 Deus,
2335 2321 2433 2361 nec
2456 2308 2733 2365 habentem
2764 2314 3018 2382 originale
3043 2327 3318 2385 peccatum
3345 2329 3581 2375 antean-

2008 2405 2106 2445 nos
2132 2394 2322 2463 quibus
2349 2398 2544 2454 habere
2577 2411 2788 2470 poterat
2820 2406 3092 2475 preprium
3116 2449 3129 2472 ,
3165 2418 3362 2463 aeterna
3412 2420 3584 2467 morte

2006 2481 2305 2553 damnabit;
2329 2490 2533 2559 cogitur
2556 2491 2730 2563 itaque
2752 2497 3075 2565 respondere
3095 2499 3233 2569 quod
3265 2501 3505 2572 Pelagius
3532 2504 3584 2560 in

2005 2578 2364 2637 ecclesiastico
2388 2583 2609 2653 judicio,
2640 2596 2697 2641 ut
2722 2588 2901 2659 aliquo
2946 2591 3104 2645 modo
3132 2593 3421 2649 catholicus
3440 2596 3581 2664 ‘pro-

2003 2672 2354 2741 nuntiaretur,
2383 2678 2827 2734 analhematizarc
2857 2683 3161 2752 compulsus
3190 2694 3291 2751 est,
3333 2686 3575 2754 infantes,

2004 2765 2211 2820 etiamsi
2263 2782 2365 2821 non
2421 2769 2771 2838 babtizentur,
2822 2774 3017 2830 habere
3068 2778 3231 2833 vitam
3279 2788 3573 2836 :eternam:

2001 2856 2102 2912 hac
2127 2860 2265 2914 enim
2290 2872 2500 2932 negata,
2542 2865 2668 2934 quid
2712 2868 2813 2920 nisi
2842 2882 2987 2923 mors
3012 2879 3209 2925 aeterna
3239 2873 3578 2927 remanebit?

2068 2950 2158 3006 28.
2188 2953 2263 3007 Ac
2284 2970 2378 3023 per
2408 2955 2508 3011 hoc
2540 2966 2722 3013 contra
2753 2961 3067 3016 sententiam
3100 2964 3302 3018 Domini
3335 2965 3575 3037 disputa-

1999 3039 2074 3094 bit
2101 3041 2344 3109 dicentis,
2380 3043 2559 3100 Patres
2584 3050 2729 3101 vestri
2752 3050 3179 3106 manducaverunt
3202 3071 3386 3109 manna
3405 3057 3456 3109 in
3490 3058 3577 3111 de-

1995 3142 2147 3198 serto,
2169 3143 2215 3186 et
2239 3138 2423 3189 mortui
2440 3148 2556 3191 sunt
2580 3154 2597 3192 :
2615 3140 2695 3192 hic
2715 3150 2788 3193 est
2808 3142 2953 3211 panis
2968 3144 3054 3208 qui
3073 3143 3134 3197 de
3154 3145 3277 3199 calo
3298 3146 3572 3215 descendit,

1996 3232 2052 3277 ut
2075 3224 2118 3277 si
2144 3226 2255 3294 quis
2271 3242 2334 3280 ex
2356 3228 2465 3293 ipso
2484 3229 2853 3285 manducauerit
2874 3249 2973 3286 non
2994 3235 3268 3300 moriatur;
3298 3253 3401 3291 non
3430 3239 3570 3293 enim

1994 3313 2061 3369 de
2088 3315 2185 3369 ista
2212 3326 2382 3373 morte
2406 3319 2734 3389 loquebatur,
2765 3338 2920 3391 quam
2949 3339 3173 3380 necesse
3202 3336 3284 3381 est
3305 3328 3571 3396 patiantur

1993 3407 2150 3460 etiam
2199 3410 2286 3479 qui
2335 3410 2401 3464 de
2446 3412 2559 3481 ipso
2588 3428 2721 3482 pane
2752 3413 3070 3469 manducant
3097 3432 3109 3468 :
3141 3425 3192 3470 et
3221 3418 3378 3487 paulo
3428 3429 3566 3489 post,

1993 3498 2170 3565 Amen,
2192 3517 2336 3555 amen
2360 3503 2471 3555 dico
2491 3504 2641 3568 vobis,
2666 3502 2785 3558 Nisi
2804 3506 3219 3561 manducaveritis
3246 3525 3449 3565 carnem
3474 3512 3569 3579 ﬁlii

1991 3588 2225 3656 hominis,
2251 3601 2297 3645 et
2318 3593 2535 3647 biberitis
2555 3595 2664 3661 ejus
2688 3596 3002 3667 sanguinem,
3022 3614 3123 3652 non
3156 3598 3396 3654 habebitis
3416 3598 3568 3656 vitam

1988 3682 2040 3736 in
2066 3684 2203 3738 vobis
2228 3683 2404 3757 (Joan.
2437 3702 2512 3753 vr,
2546 3686 2634 3753 49,
2663 3687 2752 3753 50,
2782 3688 2904 3759 54);
2939 3689 3119 3759 utique
3146 3690 3289 3746 illam
3309 3707 3425 3762 qua:
3450 3703 3569 3763 post

1989 3774 2125 3830 hanc
2153 3786 2375 3832 mortem
2405 3776 2579 3833 futura
2606 3787 2688 3833 est
2713 3797 2724 3833 :
2756 3787 2812 3835 et
2836 3788 3023 3835 contra
3065 3783 3370 3850 apostolicae
3412 3781 3569 3839 Sedis

1986 3867 2377 3933 auctoritatem,
2412 3868 2497 3922 tibi
2525 3868 2592 3923 de
2619 3870 2716 3923 liae
2743 3871 2855 3940 ipsa
2900 3886 2959 3925 re
3003 3887 3122 3927 cum
3150 3882 3413 3942 ageretur,
3462 3874 3564 3931 hoc

1986 3958 2346 4012 testimonium
2378 3958 2668 4012 adhibitum
2714 3967 2797 4014 est
2831 3961 3212 4030 evangelicum,
3246 3979 3313 4018 ne
3360 3965 3564 4032 parvuli

1985 4062 2090 4102 non
2120 4048 2366 4117 baptizati
2390 4050 2549 4104 vitam
2577 4064 2734 4119 posse
2760 4050 2957 4106 habere
2972 4053 3254 4107 credantur
3274 4052 3562 4125 (Innmnt.

1984 4137 2036 4191 in
2062 4136 2229 4209 Epist.
2263 4138 2385 4204 182,
2416 4156 2467 4191 η.
2496 4141 2555 4208 5)
2582 4156 2595 4192 :
2628 4148 2681 4194 et
2720 4149 2904 4193 contra
2944 4140 3109 4209 ipsius
3160 4141 3355 4211 Pelagii
3395 4144 3559 4198 verba

1982 4229 2120 4300 apud
2164 4231 2443 4300 episcopos
2488 4246 2517 4283 a
2556 4231 2747 4300 quibus
2784 4230 3116 4298 audiebatur,
3159 4248 3432 4304 expressa,
3474 4234 3565 4290 ubi

1982 4322 2447 4377 anathematizavit
2471 4337 2565 4377 eos
2591 4323 2680 4393 qui
2707 4322 2945 4377 dicerent
2988 4323 3217 4379 infantes
3244 4328 3363 4380 non
3389 4326 3563 4397 bapti-

1980 4425 2126 4471 zatos
2152 4416 2348 4471 habere
2372 4417 2529 4471 vitam
2553 4425 2829 4472 aeternam.

2049 4510 2137 4567 29.
2180 4509 2331 4578 Quod
2375 4519 2654 4581 propterea
2696 4511 3263 4579 commemoravimus,
3313 4513 3562 4583 quoniam

1978 4603 2191 4674 quidem
2218 4601 2354 4673 apud
2382 4617 2498 4667 vos,
2530 4602 2614 4657 vel
2648 4602 2700 4656 in
2728 4609 2905 4656 vestra
2934 4602 3109 4673 potius
3136 4602 3369 4671 civitate,
3408 4603 3452 4659 si
3480 4613 3562 4660 ta-

1977 4710 2101 4750 men
2132 4710 2312 4750 verum
2338 4693 2583 4765 estquod
2605 4693 2922 4761 audivimus,
2953 4701 3097 4748 tanta
3123 4709 3221 4763 pro
3249 4694 3352 4749 isto
3376 4709 3562 4750 errore

1976 4786 2189 4857 quidam
2220 4785 2576 4840 obstinatione
2603 4785 2861 4850 nituntur,
2901 4793 2960 4839 ut
2986 4784 3167 4841 dicant
3204 4785 3406 4839 facilius
3440 4800 3561 4841 esse

1975 4888 2032 4933 ut
2067 4880 2226 4933 etiam
2269 4877 2538 4947 Pelagium
2584 4876 2833 4931 deserant
2862 4884 3019 4946 atque
3062 4883 3424 4942 contemnant,
3468 4876 3559 4948 qui

1975 4972 2091 5029 hinc
2116 4972 2407 5028 sentientes
2430 4960 2920 5035 anathematizavit,
2954 4984 3111 5039 quam
3143 4969 3211 5024 ab
3237 4969 3393 5039 hujus
3431 4984 3558 5024 scn-

1976 5065 2174 5129 tentiae,
2204 5063 2339 5118 sicut
2367 5063 2445 5117 eis
2470 5061 2698 5127 videtur,
2730 5062 2952 5116 veritate
2982 5060 3276 5117 discedant.
3300 5058 3355 5116 Si
3379 5069 3556 5116 autem

1973 5157 2170 5211 cedunt
2206 5154 2331 5210 Sedi
2374 5154 2699 5224 apostolicae,
2736 5153 2821 5208 vel
2868 5152 3043 5222 potius
3071 5151 3173 5221 ipsi
3213 5151 3467 5220 magistro
3505 5160 3560 5206 et

1972 5248 2188 5302 domino
2215 5246 2609 5315 Apostolorum,
2635 5244 2723 5313 qui
2750 5243 2878 5298 dicit
2899 5258 3005 5297 non
3028 5242 3301 5297 habituros
3315 5243 3475 5297 vitam
3500 5244 3553 5298 in

1971 5338 2291 5408 semetipsis,
2320 5337 2417 5392 nisi
2465 5335 2899 5390 manducaverint
2933 5348 3149 5389 carnem
3178 5333 3271 5387 filii
3301 5333 3553 5401 hominis,

1971 5441 2025 5488 et
2051 5431 2280 5489 biberint
2306 5428 2641 5498 sanguinem,
2668 5426 2807 5497 quod
2836 5426 2935 5481 nisi
2962 5425 3210 5499 haptizati
3239 5439 3342 5481 non
3374 5426 3556 5495 utique

1970 5532 2222 5596 possunt;
2256 5536 2447 5591 nempe
2476 5517 2761 5590 aliquando
2806 5515 3108 5572 fatebuntur
3152 5515 3402 5586 parvulos
3450 5531 3555 5572 non

1967 5616 2259 5686 baptizatos
2286 5613 2446 5667 vitam
2463 5612 2661 5667 habere
2688 5624 2792 5664 non
2811 5623 2986 5679 posse,
3010 5622 3072 5663 ac
3101 5622 3196 5677 per
3225 5609 3344 5672 hoc,
3367 5624 3551 5679 quam-

1967 5711 2096 5766 libet
2121 5707 2447 5763 tolerabilius
2488 5704 2733 5760 omnihus
2762 5701 3037 5773 quietiam
3076 5702 3289 5772 propria
3332 5714 3546 5773 peccata

1966 5801 2319 5863 committunt,
2351 5805 2529 5852 tamen
2553 5802 2749 5850 aeterna
2778 5801 2951 5848 morte
2976 5793 3209 5849 multari.

2039 5893 2126 5950 30.
2159 5893 2287 5963 Quae
2306 5905 2427 5947 cum
2456 5889 2527 5944 ita
2556 5888 2680 5955 sint,
2711 5885 2940 5943 audeant
2967 5887 3259 5960 disputare,
3282 5895 3336 5943 et
3358 5887 3551 5958 quibus
