4086 6350
506 403 608 464 897

505 529 728 596 possunt
761 519 1088 594 persuadere
1106 515 1449 581 contendant,
1482 514 1650 572 Deum
1695 515 1918 583 )ustum,
1946 508 2090 582 apud

506 631 665 686 quem
697 631 802 671 non
831 622 913 670 est
955 612 1224 684 iniquitas,
1251 608 1500 682 parvulos
1522 623 1554 664 a
1592 605 1822 677 peccatis
1858 604 2089 676 propriis

508 707 836 769 innocentes,
873 704 918 760 si
946 719 1043 758 nec
1071 703 1162 758 illo
1190 717 1257 758 ex
1289 700 1458 766 Adam
1495 699 1708 769 obligati
1749 707 1803 752 et
1845 694 2088 752 obstricti

506 808 650 867 sunt,
691 805 861 853 morte
888 803 1140 867 perpetua
1189 794 1576 849 damnatarum.
1613 789 1764 859 Quod
1813 789 1858 845 si
1889 789 2082 844 absur-

506 891 780 946 dissimum
802 896 962 944 estet
987 902 1017 942 a
1055 886 1258 956 justitia
1285 885 1378 940 Dei
1409 884 1617 955 penitus
1642 883 1895 946 alienum,
1925 891 1979 937 et
2006 890 2084 938 ta-

507 997 628 1037 men
659 981 833 1038 nullus
861 979 950 1050 qui
987 994 1045 1034 se
1084 977 1324 1033 meminit
1352 975 1624 1032 catholica:
1668 973 1792 1029 lidei
1831 971 2081 1028 christia-

504 1089 652 1138 num,
681 1081 834 1147 negat
874 1081 965 1130 aut
1001 1071 1205 1129 dubitat
1242 1068 1489 1140 parvulos
1520 1083 1624 1124 non
1654 1074 1866 1137 accepta
1906 1054 2082 1137 gratia

503 1166 919 1236 regenerationis
955 1166 1011 1220 in
1055 1164 1290 1229 Christo,
1338 1163 1451 1218 sine
1489 1161 1610 1218 cibo
1652 1160 1827 1218 carnis
1871 1160 1986 1231 ejus
2026 1166 2083 1218 et

502 1260 772 1332 sanguinis
802 1268 950 1331 potu,
991 1274 1098 1314 non
1129 1258 1324 1314 habere
1352 1257 1403 1312 in
1429 1273 1488 1313 se
1531 1256 1716 1322 vitam,
1745 1270 1806 1310 ac
1846 1270 1941 1328 per
1977 1253 2081 1310 hoc

502 1369 673 1423 poenae
701 1353 1036 1426 sempiternm
1066 1351 1360 1417 obnoxios;
1395 1349 1630 1422 profecto
1657 1357 1820 1406 restat
1849 1337 1921 1404 ἰιι
1956 1348 2079 1419 quia

433 1485 439 1489 κ
502 1447 602 1518 ipsi
642 1463 748 1502 non
774 1456 992 1516 egerunt
1031 1445 1225 1518 aliquid
1275 1446 1401 1502 boni
1442 1453 1533 1498 aut
1558 1444 1701 1508 mali,
1735 1441 1856 1498 ideo
1893 1441 2084 1498 mortis

500 1554 684 1594 eorum
705 1540 844 1608 justa
882 1539 950 1594 sit
981 1553 1157 1610 pinna,
1183 1538 1306 1608 quia
1336 1538 1388 1592 in
1416 1536 1507 1592 illo
1536 1536 1853 1602 moriuntur,
1890 1533 1940 1590 in
1972 1547 2078 1604 quo

499 1644 686 1686 omnes
713 1640 1092 1702 peccaverunt;
1123 1631 1261 1686 unde
1291 1630 1344 1686 in
1373 1629 1475 1685 isto
1514 1629 1629 1684 solo
1651 1626 2004 1699 justiﬁcantur
2032 1626 2074 1694 ί,

499 1738 528 1776 a
541 1739 646 1794 quo
663 1733 936 1793 peceatum
956 1739 1056 1780 nec
1068 1722 1321 1794 originale
1339 1721 1474 1778 trahi
1487 1722 1674 1792 potuit,
1691 1735 1790 1776 nec
1805 1719 2075 1791 proprium

498 1818 820 1886 perpetrari.

570 1909 657 1964 5i.
696 1907 812 1979 ipse
841 1908 1048 1964 vocavit
1076 1923 1174 1963 nos
1212 1922 1317 1963 non
1347 1907 1521 1979 solum
1549 1921 1614 1961 ex
1640 1904 1858 1968 Judzms,
1892 1917 2075 1958 verum

497 2001 656 2056 etiam
685 2016 749 2056 ex
775 1999 1064 2066 Gentibus;
1090 2000 1335 2071 quoniam
1361 2007 1416 2054 et
1435 1999 1574 2054 illius
1596 1996 1888 2053 Jerusalem
1916 1994 2075 2061 ﬁlios,

497 2109 616 2166 quae
642 2092 908 2148 interfecit
951 2093 1262 2165 Prophetas,
1295 2101 1350 2148 et
1388 2091 1636 2162 lapidavit
1673 2092 1867 2146 missos
1901 2088 1968 2146 ad
1993 2104 2074 2154 se,

495 2187 733 2256 quamvis
764 2186 876 2254 ipsa
898 2185 1113 2241 nolente
1134 2185 1348 2256 collegit
1374 2185 1486 2256 ipse
1511 2199 1641 2254 quos
1665 2183 1834 2239 voluit
1857 2180 2071 2255 (Matth.

495 2295 646 2343 uin,
675 2277 779 2350 57)
803 2319 818 2345 ,
863 2287 917 2334 et
955 2289 1080 2334 ante
1109 2279 1523 2334 incarnationem
1565 2291 1735 2342 suam,
1768 2275 1904 2331 sicut
1933 2276 2078 2346 ipsos

496 2370 808 2440 Pr0phetas,
839 2379 892 2426 et
921 2377 1263 2440 posteaquam
1311 2370 1539 2424 Verbum
1585 2384 1710 2424 caro
1752 2366 1947 2422 factum
1973 2374 2074 2432 est,

493 2461 632 2516 sicut
656 2462 941 2533 Apostolus
970 2469 1026 2517 et
1053 2459 1326 2516 hominum
1370 2460 1532 2516 millia
1568 2459 1657 2530 qui
1697 2467 1752 2513 et
1793 2458 1959 2528 pretia
1987 2472 2077 2512 re-

494 2569 610 2608 rum
639 2569 858 2609 suarum
883 2562 1006 2608 ante
1035 2554 1197 2624 pedes
1218 2551 1592 2622 Apostolorum
1618 2558 1908 2623 posuerunt
1937 2549 2074 2619 (Act.

492 2663 552 2714 ιι,
584 2649 671 2713 ii,
695 2657 742 2702 et
767 2663 839 2712 tv,
872 2649 925 2713 ι,
959 2649 1048 2716 54,
1079 2646 1192 2717 35).
1219 2646 1416 2701 Omnes
1467 2645 1660 2716 quippe
1702 2644 1777 2697 illi
1818 2642 1912 2698 ﬁlii
1953 2652 2078 2700 sunt

492 2740 791 2795 Jerusalem
841 2742 1067 2796 nolentis
1114 2749 1174 2796 ut
1215 2739 1614 2811 colligerentur,
1646 2738 1736 2808 qui
1771 2746 1944 2792 tamen
1984 2736 2076 2794 illa

493 2834 704 2892 nolente
744 2836 765 2867 ⁸
809 2835 1015 2890 collecti
1061 2844 1216 2898 sunt;
1247 2834 1314 2889 de
1351 2834 1539 2904 quibus
1570 2833 1695 2887 dicit
1741 2851 1754 2886 :
1802 2832 1861 2888 Si
1890 2849 1980 2903 ego
2021 2833 2077 2888 in

490 2909 768 2980 Beelzebub
802 2927 946 2997 ejicio
982 2927 1252 2991 (lanionia,
1285 2927 1381 2994 ﬁlii
1421 2926 1568 2981 vestri
1608 2927 1659 2979 in
1693 2942 1790 2996 quo
1838 2925 2077 2996 ejiciunt?

489 3013 618 3076 Ideo
643 3017 742 3086 ipsi
775 3017 976 3088 judices
1005 3018 1152 3074 vestri
1179 3027 1324 3072 erunt
1352 3015 1564 3087 (Matth.
1593 3033 1686 3082 xu,
1732 3017 1845 3085 97).
1895 3018 1968 3072 De
2011 3017 2076 3072 iis

489 3110 802 3179 praedictum
827 3120 941 3166 crat
966 3129 978 3164 :
1011 3111 1071 3166 Si
1097 3113 1286 3183 fuerint
1312 3111 1407 3180 filii
1435 3109 1602 3165 Israel
1625 3113 1751 3166 sicut
1780 3127 1933 3164 arena
1961 3127 2073 3164 ma-

485 3201 580 3265 ris,
612 3202 835 3272 reliquiae
858 3202 1010 3260 saltue
1039 3204 1159 3272 ﬁent
1183 3202 1336 3271 (Isai,
1356 3220 1411 3270 χ,
1439 3203 1541 3269 22;
1574 3203 1699 3257 Osee
1724 3220 1762 3270 ι,
1791 3205 1886 3268 10;
1919 3203 2068 3258 Rom.

489 3311 563 3360 ut,
592 3293 800 3367 24-27).
831 3295 946 3351 Non
979 3303 1152 3365 potest
1177 3295 1421 3350 excidere
1450 3297 1665 3350 verbum
1699 3295 1810 3361 Dei,
1840 3309 1940 3349 nec
1984 3309 2071 3348 re-

487 3384 620 3455 pulit
651 3385 857 3454 plebem
887 3401 1036 3440 suam
1067 3401 1224 3456 quam
1257 3386 1538 3455 praescivit,
1576 3402 1693 3456 quae
1727 3394 1902 3441 tamen
1943 3384 2070 3440 reli-

487 3477 624 3546 quiae
649 3492 745 3545 per
768 3479 1082 3534 electionem
1102 3478 1287 3548 gratize
1329 3478 1493 3531 salve
1533 3476 1684 3531 factm
1711 3485 1851 3531 sunt.
1887 3475 1946 3531 Si
1971 3491 2069 3529 au~

485 3577 582 3621 tem
602 3571 787 3639 gratia,
819 3571 958 3640 quod
984 3587 1127 3639 smpe
1154 3572 1436 3627 dicendum
1465 3581 1566 3637 est,
1589 3574 1703 3642 jam
1731 3588 1832 3625 non
1857 3587 1918 3625 ea:
1945 3587 2067 3641 ope-

484 3659 658 3722 ribus;
701 3660 925 3731 alioquin
970 3664 1136 3732 gratia
1171 3665 1282 3732 jam
1327 3681 1426 3717 non
1475 3673 1546 3717 est
1584 3663 1791 3734 gratia:
1820 3678 1926 3718 non
1954 3663 2072 3718 haec

485 3752 667 3820 utique
691 3761 894 3819 nostra,
925 3755 1018 3808 sed
1049 3753 1290 3824 Apostoli
1337 3755 1494 3810 verba
1539 3763 1661 3808 sunt
1699 3753 1874 3825 (Rom.
1907 3771 1980 3820 χι,
2012 3755 2067 3824 2,

484 3843 538 3910 5,
567 3842 643 3912 6).
676 3844 828 3910 Quod
854 3859 982 3915 ergo
1006 3845 1072 3901 ad
1097 3845 1392 3901 Jerusalem
1419 3847 1686 3902 nolentem
1717 3847 1892 3917 colligi
1926 3848 2066 3904 ﬁlios

457 3927 608 3989 ‘suos
649 3935 740 3991 ille
769 3938 1047 4003 clamabat,
1085 3939 1184 3993 hoc
1230 3953 1330 3994 nes
1367 3939 1660 3996 clamamus
1688 3939 1944 3997 adversus
1971 3957 2070 3998 eos

482 4028 571 4096 qui
593 4028 730 4082 lilios
757 4030 998 4086 volentes
1025 4031 1280 4087 Ecclesiae
1306 4032 1482 4102 colligi
1509 4032 1697 4088 nolunt
1720 4051 1732 4087 :
1757 4048 1858 4090 nec
1880 4035 2070 4090 saltem

481 4130 602 4191 poet
624 4122 880 4191 judicium
915 4124 988 4198 (a)
1019 4123 1160 4196 qum!
1188 4124 1256 4180 de
1287 4127 1403 4195 ipso
1441 4125 1654 4196 Pelagio
1693 4125 1747 4182 in
1789 4127 2071 4184 Palaestina

480 4206 676 4264 factum
704 4218 806 4277 est,
849 4212 1230 4280 corriguntur;
1268 4210 1338 4266 de
1384 4226 1490 4280 quo
1525 4210 1804 4268 damnatus
1849 4213 2066 4279 exisset,

481 4300 582 4355 nisi
610 4300 819 4371 objecta
849 4303 953 4357 sibi
978 4312 1164 4358 contra
1190 4304 1412 4373 gratiam
1436 4303 1704 4370 Dei,dicta
1729 4320 1850 4375 qua:
1871 4306 2070 4362 obscu-

482 4409 600 4448 rare
627 4412 732 4449 non
760 4397 950 4465 potuit,
983 4397 1097 4466 ipse
1121 4397 1446 4452 damnasset.

535 4483 774 4544 CAPUT
805 4486 896 4541 IX.
916 4487 1092 4542 κω.
1121 4487 1322 4543 Prmter
1342 4488 1432 4542 illa
1452 4490 1594 4545 enim
1619 4506 1759 4560 quae,
1780 4505 1889 4563 quo
1910 4490 2068 4546 modo

479 4579 667 4650 potuit,
698 4594 858 4634 ausus
886 4589 972 4635 est
994 4581 1370 4652 qualicumque
1399 4583 1606 4638 ratione
1633 4583 1936 4649 defendere,
1973 4584 2066 4639 ob-

473 4671 614 4741 jecta
639 4670 883 4742 quadam
911 4681 1059 4738 sunt,
1084 4686 1204 4742 quae
1243 4671 1348 4728 nisi
1383 4681 1586 4728 remota
1616 4675 1760 4728 omni
1810 4677 2067 4745 tergiver-

475 4762 684 4817 satione
708 4762 1234 4830 anathematizasset,
1267 4764 1381 4834 ipse
1425 4764 1902 4821 anathematizatus
1930 4768 2070 4822 exis-

476 4865 578 4911 set.
605 4855 881 4926 Obiectum
905 4867 991 4912 est
1015 4859 1157 4912 enim
1195 4873 1329 4913 eum
1346 4860 1525 4916 dicere
1558 4879 1571 4914 :
1603 4860 1736 4928 Quia
1773 4861 1938 4916 Adam
1968 4864 2070 4918 sive

477 4957 722 5018 peccaret,
769 4949 870 5002 sive
908 4966 1010 5004 non
1039 4960 1285 5019 peccaret,
1319 4954 1590 5008 moriturus
1619 4965 1744 5010 esset
1783 4972 1803 5010 .'
1841 4969 1888 5011 et
1935 4957 2070 5027 quod

476 5050 739 5113 peccatum
765 5041 873 5111 ejus
898 5041 1065 5110 ipsum
1097 5043 1260 5097 solum
1285 5043 1490 5110 (mserit,
1515 5054 1562 5100 et
1583 5061 1682 5100 non
1701 5063 1861 5117 genus
1887 5049 2069 5102 huma-

476 5149 601 5188 num
629 5149 646 5188 :
669 5144 716 5188 et
739 5133 875 5204 quod
898 5135 1117 5204 infantes
1145 5153 1309 5205 nuper
1338 5139 1445 5192 nati
1487 5139 1542 5193 in
1570 5139 1660 5196 illo
1686 5151 1824 5194 sttuit
1857 5141 1978 5207 sint,
2014 5143 2068 5197 in

478 5240 577 5296 quo
605 5225 768 5278 Atiam
786 5227 882 5295 fuit
906 5236 1024 5280 ante
1043 5231 1509 5298 prmaricationent
1534 5248 1551 5285 :
1574 5242 1622 5286 et
1645 5234 1780 5303 quod
1805 5250 1964 5305 neque
1981 5250 2069 5303 per

477 5327 687 5372 mortem
712 5319 790 5371 vel
820 5334 906 5386 per
943 5322 1402 5389 praeuaricationem
1430 5325 1557 5379 Atia
1593 5341 1740 5378 omne
1775 5343 1931 5395 genus
1976 5327 2070 5380 hu-

477 5424 682 5464 manum
733 5412 980 5465 moriatur
1002 5453 1017 5478 ,
1069 5430 1224 5482 neque
1278 5432 1367 5484 per
1414 5419 1832 5472 resurrectionem
1881 5418 2069 5476 Christi

477 5519 626 5560 omne
668 5521 824 5577 genus
861 5506 1138 5560 humanum
1183 5520 1414 5581 resurgat
1445 5527 1465 5566 :
1509 5524 1554 5568 et
1593 5514 1833 5584 infantes,
1872 5519 2072 5574 etiamsi

477 5614 579 5654 non
601 5599 935 5670 baptisentur,
967 5600 1146 5655 habere
1169 5603 1322 5656 vitam
1339 5613 1580 5670 cateruam
1605 5623 1624 5662 :
1645 5617 1692 5663 et
1711 5608 1888 5666 diuites
1905 5608 2073 5682 bapti-

543 5755 560 5786 ί
583 5760 668 5804 Is.
690 5753 842 5816 Sulp.,

541 5817 691 5877 uti.
715 5813 882 5877 vane,
904 5813 990 5868 illo
1011 5817 1206 5869 volente

541 5875 616 5940 (a)
636 5875 1025 5939 Neapolitanum.

1700 392 1759 454 ὃ.
1797 383 2165 453 AUGUSTI!“
2198 387 2505 450 EPISCOPI

2192 523 2352 574 satos,
2374 507 2474 566 nisi
2490 509 2724 570 omnibus.
2743 511 3046 579 renuntient,
3085 513 3128 570 si
3151 514 3272 586 quid
3294 515 3412 578 baai
3450 517 3542 578 uisi
3578 521 3768 591 fuerint

2192 599 2378 670 facere,
2407 617 2508 656 non
2533 604 2758 673 reputari
2788 603 2912 674 illis,
2939 621 3028 662 nec
3064 623 3148 664 eos
3169 607 3350 664 habere
3382 627 3530 682 posse
3553 630 3774 684 regnum

2191 690 2288 748 Dei
2313 709 2333 748 :
2359 704 2404 750 et
2430 697 2648 767 gratiam
2685 696 2782 754 Dei
2808 708 2957 770 atque
2981 699 3291 770 adjutorium
3330 721 3433 764 non
3456 705 3525 764 ad
3547 707 3781 782 singulos

2190 794 2332 846 actus
2356 785 2486 852 dari,
2519 786 2608 844 sed
2632 787 2683 846 in
2718 788 2872 846 libero
2908 789 3116 848 arbitrio
3151 809 3256 849 esse
3288 796 3364 854 vel
3398 797 3452 851 in
3484 799 3594 870 lege
3628 810 3780 874 atque

2189 877 2418 935 doctrina
2444 895 2470 934 :~
2489 889 2534 934 et
2555 878 2652 936 Dei
2669 882 2888 954 gratiam
2908 884 3180 942 secundum
3204 888 3382 944 merita
3408 902 3581 946 nostra
3608 891 3724 949 dari
3755 909 3778 952 :

2188 978 2233 1024 et
2256 969 2389 1037 ﬁlios
2412 970 2510 1026 Dei
2549 988 2650 1030 non
2694 989 2839 1043 posse
2864 977 3052 1042 vocari,
3090 976 3190 1034 nisi
3217 979 3420 1036 omnino
3443 980 3628 1053 absque
3654 1002 3778 1054 pec-

2187 1070 2298 1116 cato
2326 1061 2513 1130 fuerint
2553 1062 2717 1131 effecti
2744 1081 2763 1122 :
2791 1075 2960 1124 etnon
3004 1083 3109 1127 esse
3145 1068 3356 1128 liberum
3399 1074 3685 1142 arbitrium,
3725 1079 3775 1136 si

2187 1151 2283 1208 Dei
2308 1153 2497 1226 indiget
2524 1157 2747 1225 auxilio;
2771 1159 3008 1229 quoniam
3034 1162 3087 1218 in
3113 1165 3324 1236 propria
3346 1165 3601 1224 uoluntate
3620 1171 3776 1228 habet

2186 1247 2524 1319 unusquisque
2545 1250 2710 1320 facere
2735 1251 2949 1322 aliquid,
2976 1252 3052 1310 uel
3076 1270 3177 1310 non
3205 1258 3372 1325 facere
3394 1271 3414 1311 :
3440 1267 3488 1327 et
3512 1259 3779 1322 victoriam

2185 1347 2408 1394 nostram
2437 1357 2536 1396 non
2562 1357 2626 1398 ea:
2665 1340 2760 1398 Dei
2783 1343 3039 1414 adjutorio
3078 1362 3205 1415 esse,
3237 1347 3328 1408 sed
3355 1365 3418 1404 et:
3449 1350 3605 1415 libero
3631 1354 3778 1409 arbi-

2186 1432 2281 1488 trio
2309 1446 2327 1485 :
2351 1440 2399 1486 et
2438 1433 2574 1504 quod
2611 1435 2958 1505 penitentibus
2993 1438 3138 1494 uenia
3173 1456 3275 1496 non
3318 1440 3463 1500 detur
3488 1445 3780 1502 secundum

2183 1525 2398 1596 gratiam
2417 1533 2462 1582 et
2489 1527 2881 1586 misericordiam
2901 1529 3018 1598 Dei,
3045 1530 3136 1588 sed
3165 1533 3442 1590 secundum
3462 1538 3695 1594 meritum
3722 1549 3772 1596 et

2183 1615 2402 1670 laborem
2431 1635 2602 1673 eorum
2625 1620 2711 1691 qui
2744 1637 2833 1692 per
2860 1622 3202 1694 penitentiam
3238 1624 3380 1695 digni
3401 1627 3588 1698 fuerint
3611 1629 3774 1686 mise-

2180 1709 2418 1768 ricordia.

2252 1804 2339 1860 55.
2382 1803 2506 1862 Haec
2531 1805 2709 1862 omnia
2736 1805 2977 1878 Pelagius
2997 1807 3074 1865 sic
3097 1807 3583 1876 anathematizavit,
3615 1811 3764 1883 quod

2181 1897 2311 1952 satis
2339 1895 2497 1953 Gesta
2520 1899 2630 1968 ipsa
2659 1907 2940 1968 testantur,
2967 1910 3027 1960 ut
3052 1901 3181 1958 nihil
3207 1901 3274 1958 ad
3294 1915 3358 1956 ea
3373 1917 3587 1976 quoquo
3610 1905 3777 1962 modo

2181 1987 2513 2050 defendenda
2534 1990 2907 2061 disputationis
2917 1993 3151 2050 attulerit
3169 2011 3184 2061 ;
3206 1994 3346 2054 unde
3362 1995 3422 2056 αι
3434 2011 3774 2069 consequens

2184 2087 2242 2136 ut
2282 2080 2522 2151 quisquis
2567 2081 2808 2152 sequitur
2851 2083 2990 2142 illius
3034 2085 3353 2156 episcopalis
3391 2087 3773 2145 auctoritatem

2177 2171 2396 2242 judicii,
2435 2182 2490 2228 et
2534 2173 2699 2246 ipsius
2745 2173 2942 2245 Pelagii
2970 2175 3397 2247 confessionem,
3427 2179 3544 2236 htec
3588 2190 3773 2240 tenere

2181 2264 2391 2331 debeat,
2419 2281 2538 2337 quas
2567 2281 2779 2337 semper
2804 2269 2974 2328 tenuit
2987 2270 3247 2328 catholica
3263 2271 3504 2328 Ecclesia
3528 2292 3542 2328 :
3571 2275 3772 2343 Adam,

2182 2357 2282 2412 nisi
2309 2366 2601 2426 peccasset,
2627 2375 2731 2416 non
2759 2358 2924 2416 fuisse
2945 2362 3259 2420 meriturum
3288 2381 3301 2417 :
3324 2363 3465 2435 quod
3487 2374 3772 2436 peccatum

2181 2447 2297 2517 ejus
2327 2463 2435 2504 non
2466 2449 2637 2520 ipsum
2663 2451 2833 2508 solum
2862 2452 3059 2511 laeserit
3081 2496 3096 2521 ,
3139 2455 3235 2512 sed
3271 2465 3326 2512 et
3364 2471 3534 2528 genus
3572 2459 3769 2516 huma-

2183 2555 2347 2596 num:
2380 2551 2434 2596 et
2469 2543 2612 2612 quod
2640 2543 2870 2600 infantes
2907 2561 3076 2618 nuper
3118 2547 3230 2604 nati
3273 2565 3378 2608 non
3419 2551 3528 2606 sint
3570 2551 3624 2607 in
3672 2553 3772 2608 illo

2181 2641 2340 2698 statu,
2387 2634 2442 2689 in
2469 2649 2576 2706 quo
2610 2637 2776 2692 Adam
2801 2635 2903 2694 fuit
2925 2647 3049 2696 ante
3077 2628 3596 2712 praevaricationem,
3615 2653 3672 2701 ut
3697 2646 3774 2704 ad

2181 2725 2321 2796 ipsos
2345 2728 2608 2798 pertineat
2631 2730 2788 2786 etiam
2814 2732 2957 2804 quod
2974 2733 3204 2790 breviter
3225 2734 3300 2790 ait
3321 2736 3632 2809 Apostolus,
3657 2735 3772 2794 Per

2179 2835 2335 2873 unum
2361 2820 2612 2875 hominem
2635 2838 2790 2891 mors,
2821 2833 2869 2880 et
2895 2841 2986 2896 per
3009 2841 3166 2882 unum
3192 2828 3443 2884 hominem
3461 2833 3770 2889 resurrectio

2179 2920 2508 2969 mortuorum.
2543 2913 2688 2970 Sicut
2715 2916 2849 2970 enim
2879 2918 2932 2972 in
2955 2916 3123 2973 Adam
3149 2935 3321 2976 omnes
3355 2923 3660 2992 moriuntur,
3690 2925 3768 2980 ita

2178 3014 2225 3058 et
2252 3006 2306 3060 in
2339 3004 2534 3061 Christo
2563 3023 2734 3061 omnes
2773 3008 3156 3078 viviﬁcabuntur
3182 3005 3225 3082 (ι
3249 3009 3367 3068 Cor.
3399 3029 3491 3080 xv,
3520 3013 3608 3080 2i,
3641 3015 3765 3088 22).

2178 3096 2329 3162 Unde
2357 3099 2416 3154 lit
2438 3107 2498 3156 ut
2522 3099 2752 3158 infantes
2774 3116 2883 3158 non
2912 3102 3184 3174 baptizati,
3212 3119 3320 3162 non
3341 3105 3513 3161 solum
3535 3122 3768 3180 regnum

2177 3192 2468 3259 eiulat-um,
2513 3208 2698 3248 verum
2745 3193 2905 3250 etiam
2950 3194 3112 3252 vitam
3137 3205 3392 3252 aeternam
3423 3198 3617 3254 habere
3653 3216 3770 3255 non

2178 3287 2764 3357 possint.'Conliteatur
2789 3289 2972 3355 etiam,
2995 3287 3188 3346 divites
3206 3288 3517 3359 baptizatos,
3545 3293 3764 3350 etiamsi

2177 3380 2374 3436 divitiis
2411 3381 2523 3437 suis
2564 3395 2670 3436 non
2715 3391 2951 3449 careant,
2983 3392 3040 3439 et
3066 3383 3174 3439 sint
3202 3383 3334 3438 tales
3362 3385 3542 3456 quales
3571 3385 3639 3446 ad
3669 3385 3763 3442 Ti-

2176 3472 2448 3528 motheum
2479 3473 2732 3530 describit
2747 3474 3034 3544 Apostolus
3050 3474 3254 3544 dicens,
3280 3475 3512 3550 Praecipe
3527 3477 3768 3536 diuitibus

2177 3562 2329 3635 hujus
2371 3565 2548 3618 nisiniti
2583 3581 2686 3620 non
2719 3566 2932 3632 superbe
2957 3583 3153 3637 sapere,
3183 3583 3342 3640 neque
3367 3585 3576 3639 sperare
3598 3571 3651 3625 in
3676 3571 3761 3626 in-

2175 3667 2310 3709 certo
2335 3656 2654 3725 divitiarum,
2697 3657 2789 3712 sed
2828 3658 2882 3714 in
2923 3657 3030 3713 Deo
3063 3660 3173 3714 vivo
3191 3700 3207 3727 ,
3235 3661 3323 3732 qui
3351 3670 3562 3732 prtestat
3587 3663 3764 3717 omnia

2175 3748 2488 3805 abundanter
2510 3751 2577 3804 ad
2605 3750 2913 3820 fruendum;
2938 3751 3116 3807 diuites
3139 3753 3241 3807 sint
3260 3753 3310 3806 in
3332 3752 3567 3824 aperibus
3591 3752 3760 3820 bonis,

2176 3843 2328 3915 facile
2353 3842 2616 3911 tribuant,
2656 3845 3056 3914 communicent,
3086 3844 3424 3902 thesauriaent
3448 3846 3545 3901 sibi
3571 3846 3764 3917 funda-

2177 3946 2396 3991 mentum
2424 3937 2610 3992 bonum
2638 3937 2691 3992 in
2713 3942 2966 4008 futurum,
2997 3946 3050 3992 ut
3069 3937 3456 4011 apprehendant
3487 3955 3656 3993 ueram
3680 3939 3760 3993 vi-

2176 4038 2280 4087 tam
2307 4031 2348 4100 (ι
2373 4030 2510 4086 Tim.
2555 4047 2624 4099 γι,
2651 4033 2857 4104 17-19),
2889 4047 2992 4088 non
3025 4047 3120 4089 eos
3149 4048 3315 4104 regno
3342 4033 3435 4089 Dei
3463 4047 3619 4104 posse
3645 4018 3762 4103 pri;

2174 4128 2306 4181 vari.
2355 4126 2607 4183 Fateatur
2649 4128 2875 4198 gratiam
2918 4127 3013 4184 Dei
3058 4135 3114 4182 et
3148 4127 3476 4197 adjutorium
3503 4126 3662 4182 etiam
3692 4125 3761 4188 ad

2174 4221 2411 4292 singulos
2435 4229 2586 4277 aetiis
2613 4220 2762 4284 dari;
2791 4235 3017 4291 eamque
3040 4237 3145 4276 non
3176 4220 3291 4276 dari
3317 4220 3612 4278 secundum
3643 4236 3761 4276 me-

2174 4315 2274 4368 rita
2303 4321 2486 4368 nostra
2508 4355 2526 4381 ,
2566 4321 2627 4367 ut
2653 4328 2780 4370 vera
2809 4315 2878 4368 sit
2898 4314 3067 4383 gratia
3086 4355 3100 4379 ,
3136 4312 3190 4368 id
3218 4322 3302 4368 est
3325 4314 3488 4386 gratis
3511 4312 3637 4369 data
3667 4328 3762 4382 per

2175 4405 2294 4474 ejus
2325 4404 2745 4460 misericordiam
2773 4404 2862 4475 qui
2908 4404 3070 4470 dixit,
3114 4403 3393 4462 Μιδετεὺοτ
3420 4405 3502 4459 cui
3526 4405 3762 4460 misertus

2173 4511 2258 4550 ero
2275 4537 2294 4563 ,
2346 4505 2391 4550 et
2429 4495 2829 4551 misericordiam
2865 4494 3114 4566 prtastabo
3159 4497 3242 4550 cui
3288 4496 3570 4552 misericors
3617 4500 3762 4566 fuero

2175 4589 2368 4664 (Exod.
2401 4606 2600 4654 xxxiii,
2630 4590 2740 4661 19).
2775 4590 3025 4646 Fateatur
3067 4590 3204 4646 ﬁlios
3249 4592 3344 4646 Dei
3385 4591 3564 4647 vocari
3603 4605 3764 4662 posse

2174 4684 2292 4739 illos
2336 4684 2427 4754 qui
2463 4681 2700 4753 quotidie
2736 4683 2948 4750 dicunt,
2986 4682 3198 4739 Dimitte
3227 4683 3370 4740 nobis
3393 4685 3561 4740 debita
3589 4693 3764 4740 nostra

2178 4772 2388 4846 (Matth.
2420 4790 2492 4840 v1,
2527 4772 2616 4846 ιε)
2641 4791 2655 4827 :
2684 4774 2825 4844 quod
2860 4775 3044 4845 utique
3073 4776 3334 4832 veraciter
3360 4794 3466 4832 non
3496 4777 3757 4843 dicerent,

2174 4866 2219 4920 si
2244 4874 2423 4922 essent
2457 4867 2766 4922 omnimodo
2791 4868 2907 4924 sine
2933 4875 3170 4936 peccato.
3203 4867 3453 4924 Fateatur
3478 4883 3598 4924 esse
3623 4869 3760 4925 libe-

2173 4975 2292 5014 nsm
2313 4959 2610 5025 arbitrium,
2637 4960 2798 5016 etiam
2823 4960 2868 5014 si
2892 4959 3073 5016 divino
3100 4960 3301 5031 indiget
3324 4959 3606 5030 adjutorio.
3654 4960 3764 5015 Fa-

2177 5062 2350 5108 teatur
2385 5051 2598 5123 quando
2631 5061 2815 5108 contra
2849 5052 3170 5107 tentatioues
3196 5053 3761 5123 concupiscentiasque

2175 5145 2384 5204 illicitas
2413 5145 2728 5202 dimicamus
2748 5185 2764 5212 ,
2813 5146 3054 5216 quamvis
3083 5153 3139 5200 et
3165 5144 3273 5199 illic
3305 5144 3596 5201 habeamus
3632 5160 3762 5213 pro-

2176 5237 2344 5308 priam
2369 5237 2716 5304 voluntatem,
2745 5251 2851 5292 non
2875 5244 3052 5291 tamen
3071 5252 3137 5291 ex
3159 5235 3265 5303 illa,
3296 5236 3390 5290 sed
3411 5252 3475 5291 ex
3498 5235 3767 5306 adjutorio

2179 5330 2274 5385 Dei
2298 5338 2530 5385 nostram
2552 5330 2832 5401 provenire
2860 5328 3156 5384 victoriam.
3185 5325 3299 5383 Non
3330 5328 3470 5384 enim
3499 5326 3651 5382 aliter
3677 5341 3770 5380 ve-

2176 5440 2296 5480 rum
2322 5424 2424 5480 erit
2449 5423 2592 5494 quod
2621 5422 2905 5494 Apostolus
2932 5421 3037 5476 ait:
3066 5417 3194 5476 Non
3221 5419 3429 5474 volentis
3463 5433 3620 5490 neque
3641 5433 3768 5472 cur-

2176 5517 2351 5586 rentis,
2378 5515 2466 5572 sed
2487 5516 2765 5570 miserentis
2789 5523 2862 5570 est
2895 5513 3010 5568 Dei.
3042 5511 3290 5567 Fateatur
3319 5509 3614 5567 secundum
3638 5523 3767 5580 gra-

2180 5610 2306 5665 tiam
2331 5618 2384 5664 et
2413 5606 2831 5663 misericordiam
2859 5605 2952 5662 Dei
2980 5604 3188 5660 veniam
3219 5603 3603 5675 paenitentibus
3621 5602 3762 5672 dari,

2179 5716 2289 5757 non
2323 5699 2614 5756 secundum
2647 5699 2838 5754 merita
2875 5713 3096 5762 eorum;
3143 5696 3572 5770 quandoquidem
3599 5697 3763 5753 etiam

2181 5796 2350 5866 ipsam
2372 5793 2737 5864 paenitentiam
2758 5791 2956 5848 donum
2985 5791 3078 5847 Dei
3099 5789 3231 5846 dixit
3252 5791 3557 5862 Apostolus,
3586 5790 3676 5846 ubi
3695 5790 3772 5846 ais

2181 5888 2252 5963 de
2296 5885 2611 5960 quibusdam
2639 5904 2652 5944 :
2683 5883 2767 5942 Ne
2807 5887 2936 5958 forte
2976 5889 3058 5952 six
3097 5885 3200 5954 illis
3245 5881 3383 5941 Deus
3425 5884 3772 5956 paenitentiam
