  <div class='ocr_page' id='page_1' title='image "/cluster/home/n/w/nwhite01/storage/ocr_20150623/33/hvd.32044015471451/420.png"; bbox 0 0 4120 6358; ppageno 0'>
   <div class='ocr_carea' id='block_1_1' title="bbox 328 600 1904 682">
    <p class='ocr_par' dir='ltr' id='par_1_1' title="bbox 328 600 1904 682">
     <span class='ocr_line' id='line_1_1' title="bbox 328 600 1904 682; baseline -0.003 -21"><span class='ocrx_word' id='word_1_1' title='bbox 328 605 404 682; x_wconf 75' lang='grc' dir='ltr'>(ιι</span> <span class='ocrx_word' id='word_1_2' title='bbox 434 606 564 660; x_wconf 79' lang='lat' dir='ltr'><strong>Tim.</strong></span> <span class='ocrx_word' id='word_1_3' title='bbox 596 621 660 671; x_wconf 88' lang='grc' dir='ltr'>ιι,</span> <span class='ocrx_word' id='word_1_4' title='bbox 687 602 798 676; x_wconf 76' lang='lat'><strong>25).</strong></span> <span class='ocrx_word' id='word_1_5' title='bbox 834 602 956 660; x_wconf 66' lang='lat' dir='ltr'><strong>llaec</strong></span> <span class='ocrx_word' id='word_1_6' title='bbox 980 604 1157 660; x_wconf 82' lang='lat' dir='ltr'><strong>omnia</strong></span> <span class='ocrx_word' id='word_1_7' title='bbox 1194 602 1504 674; x_wconf 90' lang='lat' dir='ltr'><strong>simpliciter</strong></span> <span class='ocrx_word' id='word_1_8' title='bbox 1529 602 1644 656; x_wconf 86' lang='lat' dir='ltr'><strong>sine</strong></span> <span class='ocrx_word' id='word_1_9' title='bbox 1669 603 1790 656; x_wconf 90' lang='lat' dir='ltr'><strong>ullis</strong></span> <span class='ocrx_word' id='word_1_10' title='bbox 1820 600 1904 656; x_wconf 84' lang='lat' dir='ltr'><strong>fa-</strong></span> 
     </span>
    </p>
   </div>
   <div class='ocr_carea' id='block_1_2' title="bbox 326 692 1908 767">
    <p class='ocr_par' dir='ltr' id='par_1_2' title="bbox 326 692 1908 767">
     <span class='ocr_line' id='line_1_2' title="bbox 326 692 1908 767; baseline -0.004 -13"><span class='ocrx_word' id='word_1_11' title='bbox 326 706 505 756; x_wconf 72' lang='lat' dir='ltr'><strong>teatur</strong></span> <span class='ocrx_word' id='word_1_12' title='bbox 529 697 868 766; x_wconf 78' lang='lat' dir='ltr'><strong>ambagibus,</strong></span> <span class='ocrx_word' id='word_1_13' title='bbox 907 695 952 750; x_wconf 88' lang='lat' dir='ltr'><strong>si</strong></span> <span class='ocrx_word' id='word_1_14' title='bbox 985 696 1102 767; x_wconf 84' lang='lat' dir='ltr'><strong>quis</strong></span> <span class='ocrx_word' id='word_1_15' title='bbox 1126 695 1177 750; x_wconf 91' lang='lat' dir='ltr'><strong>in</strong></span> <span class='ocrx_word' id='word_1_16' title='bbox 1203 695 1570 752; x_wconf 90' lang='lat' dir='ltr'><strong>auctoritatem</strong></span> <span class='ocrx_word' id='word_1_17' title='bbox 1596 692 1908 749; x_wconf 81' lang='lat' dir='ltr'><strong>catholicam</strong></span> 
     </span>
    </p>
   </div>
   <div class='ocr_carea' id='block_1_3' title="bbox 331 787 1911 864">
    <p class='ocr_par' dir='ltr' id='par_1_3' title="bbox 331 787 1911 864">
     <span class='ocr_line' id='line_1_3' title="bbox 331 787 1911 864; baseline -0.004 -14"><span class='ocrx_word' id='word_1_18' title='bbox 331 801 388 850; x_wconf 84' lang='lat' dir='ltr'><strong>et</strong></span> <span class='ocrx_word' id='word_1_19' title='bbox 413 794 462 848; x_wconf 88' lang='lat' dir='ltr'><strong>in</strong></span> <span class='ocrx_word' id='word_1_20' title='bbox 483 793 647 864; x_wconf 87' lang='lat' dir='ltr'><strong>ipsius</strong></span> <span class='ocrx_word' id='word_1_21' title='bbox 665 791 860 862; x_wconf 83' lang='lat' dir='ltr'><strong>Pelagii</strong></span> <span class='ocrx_word' id='word_1_22' title='bbox 880 805 1128 861; x_wconf 83' lang='lat' dir='ltr'><strong>expressa</strong></span> <span class='ocrx_word' id='word_1_23' title='bbox 1153 789 1524 846; x_wconf 80' lang='lat' dir='ltr'><strong>ecclesiasticis</strong></span> <span class='ocrx_word' id='word_1_24' title='bbox 1553 788 1727 844; x_wconf 87' lang='lat' dir='ltr'><strong>Gestis</strong></span> <span class='ocrx_word' id='word_1_25' title='bbox 1749 787 1911 844; x_wconf 86' lang='lat' dir='ltr'><strong>verba</strong></span> 
     </span>
    </p>
   </div>
   <div class='ocr_carea' id='block_1_4' title="bbox 332 878 1907 954">
    <p class='ocr_par' dir='ltr' id='par_1_4' title="bbox 332 878 1907 954">
     <span class='ocr_line' id='line_1_4' title="bbox 332 878 1907 954; baseline -0.006 -12"><span class='ocrx_word' id='word_1_26' title='bbox 332 884 619 946; x_wconf 86' lang='lat' dir='ltr'><strong>consentit.</strong></span> <span class='ocrx_word' id='word_1_27' title='bbox 667 883 848 953; x_wconf 83' lang='lat' dir='ltr'><strong>Neque</strong></span> <span class='ocrx_word' id='word_1_28' title='bbox 876 883 1018 940; x_wconf 89' lang='lat' dir='ltr'><strong>enim</strong></span> <span class='ocrx_word' id='word_1_29' title='bbox 1047 882 1133 937; x_wconf 89' lang='lat' dir='ltr'><strong>illa</strong></span> <span class='ocrx_word' id='word_1_30' title='bbox 1171 897 1289 954; x_wconf 78' lang='lat' dir='ltr'><strong>qua:</strong></span> <span class='ocrx_word' id='word_1_31' title='bbox 1334 879 1416 936; x_wconf 88' lang='lat' dir='ltr'><strong>his</strong></span> <span class='ocrx_word' id='word_1_32' title='bbox 1459 887 1583 934; x_wconf 91' lang='lat' dir='ltr'><strong>sunt</strong></span> <span class='ocrx_word' id='word_1_33' title='bbox 1620 878 1907 946; x_wconf 89' lang='lat' dir='ltr'><strong>contraria,</strong></span> 
     </span>
    </p>
   </div>
   <div class='ocr_carea' id='block_1_5' title="bbox 337 969 1912 1039">
    <p class='ocr_par' dir='ltr' id='par_1_5' title="bbox 337 969 1912 1039">
     <span class='ocr_line' id='line_1_5' title="bbox 337 969 1912 1039; baseline -0.004 -6"><span class='ocrx_word' id='word_1_34' title='bbox 337 977 594 1039; x_wconf 75' lang='lat' dir='ltr'><strong>veraciter</strong></span> <span class='ocrx_word' id='word_1_35' title='bbox 607 973 1050 1032; x_wconf 84' lang='lat' dir='ltr'><strong>anathematizata</strong></span> <span class='ocrx_word' id='word_1_36' title='bbox 1073 988 1191 1030; x_wconf 87' lang='lat' dir='ltr'><strong>esse</strong></span> <span class='ocrx_word' id='word_1_37' title='bbox 1207 970 1532 1028; x_wconf 89' lang='lat' dir='ltr'><strong>credendum</strong></span> <span class='ocrx_word' id='word_1_38' title='bbox 1555 979 1658 1038; x_wconf 91' lang='lat' dir='ltr'><strong>est,</strong></span> <span class='ocrx_word' id='word_1_39' title='bbox 1672 970 1773 1026; x_wconf 92' lang='lat' dir='ltr'><strong>nisi</strong></span> <span class='ocrx_word' id='word_1_40' title='bbox 1797 969 1912 1027; x_wconf 81' lang='lat' dir='ltr'><strong>haec</strong></span> 
     </span>
    </p>
   </div>
   <div class='ocr_carea' id='block_1_6' title="bbox 332 1065 1911 1141">
    <p class='ocr_par' dir='ltr' id='par_1_6' title="bbox 332 1065 1911 1141">
     <span class='ocr_line' id='line_1_6' title="bbox 332 1065 1911 1141; baseline -0.006 -13"><span class='ocrx_word' id='word_1_41' title='bbox 332 1071 525 1141; x_wconf 84' lang='lat' dir='ltr'><strong>quibus</strong></span> <span class='ocrx_word' id='word_1_42' title='bbox 543 1077 668 1126; x_wconf 90' lang='lat' dir='ltr'><strong>sunt</strong></span> <span class='ocrx_word' id='word_1_43' title='bbox 685 1067 972 1131; x_wconf 84' lang='lat' dir='ltr'><strong>contraria,</strong></span> <span class='ocrx_word' id='word_1_44' title='bbox 996 1065 1138 1125; x_wconf 92' lang='lat' dir='ltr'><strong>ﬁdeli</strong></span> <span class='ocrx_word' id='word_1_45' title='bbox 1153 1065 1313 1124; x_wconf 89' lang='lat' dir='ltr'><strong>corde</strong></span> <span class='ocrx_word' id='word_1_46' title='bbox 1334 1073 1632 1133; x_wconf 84' lang='lat' dir='ltr'><strong>teneantur,</strong></span> <span class='ocrx_word' id='word_1_47' title='bbox 1656 1070 1714 1119; x_wconf 90' lang='lat' dir='ltr'><strong>et</strong></span> <span class='ocrx_word' id='word_1_48' title='bbox 1731 1071 1911 1134; x_wconf 89' lang='lat' dir='ltr'><strong>aperta</strong></span> 
     </span>
    </p>
   </div>
   <div class='ocr_carea' id='block_1_7' title="bbox 328 1161 1023 1230">
    <p class='ocr_par' dir='ltr' id='par_1_7' title="bbox 328 1161 1023 1230">
     <span class='ocr_line' id='line_1_7' title="bbox 328 1161 1023 1230; baseline -0.009 -12"><span class='ocrx_word' id='word_1_49' title='bbox 328 1161 665 1218; x_wconf 86' lang='lat' dir='ltr'><strong>confessione</strong></span> <span class='ocrx_word' id='word_1_50' title='bbox 693 1167 1023 1230; x_wconf 86' lang='lat' dir='ltr'><strong>promantur.</strong></span> 
     </span>
    </p>
   </div>
   <div class='ocr_carea' id='block_1_8' title="bbox 403 1247 1910 1314">
    <p class='ocr_par' dir='ltr' id='par_1_8' title="bbox 403 1247 1910 1314">
     <span class='ocr_line' id='line_1_8' title="bbox 403 1247 1910 1314; baseline -0.005 -4"><span class='ocrx_word' id='word_1_51' title='bbox 403 1252 629 1311; x_wconf 78' lang='lat' dir='ltr'><strong>CAPUT</strong></span> <span class='ocrx_word' id='word_1_52' title='bbox 657 1251 727 1308; x_wconf 77' lang='grc' dir='ltr'><strong>Χ.</strong></span> <span class='ocrx_word' id='word_1_53' title='bbox 747 1283 820 1308; x_wconf 66' lang='grc' dir='ltr'><strong>-ς</strong></span> <span class='ocrx_word' id='word_1_54' title='bbox 852 1253 942 1308; x_wconf 68' lang='grc'><strong>54.</strong></span> <span class='ocrx_word' id='word_1_55' title='bbox 969 1250 1076 1308; x_wconf 86' lang='lat' dir='ltr'><strong>Nec</strong></span> <span class='ocrx_word' id='word_1_56' title='bbox 1107 1251 1158 1308; x_wconf 91' lang='lat' dir='ltr'><strong>in</strong></span> <span class='ocrx_word' id='word_1_57' title='bbox 1187 1250 1303 1306; x_wconf 88' lang='lat' dir='ltr'><strong>istis</strong></span> <span class='ocrx_word' id='word_1_58' title='bbox 1327 1249 1476 1306; x_wconf 87' lang='lat' dir='ltr'><strong>libris</strong></span> <span class='ocrx_word' id='word_1_59' title='bbox 1502 1247 1910 1314; x_wconf 85' lang='lat' dir='ltr'><strong>recentioribus,</strong></span> 
     </span>
    </p>
   </div>
   <div class='ocr_carea' id='block_1_9' title="bbox 329 1339 1914 1417">
    <p class='ocr_par' dir='ltr' id='par_1_9' title="bbox 329 1339 1914 1417">
     <span class='ocr_line' id='line_1_9' title="bbox 329 1339 1914 1417; baseline -0.006 -13"><span class='ocrx_word' id='word_1_60' title='bbox 329 1361 470 1417; x_wconf 84' lang='lat' dir='ltr'><strong>quos</strong></span> <span class='ocrx_word' id='word_1_61' title='bbox 511 1344 650 1402; x_wconf 86' lang='lat' dir='ltr'><strong>idem</strong></span> <span class='ocrx_word' id='word_1_62' title='bbox 693 1344 937 1413; x_wconf 78' lang='lat' dir='ltr'><strong>Pelagius</strong></span> <span class='ocrx_word' id='word_1_63' title='bbox 985 1351 1103 1414; x_wconf 85' lang='lat' dir='ltr'><strong>post</strong></span> <span class='ocrx_word' id='word_1_64' title='bbox 1139 1341 1269 1402; x_wconf 87' lang='lat' dir='ltr'><strong>illud</strong></span> <span class='ocrx_word' id='word_1_65' title='bbox 1291 1341 1550 1413; x_wconf 86' lang='lat' dir='ltr'><strong>judicium</strong></span> <span class='ocrx_word' id='word_1_66' title='bbox 1576 1341 1768 1395; x_wconf 89' lang='lat' dir='ltr'><strong>dicitur</strong></span> <span class='ocrx_word' id='word_1_67' title='bbox 1798 1339 1914 1395; x_wconf 85' lang='lat' dir='ltr'><strong>edi-</strong></span> 
     </span>
    </p>
   </div>
   <div class='ocr_carea' id='block_1_10' title="bbox 330 1429 1914 1507">
    <p class='ocr_par' dir='ltr' id='par_1_10' title="bbox 330 1429 1914 1507">
     <span class='ocr_line' id='line_1_10' title="bbox 330 1429 1914 1507; baseline -0.003 -16"><span class='ocrx_word' id='word_1_68' title='bbox 330 1436 506 1503; x_wconf 85' lang='lat' dir='ltr'><strong>disse,</strong></span> <span class='ocrx_word' id='word_1_69' title='bbox 534 1433 774 1507; x_wconf 84' lang='lat' dir='ltr'><strong>quamvis</strong></span> <span class='ocrx_word' id='word_1_70' title='bbox 799 1433 1062 1504; x_wconf 90' lang='lat' dir='ltr'><strong>adiutorio</strong></span> <span class='ocrx_word' id='word_1_71' title='bbox 1087 1433 1281 1487; x_wconf 80' lang='lat' dir='ltr'><strong>divina:</strong></span> <span class='ocrx_word' id='word_1_72' title='bbox 1303 1432 1484 1502; x_wconf 82' lang='lat' dir='ltr'><strong>gratiae</strong></span> <span class='ocrx_word' id='word_1_73' title='bbox 1509 1431 1812 1488; x_wconf 88' lang='lat' dir='ltr'><strong>consentire</strong></span> <span class='ocrx_word' id='word_1_74' title='bbox 1834 1429 1914 1486; x_wconf 88' lang='lat' dir='ltr'><strong>vi-</strong></span> 
     </span>
    </p>
   </div>
   <div class='ocr_carea' id='block_1_11' title="bbox 328 1522 1910 1594">
    <p class='ocr_par' dir='ltr' id='par_1_11' title="bbox 328 1522 1910 1594">
     <span class='ocr_line' id='line_1_11' title="bbox 328 1522 1910 1594; baseline -0.004 -12"><span class='ocrx_word' id='word_1_75' title='bbox 328 1526 546 1592; x_wconf 86' lang='lat' dir='ltr'><strong>deatur,</strong></span> <span class='ocrx_word' id='word_1_76' title='bbox 566 1523 692 1594; x_wconf 90' lang='lat' dir='ltr'><strong>quid</strong></span> <span class='ocrx_word' id='word_1_77' title='bbox 711 1524 779 1580; x_wconf 91' lang='lat' dir='ltr'><strong>de</strong></span> <span class='ocrx_word' id='word_1_78' title='bbox 799 1523 896 1579; x_wconf 92' lang='lat' dir='ltr'><strong>hac</strong></span> <span class='ocrx_word' id='word_1_79' title='bbox 918 1539 976 1580; x_wconf 90' lang='lat' dir='ltr'><strong>re</strong></span> <span class='ocrx_word' id='word_1_80' title='bbox 1001 1524 1195 1580; x_wconf 85' lang='lat' dir='ltr'><strong>sentiat</strong></span> <span class='ocrx_word' id='word_1_81' title='bbox 1219 1524 1346 1578; x_wconf 87' lang='lat' dir='ltr'><strong>satis</strong></span> <span class='ocrx_word' id='word_1_82' title='bbox 1375 1522 1646 1578; x_wconf 81' lang='lat' dir='ltr'><strong>evidenter</strong></span> <span class='ocrx_word' id='word_1_83' title='bbox 1674 1531 1910 1592; x_wconf 86' lang='lat' dir='ltr'><strong>apparet.</strong></span> 
     </span>
    </p>
   </div>
   <div class='ocr_carea' id='block_1_12' title="bbox 328 1603 1914 1690">
    <p class='ocr_par' dir='ltr' id='par_1_12' title="bbox 328 1603 1914 1690">
     <span class='ocr_line' id='line_1_12' title="bbox 328 1603 1914 1690; baseline -0.004 -14"><span class='ocrx_word' id='word_1_84' title='bbox 328 1617 633 1690; x_wconf 66' lang='lat' dir='ltr'><strong>Aliquando</strong></span> <span class='ocrx_word' id='word_1_85' title='bbox 660 1617 802 1674; x_wconf 86' lang='lat' dir='ltr'><strong>enim</strong></span> <span class='ocrx_word' id='word_1_86' title='bbox 832 1603 905 1674; x_wconf 81' lang='lat' dir='ltr'><strong>ita</strong></span> <span class='ocrx_word' id='word_1_87' title='bbox 927 1617 1144 1688; x_wconf 82' lang='lat' dir='ltr'><strong>paribus</strong></span> <span class='ocrx_word' id='word_1_88' title='bbox 1168 1619 1448 1674; x_wconf 88' lang='lat' dir='ltr'><strong>momentis</strong></span> <span class='ocrx_word' id='word_1_89' title='bbox 1477 1625 1792 1688; x_wconf 87' lang='lat' dir='ltr'><strong>potestatem</strong></span> <span class='ocrx_word' id='word_1_90' title='bbox 1819 1631 1914 1670; x_wconf 82' lang='lat' dir='ltr'><strong>vo—</strong></span> 
     </span>
    </p>
   </div>
   <div class='ocr_carea' id='block_1_13' title="bbox 328 1709 1911 1781">
    <p class='ocr_par' dir='ltr' id='par_1_13' title="bbox 328 1709 1911 1781">
     <span class='ocr_line' id='line_1_13' title="bbox 328 1709 1911 1781; baseline -0.001 -16"><span class='ocrx_word' id='word_1_91' title='bbox 328 1711 552 1766; x_wconf 72' lang='lat' dir='ltr'><strong>luntatis</strong></span> <span class='ocrx_word' id='word_1_92' title='bbox 578 1726 727 1781; x_wconf 68' lang='lat' dir='ltr'><strong>aequa</strong></span> <span class='ocrx_word' id='word_1_93' title='bbox 767 1709 918 1765; x_wconf 88' lang='lat' dir='ltr'><strong>lance</strong></span> <span class='ocrx_word' id='word_1_94' title='bbox 947 1710 1260 1780; x_wconf 83' lang='lat' dir='ltr'><strong>perpendit,</strong></span> <span class='ocrx_word' id='word_1_95' title='bbox 1308 1717 1364 1764; x_wconf 92' lang='lat' dir='ltr'><strong>ut</strong></span> <span class='ocrx_word' id='word_1_96' title='bbox 1405 1717 1658 1778; x_wconf 89' lang='lat' dir='ltr'><strong>quantum</strong></span> <span class='ocrx_word' id='word_1_97' title='bbox 1692 1709 1755 1764; x_wconf 89' lang='lat' dir='ltr'><strong>ad</strong></span> <span class='ocrx_word' id='word_1_98' title='bbox 1785 1724 1911 1779; x_wconf 84' lang='lat' dir='ltr'><strong>pec-</strong></span> 
     </span>
    </p>
   </div>
   <div class='ocr_carea' id='block_1_14' title="bbox 326 1801 1914 1870">
    <p class='ocr_par' dir='ltr' id='par_1_14' title="bbox 326 1801 1914 1870">
     <span class='ocr_line' id='line_1_14' title="bbox 326 1801 1914 1870; baseline -0.001 -13"><span class='ocrx_word' id='word_1_99' title='bbox 326 1803 594 1868; x_wconf 72' lang='lat' dir='ltr'><strong>cundum,</strong></span> <span class='ocrx_word' id='word_1_100' title='bbox 645 1811 848 1858; x_wconf 90' lang='lat' dir='ltr'><strong>tantum</strong></span> <span class='ocrx_word' id='word_1_101' title='bbox 875 1802 892 1834; x_wconf 89' lang='grc'>¹</span> <span class='ocrx_word' id='word_1_102' title='bbox 919 1802 1079 1860; x_wconf 87' lang='lat' dir='ltr'><strong>etiam</strong></span> <span class='ocrx_word' id='word_1_103' title='bbox 1115 1803 1180 1856; x_wconf 90' lang='lat' dir='ltr'><strong>ad</strong></span> <span class='ocrx_word' id='word_1_104' title='bbox 1217 1818 1323 1856; x_wconf 90' lang='lat' dir='ltr'><strong>non</strong></span> <span class='ocrx_word' id='word_1_105' title='bbox 1369 1801 1695 1870; x_wconf 91' lang='lat' dir='ltr'><strong>peccandum</strong></span> <span class='ocrx_word' id='word_1_106' title='bbox 1736 1801 1914 1855; x_wconf 87' lang='lat' dir='ltr'><strong>valere</strong></span> 
     </span>
    </p>
   </div>
   <div class='ocr_carea' id='block_1_15' title="bbox 325 1893 1912 1968">
    <p class='ocr_par' dir='ltr' id='par_1_15' title="bbox 325 1893 1912 1968">
     <span class='ocr_line' id='line_1_15' title="bbox 325 1893 1912 1968; baseline -0.003 -16"><span class='ocrx_word' id='word_1_107' title='bbox 325 1897 550 1952; x_wconf 84' lang='lat' dir='ltr'><strong>deﬁniat</strong></span> <span class='ocrx_word' id='word_1_108' title='bbox 575 1914 589 1952; x_wconf 89' lang='lat'><strong>:</strong></span> <span class='ocrx_word' id='word_1_109' title='bbox 613 1894 754 1968; x_wconf 91' lang='lat' dir='ltr'><strong>quod</strong></span> <span class='ocrx_word' id='word_1_110' title='bbox 782 1895 828 1952; x_wconf 80' lang='lat' dir='ltr'><strong>si</strong></span> <span class='ocrx_word' id='word_1_111' title='bbox 848 1895 918 1955; x_wconf 84' lang='lat' dir='ltr'><strong>ita</strong></span> <span class='ocrx_word' id='word_1_112' title='bbox 938 1904 1040 1962; x_wconf 84' lang='lat' dir='ltr'><strong>est,</strong></span> <span class='ocrx_word' id='word_1_113' title='bbox 1064 1895 1238 1950; x_wconf 88' lang='lat' dir='ltr'><strong>nullus</strong></span> <span class='ocrx_word' id='word_1_114' title='bbox 1267 1895 1414 1950; x_wconf 82' lang='lat' dir='ltr'><strong>locus</strong></span> <span class='ocrx_word' id='word_1_115' title='bbox 1443 1893 1704 1962; x_wconf 88' lang='lat' dir='ltr'><strong>adiutorio</strong></span> <span class='ocrx_word' id='word_1_116' title='bbox 1731 1893 1912 1963; x_wconf 79' lang='lat' dir='ltr'><strong>gratiae</strong></span> 
     </span>
    </p>
   </div>
   <div class='ocr_carea' id='block_1_16' title="bbox 327 1986 1912 2060">
    <p class='ocr_par' dir='ltr' id='par_1_16' title="bbox 327 1986 1912 2060">
     <span class='ocr_line' id='line_1_16' title="bbox 327 1986 1912 2060; baseline -0.004 -13"><span class='ocrx_word' id='word_1_117' title='bbox 327 1997 634 2047; x_wconf 66' lang='lat' dir='ltr'><strong>reservatur</strong></span> <span class='ocrx_word' id='word_1_118' title='bbox 651 2031 666 2056; x_wconf 96' lang='lat'><strong>,</strong></span> <span class='ocrx_word' id='word_1_119' title='bbox 698 1989 816 2046; x_wconf 82' lang='lat' dir='ltr'><strong>sine</strong></span> <span class='ocrx_word' id='word_1_120' title='bbox 840 2004 947 2060; x_wconf 81' lang='lat' dir='ltr'><strong>qua</strong></span> <span class='ocrx_word' id='word_1_121' title='bbox 983 2003 1081 2044; x_wconf 88' lang='lat' dir='ltr'><strong>nos</strong></span> <span class='ocrx_word' id='word_1_122' title='bbox 1109 1988 1334 2043; x_wconf 89' lang='lat' dir='ltr'><strong>dicimus</strong></span> <span class='ocrx_word' id='word_1_123' title='bbox 1360 1987 1424 2041; x_wconf 91' lang='lat' dir='ltr'><strong>ad</strong></span> <span class='ocrx_word' id='word_1_124' title='bbox 1451 2002 1556 2042; x_wconf 91' lang='lat' dir='ltr'><strong>non</strong></span> <span class='ocrx_word' id='word_1_125' title='bbox 1586 1986 1912 2056; x_wconf 87' lang='lat' dir='ltr'><strong>peccandum</strong></span> 
     </span>
    </p>
   </div>
   <div class='ocr_carea' id='block_1_17' title="bbox 326 2077 1912 2148">
    <p class='ocr_par' dir='ltr' id='par_1_17' title="bbox 326 2077 1912 2148">
     <span class='ocr_line' id='line_1_17' title="bbox 326 2077 1912 2148; baseline -0.004 -10"><span class='ocrx_word' id='word_1_126' title='bbox 326 2081 464 2138; x_wconf 75' lang='lat' dir='ltr'><strong>mihi!</strong></span> <span class='ocrx_word' id='word_1_127' title='bbox 509 2081 798 2138; x_wconf 81' lang='lat' dir='ltr'><strong>voluntatis</strong></span> <span class='ocrx_word' id='word_1_128' title='bbox 839 2080 1117 2135; x_wconf 78' lang='lat' dir='ltr'><strong>arbitrium</strong></span> <span class='ocrx_word' id='word_1_129' title='bbox 1158 2079 1352 2134; x_wconf 84' lang='lat' dir='ltr'><strong>valere.</strong></span> <span class='ocrx_word' id='word_1_130' title='bbox 1402 2077 1700 2148; x_wconf 79' lang='lat' dir='ltr'><strong>Aliquando</strong></span> <span class='ocrx_word' id='word_1_131' title='bbox 1734 2087 1912 2132; x_wconf 86' lang='lat' dir='ltr'><strong>autem</strong></span> 
     </span>
    </p>
   </div>
   <div class='ocr_carea' id='block_1_18' title="bbox 324 2167 1910 2242">
    <p class='ocr_par' dir='ltr' id='par_1_18' title="bbox 324 2167 1910 2242">
     <span class='ocr_line' id='line_1_18' title="bbox 324 2167 1910 2242; baseline -0.002 -18"><span class='ocrx_word' id='word_1_132' title='bbox 324 2171 646 2241; x_wconf 77' lang='lat' dir='ltr'><strong>quotidiana</strong></span> <span class='ocrx_word' id='word_1_133' title='bbox 675 2170 857 2242; x_wconf 71' lang='lat' dir='ltr'><strong>gratim</strong></span> <span class='ocrx_word' id='word_1_134' title='bbox 892 2170 988 2224; x_wconf 85' lang='lat' dir='ltr'><strong>Dei</strong></span> <span class='ocrx_word' id='word_1_135' title='bbox 1017 2169 1210 2225; x_wconf 82' lang='lat' dir='ltr'><strong>muniri</strong></span> <span class='ocrx_word' id='word_1_136' title='bbox 1240 2184 1341 2224; x_wconf 85' lang='lat' dir='ltr'><strong>nos</strong></span> <span class='ocrx_word' id='word_1_137' title='bbox 1370 2167 1654 2224; x_wconf 86' lang='lat' dir='ltr'><strong>conﬁtetur</strong></span> <span class='ocrx_word' id='word_1_138' title='bbox 1681 2169 1875 2224; x_wconf 84' lang='lat' dir='ltr'><strong>auxilio</strong></span> <span class='ocrx_word' id='word_1_139' title='bbox 1895 2209 1910 2234; x_wconf 92' lang='lat'><strong>,</strong></span> 
     </span>
    </p>
   </div>
   <div class='ocr_carea' id='block_1_19' title="bbox 323 2261 1913 2334">
    <p class='ocr_par' dir='ltr' id='par_1_19' title="bbox 323 2261 1913 2334">
     <span class='ocr_line' id='line_1_19' title="bbox 323 2261 1913 2334; baseline -0.001 -16"><span class='ocrx_word' id='word_1_140' title='bbox 323 2265 573 2334; x_wconf 79' lang='lat' dir='ltr'><strong>quamvis</strong></span> <span class='ocrx_word' id='word_1_141' title='bbox 592 2265 884 2320; x_wconf 80' lang='lat' dir='ltr'><strong>habeamus</strong></span> <span class='ocrx_word' id='word_1_142' title='bbox 900 2263 966 2319; x_wconf 86' lang='lat' dir='ltr'><strong>ad</strong></span> <span class='ocrx_word' id='word_1_143' title='bbox 987 2278 1094 2318; x_wconf 88' lang='lat' dir='ltr'><strong>non</strong></span> <span class='ocrx_word' id='word_1_144' title='bbox 1111 2262 1438 2333; x_wconf 83' lang='lat' dir='ltr'><strong>peccandum</strong></span> <span class='ocrx_word' id='word_1_145' title='bbox 1467 2261 1602 2318; x_wconf 77' lang='lat' dir='ltr'><strong>forte</strong></span> <span class='ocrx_word' id='word_1_146' title='bbox 1621 2277 1684 2317; x_wconf 92' lang='lat' dir='ltr'><strong>ac</strong></span> <span class='ocrx_word' id='word_1_147' title='bbox 1705 2261 1913 2316; x_wconf 77' lang='lat' dir='ltr'><strong>ﬁrmum</strong></span> 
     </span>
    </p>
   </div>
   <div class='ocr_carea' id='block_1_20' title="bbox 327 2353 1910 2424">
    <p class='ocr_par' dir='ltr' id='par_1_20' title="bbox 327 2353 1910 2424">
     <span class='ocr_line' id='line_1_20' title="bbox 327 2353 1910 2424; baseline 0 -16"><span class='ocrx_word' id='word_1_148' title='bbox 327 2354 562 2414; x_wconf 80' lang='lat' dir='ltr'><strong>liberum</strong></span> <span class='ocrx_word' id='word_1_149' title='bbox 599 2354 874 2410; x_wconf 84' lang='lat' dir='ltr'><strong>arbitrium</strong></span> <span class='ocrx_word' id='word_1_150' title='bbox 920 2371 936 2408; x_wconf 87' lang='lat'><strong>:</strong></span> <span class='ocrx_word' id='word_1_151' title='bbox 981 2355 1123 2424; x_wconf 82' lang='lat' dir='ltr'><strong>quod</strong></span> <span class='ocrx_word' id='word_1_152' title='bbox 1153 2355 1334 2424; x_wconf 83' lang='lat' dir='ltr'><strong>utique</strong></span> <span class='ocrx_word' id='word_1_153' title='bbox 1360 2353 1653 2410; x_wconf 88' lang='lat' dir='ltr'><strong>invalidum</strong></span> <span class='ocrx_word' id='word_1_154' title='bbox 1678 2362 1733 2409; x_wconf 90' lang='lat' dir='ltr'><strong>et</strong></span> <span class='ocrx_word' id='word_1_155' title='bbox 1762 2354 1910 2409; x_wconf 83' lang='lat' dir='ltr'><strong>inﬁr-</strong></span> 
     </span>
    </p>
   </div>
   <div class='ocr_carea' id='block_1_21' title="bbox 333 2445 1913 2516">
    <p class='ocr_par' dir='ltr' id='par_1_21' title="bbox 333 2445 1913 2516">
     <span class='ocr_line' id='line_1_21' title="bbox 333 2445 1913 2516; baseline -0.001 -15"><span class='ocrx_word' id='word_1_156' title='bbox 333 2461 482 2512; x_wconf 68' lang='lat' dir='ltr'><strong>mum</strong></span> <span class='ocrx_word' id='word_1_157' title='bbox 505 2445 686 2503; x_wconf 78' lang='lat' dir='ltr'><strong>debuit</strong></span> <span class='ocrx_word' id='word_1_158' title='bbox 711 2445 975 2509; x_wconf 80' lang='lat' dir='ltr'><strong>conﬁteri,</strong></span> <span class='ocrx_word' id='word_1_159' title='bbox 1005 2446 1176 2502; x_wconf 87' lang='lat' dir='ltr'><strong>donec</strong></span> <span class='ocrx_word' id='word_1_160' title='bbox 1202 2456 1454 2501; x_wconf 88' lang='lat' dir='ltr'><strong>sanentur</strong></span> <span class='ocrx_word' id='word_1_161' title='bbox 1483 2462 1666 2502; x_wconf 84' lang='lat' dir='ltr'><strong>omnes</strong></span> <span class='ocrx_word' id='word_1_162' title='bbox 1693 2447 1913 2516; x_wconf 81' lang='lat' dir='ltr'><strong>languo-</strong></span> 
     </span>
    </p>
   </div>
   <div class='ocr_carea' id='block_1_22' title="bbox 332 2535 1912 2607">
    <p class='ocr_par' dir='ltr' id='par_1_22' title="bbox 332 2535 1912 2607">
     <span class='ocr_line' id='line_1_22' title="bbox 332 2535 1912 2607; baseline 0 -15"><span class='ocrx_word' id='word_1_163' title='bbox 332 2551 420 2592; x_wconf 86' lang='lat' dir='ltr'><strong>res</strong></span> <span class='ocrx_word' id='word_1_164' title='bbox 448 2537 637 2592; x_wconf 73' lang='lat' dir='ltr'><strong>anima:</strong></span> <span class='ocrx_word' id='word_1_165' title='bbox 666 2546 882 2603; x_wconf 64' lang='lat' dir='ltr'><strong>nostra.</strong></span> <span class='ocrx_word' id='word_1_166' title='bbox 910 2535 1024 2592; x_wconf 81' lang='lat' dir='ltr'><strong>Non</strong></span> <span class='ocrx_word' id='word_1_167' title='bbox 1051 2538 1194 2592; x_wconf 90' lang='lat' dir='ltr'><strong>enim</strong></span> <span class='ocrx_word' id='word_1_168' title='bbox 1219 2552 1316 2606; x_wconf 88' lang='lat' dir='ltr'><strong>pro</strong></span> <span class='ocrx_word' id='word_1_169' title='bbox 1337 2537 1648 2593; x_wconf 79' lang='lat' dir='ltr'><strong>inﬁrmitate</strong></span> <span class='ocrx_word' id='word_1_170' title='bbox 1669 2538 1912 2607; x_wconf 83' lang='lat' dir='ltr'><strong>corporis</strong></span> 
     </span>
    </p>
   </div>
   <div class='ocr_carea' id='block_1_23' title="bbox 331 2628 1909 2702">
    <p class='ocr_par' dir='ltr' id='par_1_23' title="bbox 331 2628 1909 2702">
     <span class='ocr_line' id='line_1_23' title="bbox 331 2628 1909 2702; baseline -0.002 -15"><span class='ocrx_word' id='word_1_171' title='bbox 331 2630 666 2700; x_wconf 61' lang='lat' dir='ltr'><strong>precabatur,</strong></span> <span class='ocrx_word' id='word_1_172' title='bbox 694 2631 786 2700; x_wconf 87' lang='lat' dir='ltr'><strong>qui</strong></span> <span class='ocrx_word' id='word_1_173' title='bbox 813 2630 1022 2686; x_wconf 84' lang='lat' dir='ltr'><strong>dicebat</strong></span> <span class='ocrx_word' id='word_1_174' title='bbox 1042 2671 1059 2697; x_wconf 95' lang='lat'><strong>,</strong></span> <span class='ocrx_word' id='word_1_175' title='bbox 1093 2629 1334 2684; x_wconf 56' lang='lat' dir='ltr'><strong>Miserere</strong></span> <span class='ocrx_word' id='word_1_176' title='bbox 1358 2631 1456 2684; x_wconf 83' lang='lat' dir='ltr'><strong>mei</strong></span> <span class='ocrx_word' id='word_1_177' title='bbox 1477 2671 1490 2693; x_wconf 91' lang='lat'><strong>,</strong></span> <span class='ocrx_word' id='word_1_178' title='bbox 1517 2628 1753 2696; x_wconf 79' lang='lat' dir='ltr'><strong>Domine,</strong></span> <span class='ocrx_word' id='word_1_179' title='bbox 1780 2648 1909 2702; x_wconf 81' lang='lat' dir='ltr'><strong>quo-</strong></span> 
     </span>
    </p>
   </div>
   <div class='ocr_carea' id='block_1_24' title="bbox 326 2720 1910 2791">
    <p class='ocr_par' dir='ltr' id='par_1_24' title="bbox 326 2720 1910 2791">
     <span class='ocr_line' id='line_1_24' title="bbox 326 2720 1910 2791; baseline 0.001 -16"><span class='ocrx_word' id='word_1_180' title='bbox 326 2722 466 2775; x_wconf 68' lang='lat' dir='ltr'><strong>niam</strong></span> <span class='ocrx_word' id='word_1_181' title='bbox 483 2722 716 2790; x_wconf 81' lang='lat' dir='ltr'><strong>inﬁrmus</strong></span> <span class='ocrx_word' id='word_1_182' title='bbox 736 2737 883 2786; x_wconf 86' lang='lat' dir='ltr'><strong>sum;</strong></span> <span class='ocrx_word' id='word_1_183' title='bbox 908 2731 1035 2775; x_wconf 71' lang='lat' dir='ltr'><strong>sana</strong></span> <span class='ocrx_word' id='word_1_184' title='bbox 1057 2738 1154 2784; x_wconf 82' lang='lat' dir='ltr'><strong>me,</strong></span> <span class='ocrx_word' id='word_1_185' title='bbox 1181 2720 1415 2786; x_wconf 80' lang='lat' dir='ltr'><strong>Domine,</strong></span> <span class='ocrx_word' id='word_1_186' title='bbox 1446 2723 1683 2791; x_wconf 73' lang='lat' dir='ltr'><strong>quoniam</strong></span> <span class='ocrx_word' id='word_1_187' title='bbox 1707 2732 1910 2776; x_wconf 68' lang='lat' dir='ltr'><strong>contur-</strong></span> 
     </span>
    </p>
   </div>
   <div class='ocr_carea' id='block_1_25' title="bbox 331 2812 1910 2882">
    <p class='ocr_par' dir='ltr' id='par_1_25' title="bbox 331 2812 1910 2882">
     <span class='ocr_line' id='line_1_25' title="bbox 331 2812 1910 2882; baseline 0.002 -16"><span class='ocrx_word' id='word_1_188' title='bbox 331 2812 447 2866; x_wconf 86' lang='lat' dir='ltr'><strong>bata</strong></span> <span class='ocrx_word' id='word_1_189' title='bbox 474 2821 591 2866; x_wconf 89' lang='lat' dir='ltr'><strong>sunt</strong></span> <span class='ocrx_word' id='word_1_190' title='bbox 617 2829 732 2866; x_wconf 88' lang='lat' dir='ltr'><strong>ossa</strong></span> <span class='ocrx_word' id='word_1_191' title='bbox 756 2829 867 2866; x_wconf 85' lang='lat' dir='ltr'><strong>mea</strong></span> <span class='ocrx_word' id='word_1_192' title='bbox 891 2828 909 2866; x_wconf 91' lang='lat'><strong><em>:</em></strong></span> <span class='ocrx_word' id='word_1_193' title='bbox 938 2827 1060 2867; x_wconf 92' lang='lat' dir='ltr'><strong>nam</strong></span> <span class='ocrx_word' id='word_1_194' title='bbox 1104 2821 1162 2868; x_wconf 81' lang='lat' dir='ltr'><strong>ut</strong></span> <span class='ocrx_word' id='word_1_195' title='bbox 1190 2812 1495 2868; x_wconf 90' lang='lat' dir='ltr'><strong>ostenderet</strong></span> <span class='ocrx_word' id='word_1_196' title='bbox 1523 2829 1618 2882; x_wconf 89' lang='lat' dir='ltr'><strong>pro</strong></span> <span class='ocrx_word' id='word_1_197' title='bbox 1648 2814 1819 2867; x_wconf 86' lang='lat' dir='ltr'><strong>anima</strong></span> <span class='ocrx_word' id='word_1_198' title='bbox 1851 2829 1910 2869; x_wconf 90' lang='lat' dir='ltr'><strong>se</strong></span> 
     </span>
    </p>
   </div>
   <div class='ocr_carea' id='block_1_26' title="bbox 324 2903 1912 2975">
    <p class='ocr_par' dir='ltr' id='par_1_26' title="bbox 324 2903 1912 2975">
     <span class='ocr_line' id='line_1_26' title="bbox 324 2903 1912 2975; baseline 0 -17"><span class='ocrx_word' id='word_1_199' title='bbox 324 2919 536 2974; x_wconf 63' lang='lat' dir='ltr'><strong>rogare,</strong></span> <span class='ocrx_word' id='word_1_200' title='bbox 565 2912 778 2959; x_wconf 88' lang='lat' dir='ltr'><strong>secutus</strong></span> <span class='ocrx_word' id='word_1_201' title='bbox 797 2903 1056 2975; x_wconf 81' lang='lat' dir='ltr'><strong>adiunxit,</strong></span> <span class='ocrx_word' id='word_1_202' title='bbox 1085 2913 1132 2959; x_wconf 88' lang='lat' dir='ltr'><strong>et</strong></span> <span class='ocrx_word' id='word_1_203' title='bbox 1147 2904 1318 2958; x_wconf 87' lang='lat' dir='ltr'><strong>anima</strong></span> <span class='ocrx_word' id='word_1_204' title='bbox 1334 2921 1442 2958; x_wconf 88' lang='lat' dir='ltr'><strong>mea</strong></span> <span class='ocrx_word' id='word_1_205' title='bbox 1459 2903 1655 2958; x_wconf 85' lang='lat' dir='ltr'><strong>turbata</strong></span> <span class='ocrx_word' id='word_1_206' title='bbox 1676 2914 1745 2959; x_wconf 86' lang='lat' dir='ltr'><strong>est</strong></span> <span class='ocrx_word' id='word_1_207' title='bbox 1768 2905 1912 2958; x_wconf 81' lang='lat' dir='ltr'><strong>valde</strong></span> 
     </span>
    </p>
   </div>
   <div class='ocr_carea' id='block_1_27' title="bbox 323 2996 795 3068">
    <p class='ocr_par' dir='ltr' id='par_1_27' title="bbox 323 2996 795 3068">
     <span class='ocr_line' id='line_1_27' title="bbox 323 2996 795 3068; baseline -0.002 -18"><span class='ocrx_word' id='word_1_208' title='bbox 323 2996 500 3068; x_wconf 73' lang='lat' dir='ltr'><strong>(Psal.</strong></span> <span class='ocrx_word' id='word_1_209' title='bbox 533 3013 606 3063; x_wconf 84' lang='lat' dir='ltr'><strong>vt,</strong></span> <span class='ocrx_word' id='word_1_210' title='bbox 633 2999 686 3062; x_wconf 75' lang='lat'><strong>3,</strong></span> <span class='ocrx_word' id='word_1_211' title='bbox 716 2997 795 3068; x_wconf 69' lang='grc'><strong>4).</strong></span> 
     </span>
    </p>
   </div>
   <div class='ocr_carea' id='block_1_28' title="bbox 398 3089 1909 3162">
    <p class='ocr_par' dir='ltr' id='par_1_28' title="bbox 398 3089 1909 3162">
     <span class='ocr_line' id='line_1_28' title="bbox 398 3089 1909 3162; baseline 0.003 -18"><span class='ocrx_word' id='word_1_212' title='bbox 398 3090 488 3146; x_wconf 77' lang='grc'><strong>55.</strong></span> <span class='ocrx_word' id='word_1_213' title='bbox 519 3091 738 3145; x_wconf 81' lang='lat' dir='ltr'><strong>Videtur</strong></span> <span class='ocrx_word' id='word_1_214' title='bbox 757 3105 884 3159; x_wconf 85' lang='lat' dir='ltr'><strong>ergo</strong></span> <span class='ocrx_word' id='word_1_215' title='bbox 903 3089 1156 3147; x_wconf 85' lang='lat' dir='ltr'><strong>auxilium</strong></span> <span class='ocrx_word' id='word_1_216' title='bbox 1181 3091 1359 3161; x_wconf 76' lang='lat' dir='ltr'><strong>gratire</strong></span> <span class='ocrx_word' id='word_1_217' title='bbox 1385 3101 1633 3162; x_wconf 88' lang='lat' dir='ltr'><strong>tanquam</strong></span> <span class='ocrx_word' id='word_1_218' title='bbox 1659 3110 1720 3148; x_wconf 85' lang='lat' dir='ltr'><strong>ex</strong></span> <span class='ocrx_word' id='word_1_219' title='bbox 1743 3094 1909 3149; x_wconf 90' lang='lat' dir='ltr'><strong>abun-</strong></span> 
     </span>
    </p>
   </div>
   <div class='ocr_carea' id='block_1_29' title="bbox 315 3177 1903 3250">
    <p class='ocr_par' dir='ltr' id='par_1_29' title="bbox 315 3177 1903 3250">
     <span class='ocr_line' id='line_1_29' title="bbox 315 3177 1903 3250; baseline 0.003 -14"><span class='ocrx_word' id='word_1_220' title='bbox 315 3177 470 3236; x_wconf 82' lang='lat' dir='ltr'><strong>danti</strong></span> <span class='ocrx_word' id='word_1_221' title='bbox 489 3193 669 3248; x_wconf 86' lang='lat' dir='ltr'><strong>putare</strong></span> <span class='ocrx_word' id='word_1_222' title='bbox 689 3179 930 3247; x_wconf 87' lang='lat' dir='ltr'><strong>concedi,</strong></span> <span class='ocrx_word' id='word_1_223' title='bbox 948 3180 999 3235; x_wconf 89' lang='lat' dir='ltr'><strong>id</strong></span> <span class='ocrx_word' id='word_1_224' title='bbox 1017 3188 1118 3244; x_wconf 87' lang='lat' dir='ltr'><strong>est,</strong></span> <span class='ocrx_word' id='word_1_225' title='bbox 1137 3189 1194 3236; x_wconf 91' lang='lat' dir='ltr'><strong>ut</strong></span> <span class='ocrx_word' id='word_1_226' title='bbox 1214 3183 1420 3238; x_wconf 85' lang='lat' dir='ltr'><strong>etiamsi</strong></span> <span class='ocrx_word' id='word_1_227' title='bbox 1441 3195 1544 3237; x_wconf 83' lang='lat' dir='ltr'><strong>neu</strong></span> <span class='ocrx_word' id='word_1_228' title='bbox 1562 3185 1903 3250; x_wconf 84' lang='lat' dir='ltr'><strong>concedatur,</strong></span> 
     </span>
    </p>
   </div>
   <div class='ocr_carea' id='block_1_30' title="bbox 319 3271 1906 3342">
    <p class='ocr_par' dir='ltr' id='par_1_30' title="bbox 319 3271 1906 3342">
     <span class='ocr_line' id='line_1_30' title="bbox 319 3271 1906 3342; baseline 0.004 -16"><span class='ocrx_word' id='word_1_229' title='bbox 319 3271 614 3327; x_wconf 79' lang='lat' dir='ltr'><strong>habeamus</strong></span> <span class='ocrx_word' id='word_1_230' title='bbox 640 3281 813 3327; x_wconf 87' lang='lat' dir='ltr'><strong>tamen</strong></span> <span class='ocrx_word' id='word_1_231' title='bbox 845 3271 910 3327; x_wconf 88' lang='lat' dir='ltr'><strong>ad</strong></span> <span class='ocrx_word' id='word_1_232' title='bbox 938 3288 1042 3326; x_wconf 89' lang='lat' dir='ltr'><strong>non</strong></span> <span class='ocrx_word' id='word_1_233' title='bbox 1070 3273 1394 3342; x_wconf 88' lang='lat' dir='ltr'><strong>peccandum</strong></span> <span class='ocrx_word' id='word_1_234' title='bbox 1427 3273 1564 3328; x_wconf 87' lang='lat' dir='ltr'><strong>forte</strong></span> <span class='ocrx_word' id='word_1_235' title='bbox 1604 3289 1665 3328; x_wconf 87' lang='lat' dir='ltr'><strong>ac</strong></span> <span class='ocrx_word' id='word_1_236' title='bbox 1697 3275 1906 3332; x_wconf 89' lang='lat' dir='ltr'><strong>firmum</strong></span> 
     </span>
    </p>
   </div>
   <div class='ocr_carea' id='block_1_31' title="bbox 318 3363 1904 3434">
    <p class='ocr_par' dir='ltr' id='par_1_31' title="bbox 318 3363 1904 3434">
     <span class='ocr_line' id='line_1_31' title="bbox 318 3363 1904 3434; baseline 0.004 -16"><span class='ocrx_word' id='word_1_237' title='bbox 318 3363 546 3420; x_wconf 75' lang='lat' dir='ltr'><strong>liberum</strong></span> <span class='ocrx_word' id='word_1_238' title='bbox 577 3366 871 3420; x_wconf 85' lang='lat' dir='ltr'><strong>arbitrium.</strong></span> <span class='ocrx_word' id='word_1_239' title='bbox 913 3365 1063 3434; x_wconf 87' lang='lat' dir='ltr'><strong>Quod</strong></span> <span class='ocrx_word' id='word_1_240' title='bbox 1104 3382 1170 3421; x_wconf 89' lang='lat' dir='ltr'><strong>ne</strong></span> <span class='ocrx_word' id='word_1_241' title='bbox 1199 3367 1565 3423; x_wconf 87' lang='lat' dir='ltr'><strong>existimemur</strong></span> <span class='ocrx_word' id='word_1_242' title='bbox 1599 3368 1668 3423; x_wconf 91' lang='lat' dir='ltr'><strong>de</strong></span> <span class='ocrx_word' id='word_1_243' title='bbox 1709 3369 1796 3422; x_wconf 90' lang='lat' dir='ltr'><strong>illo</strong></span> <span class='ocrx_word' id='word_1_244' title='bbox 1825 3377 1904 3424; x_wconf 89' lang='lat' dir='ltr'><strong>te-</strong></span> 
     </span>
    </p>
   </div>
   <div class='ocr_carea' id='block_1_32' title="bbox 319 3457 1904 3529">
    <p class='ocr_par' dir='ltr' id='par_1_32' title="bbox 319 3457 1904 3529">
     <span class='ocr_line' id='line_1_32' title="bbox 319 3457 1904 3529; baseline 0.003 -19"><span class='ocrx_word' id='word_1_245' title='bbox 319 3472 474 3512; x_wconf 89' lang='lat' dir='ltr'><strong>mere</strong></span> <span class='ocrx_word' id='word_1_246' title='bbox 503 3457 790 3526; x_wconf 87' lang='lat' dir='ltr'><strong>suspicari,</strong></span> <span class='ocrx_word' id='word_1_247' title='bbox 823 3467 876 3513; x_wconf 90' lang='lat' dir='ltr'><strong>et</strong></span> <span class='ocrx_word' id='word_1_248' title='bbox 905 3457 1130 3513; x_wconf 80' lang='lat' dir='ltr'><strong>fortasse</strong></span> <span class='ocrx_word' id='word_1_249' title='bbox 1163 3459 1280 3529; x_wconf 83' lang='lat' dir='ltr'><strong>quis</strong></span> <span class='ocrx_word' id='word_1_250' title='bbox 1307 3459 1450 3514; x_wconf 90' lang='lat' dir='ltr'><strong>dicat</strong></span> <span class='ocrx_word' id='word_1_251' title='bbox 1477 3461 1498 3492; x_wconf 82' lang='grc'>⁸</span> <span class='ocrx_word' id='word_1_252' title='bbox 1526 3459 1602 3514; x_wconf 90' lang='lat' dir='ltr'><strong>sic</strong></span> <span class='ocrx_word' id='word_1_253' title='bbox 1631 3477 1752 3515; x_wconf 87' lang='lat' dir='ltr'><strong>eum</strong></span> <span class='ocrx_word' id='word_1_254' title='bbox 1781 3477 1904 3516; x_wconf 79' lang='lat' dir='ltr'><strong>sen-</strong></span> 
     </span>
    </p>
   </div>
   <div class='ocr_carea' id='block_1_33' title="bbox 314 3547 1905 3620">
    <p class='ocr_par' dir='ltr' id='par_1_33' title="bbox 314 3547 1905 3620">
     <span class='ocr_line' id='line_1_33' title="bbox 314 3547 1905 3620; baseline 0.003 -16"><span class='ocrx_word' id='word_1_255' title='bbox 314 3550 426 3604; x_wconf 73' lang='lat' dir='ltr'><strong>tire</strong></span> <span class='ocrx_word' id='word_1_256' title='bbox 452 3547 586 3605; x_wconf 86' lang='lat' dir='ltr'><strong>forte</strong></span> <span class='ocrx_word' id='word_1_257' title='bbox 614 3565 674 3604; x_wconf 93' lang='lat' dir='ltr'><strong>ac</strong></span> <span class='ocrx_word' id='word_1_258' title='bbox 700 3549 907 3604; x_wconf 84' lang='lat' dir='ltr'><strong>ﬁrmum</strong></span> <span class='ocrx_word' id='word_1_259' title='bbox 935 3549 1000 3604; x_wconf 91' lang='lat' dir='ltr'><strong>ad</strong></span> <span class='ocrx_word' id='word_1_260' title='bbox 1030 3566 1133 3605; x_wconf 88' lang='lat' dir='ltr'><strong>non</strong></span> <span class='ocrx_word' id='word_1_261' title='bbox 1166 3551 1490 3620; x_wconf 84' lang='lat' dir='ltr'><strong>peccandum</strong></span> <span class='ocrx_word' id='word_1_262' title='bbox 1512 3551 1736 3606; x_wconf 84' lang='lat' dir='ltr'><strong>liberum</strong></span> <span class='ocrx_word' id='word_1_263' title='bbox 1768 3553 1905 3607; x_wconf 87' lang='lat' dir='ltr'><strong>arbi-</strong></span> 
     </span>
    </p>
   </div>
   <div class='ocr_carea' id='block_1_34' title="bbox 319 3639 1903 3715">
    <p class='ocr_par' dir='ltr' id='par_1_34' title="bbox 319 3639 1903 3715">
     <span class='ocr_line' id='line_1_34' title="bbox 319 3639 1903 3715; baseline 0.003 -20"><span class='ocrx_word' id='word_1_264' title='bbox 319 3640 480 3695; x_wconf 84' lang='lat' dir='ltr'><strong>trium</strong></span> <span class='ocrx_word' id='word_1_265' title='bbox 507 3639 766 3715; x_wconf 84' lang='lat' dir='ltr'><strong>(quamvis</strong></span> <span class='ocrx_word' id='word_1_266' title='bbox 782 3643 896 3696; x_wconf 92' lang='lat' dir='ltr'><strong>sine</strong></span> <span class='ocrx_word' id='word_1_267' title='bbox 926 3642 1020 3697; x_wconf 92' lang='lat' dir='ltr'><strong>Dei</strong></span> <span class='ocrx_word' id='word_1_268' title='bbox 1040 3644 1206 3713; x_wconf 83' lang='lat' dir='ltr'><strong>gratia</strong></span> <span class='ocrx_word' id='word_1_269' title='bbox 1237 3642 1287 3697; x_wconf 88' lang='lat' dir='ltr'><strong>id</strong></span> <span class='ocrx_word' id='word_1_270' title='bbox 1311 3642 1522 3699; x_wconf 81' lang='lat' dir='ltr'><strong>efﬁcere</strong></span> <span class='ocrx_word' id='word_1_271' title='bbox 1550 3652 1708 3715; x_wconf 89' lang='lat' dir='ltr'><strong>atque</strong></span> <span class='ocrx_word' id='word_1_272' title='bbox 1729 3644 1903 3700; x_wconf 90' lang='lat' dir='ltr'><strong>adim-</strong></span> 
     </span>
    </p>
   </div>
   <div class='ocr_carea' id='block_1_35' title="bbox 321 3731 1902 3802">
    <p class='ocr_par' dir='ltr' id='par_1_35' title="bbox 321 3731 1902 3802">
     <span class='ocr_line' id='line_1_35' title="bbox 321 3731 1902 3802; baseline 0.004 -16"><span class='ocrx_word' id='word_1_273' title='bbox 321 3731 471 3801; x_wconf 85' lang='lat' dir='ltr'><strong>plere</strong></span> <span class='ocrx_word' id='word_1_274' title='bbox 501 3748 602 3787; x_wconf 91' lang='lat' dir='ltr'><strong>non</strong></span> <span class='ocrx_word' id='word_1_275' title='bbox 630 3733 854 3802; x_wconf 85' lang='lat' dir='ltr'><strong>possit),</strong></span> <span class='ocrx_word' id='word_1_276' title='bbox 879 3733 1017 3790; x_wconf 90' lang='lat' dir='ltr'><strong>sicut</strong></span> <span class='ocrx_word' id='word_1_277' title='bbox 1057 3749 1216 3790; x_wconf 91' lang='lat' dir='ltr'><strong>sanos</strong></span> <span class='ocrx_word' id='word_1_278' title='bbox 1246 3736 1427 3789; x_wconf 88' lang='lat' dir='ltr'><strong>oculos</strong></span> <span class='ocrx_word' id='word_1_279' title='bbox 1469 3733 1648 3790; x_wconf 82' lang='lat' dir='ltr'><strong>ﬁrmos</strong></span> <span class='ocrx_word' id='word_1_280' title='bbox 1678 3736 1902 3792; x_wconf 89' lang='lat' dir='ltr'><strong>dicimus</strong></span> 
     </span>
    </p>
   </div>
   <div class='ocr_carea' id='block_1_36' title="bbox 321 3823 1899 3897">
    <p class='ocr_par' dir='ltr' id='par_1_36' title="bbox 321 3823 1899 3897">
     <span class='ocr_line' id='line_1_36' title="bbox 321 3823 1899 3897; baseline 0.002 -20"><span class='ocrx_word' id='word_1_281' title='bbox 321 3823 390 3878; x_wconf 86' lang='lat' dir='ltr'><strong>ad</strong></span> <span class='ocrx_word' id='word_1_282' title='bbox 421 3823 722 3891; x_wconf 83' lang='lat' dir='ltr'><strong>videndum,</strong></span> <span class='ocrx_word' id='word_1_283' title='bbox 748 3825 888 3895; x_wconf 89' lang='lat' dir='ltr'><strong>quod</strong></span> <span class='ocrx_word' id='word_1_284' title='bbox 917 3834 1090 3882; x_wconf 89' lang='lat' dir='ltr'><strong>tamen</strong></span> <span class='ocrx_word' id='word_1_285' title='bbox 1115 3827 1258 3880; x_wconf 88' lang='lat' dir='ltr'><strong>nullo</strong></span> <span class='ocrx_word' id='word_1_286' title='bbox 1282 3826 1438 3881; x_wconf 87' lang='lat' dir='ltr'><strong>modo</strong></span> <span class='ocrx_word' id='word_1_287' title='bbox 1461 3825 1632 3881; x_wconf 87' lang='lat' dir='ltr'><strong>facere</strong></span> <span class='ocrx_word' id='word_1_288' title='bbox 1654 3835 1899 3897; x_wconf 82' lang='lat' dir='ltr'><strong>possunt,</strong></span> 
     </span>
    </p>
   </div>
   <div class='ocr_carea' id='block_1_37' title="bbox 321 3913 1901 3988">
    <p class='ocr_par' dir='ltr' id='par_1_37' title="bbox 321 3913 1901 3988">
     <span class='ocr_line' id='line_1_37' title="bbox 321 3913 1901 3988; baseline 0.002 -19"><span class='ocrx_word' id='word_1_289' title='bbox 321 3913 365 3969; x_wconf 90' lang='lat' dir='ltr'><strong>si</strong></span> <span class='ocrx_word' id='word_1_290' title='bbox 387 3914 524 3969; x_wconf 82' lang='lat' dir='ltr'><strong>desit</strong></span> <span class='ocrx_word' id='word_1_291' title='bbox 545 3913 676 3969; x_wconf 87' lang='lat' dir='ltr'><strong>lucis</strong></span> <span class='ocrx_word' id='word_1_292' title='bbox 697 3917 947 3970; x_wconf 82' lang='lat' dir='ltr'><strong>auxilium</strong></span> <span class='ocrx_word' id='word_1_293' title='bbox 972 3934 986 3980; x_wconf 87' lang='lat'><strong>;</strong></span> <span class='ocrx_word' id='word_1_294' title='bbox 1011 3918 1113 3971; x_wconf 88' lang='lat' dir='ltr'><strong>allo</strong></span> <span class='ocrx_word' id='word_1_295' title='bbox 1130 3917 1247 3971; x_wconf 90' lang='lat' dir='ltr'><strong>loco</strong></span> <span class='ocrx_word' id='word_1_296' title='bbox 1274 3917 1397 3986; x_wconf 91' lang='lat' dir='ltr'><strong>quid</strong></span> <span class='ocrx_word' id='word_1_297' title='bbox 1422 3917 1643 3982; x_wconf 86' lang='lat' dir='ltr'><strong>diceret,</strong></span> <span class='ocrx_word' id='word_1_298' title='bbox 1671 3918 1752 3973; x_wconf 80' lang='lat' dir='ltr'><strong>vel</strong></span> <span class='ocrx_word' id='word_1_299' title='bbox 1776 3918 1901 3988; x_wconf 84' lang='lat' dir='ltr'><strong>quid</strong></span> 
     </span>
    </p>
   </div>
   <div class='ocr_carea' id='block_1_38' title="bbox 317 4007 1900 4079">
    <p class='ocr_par' dir='ltr' id='par_1_38' title="bbox 317 4007 1900 4079">
     <span class='ocr_line' id='line_1_38' title="bbox 317 4007 1900 4079; baseline 0.001 -17"><span class='ocrx_word' id='word_1_300' title='bbox 317 4015 528 4078; x_wconf 83' lang='lat' dir='ltr'><strong>putaret</strong></span> <span class='ocrx_word' id='word_1_301' title='bbox 556 4009 805 4075; x_wconf 71' lang='lat' dir='ltr'><strong>ostendit,</strong></span> <span class='ocrx_word' id='word_1_302' title='bbox 840 4009 926 4062; x_wconf 93' lang='lat' dir='ltr'><strong>ubi</strong></span> <span class='ocrx_word' id='word_1_303' title='bbox 957 4009 1048 4072; x_wconf 92' lang='lat' dir='ltr'><strong>ait,</strong></span> <span class='ocrx_word' id='word_1_304' title='bbox 1087 4007 1207 4062; x_wconf 82' lang='lat' dir='ltr'><strong>Ideo</strong></span> <span class='ocrx_word' id='word_1_305' title='bbox 1243 4008 1342 4062; x_wconf 79' lang='lat' dir='ltr'><strong>Dei</strong></span> <span class='ocrx_word' id='word_1_306' title='bbox 1364 4009 1578 4079; x_wconf 81' lang='lat' dir='ltr'><strong>gratiam</strong></span> <span class='ocrx_word' id='word_1_307' title='bbox 1615 4007 1900 4064; x_wconf 85' lang='lat' dir='ltr'><strong>hominibus</strong></span> 
     </span>
    </p>
   </div>
   <div class='ocr_carea' id='block_1_39' title="bbox 314 4097 1901 4170">
    <p class='ocr_par' dir='ltr' id='par_1_39' title="bbox 314 4097 1901 4170">
     <span class='ocr_line' id='line_1_39' title="bbox 314 4097 1901 4170; baseline -0.001 -17"><span class='ocrx_word' id='word_1_308' title='bbox 314 4100 450 4166; x_wconf 82' lang='lat' dir='ltr'><strong>dari,</strong></span> <span class='ocrx_word' id='word_1_309' title='bbox 479 4107 536 4154; x_wconf 86' lang='lat' dir='ltr'><strong>ut</strong></span> <span class='ocrx_word' id='word_1_310' title='bbox 561 4099 696 4169; x_wconf 84' lang='lat' dir='ltr'><strong>quod</strong></span> <span class='ocrx_word' id='word_1_311' title='bbox 720 4101 886 4170; x_wconf 81' lang='lat' dir='ltr'><strong>facere</strong></span> <span class='ocrx_word' id='word_1_312' title='bbox 913 4115 999 4168; x_wconf 84' lang='lat' dir='ltr'><strong>per</strong></span> <span class='ocrx_word' id='word_1_313' title='bbox 1028 4099 1235 4151; x_wconf 84' lang='lat' dir='ltr'><strong>liberum</strong></span> <span class='ocrx_word' id='word_1_314' title='bbox 1255 4097 1496 4167; x_wconf 82' lang='lat' dir='ltr'><strong>jubentur</strong></span> <span class='ocrx_word' id='word_1_315' title='bbox 1513 4097 1789 4163; x_wconf 81' lang='lat' dir='ltr'><strong>arbitrium,</strong></span> <span class='ocrx_word' id='word_1_316' title='bbox 1817 4099 1901 4166; x_wconf 78' lang='lat' dir='ltr'><strong>fa-</strong></span> 
     </span>
    </p>
   </div>
   <div class='ocr_carea' id='block_1_40' title="bbox 315 4185 1896 4262">
    <p class='ocr_par' dir='ltr' id='par_1_40' title="bbox 315 4185 1896 4262">
     <span class='ocr_line' id='line_1_40' title="bbox 315 4185 1896 4262; baseline -0.001 -17"><span class='ocrx_word' id='word_1_317' title='bbox 315 4192 466 4245; x_wconf 86' lang='lat' dir='ltr'><strong>cilius</strong></span> <span class='ocrx_word' id='word_1_318' title='bbox 494 4190 684 4262; x_wconf 79' lang='lat' dir='ltr'><strong>possint</strong></span> <span class='ocrx_word' id='word_1_319' title='bbox 723 4185 932 4258; x_wconf 84' lang='lat' dir='ltr'><strong>implere</strong></span> <span class='ocrx_word' id='word_1_320' title='bbox 974 4203 1064 4254; x_wconf 75' lang='lat' dir='ltr'><strong>per</strong></span> <span class='ocrx_word' id='word_1_321' title='bbox 1087 4189 1320 4259; x_wconf 75' lang='lat' dir='ltr'><strong>gratiam.</strong></span> <span class='ocrx_word' id='word_1_322' title='bbox 1366 4186 1560 4256; x_wconf 83' lang='lat' dir='ltr'><strong>Utique</strong></span> <span class='ocrx_word' id='word_1_323' title='bbox 1599 4205 1718 4243; x_wconf 88' lang='lat' dir='ltr'><strong>cum</strong></span> <span class='ocrx_word' id='word_1_324' title='bbox 1749 4189 1896 4254; x_wconf 89' lang='lat' dir='ltr'><strong>dicit,</strong></span> 
     </span>
    </p>
   </div>
   <div class='ocr_carea' id='block_1_41' title="bbox 315 4277 1903 4354">
    <p class='ocr_par' dir='ltr' id='par_1_41' title="bbox 315 4277 1903 4354">
     <span class='ocr_line' id='line_1_41' title="bbox 315 4277 1903 4354; baseline -0.001 -18"><span class='ocrx_word' id='word_1_325' title='bbox 315 4282 541 4354; x_wconf 74' lang='lat' dir='ltr'><strong>facilius,</strong></span> <span class='ocrx_word' id='word_1_326' title='bbox 570 4279 694 4349; x_wconf 91' lang='lat' dir='ltr'><strong>quid</strong></span> <span class='ocrx_word' id='word_1_327' title='bbox 719 4279 828 4333; x_wconf 83' lang='lat' dir='ltr'><strong>vult</strong></span> <span class='ocrx_word' id='word_1_328' title='bbox 848 4279 1089 4349; x_wconf 75' lang='lat' dir='ltr'><strong>intelligi,</strong></span> <span class='ocrx_word' id='word_1_329' title='bbox 1113 4277 1214 4332; x_wconf 86' lang='lat' dir='ltr'><strong>nisi</strong></span> <span class='ocrx_word' id='word_1_330' title='bbox 1234 4285 1285 4332; x_wconf 86' lang='lat' dir='ltr'><strong>et</strong></span> <span class='ocrx_word' id='word_1_331' title='bbox 1308 4277 1476 4348; x_wconf 82' lang='lat' dir='ltr'><strong>gratia</strong></span> <span class='ocrx_word' id='word_1_332' title='bbox 1503 4279 1546 4334; x_wconf 86' lang='lat' dir='ltr'><strong>si</strong></span> <span class='ocrx_word' id='word_1_333' title='bbox 1563 4279 1720 4346; x_wconf 88' lang='lat' dir='ltr'><strong>desit,</strong></span> <span class='ocrx_word' id='word_1_334' title='bbox 1747 4291 1903 4348; x_wconf 84' lang='lat' dir='ltr'><strong>posse</strong></span> 
     </span>
    </p>
   </div>
   <div class='ocr_carea' id='block_1_42' title="bbox 313 4367 1904 4446">
    <p class='ocr_par' dir='ltr' id='par_1_42' title="bbox 313 4367 1904 4446">
     <span class='ocr_line' id='line_1_42' title="bbox 313 4367 1904 4446; baseline -0.001 -18"><span class='ocrx_word' id='word_1_335' title='bbox 313 4385 420 4446; x_wconf 79' lang='lat' dir='ltr'><strong>per</strong></span> <span class='ocrx_word' id='word_1_336' title='bbox 457 4369 680 4425; x_wconf 82' lang='lat' dir='ltr'><strong>liberum</strong></span> <span class='ocrx_word' id='word_1_337' title='bbox 709 4368 1007 4437; x_wconf 84' lang='lat' dir='ltr'><strong>arbitrium,</strong></span> <span class='ocrx_word' id='word_1_338' title='bbox 1035 4370 1122 4425; x_wconf 88' lang='lat' dir='ltr'><strong>vel</strong></span> <span class='ocrx_word' id='word_1_339' title='bbox 1150 4367 1337 4436; x_wconf 79' lang='lat' dir='ltr'><strong>facile,</strong></span> <span class='ocrx_word' id='word_1_340' title='bbox 1363 4370 1446 4426; x_wconf 91' lang='lat' dir='ltr'><strong>vel</strong></span> <span class='ocrx_word' id='word_1_341' title='bbox 1487 4371 1644 4425; x_wconf 89' lang='lat' dir='ltr'><strong>etiam</strong></span> <span class='ocrx_word' id='word_1_342' title='bbox 1685 4370 1904 4427; x_wconf 82' lang='lat' dir='ltr'><strong>difﬁcile</strong></span> 
     </span>
    </p>
   </div>
   <div class='ocr_carea' id='block_1_43' title="bbox 316 4458 1373 4534">
    <p class='ocr_par' dir='ltr' id='par_1_43' title="bbox 316 4458 1373 4534">
     <span class='ocr_line' id='line_1_43' title="bbox 316 4458 1373 4534; baseline -0.004 -16"><span class='ocrx_word' id='word_1_343' title='bbox 316 4475 440 4534; x_wconf 52' lang='lat' dir='ltr'><strong>quae</strong></span> <span class='ocrx_word' id='word_1_344' title='bbox 463 4460 714 4517; x_wconf 85' lang='lat' dir='ltr'><strong>divinitus</strong></span> <span class='ocrx_word' id='word_1_345' title='bbox 736 4459 989 4530; x_wconf 85' lang='lat' dir='ltr'><strong>iubentur</strong></span> <span class='ocrx_word' id='word_1_346' title='bbox 1011 4459 1219 4530; x_wconf 80' lang='lat' dir='ltr'><strong>impleri</strong></span> <span class='ocrx_word' id='word_1_347' title='bbox 1243 4458 1322 4531; x_wconf 90' lang='lat' dir='ltr'><strong>(a)</strong></span> <span class='ocrx_word' id='word_1_348' title='bbox 1346 4460 1373 4514; x_wconf 69' lang='grc' dir='ltr'><strong><em>τ</em></strong></span> 
     </span>
    </p>
   </div>
   <div class='ocr_carea' id='block_1_44' title="bbox 391 4547 1902 4624">
    <p class='ocr_par' dir='ltr' id='par_1_44' title="bbox 391 4547 1902 4624">
     <span class='ocr_line' id='line_1_44' title="bbox 391 4547 1902 4624; baseline -0.001 -14"><span class='ocrx_word' id='word_1_349' title='bbox 391 4547 482 4610; x_wconf 79' lang='lat'><strong>36.</strong></span> <span class='ocrx_word' id='word_1_350' title='bbox 512 4549 613 4609; x_wconf 87' lang='lat' dir='ltr'><strong>Ubi</strong></span> <span class='ocrx_word' id='word_1_351' title='bbox 639 4563 722 4608; x_wconf 88' lang='lat' dir='ltr'><strong>est</strong></span> <span class='ocrx_word' id='word_1_352' title='bbox 751 4565 897 4624; x_wconf 86' lang='lat' dir='ltr'><strong>ergo,</strong></span> <span class='ocrx_word' id='word_1_353' title='bbox 931 4551 1069 4617; x_wconf 82' lang='lat' dir='ltr'><strong>Quid</strong></span> <span class='ocrx_word' id='word_1_354' title='bbox 1098 4561 1170 4607; x_wconf 86' lang='lat' dir='ltr'><strong>est</strong></span> <span class='ocrx_word' id='word_1_355' title='bbox 1196 4549 1366 4620; x_wconf 77' lang='lat' dir='ltr'><strong>homo,</strong></span> <span class='ocrx_word' id='word_1_356' title='bbox 1399 4552 1498 4606; x_wconf 81' lang='lat' dir='ltr'><strong>nisi</strong></span> <span class='ocrx_word' id='word_1_357' title='bbox 1517 4551 1540 4584; x_wconf 87' lang='grc'>³</span> <span class='ocrx_word' id='word_1_358' title='bbox 1559 4553 1693 4622; x_wconf 79' lang='lat' dir='ltr'><strong>quod</strong></span> <span class='ocrx_word' id='word_1_359' title='bbox 1713 4567 1902 4608; x_wconf 85' lang='lat' dir='ltr'><strong>memor</strong></span> 
     </span>
    </p>
   </div>
   <div class='ocr_carea' id='block_1_45' title="bbox 317 4643 1894 4719">
    <p class='ocr_par' dir='ltr' id='par_1_45' title="bbox 317 4643 1894 4719">
     <span class='ocr_line' id='line_1_45' title="bbox 317 4643 1894 4719; baseline -0.002 -16"><span class='ocrx_word' id='word_1_360' title='bbox 317 4665 369 4703; x_wconf 86' lang='lat' dir='ltr'><strong>es</strong></span> <span class='ocrx_word' id='word_1_361' title='bbox 397 4648 504 4719; x_wconf 81' lang='lat' dir='ltr'><strong>ejus</strong></span> <span class='ocrx_word' id='word_1_362' title='bbox 534 4643 703 4718; x_wconf 87' lang='lat' dir='ltr'><strong>(Psal.</strong></span> <span class='ocrx_word' id='word_1_363' title='bbox 731 4659 824 4702; x_wconf 87' lang='lat' dir='ltr'><strong>vut</strong></span> <span class='ocrx_word' id='word_1_364' title='bbox 844 4689 857 4712; x_wconf 89' lang='lat'><strong>,</strong></span> <span class='ocrx_word' id='word_1_365' title='bbox 884 4645 986 4717; x_wconf 78' lang='lat'><strong>5)?</strong></span> <span class='ocrx_word' id='word_1_366' title='bbox 1021 4644 1123 4703; x_wconf 82' lang='lat' dir='ltr'><strong>Ubi</strong></span> <span class='ocrx_word' id='word_1_367' title='bbox 1147 4658 1418 4716; x_wconf 87' lang='lat' dir='ltr'><strong>postremo</strong></span> <span class='ocrx_word' id='word_1_368' title='bbox 1455 4646 1541 4701; x_wconf 89' lang='lat' dir='ltr'><strong>illa</strong></span> <span class='ocrx_word' id='word_1_369' title='bbox 1572 4645 1894 4712; x_wconf 86' lang='lat' dir='ltr'><strong>testimonia,</strong></span> 
     </span>
    </p>
   </div>
   <div class='ocr_carea' id='block_1_46' title="bbox 315 4737 1894 4811">
    <p class='ocr_par' dir='ltr' id='par_1_46' title="bbox 315 4737 1894 4811">
     <span class='ocr_line' id='line_1_46' title="bbox 315 4737 1894 4811; baseline -0.001 -17"><span class='ocrx_word' id='word_1_370' title='bbox 315 4756 435 4810; x_wconf 68' lang='lat' dir='ltr'><strong>quae</strong></span> <span class='ocrx_word' id='word_1_371' title='bbox 472 4739 926 4810; x_wconf 76' lang='lat' dir='ltr'><strong>Jerosolymltame</strong></span> <span class='ocrx_word' id='word_1_372' title='bbox 972 4739 1194 4794; x_wconf 89' lang='lat' dir='ltr'><strong>antistes</strong></span> <span class='ocrx_word' id='word_1_373' title='bbox 1234 4739 1486 4794; x_wconf 75' lang='lat' dir='ltr'><strong>Ecclesizr</strong></span> <span class='ocrx_word' id='word_1_374' title='bbox 1517 4737 1626 4811; x_wconf 90' lang='lat' dir='ltr'><strong>(b),</strong></span> <span class='ocrx_word' id='word_1_375' title='bbox 1668 4740 1803 4793; x_wconf 90' lang='lat' dir='ltr'><strong>sicut</strong></span> <span class='ocrx_word' id='word_1_376' title='bbox 1842 4739 1894 4794; x_wconf 92' lang='lat' dir='ltr'><strong>in</strong></span> 
     </span>
    </p>
   </div>
   <div class='ocr_carea' id='block_1_47' title="bbox 317 4828 1875 4900">
    <p class='ocr_par' dir='ltr' id='par_1_47' title="bbox 317 4828 1875 4900">
     <span class='ocr_line' id='line_1_47' title="bbox 317 4828 1875 4900; baseline -0.002 -14"><span class='ocrx_word' id='word_1_377' title='bbox 317 4830 516 4887; x_wconf 91' lang='lat' dir='ltr'><strong>eisdem</strong></span> <span class='ocrx_word' id='word_1_378' title='bbox 543 4831 718 4886; x_wconf 86' lang='lat' dir='ltr'><strong>Gestis</strong></span> <span class='ocrx_word' id='word_1_379' title='bbox 742 4830 932 4900; x_wconf 81' lang='lat' dir='ltr'><strong>legitur</strong></span> <span class='ocrx_word' id='word_1_380' title='bbox 950 4871 966 4897; x_wconf 93' lang='lat'><strong>,</strong></span> <span class='ocrx_word' id='word_1_381' title='bbox 988 4830 1087 4899; x_wconf 87' lang='lat' dir='ltr'><strong>ipsi</strong></span> <span class='ocrx_word' id='word_1_382' title='bbox 1113 4829 1325 4899; x_wconf 84' lang='lat' dir='ltr'><strong>Pelagio</strong></span> <span class='ocrx_word' id='word_1_383' title='bbox 1353 4843 1412 4883; x_wconf 89' lang='lat' dir='ltr'><strong>se</strong></span> <span class='ocrx_word' id='word_1_384' title='bbox 1439 4828 1636 4883; x_wconf 86' lang='lat' dir='ltr'><strong>dixisse</strong></span> <span class='ocrx_word' id='word_1_385' title='bbox 1657 4844 1875 4883; x_wconf 87' lang='lat' dir='ltr'><strong>comme-</strong></span> 
     </span>
    </p>
   </div>
   <div class='ocr_carea' id='block_1_48' title="bbox 320 4920 1895 4990">
    <p class='ocr_par' dir='ltr' id='par_1_48' title="bbox 320 4920 1895 4990">
     <span class='ocr_line' id='line_1_48' title="bbox 320 4920 1895 4990; baseline -0.001 -14"><span class='ocrx_word' id='word_1_386' title='bbox 320 4929 507 4986; x_wconf 88' lang='lat' dir='ltr'><strong>morat,</strong></span> <span class='ocrx_word' id='word_1_387' title='bbox 540 4937 659 4976; x_wconf 90' lang='lat' dir='ltr'><strong>cum</strong></span> <span class='ocrx_word' id='word_1_388' title='bbox 685 4921 750 4975; x_wconf 90' lang='lat' dir='ltr'><strong>ad</strong></span> <span class='ocrx_word' id='word_1_389' title='bbox 785 4936 907 4976; x_wconf 89' lang='lat' dir='ltr'><strong>eum</strong></span> <span class='ocrx_word' id='word_1_390' title='bbox 951 4921 1210 4990; x_wconf 88' lang='lat' dir='ltr'><strong>perlatum</strong></span> <span class='ocrx_word' id='word_1_391' title='bbox 1235 4928 1377 4976; x_wconf 89' lang='lat' dir='ltr'><strong>esset</strong></span> <span class='ocrx_word' id='word_1_392' title='bbox 1406 4920 1546 4989; x_wconf 91' lang='lat' dir='ltr'><strong>quod</strong></span> <span class='ocrx_word' id='word_1_393' title='bbox 1585 4921 1701 4975; x_wconf 86' lang='lat' dir='ltr'><strong>sine</strong></span> <span class='ocrx_word' id='word_1_394' title='bbox 1728 4921 1895 4988; x_wconf 74' lang='lat' dir='ltr'><strong>gratia</strong></span> 
     </span>
    </p>
   </div>
   <div class='ocr_carea' id='block_1_49' title="bbox 318 5013 1898 5084">
    <p class='ocr_par' dir='ltr' id='par_1_49' title="bbox 318 5013 1898 5084">
     <span class='ocr_line' id='line_1_49' title="bbox 318 5013 1898 5084; baseline -0.002 -14"><span class='ocrx_word' id='word_1_395' title='bbox 318 5015 412 5071; x_wconf 90' lang='lat' dir='ltr'><strong>Dei</strong></span> <span class='ocrx_word' id='word_1_396' title='bbox 439 5015 639 5070; x_wconf 83' lang='lat' dir='ltr'><strong>diceret</strong></span> <span class='ocrx_word' id='word_1_397' title='bbox 661 5015 862 5084; x_wconf 86' lang='lat' dir='ltr'><strong>absque</strong></span> <span class='ocrx_word' id='word_1_398' title='bbox 882 5022 1098 5083; x_wconf 77' lang='lat' dir='ltr'><strong>peosato</strong></span> <span class='ocrx_word' id='word_1_399' title='bbox 1125 5013 1391 5067; x_wconf 82' lang='lat' dir='ltr'><strong>hominem</strong></span> <span class='ocrx_word' id='word_1_400' title='bbox 1415 5027 1534 5067; x_wconf 89' lang='lat' dir='ltr'><strong>esse</strong></span> <span class='ocrx_word' id='word_1_401' title='bbox 1555 5013 1746 5081; x_wconf 83' lang='lat' dir='ltr'><strong>posse?</strong></span> <span class='ocrx_word' id='word_1_402' title='bbox 1773 5014 1898 5068; x_wconf 71' lang='lat' dir='ltr'><strong>Hmc</strong></span> 
     </span>
    </p>
   </div>
   <div class='ocr_carea' id='block_1_50' title="bbox 318 5103 1895 5175">
    <p class='ocr_par' dir='ltr' id='par_1_50' title="bbox 318 5103 1895 5175">
     <span class='ocr_line' id='line_1_50' title="bbox 318 5103 1895 5175; baseline -0.001 -14"><span class='ocrx_word' id='word_1_403' title='bbox 318 5115 441 5161; x_wconf 87' lang='lat' dir='ltr'><strong>sunt</strong></span> <span class='ocrx_word' id='word_1_404' title='bbox 482 5107 623 5162; x_wconf 87' lang='lat' dir='ltr'><strong>enim</strong></span> <span class='ocrx_word' id='word_1_405' title='bbox 653 5105 719 5161; x_wconf 88' lang='lat' dir='ltr'><strong>ab</strong></span> <span class='ocrx_word' id='word_1_406' title='bbox 751 5105 844 5160; x_wconf 92' lang='lat' dir='ltr'><strong>illo</strong></span> <span class='ocrx_word' id='word_1_407' title='bbox 885 5105 1021 5160; x_wconf 85' lang='lat' dir='ltr'><strong>dicta</strong></span> <span class='ocrx_word' id='word_1_408' title='bbox 1059 5105 1159 5160; x_wconf 90' lang='lat' dir='ltr'><strong>tria</strong></span> <span class='ocrx_word' id='word_1_409' title='bbox 1187 5104 1488 5158; x_wconf 89' lang='lat' dir='ltr'><strong>testimonia</strong></span> <span class='ocrx_word' id='word_1_410' title='bbox 1515 5103 1666 5158; x_wconf 87' lang='lat' dir='ltr'><strong>valde</strong></span> <span class='ocrx_word' id='word_1_411' title='bbox 1706 5119 1895 5175; x_wconf 83' lang='lat' dir='ltr'><strong>magna</strong></span> 
     </span>
    </p>
   </div>
   <div class='ocr_carea' id='block_1_51' title="bbox 316 5197 1894 5271">
    <p class='ocr_par' dir='ltr' id='par_1_51' title="bbox 316 5197 1894 5271">
     <span class='ocr_line' id='line_1_51' title="bbox 316 5197 1894 5271; baseline -0.004 -12"><span class='ocrx_word' id='word_1_412' title='bbox 316 5211 499 5259; x_wconf 85' lang='lat' dir='ltr'><strong>contra</strong></span> <span class='ocrx_word' id='word_1_413' title='bbox 520 5200 819 5271; x_wconf 85' lang='lat' dir='ltr'><strong>huiusmodi</strong></span> <span class='ocrx_word' id='word_1_414' title='bbox 841 5200 1055 5270; x_wconf 87' lang='lat' dir='ltr'><strong>impiam</strong></span> <span class='ocrx_word' id='word_1_415' title='bbox 1079 5198 1566 5268; x_wconf 65' lang='lat' dir='ltr'><strong>praesumptionem,</strong></span> <span class='ocrx_word' id='word_1_416' title='bbox 1586 5197 1724 5268; x_wconf 87' lang='lat' dir='ltr'><strong>quod</strong></span> <span class='ocrx_word' id='word_1_417' title='bbox 1749 5200 1894 5269; x_wconf 82' lang='lat' dir='ltr'><strong>Apo-</strong></span> 
     </span>
    </p>
   </div>
   <div class='ocr_carea' id='block_1_52' title="bbox 317 5290 1892 5361">
    <p class='ocr_par' dir='ltr' id='par_1_52' title="bbox 317 5290 1892 5361">
     <span class='ocr_line' id='line_1_52' title="bbox 317 5290 1892 5361; baseline -0.004 -10"><span class='ocrx_word' id='word_1_418' title='bbox 317 5296 486 5352; x_wconf 86' lang='lat' dir='ltr'><strong>stolus</strong></span> <span class='ocrx_word' id='word_1_419' title='bbox 514 5295 586 5350; x_wconf 81' lang='lat' dir='ltr'><strong>ait</strong></span> <span class='ocrx_word' id='word_1_420' title='bbox 614 5312 627 5346; x_wconf 90' lang='lat'><strong>:</strong></span> <span class='ocrx_word' id='word_1_421' title='bbox 663 5293 789 5349; x_wconf 82' lang='lat' dir='ltr'><strong>Plus</strong></span> <span class='ocrx_word' id='word_1_422' title='bbox 815 5292 1044 5348; x_wconf 76' lang='lat' dir='ltr'><strong>omnibus</strong></span> <span class='ocrx_word' id='word_1_423' title='bbox 1063 5292 1165 5346; x_wconf 80' lang='lat' dir='ltr'><strong>illis</strong></span> <span class='ocrx_word' id='word_1_424' title='bbox 1193 5290 1413 5346; x_wconf 80' lang='lat' dir='ltr'><strong>laboravi</strong></span> <span class='ocrx_word' id='word_1_425' title='bbox 1435 5306 1454 5353; x_wconf 89' lang='lat'><strong><em>;</em></strong></span> <span class='ocrx_word' id='word_1_426' title='bbox 1475 5308 1573 5344; x_wconf 85' lang='lat' dir='ltr'><strong>non</strong></span> <span class='ocrx_word' id='word_1_427' title='bbox 1596 5307 1685 5361; x_wconf 81' lang='lat' dir='ltr'><strong>ego</strong></span> <span class='ocrx_word' id='word_1_428' title='bbox 1704 5299 1892 5356; x_wconf 72' lang='lat' dir='ltr'><strong>autem,</strong></span> 
     </span>
    </p>
   </div>
   <div class='ocr_carea' id='block_1_53' title="bbox 314 5381 1890 5458">
    <p class='ocr_par' dir='ltr' id='par_1_53' title="bbox 314 5381 1890 5458">
     <span class='ocr_line' id='line_1_53' title="bbox 314 5381 1890 5458; baseline -0.003 -16"><span class='ocrx_word' id='word_1_429' title='bbox 314 5389 405 5442; x_wconf 82' lang='lat' dir='ltr'><strong>sed</strong></span> <span class='ocrx_word' id='word_1_430' title='bbox 428 5387 591 5458; x_wconf 87' lang='lat' dir='ltr'><strong>gratia</strong></span> <span class='ocrx_word' id='word_1_431' title='bbox 620 5384 714 5439; x_wconf 86' lang='lat' dir='ltr'><strong>Dei</strong></span> <span class='ocrx_word' id='word_1_432' title='bbox 734 5401 924 5440; x_wconf 83' lang='lat' dir='ltr'><strong>mecum</strong></span> <span class='ocrx_word' id='word_1_433' title='bbox 945 5383 987 5458; x_wconf 85' lang='grc' dir='ltr'><strong>(Ι</strong></span> <span class='ocrx_word' id='word_1_434' title='bbox 1009 5383 1124 5441; x_wconf 84' lang='lat' dir='ltr'><strong>Cor.</strong></span> <span class='ocrx_word' id='word_1_435' title='bbox 1149 5397 1235 5449; x_wconf 85' lang='lat' dir='ltr'><strong>xv,</strong></span> <span class='ocrx_word' id='word_1_436' title='bbox 1261 5383 1348 5455; x_wconf 73' lang='grc'><strong>10)</strong></span> <span class='ocrx_word' id='word_1_437' title='bbox 1375 5400 1389 5447; x_wconf 89' lang='lat'><strong>;</strong></span> <span class='ocrx_word' id='word_1_438' title='bbox 1419 5391 1488 5446; x_wconf 84' lang='lat' dir='ltr'><strong>et,</strong></span> <span class='ocrx_word' id='word_1_439' title='bbox 1520 5381 1642 5436; x_wconf 82' lang='lat' dir='ltr'><strong>Non</strong></span> <span class='ocrx_word' id='word_1_440' title='bbox 1662 5383 1890 5451; x_wconf 78' lang='lat' dir='ltr'><strong>volentis,</strong></span> 
     </span>
    </p>
   </div>
   <div class='ocr_carea' id='block_1_54' title="bbox 314 5471 1890 5550">
    <p class='ocr_par' dir='ltr' id='par_1_54' title="bbox 314 5471 1890 5550">
     <span class='ocr_line' id='line_1_54' title="bbox 314 5471 1890 5550; baseline -0.003 -18"><span class='ocrx_word' id='word_1_441' title='bbox 314 5495 472 5550; x_wconf 86' lang='lat' dir='ltr'><strong>neque</strong></span> <span class='ocrx_word' id='word_1_442' title='bbox 495 5476 774 5543; x_wconf 81' lang='lat' dir='ltr'><strong>currentis,</strong></span> <span class='ocrx_word' id='word_1_443' title='bbox 801 5476 888 5530; x_wconf 81' lang='lat' dir='ltr'><strong>sed</strong></span> <span class='ocrx_word' id='word_1_444' title='bbox 913 5475 1187 5531; x_wconf 74' lang='lat' dir='ltr'><strong>miserantis</strong></span> <span class='ocrx_word' id='word_1_445' title='bbox 1226 5484 1296 5529; x_wconf 85' lang='lat' dir='ltr'><strong>est</strong></span> <span class='ocrx_word' id='word_1_446' title='bbox 1325 5472 1420 5528; x_wconf 87' lang='lat' dir='ltr'><strong>Dei</strong></span> <span class='ocrx_word' id='word_1_447' title='bbox 1462 5471 1632 5545; x_wconf 85' lang='lat' dir='ltr'><strong>(Rom.</strong></span> <span class='ocrx_word' id='word_1_448' title='bbox 1657 5490 1728 5534; x_wconf 79' lang='grc' dir='ltr'>ιιι,</span> <span class='ocrx_word' id='word_1_449' title='bbox 1758 5472 1845 5543; x_wconf 79' lang='grc'><strong>16)</strong></span> <span class='ocrx_word' id='word_1_450' title='bbox 1875 5490 1890 5539; x_wconf 87' lang='grc'>;</span> 
     </span>
    </p>
   </div>
   <div class='ocr_carea' id='block_1_55' title="bbox 378 5605 1894 5672">
    <p class='ocr_par' dir='ltr' id='par_1_55' title="bbox 378 5605 1894 5672">
     <span class='ocr_line' id='line_1_55' title="bbox 378 5605 1894 5672; baseline -0.002 -13"><span class='ocrx_word' id='word_1_451' title='bbox 378 5611 402 5672; x_wconf 14' lang='grc' dir='ltr'>ιθ</span> <span class='ocrx_word' id='word_1_452' title='bbox 417 5611 491 5660; x_wconf 86' lang='lat' dir='ltr'><strong>sic</strong></span> <span class='ocrx_word' id='word_1_453' title='bbox 501 5610 641 5672; x_wconf 78' lang='lat' dir='ltr'><strong>juxta</strong></span> <span class='ocrx_word' id='word_1_454' title='bbox 654 5615 732 5657; x_wconf 78' lang='lat' dir='ltr'><strong>Ms.</strong></span> <span class='ocrx_word' id='word_1_455' title='bbox 748 5606 875 5671; x_wconf 64' lang='lat' dir='ltr'><strong>Rulp.</strong></span> <span class='ocrx_word' id='word_1_456' title='bbox 889 5615 1021 5668; x_wconf 73' lang='lat' dir='ltr'><strong>Lov.,</strong></span> <span class='ocrx_word' id='word_1_457' title='bbox 1037 5612 1090 5658; x_wconf 80' lang='grc' dir='ltr'><strong>ιιι</strong></span> <span class='ocrx_word' id='word_1_458' title='bbox 1105 5607 1401 5672; x_wconf 72' lang='lat' dir='ltr'><strong>aliquantum</strong></span> <span class='ocrx_word' id='word_1_459' title='bbox 1415 5605 1574 5672; x_wconf 78' lang='lat' dir='ltr'><strong>etiam.</strong></span> <span class='ocrx_word' id='word_1_460' title='bbox 1594 5605 1894 5672; x_wconf 76' lang='lat' dir='ltr'><strong>Antiquiores</strong></span> 
     </span>
    </p>
   </div>
   <div class='ocr_carea' id='block_1_56' title="bbox 311 5665 1892 5735">
    <p class='ocr_par' dir='ltr' id='par_1_56' title="bbox 311 5665 1892 5735">
     <span class='ocr_line' id='line_1_56' title="bbox 311 5665 1892 5735; baseline -0.003 -13"><span class='ocrx_word' id='word_1_461' title='bbox 311 5671 424 5735; x_wconf 66' lang='lat' dir='ltr'><strong>add.</strong></span> <span class='ocrx_word' id='word_1_462' title='bbox 459 5665 518 5735; x_wconf 68' lang='grc' dir='ltr'><strong>εξ</strong></span> <span class='ocrx_word' id='word_1_463' title='bbox 546 5679 650 5721; x_wconf 80' lang='lat' dir='ltr'><strong>Mss.</strong></span> <span class='ocrx_word' id='word_1_464' title='bbox 674 5665 896 5735; x_wconf 78' lang='lat' dir='ltr'><strong>quatuor,</strong></span> <span class='ocrx_word' id='word_1_465' title='bbox 931 5677 984 5722; x_wconf 77' lang='lat' dir='ltr'><strong>ut</strong></span> <span class='ocrx_word' id='word_1_466' title='bbox 1009 5665 1243 5735; x_wconf 70' lang='lat' dir='ltr'><strong>quartum</strong></span> <span class='ocrx_word' id='word_1_467' title='bbox 1262 5667 1422 5721; x_wconf 77' lang='lat' dir='ltr'><strong>etimn.</strong></span> <span class='ocrx_word' id='word_1_468' title='bbox 1463 5669 1562 5731; x_wconf 73' lang='grc' dir='ltr'>[ι.ιί</span> <span class='ocrx_word' id='word_1_469' title='bbox 1599 5665 1892 5731; x_wconf 79' lang='lat' dir='ltr'><strong>aliquantum</strong></span> 
     </span>
    </p>
   </div>
   <div class='ocr_carea' id='block_1_57' title="bbox 371 5733 1415 5866">
    <p class='ocr_par' dir='ltr' id='par_1_57' title="bbox 371 5733 1415 5866">
     <span class='ocr_line' id='line_1_57' title="bbox 371 5733 1415 5866; baseline 0 0"><span class='ocrx_word' id='word_1_470' title='bbox 549 5801 647 5866; x_wconf 58' lang='grc' dir='ltr'><strong>ΑΡ·</strong></span> <span class='ocrx_word' id='word_1_471' title='bbox 673 5801 725 5844; x_wconf 60' lang='lat' dir='ltr'><strong>et</strong></span> <span class='ocrx_word' id='word_1_472' title='bbox 742 5802 874 5866; x_wconf 64' lang='lat'><strong>“33°:</strong></span> <span class='ocrx_word' id='word_1_473' title='bbox 897 5791 1228 5866; x_wconf 53' lang='lat' dir='ltr'><strong>diiiQimiic</strong></span> <span class='ocrx_word' id='word_1_474' title='bbox 1251 5806 1377 5866; x_wconf 67' lang='lat' dir='ltr'><strong>eum:</strong></span> 
     </span>
    </p>
   </div>
   <div class='ocr_carea' id='block_1_58' title="bbox 373 5853 1576 5920">
    <p class='ocr_par' dir='ltr' id='par_1_58' title="bbox 373 5853 1576 5920">
     <span class='ocr_line' id='line_1_58' title="bbox 373 5853 1576 5920; baseline -0.002 -15"><span class='ocrx_word' id='word_1_475' title='bbox 373 5856 549 5920; x_wconf 61' lang='lat' dir='ltr'><strong>una,</strong></span> <span class='ocrx_word' id='word_1_476' title='bbox 571 5853 726 5920; x_wconf 59' lang='lat' dir='ltr'><strong>nam,</strong></span> <span class='ocrx_word' id='word_1_477' title='bbox 750 5856 891 5920; x_wconf 78' lang='lat' dir='ltr'><strong>quod.</strong></span> <span class='ocrx_word' id='word_1_478' title='bbox 919 5863 973 5906; x_wconf 81' lang='lat' dir='ltr'><strong>At</strong></span> <span class='ocrx_word' id='word_1_479' title='bbox 993 5865 1121 5920; x_wconf 65' lang='lat' dir='ltr'><strong>Mss,</strong></span> <span class='ocrx_word' id='word_1_480' title='bbox 1146 5853 1415 5920; x_wconf 52' lang='lat' dir='ltr'><strong>homogu’si</strong></span> <span class='ocrx_word' id='word_1_481' title='bbox 1435 5853 1576 5917; x_wconf 76' lang='lat' dir='ltr'><strong>quod.</strong></span> 
     </span>
    </p>
   </div>
   <div class='ocr_carea' id='block_1_59' title="bbox 371 5891 1584 6045">
    <p class='ocr_par' dir='ltr' id='par_1_59' title="bbox 371 5891 1584 6045">
     <span class='ocr_line' id='line_1_59' title="bbox 371 5891 1584 6044; baseline -0.004 -75"><span class='ocrx_word' id='word_1_482' title='bbox 371 5891 1129 6044; x_wconf 52' lang='lat' dir='ltr'><strong>(uiiiifﬁif&#39;ie&#39;é&#39;t’i&#39;iiJétiiEi.</strong></span> <span class='ocrx_word' id='word_1_483' title='bbox 1146 5891 1425 5985; x_wconf 62' lang='grc' dir='ltr'><strong>ἓῗῆἷέἱῖΞῖ</strong></span> <span class='ocrx_word' id='word_1_484' title='bbox 1435 5891 1584 5980; x_wconf 65' lang='grc' dir='ltr'><strong>’ἓὲἷή</strong></span> 
     </span>
     <span class='ocr_line' id='line_1_60' title="bbox 394 5981 690 6045; baseline -0.003 -14"><span class='ocrx_word' id='word_1_485' title='bbox 394 5981 443 6045; x_wconf 86' lang='lat' dir='ltr'><strong>b)</strong></span> <span class='ocrx_word' id='word_1_486' title='bbox 466 5988 690 6031; x_wconf 80' lang='lat' dir='ltr'><strong>Joannes.</strong></span> 
     </span>
    </p>
   </div>
   <div class='ocr_carea' id='block_1_60' title="bbox 1505 480 2416 544">
    <p class='ocr_par' dir='ltr' id='par_1_60' title="bbox 1505 480 2416 544">
     <span class='ocr_line' id='line_1_61' title="bbox 1505 480 2416 544; baseline -0.012 1"><span class='ocrx_word' id='word_1_487' title='bbox 1505 482 1983 544; x_wconf 75' lang='lat' dir='ltr'><strong>EPISTOLARUM</strong></span> <span class='ocrx_word' id='word_1_488' title='bbox 2017 481 2292 540; x_wconf 78' lang='lat' dir='ltr'><strong>GLASSIS</strong></span> <span class='ocrx_word' id='word_1_489' title='bbox 2331 480 2416 538; x_wconf 84' lang='lat' dir='ltr'><strong>Ill.</strong></span> 
     </span>
    </p>
   </div>
   <div class='ocr_carea' id='block_1_61' title="bbox 3481 484 3586 544">
    <p class='ocr_par' dir='ltr' id='par_1_61' title="bbox 3481 484 3586 544">
     <span class='ocr_line' id='line_1_62' title="bbox 3481 484 3586 544; baseline 0.019 -2"><span class='ocrx_word' id='word_1_490' title='bbox 3481 484 3586 544; x_wconf 74' lang='lat'><strong>8&#39;50</strong></span> 
     </span>
    </p>
   </div>
   <div class='ocr_carea' id='block_1_62' title="bbox 2021 596 3588 669">
    <p class='ocr_par' dir='ltr' id='par_1_62' title="bbox 2021 596 3588 669">
     <span class='ocr_line' id='line_1_63' title="bbox 2021 596 3588 669; baseline 0 -15"><span class='ocrx_word' id='word_1_491' title='bbox 2021 605 2093 664; x_wconf 86' lang='lat' dir='ltr'><strong>et,</strong></span> <span class='ocrx_word' id='word_1_492' title='bbox 2128 596 2243 653; x_wconf 87' lang='lat' dir='ltr'><strong>Nisi</strong></span> <span class='ocrx_word' id='word_1_493' title='bbox 2273 596 2515 654; x_wconf 83' lang='lat' dir='ltr'><strong>Dominus</strong></span> <span class='ocrx_word' id='word_1_494' title='bbox 2552 598 2870 669; x_wconf 74' lang='lat' dir='ltr'><strong>azdiﬁcaverit</strong></span> <span class='ocrx_word' id='word_1_495' title='bbox 2899 597 3134 666; x_wconf 84' lang='lat' dir='ltr'><strong>domum,</strong></span> <span class='ocrx_word' id='word_1_496' title='bbox 3163 598 3218 655; x_wconf 85' lang='lat' dir='ltr'><strong>in</strong></span> <span class='ocrx_word' id='word_1_497' title='bbox 3241 615 3422 656; x_wconf 78' lang='lat' dir='ltr'><strong>vanum</strong></span> <span class='ocrx_word' id='word_1_498' title='bbox 3449 598 3588 655; x_wconf 80' lang='lat' dir='ltr'><strong>labo-</strong></span> 
     </span>
    </p>
   </div>
   <div class='ocr_carea' id='block_1_63' title="bbox 2016 685 3590 766">
    <p class='ocr_par' dir='ltr' id='par_1_63' title="bbox 2016 685 3590 766">
     <span class='ocr_line' id='line_1_64' title="bbox 2016 685 3590 766; baseline 0.003 -22"><span class='ocrx_word' id='word_1_499' title='bbox 2016 700 2248 750; x_wconf 74' lang='lat' dir='ltr'><strong>raverunt</strong></span> <span class='ocrx_word' id='word_1_500' title='bbox 2290 692 2594 762; x_wconf 70' lang='lat' dir='ltr'><strong>aediﬁcantes</strong></span> <span class='ocrx_word' id='word_1_501' title='bbox 2632 710 2741 747; x_wconf 83' lang='lat' dir='ltr'><strong>eam</strong></span> <span class='ocrx_word' id='word_1_502' title='bbox 2781 685 3273 766; x_wconf 72' lang='lat' dir='ltr'><strong>(Psal.cxxv1,l).</strong></span> <span class='ocrx_word' id='word_1_503' title='bbox 3313 691 3590 761; x_wconf 84' lang='lat' dir='ltr'><strong>Quomodo</strong></span> 
     </span>
    </p>
   </div>
   <div class='ocr_carea' id='block_1_64' title="bbox 2018 785 3592 860">
    <p class='ocr_par' dir='ltr' id='par_1_64' title="bbox 2018 785 3592 860">
     <span class='ocr_line' id='line_1_65' title="bbox 2018 785 3592 860; baseline 0.002 -21"><span class='ocrx_word' id='word_1_504' title='bbox 2018 799 2144 856; x_wconf 84' lang='lat' dir='ltr'><strong>ergo</strong></span> <span class='ocrx_word' id='word_1_505' title='bbox 2163 785 2301 855; x_wconf 93' lang='lat' dir='ltr'><strong>quod</strong></span> <span class='ocrx_word' id='word_1_506' title='bbox 2321 785 2459 840; x_wconf 91' lang='lat' dir='ltr'><strong>Deus</strong></span> <span class='ocrx_word' id='word_1_507' title='bbox 2476 786 2644 855; x_wconf 84' lang='lat' dir='ltr'><strong>iubet,</strong></span> <span class='ocrx_word' id='word_1_508' title='bbox 2667 787 2782 842; x_wconf 89' lang='lat' dir='ltr'><strong>sine</strong></span> <span class='ocrx_word' id='word_1_509' title='bbox 2805 786 3067 856; x_wconf 90' lang='lat' dir='ltr'><strong>adiutorio</strong></span> <span class='ocrx_word' id='word_1_510' title='bbox 3087 787 3254 860; x_wconf 77' lang='lat' dir='ltr'><strong>ipsius</strong></span> <span class='ocrx_word' id='word_1_511' title='bbox 3271 786 3352 842; x_wconf 88' lang='lat' dir='ltr'><strong>vel</strong></span> <span class='ocrx_word' id='word_1_512' title='bbox 3376 785 3592 843; x_wconf 72' lang='lat' dir='ltr'><strong>dimcile</strong></span> 
     </span>
    </p>
   </div>
   <div class='ocr_carea' id='block_1_65' title="bbox 2018 874 3588 944">
    <p class='ocr_par' dir='ltr' id='par_1_65' title="bbox 2018 874 3588 944">
     <span class='ocr_line' id='line_1_66' title="bbox 2018 874 3588 944; baseline 0.002 -15"><span class='ocrx_word' id='word_1_513' title='bbox 2018 874 2300 944; x_wconf 87' lang='lat' dir='ltr'><strong>impletur,</strong></span> <span class='ocrx_word' id='word_1_514' title='bbox 2335 892 2454 930; x_wconf 89' lang='lat' dir='ltr'><strong>cum</strong></span> <span class='ocrx_word' id='word_1_515' title='bbox 2496 877 2538 930; x_wconf 91' lang='lat' dir='ltr'><strong>si</strong></span> <span class='ocrx_word' id='word_1_516' title='bbox 2579 877 2831 932; x_wconf 87' lang='lat' dir='ltr'><strong>Dominus</strong></span> <span class='ocrx_word' id='word_1_517' title='bbox 2870 892 2973 931; x_wconf 91' lang='lat' dir='ltr'><strong>non</strong></span> <span class='ocrx_word' id='word_1_518' title='bbox 3015 876 3271 944; x_wconf 62' lang='lat' dir='ltr'><strong>aedificet,</strong></span> <span class='ocrx_word' id='word_1_519' title='bbox 3305 877 3358 932; x_wconf 89' lang='lat' dir='ltr'><strong>in</strong></span> <span class='ocrx_word' id='word_1_520' title='bbox 3399 893 3588 932; x_wconf 90' lang='lat' dir='ltr'><strong>vanum</strong></span> 
     </span>
    </p>
   </div>
   <div class='ocr_carea' id='block_1_66' title="bbox 2019 965 3592 1040">
    <p class='ocr_par' dir='ltr' id='par_1_66' title="bbox 2019 965 3592 1040">
     <span class='ocr_line' id='line_1_67' title="bbox 2019 965 3592 1040; baseline 0.003 -19"><span class='ocrx_word' id='word_1_521' title='bbox 2019 965 2288 1022; x_wconf 82' lang='lat' dir='ltr'><strong>aedificans</strong></span> <span class='ocrx_word' id='word_1_522' title='bbox 2314 967 2583 1024; x_wconf 90' lang='lat' dir='ltr'><strong>laborasse</strong></span> <span class='ocrx_word' id='word_1_523' title='bbox 2607 968 2848 1036; x_wconf 88' lang='lat' dir='ltr'><strong>dicatur;</strong></span> <span class='ocrx_word' id='word_1_524' title='bbox 2883 984 3055 1040; x_wconf 89' lang='lat' dir='ltr'><strong>neque</strong></span> <span class='ocrx_word' id='word_1_525' title='bbox 3091 969 3342 1040; x_wconf 89' lang='lat' dir='ltr'><strong>scriptum</strong></span> <span class='ocrx_word' id='word_1_526' title='bbox 3369 968 3436 1024; x_wconf 90' lang='lat' dir='ltr'><strong>sit</strong></span> <span class='ocrx_word' id='word_1_527' title='bbox 3461 1011 3475 1035; x_wconf 93' lang='lat'><strong>,</strong></span> <span class='ocrx_word' id='word_1_528' title='bbox 3500 969 3592 1025; x_wconf 86' lang='lat' dir='ltr'><strong>Est</strong></span> 
     </span>
    </p>
   </div>
   <div class='ocr_carea' id='block_1_67' title="bbox 2020 1060 3593 1132">
    <p class='ocr_par' dir='ltr' id='par_1_67' title="bbox 2020 1060 3593 1132">
     <span class='ocr_line' id='line_1_68' title="bbox 2020 1060 3593 1132; baseline 0.001 -18"><span class='ocrx_word' id='word_1_529' title='bbox 2020 1060 2233 1130; x_wconf 88' lang='lat' dir='ltr'><strong>quidem</strong></span> <span class='ocrx_word' id='word_1_530' title='bbox 2256 1061 2497 1124; x_wconf 88' lang='lat' dir='ltr'><strong>volentis,</strong></span> <span class='ocrx_word' id='word_1_531' title='bbox 2523 1069 2679 1132; x_wconf 88' lang='lat' dir='ltr'><strong>atque</strong></span> <span class='ocrx_word' id='word_1_532' title='bbox 2703 1061 2985 1128; x_wconf 90' lang='lat' dir='ltr'><strong>currentis,</strong></span> <span class='ocrx_word' id='word_1_533' title='bbox 3011 1061 3211 1115; x_wconf 87' lang='lat' dir='ltr'><strong>facilius</strong></span> <span class='ocrx_word' id='word_1_534' title='bbox 3238 1069 3412 1116; x_wconf 87' lang='lat' dir='ltr'><strong>autem</strong></span> <span class='ocrx_word' id='word_1_535' title='bbox 3437 1062 3593 1116; x_wconf 88' lang='lat' dir='ltr'><strong>mise-</strong></span> 
     </span>
    </p>
   </div>
   <div class='ocr_carea' id='block_1_68' title="bbox 2018 1150 3594 1223">
    <p class='ocr_par' dir='ltr' id='par_1_68' title="bbox 2018 1150 3594 1223">
     <span class='ocr_line' id='line_1_69' title="bbox 2018 1150 3594 1223; baseline 0.001 -18"><span class='ocrx_word' id='word_1_536' title='bbox 2018 1152 2185 1208; x_wconf 88' lang='lat' dir='ltr'><strong>rentis</strong></span> <span class='ocrx_word' id='word_1_537' title='bbox 2219 1161 2300 1207; x_wconf 87' lang='lat' dir='ltr'><strong>est</strong></span> <span class='ocrx_word' id='word_1_538' title='bbox 2340 1151 2465 1214; x_wconf 90' lang='lat' dir='ltr'><strong>Dei,</strong></span> <span class='ocrx_word' id='word_1_539' title='bbox 2499 1152 2590 1207; x_wconf 89' lang='lat' dir='ltr'><strong>sed</strong></span> <span class='ocrx_word' id='word_1_540' title='bbox 2621 1153 2872 1223; x_wconf 90' lang='lat' dir='ltr'><strong>scriptum</strong></span> <span class='ocrx_word' id='word_1_541' title='bbox 2902 1153 3007 1218; x_wconf 88' lang='lat' dir='ltr'><strong>sit,</strong></span> <span class='ocrx_word' id='word_1_542' title='bbox 3044 1150 3162 1207; x_wconf 88' lang='lat' dir='ltr'><strong>Non</strong></span> <span class='ocrx_word' id='word_1_543' title='bbox 3187 1151 3415 1219; x_wconf 81' lang='lat' dir='ltr'><strong>volentis,</strong></span> <span class='ocrx_word' id='word_1_544' title='bbox 3439 1169 3594 1222; x_wconf 83' lang='lat' dir='ltr'><strong>neque</strong></span> 
     </span>
    </p>
   </div>
   <div class='ocr_carea' id='block_1_69' title="bbox 2019 1242 3595 1315">
    <p class='ocr_par' dir='ltr' id='par_1_69' title="bbox 2019 1242 3595 1315">
     <span class='ocr_line' id='line_1_70' title="bbox 2019 1242 3595 1315; baseline 0.001 -18"><span class='ocrx_word' id='word_1_545' title='bbox 2019 1245 2293 1309; x_wconf 81' lang='lat' dir='ltr'><strong>currentis,</strong></span> <span class='ocrx_word' id='word_1_546' title='bbox 2324 1242 2409 1298; x_wconf 82' lang='lat' dir='ltr'><strong>sed</strong></span> <span class='ocrx_word' id='word_1_547' title='bbox 2456 1245 2730 1299; x_wconf 87' lang='lat' dir='ltr'><strong>miserentis</strong></span> <span class='ocrx_word' id='word_1_548' title='bbox 2768 1253 2838 1300; x_wconf 85' lang='lat' dir='ltr'><strong>cst</strong></span> <span class='ocrx_word' id='word_1_549' title='bbox 2884 1243 3012 1310; x_wconf 84' lang='lat' dir='ltr'><strong>Dei;</strong></span> <span class='ocrx_word' id='word_1_550' title='bbox 3040 1261 3144 1299; x_wconf 90' lang='lat' dir='ltr'><strong>non</strong></span> <span class='ocrx_word' id='word_1_551' title='bbox 3176 1245 3294 1315; x_wconf 88' lang='lat' dir='ltr'><strong>quia</strong></span> <span class='ocrx_word' id='word_1_552' title='bbox 3331 1245 3472 1299; x_wconf 89' lang='lat' dir='ltr'><strong>nulla</strong></span> <span class='ocrx_word' id='word_1_553' title='bbox 3517 1253 3595 1300; x_wconf 88' lang='lat' dir='ltr'><strong>cst</strong></span> 
     </span>
    </p>
   </div>
   <div class='ocr_carea' id='block_1_70' title="bbox 2021 1337 3594 1409">
    <p class='ocr_par' dir='ltr' id='par_1_70' title="bbox 2021 1337 3594 1409">
     <span class='ocr_line' id='line_1_71' title="bbox 2021 1337 3594 1409; baseline 0 -19"><span class='ocrx_word' id='word_1_554' title='bbox 2021 1337 2252 1392; x_wconf 90' lang='lat' dir='ltr'><strong>hominis</strong></span> <span class='ocrx_word' id='word_1_555' title='bbox 2294 1337 2540 1392; x_wconf 84' lang='lat' dir='ltr'><strong>voluntas</strong></span> <span class='ocrx_word' id='word_1_556' title='bbox 2565 1346 2724 1408; x_wconf 86' lang='lat' dir='ltr'><strong>atque</strong></span> <span class='ocrx_word' id='word_1_557' title='bbox 2751 1351 2936 1392; x_wconf 87' lang='lat' dir='ltr'><strong>cursus</strong></span> <span class='ocrx_word' id='word_1_558' title='bbox 2965 1339 2982 1370; x_wconf 83' lang='grc'>¹</span> <span class='ocrx_word' id='word_1_559' title='bbox 3003 1380 3018 1406; x_wconf 94' lang='grc'><strong>,</strong></span> <span class='ocrx_word' id='word_1_560' title='bbox 3050 1337 3143 1392; x_wconf 90' lang='lat' dir='ltr'><strong>sed</strong></span> <span class='ocrx_word' id='word_1_561' title='bbox 3169 1337 3289 1409; x_wconf 84' lang='lat' dir='ltr'><strong>quia</strong></span> <span class='ocrx_word' id='word_1_562' title='bbox 3330 1337 3455 1391; x_wconf 86' lang='lat' dir='ltr'><strong>nihil</strong></span> <span class='ocrx_word' id='word_1_563' title='bbox 3497 1352 3594 1408; x_wconf 85' lang='lat' dir='ltr'><strong>po-</strong></span> 
     </span>
    </p>
   </div>
   <div class='ocr_carea' id='block_1_71' title="bbox 2021 1424 3598 1498">
    <p class='ocr_par' dir='ltr' id='par_1_71' title="bbox 2021 1424 3598 1498">
     <span class='ocr_line' id='line_1_72' title="bbox 2021 1424 3598 1498; baseline 0 -14"><span class='ocrx_word' id='word_1_564' title='bbox 2021 1437 2156 1495; x_wconf 89' lang='lat' dir='ltr'><strong>test,</strong></span> <span class='ocrx_word' id='word_1_565' title='bbox 2188 1431 2283 1483; x_wconf 90' lang='lat' dir='ltr'><strong>nisi</strong></span> <span class='ocrx_word' id='word_1_566' title='bbox 2315 1429 2400 1483; x_wconf 92' lang='lat' dir='ltr'><strong>ille</strong></span> <span class='ocrx_word' id='word_1_567' title='bbox 2441 1429 2786 1484; x_wconf 85' lang='lat' dir='ltr'><strong>misereatur:</strong></span> <span class='ocrx_word' id='word_1_568' title='bbox 2820 1444 2915 1484; x_wconf 89' lang='lat' dir='ltr'><strong>nec</strong></span> <span class='ocrx_word' id='word_1_569' title='bbox 2955 1428 3238 1498; x_wconf 85' lang='lat' dir='ltr'><strong>Apostolus</strong></span> <span class='ocrx_word' id='word_1_570' title='bbox 3271 1427 3497 1495; x_wconf 88' lang='lat' dir='ltr'><strong>dixerit,</strong></span> <span class='ocrx_word' id='word_1_571' title='bbox 3533 1424 3598 1484; x_wconf 79' lang='lat' dir='ltr'><strong>Et</strong></span> 
     </span>
    </p>
   </div>
   <div class='ocr_carea' id='block_1_72' title="bbox 2021 1522 3597 1596">
    <p class='ocr_par' dir='ltr' id='par_1_72' title="bbox 2021 1522 3597 1596">
     <span class='ocr_line' id='line_1_73' title="bbox 2021 1522 3597 1596; baseline -0.001 -18"><span class='ocrx_word' id='word_1_572' title='bbox 2021 1539 2140 1596; x_wconf 77' lang='lat' dir='ltr'><strong>ego,</strong></span> <span class='ocrx_word' id='word_1_573' title='bbox 2165 1524 2256 1580; x_wconf 88' lang='lat' dir='ltr'><strong>sed</strong></span> <span class='ocrx_word' id='word_1_574' title='bbox 2277 1523 2490 1590; x_wconf 81' lang='lat' dir='ltr'><strong>dixerit,</strong></span> <span class='ocrx_word' id='word_1_575' title='bbox 2520 1522 2640 1578; x_wconf 90' lang='lat' dir='ltr'><strong>Non</strong></span> <span class='ocrx_word' id='word_1_576' title='bbox 2657 1540 2745 1595; x_wconf 85' lang='lat' dir='ltr'><strong>ego</strong></span> <span class='ocrx_word' id='word_1_577' title='bbox 2765 1533 2950 1592; x_wconf 88' lang='lat' dir='ltr'><strong>autem,</strong></span> <span class='ocrx_word' id='word_1_578' title='bbox 2972 1524 3060 1578; x_wconf 84' lang='lat' dir='ltr'><strong>sed</strong></span> <span class='ocrx_word' id='word_1_579' title='bbox 3081 1525 3244 1596; x_wconf 87' lang='lat' dir='ltr'><strong>gratia</strong></span> <span class='ocrx_word' id='word_1_580' title='bbox 3259 1523 3349 1578; x_wconf 83' lang='lat' dir='ltr'><strong>Dei</strong></span> <span class='ocrx_word' id='word_1_581' title='bbox 3370 1537 3597 1586; x_wconf 70' lang='lat' dir='ltr'><strong>inerunt:</strong></span> 
     </span>
    </p>
   </div>
   <div class='ocr_carea' id='block_1_73' title="bbox 2019 1618 3593 1690">
    <p class='ocr_par' dir='ltr' id='par_1_73' title="bbox 2019 1618 3593 1690">
     <span class='ocr_line' id='line_1_74' title="bbox 2019 1618 3593 1690; baseline -0.002 -16"><span class='ocrx_word' id='word_1_582' title='bbox 2019 1634 2126 1674; x_wconf 91' lang='lat' dir='ltr'><strong>non</strong></span> <span class='ocrx_word' id='word_1_583' title='bbox 2154 1621 2275 1690; x_wconf 90' lang='lat' dir='ltr'><strong>quia</strong></span> <span class='ocrx_word' id='word_1_584' title='bbox 2301 1621 2414 1690; x_wconf 89' lang='lat' dir='ltr'><strong>ipse</strong></span> <span class='ocrx_word' id='word_1_585' title='bbox 2442 1619 2570 1675; x_wconf 87' lang='lat' dir='ltr'><strong>nihil</strong></span> <span class='ocrx_word' id='word_1_586' title='bbox 2593 1619 2714 1674; x_wconf 91' lang='lat' dir='ltr'><strong>boni</strong></span> <span class='ocrx_word' id='word_1_587' title='bbox 2743 1619 2950 1690; x_wconf 78' lang='lat' dir='ltr'><strong>agebat,</strong></span> <span class='ocrx_word' id='word_1_588' title='bbox 2981 1619 3074 1673; x_wconf 87' lang='lat' dir='ltr'><strong>sed</strong></span> <span class='ocrx_word' id='word_1_589' title='bbox 3100 1619 3220 1689; x_wconf 90' lang='lat' dir='ltr'><strong>quia</strong></span> <span class='ocrx_word' id='word_1_590' title='bbox 3243 1618 3372 1674; x_wconf 89' lang='lat' dir='ltr'><strong>nihil</strong></span> <span class='ocrx_word' id='word_1_591' title='bbox 3395 1627 3593 1689; x_wconf 82' lang='lat' dir='ltr'><strong>ageret,</strong></span> 
     </span>
    </p>
   </div>
   <div class='ocr_carea' id='block_1_74' title="bbox 2018 1710 3595 1783">
    <p class='ocr_par' dir='ltr' id='par_1_74' title="bbox 2018 1710 3595 1783">
     <span class='ocr_line' id='line_1_75' title="bbox 2018 1710 3595 1783; baseline -0.003 -15"><span class='ocrx_word' id='word_1_592' title='bbox 2018 1713 2061 1768; x_wconf 90' lang='lat' dir='ltr'><strong>si</strong></span> <span class='ocrx_word' id='word_1_593' title='bbox 2094 1713 2179 1768; x_wconf 89' lang='lat' dir='ltr'><strong>illa</strong></span> <span class='ocrx_word' id='word_1_594' title='bbox 2217 1729 2319 1767; x_wconf 92' lang='lat' dir='ltr'><strong>non</strong></span> <span class='ocrx_word' id='word_1_595' title='bbox 2351 1713 2664 1783; x_wconf 84' lang='lat' dir='ltr'><strong>adiuvaret?</strong></span> <span class='ocrx_word' id='word_1_596' title='bbox 2702 1711 3015 1782; x_wconf 85' lang='lat' dir='ltr'><strong>Quanquam</strong></span> <span class='ocrx_word' id='word_1_597' title='bbox 3057 1711 3142 1766; x_wconf 86' lang='lat' dir='ltr'><strong>illa</strong></span> <span class='ocrx_word' id='word_1_598' title='bbox 3181 1710 3500 1782; x_wconf 86' lang='lat' dir='ltr'><strong>possibilitas</strong></span> <span class='ocrx_word' id='word_1_599' title='bbox 3527 1710 3595 1764; x_wconf 81' lang='lat' dir='ltr'><strong>li-</strong></span> 
     </span>
    </p>
   </div>
   <div class='ocr_carea' id='block_1_75' title="bbox 2020 1803 3594 1875">
    <p class='ocr_par' dir='ltr' id='par_1_75' title="bbox 2020 1803 3594 1875">
     <span class='ocr_line' id='line_1_76' title="bbox 2020 1803 3594 1875; baseline -0.003 -15"><span class='ocrx_word' id='word_1_600' title='bbox 2020 1806 2133 1861; x_wconf 90' lang='lat' dir='ltr'><strong>beri</strong></span> <span class='ocrx_word' id='word_1_601' title='bbox 2176 1807 2378 1860; x_wconf 88' lang='lat' dir='ltr'><strong>arbitrii</strong></span> <span class='ocrx_word' id='word_1_602' title='bbox 2417 1815 2520 1860; x_wconf 88' lang='lat' dir='ltr'><strong>tam</strong></span> <span class='ocrx_word' id='word_1_603' title='bbox 2553 1806 2604 1860; x_wconf 93' lang='lat' dir='ltr'><strong>in</strong></span> <span class='ocrx_word' id='word_1_604' title='bbox 2632 1805 2825 1859; x_wconf 90' lang='lat' dir='ltr'><strong>bonum</strong></span> <span class='ocrx_word' id='word_1_605' title='bbox 2867 1819 3024 1875; x_wconf 88' lang='lat' dir='ltr'><strong>quam</strong></span> <span class='ocrx_word' id='word_1_606' title='bbox 3053 1804 3103 1858; x_wconf 89' lang='lat' dir='ltr'><strong>in</strong></span> <span class='ocrx_word' id='word_1_607' title='bbox 3133 1803 3329 1857; x_wconf 90' lang='lat' dir='ltr'><strong>malum</strong></span> <span class='ocrx_word' id='word_1_608' title='bbox 3357 1818 3424 1858; x_wconf 84' lang='lat' dir='ltr'><strong>ex</strong></span> <span class='ocrx_word' id='word_1_609' title='bbox 3447 1815 3594 1872; x_wconf 74' lang='lat' dir='ltr'><strong>tequa</strong></span> 
     </span>
    </p>
   </div>
   <div class='ocr_carea' id='block_1_76' title="bbox 2019 1895 3631 1970">
    <p class='ocr_par' dir='ltr' id='par_1_76' title="bbox 2019 1895 3631 1970">
     <span class='ocr_line' id='line_1_77' title="bbox 2019 1895 3631 1970; baseline -0.002 -17"><span class='ocrx_word' id='word_1_610' title='bbox 2019 1898 2185 1954; x_wconf 81' lang='lat' dir='ltr'><strong>lancis</strong></span> <span class='ocrx_word' id='word_1_611' title='bbox 2211 1901 2566 1970; x_wconf 83' lang='lat' dir='ltr'><strong>perpensione</strong></span> <span class='ocrx_word' id='word_1_612' title='bbox 2597 1914 2693 1954; x_wconf 88' lang='lat' dir='ltr'><strong>nec</strong></span> <span class='ocrx_word' id='word_1_613' title='bbox 2725 1898 2848 1955; x_wconf 88' lang='lat' dir='ltr'><strong>huic</strong></span> <span class='ocrx_word' id='word_1_614' title='bbox 2877 1897 3110 1956; x_wconf 74' lang='lat' dir='ltr'><strong>facilitati</strong></span> <span class='ocrx_word' id='word_1_615' title='bbox 3136 1899 3306 1954; x_wconf 88' lang='lat' dir='ltr'><strong>locum</strong></span> <span class='ocrx_word' id='word_1_616' title='bbox 3326 1895 3595 1966; x_wconf 86' lang='lat' dir='ltr'><strong>relinquit,</strong></span> <span class='ocrx_word' id='word_1_617' title='bbox 3629 1957 3631 1960; x_wconf 30' lang='grc' dir='ltr'><strong>η</strong></span> 
     </span>
    </p>
   </div>
   <div class='ocr_carea' id='block_1_77' title="bbox 2019 1975 3596 2063">
    <p class='ocr_par' dir='ltr' id='par_1_77' title="bbox 2019 1975 3596 2063">
     <span class='ocr_line' id='line_1_78' title="bbox 2019 1975 3596 2063; baseline -0.001 -16"><span class='ocrx_word' id='word_1_618' title='bbox 2019 2009 2176 2063; x_wconf 87' lang='lat' dir='ltr'><strong>quam</strong></span> <span class='ocrx_word' id='word_1_619' title='bbox 2204 1995 2390 2048; x_wconf 85' lang='lat' dir='ltr'><strong>saltem</strong></span> <span class='ocrx_word' id='word_1_620' title='bbox 2417 1992 2624 2048; x_wconf 89' lang='lat' dir='ltr'><strong>videtur</strong></span> <span class='ocrx_word' id='word_1_621' title='bbox 2649 2007 2770 2048; x_wconf 88' lang='lat' dir='ltr'><strong>esse</strong></span> <span class='ocrx_word' id='word_1_622' title='bbox 2796 1992 3068 2048; x_wconf 89' lang='lat' dir='ltr'><strong>confessus</strong></span> <span class='ocrx_word' id='word_1_623' title='bbox 3096 1990 3339 2057; x_wconf 90' lang='lat' dir='ltr'><strong>dicendo,</strong></span> <span class='ocrx_word' id='word_1_624' title='bbox 3369 1975 3596 2046; x_wconf 73' lang='lat' dir='ltr'><strong>Facilius</strong></span> 
     </span>
    </p>
   </div>
   <div class='ocr_carea' id='block_1_78' title="bbox 2019 2082 3597 2157">
    <p class='ocr_par' dir='ltr' id='par_1_78' title="bbox 2019 2082 3597 2157">
     <span class='ocr_line' id='line_1_79' title="bbox 2019 2082 3597 2157; baseline -0.001 -21"><span class='ocrx_word' id='word_1_625' title='bbox 2019 2093 2224 2154; x_wconf 83' lang='lat' dir='ltr'><strong>possunt</strong></span> <span class='ocrx_word' id='word_1_626' title='bbox 2253 2085 2461 2156; x_wconf 83' lang='lat' dir='ltr'><strong>implere</strong></span> <span class='ocrx_word' id='word_1_627' title='bbox 2485 2102 2573 2155; x_wconf 82' lang='lat' dir='ltr'><strong>per</strong></span> <span class='ocrx_word' id='word_1_628' title='bbox 2601 2085 2814 2157; x_wconf 86' lang='lat' dir='ltr'><strong>gratiam</strong></span> <span class='ocrx_word' id='word_1_629' title='bbox 2831 2126 2846 2151; x_wconf 92' lang='lat'><strong>,</strong></span> <span class='ocrx_word' id='word_1_630' title='bbox 2878 2082 3077 2154; x_wconf 84' lang='lat' dir='ltr'><strong>facilius</strong></span> <span class='ocrx_word' id='word_1_631' title='bbox 3105 2083 3340 2153; x_wconf 86' lang='lat' dir='ltr'><strong>impletur</strong></span> <span class='ocrx_word' id='word_1_632' title='bbox 3367 2099 3454 2153; x_wconf 83' lang='lat' dir='ltr'><strong>per</strong></span> <span class='ocrx_word' id='word_1_633' title='bbox 3477 2098 3597 2154; x_wconf 88' lang='lat' dir='ltr'><strong>gra-</strong></span> 
     </span>
    </p>
   </div>
   <div class='ocr_carea' id='block_1_79' title="bbox 2019 2173 3598 2248">
    <p class='ocr_par' dir='ltr' id='par_1_79' title="bbox 2019 2173 3598 2248">
     <span class='ocr_line' id='line_1_80' title="bbox 2019 2173 3598 2248; baseline -0.001 -19"><span class='ocrx_word' id='word_1_634' title='bbox 2019 2177 2140 2230; x_wconf 83' lang='lat' dir='ltr'><strong>tiam</strong></span> <span class='ocrx_word' id='word_1_635' title='bbox 2167 2176 2346 2230; x_wconf 86' lang='lat' dir='ltr'><strong>bouum</strong></span> <span class='ocrx_word' id='word_1_636' title='bbox 2373 2178 2395 2208; x_wconf 81' lang='grc'>¹</span> <span class='ocrx_word' id='word_1_637' title='bbox 2420 2219 2434 2241; x_wconf 86' lang='grc'><strong>,</strong></span> <span class='ocrx_word' id='word_1_638' title='bbox 2467 2177 2704 2248; x_wconf 81' lang='lat' dir='ltr'><strong>facillime</strong></span> <span class='ocrx_word' id='word_1_639' title='bbox 2743 2185 2908 2232; x_wconf 83' lang='lat' dir='ltr'><strong>autem</strong></span> <span class='ocrx_word' id='word_1_640' title='bbox 2934 2177 3040 2230; x_wconf 88' lang='lat' dir='ltr'><strong>sine</strong></span> <span class='ocrx_word' id='word_1_641' title='bbox 3072 2176 3236 2246; x_wconf 85' lang='lat' dir='ltr'><strong>gratia</strong></span> <span class='ocrx_word' id='word_1_642' title='bbox 3269 2175 3327 2243; x_wconf 78' lang='lat' dir='ltr'><strong>ﬁt</strong></span> <span class='ocrx_word' id='word_1_643' title='bbox 3365 2173 3552 2226; x_wconf 85' lang='lat' dir='ltr'><strong>malum</strong></span> <span class='ocrx_word' id='word_1_644' title='bbox 3578 2187 3598 2227; x_wconf 90' lang='lat'><strong><em>:</em></strong></span> 
     </span>
    </p>
   </div>
   <div class='ocr_carea' id='block_1_80' title="bbox 2018 2263 3593 2338">
    <p class='ocr_par' dir='ltr' id='par_1_80' title="bbox 2018 2263 3593 2338">
     <span class='ocr_line' id='line_1_81' title="bbox 2018 2263 3593 2338; baseline -0.006 -13"><span class='ocrx_word' id='word_1_645' title='bbox 2018 2268 2254 2338; x_wconf 81' lang='lat' dir='ltr'><strong>profecto</strong></span> <span class='ocrx_word' id='word_1_646' title='bbox 2284 2271 2378 2324; x_wconf 87' lang='lat' dir='ltr'><strong>ista</strong></span> <span class='ocrx_word' id='word_1_647' title='bbox 2413 2269 2731 2338; x_wconf 85' lang='lat' dir='ltr'><strong>possibilitas</strong></span> <span class='ocrx_word' id='word_1_648' title='bbox 2756 2283 2862 2322; x_wconf 91' lang='lat' dir='ltr'><strong>non</strong></span> <span class='ocrx_word' id='word_1_649' title='bbox 2887 2282 3035 2336; x_wconf 83' lang='lat' dir='ltr'><strong>aequa</strong></span> <span class='ocrx_word' id='word_1_650' title='bbox 3057 2266 3208 2320; x_wconf 87' lang='lat' dir='ltr'><strong>lance</strong></span> <span class='ocrx_word' id='word_1_651' title='bbox 3235 2263 3593 2334; x_wconf 76' lang='lat' dir='ltr'><strong>perpenditur.</strong></span> 
     </span>
    </p>
   </div>
   <div class='ocr_carea' id='block_1_81' title="bbox 2087 2351 3597 2428">
    <p class='ocr_par' dir='ltr' id='par_1_81' title="bbox 2087 2351 3597 2428">
     <span class='ocr_line' id='line_1_82' title="bbox 2087 2351 3597 2428; baseline -0.005 -13"><span class='ocrx_word' id='word_1_652' title='bbox 2087 2360 2310 2418; x_wconf 70' lang='lat' dir='ltr'><strong>CAPUT</strong></span> <span class='ocrx_word' id='word_1_653' title='bbox 2339 2361 2432 2416; x_wconf 78' lang='lat' dir='ltr'><strong>XI.</strong></span> <span class='ocrx_word' id='word_1_654' title='bbox 2463 2391 2532 2400; x_wconf 89' lang='lat'><strong><em>—</em></strong></span> <span class='ocrx_word' id='word_1_655' title='bbox 2560 2362 2645 2414; x_wconf 84' lang='grc'><strong>57.</strong></span> <span class='ocrx_word' id='word_1_656' title='bbox 2678 2359 2780 2414; x_wconf 85' lang='lat' dir='ltr'><strong>Sed</strong></span> <span class='ocrx_word' id='word_1_657' title='bbox 2811 2358 2936 2428; x_wconf 89' lang='lat' dir='ltr'><strong>quid</strong></span> <span class='ocrx_word' id='word_1_658' title='bbox 2969 2357 3158 2426; x_wconf 86' lang='lat' dir='ltr'><strong>plura?</strong></span> <span class='ocrx_word' id='word_1_659' title='bbox 3195 2355 3309 2409; x_wconf 89' lang='lat' dir='ltr'><strong>Non</strong></span> <span class='ocrx_word' id='word_1_660' title='bbox 3336 2353 3505 2408; x_wconf 84' lang='lat' dir='ltr'><strong>solum</strong></span> <span class='ocrx_word' id='word_1_661' title='bbox 3531 2351 3597 2408; x_wconf 89' lang='lat' dir='ltr'><strong>ad</strong></span> 
     </span>
    </p>
   </div>
   <div class='ocr_carea' id='block_1_82' title="bbox 2016 2441 3598 2514">
    <p class='ocr_par' dir='ltr' id='par_1_82' title="bbox 2016 2441 3598 2514">
     <span class='ocr_line' id='line_1_83' title="bbox 2016 2441 3598 2514; baseline -0.005 -8"><span class='ocrx_word' id='word_1_662' title='bbox 2016 2453 2147 2508; x_wconf 90' lang='lat' dir='ltr'><strong>istos</strong></span> <span class='ocrx_word' id='word_1_663' title='bbox 2172 2452 2413 2510; x_wconf 88' lang='lat' dir='ltr'><strong>vitandos</strong></span> <span class='ocrx_word' id='word_1_664' title='bbox 2456 2451 2594 2506; x_wconf 87' lang='lat' dir='ltr'><strong>cauti</strong></span> <span class='ocrx_word' id='word_1_665' title='bbox 2633 2467 2751 2506; x_wconf 74' lang='lat' dir='ltr'><strong>esse</strong></span> <span class='ocrx_word' id='word_1_666' title='bbox 2785 2450 3078 2514; x_wconf 88' lang='lat' dir='ltr'><strong>debemus,</strong></span> <span class='ocrx_word' id='word_1_667' title='bbox 3104 2463 3286 2502; x_wconf 90' lang='lat' dir='ltr'><strong>verum</strong></span> <span class='ocrx_word' id='word_1_668' title='bbox 3329 2447 3488 2502; x_wconf 90' lang='lat' dir='ltr'><strong>etiam</strong></span> <span class='ocrx_word' id='word_1_669' title='bbox 3532 2441 3598 2498; x_wconf 92' lang='lat' dir='ltr'><strong>ad</strong></span> 
     </span>
    </p>
   </div>
   <div class='ocr_carea' id='block_1_83' title="bbox 2016 2541 3598 2613">
    <p class='ocr_par' dir='ltr' id='par_1_83' title="bbox 2016 2541 3598 2613">
     <span class='ocr_line' id='line_1_84' title="bbox 2016 2541 3598 2613; baseline -0.005 -13"><span class='ocrx_word' id='word_1_670' title='bbox 2016 2546 2286 2602; x_wconf 85' lang='lat' dir='ltr'><strong>docendos</strong></span> <span class='ocrx_word' id='word_1_671' title='bbox 2313 2546 2398 2600; x_wconf 88' lang='lat' dir='ltr'><strong>vel</strong></span> <span class='ocrx_word' id='word_1_672' title='bbox 2427 2545 2738 2610; x_wconf 86' lang='lat' dir='ltr'><strong>monendos,</strong></span> <span class='ocrx_word' id='word_1_673' title='bbox 2773 2544 2818 2599; x_wconf 91' lang='lat' dir='ltr'><strong>si</strong></span> <span class='ocrx_word' id='word_1_674' title='bbox 2846 2543 3110 2613; x_wconf 90' lang='lat' dir='ltr'><strong>patiantur</strong></span> <span class='ocrx_word' id='word_1_675' title='bbox 3130 2583 3144 2608; x_wconf 91' lang='lat'><strong>,</strong></span> <span class='ocrx_word' id='word_1_676' title='bbox 3168 2541 3463 2612; x_wconf 79' lang='lat' dir='ltr'><strong>pigrescere</strong></span> <span class='ocrx_word' id='word_1_677' title='bbox 3494 2553 3598 2593; x_wconf 90' lang='lat' dir='ltr'><strong>non</strong></span> 
     </span>
    </p>
   </div>
   <div class='ocr_carea' id='block_1_84' title="bbox 2015 2635 3595 2703">
    <p class='ocr_par' dir='ltr' id='par_1_84' title="bbox 2015 2635 3595 2703">
     <span class='ocr_line' id='line_1_85' title="bbox 2015 2635 3595 2703; baseline -0.006 -11"><span class='ocrx_word' id='word_1_678' title='bbox 2015 2637 2289 2692; x_wconf 86' lang='lat' dir='ltr'><strong>debemus.</strong></span> <span class='ocrx_word' id='word_1_679' title='bbox 2326 2637 2448 2693; x_wconf 87' lang='lat' dir='ltr'><strong>Plus</strong></span> <span class='ocrx_word' id='word_1_680' title='bbox 2464 2637 2543 2691; x_wconf 90' lang='lat' dir='ltr'><strong>eis</strong></span> <span class='ocrx_word' id='word_1_681' title='bbox 2572 2646 2747 2692; x_wconf 88' lang='lat' dir='ltr'><strong>tamen</strong></span> <span class='ocrx_word' id='word_1_682' title='bbox 2775 2637 2888 2694; x_wconf 89' lang='lat' dir='ltr'><strong>sine</strong></span> <span class='ocrx_word' id='word_1_683' title='bbox 2915 2635 3241 2690; x_wconf 90' lang='lat' dir='ltr'><strong>dubitatione</strong></span> <span class='ocrx_word' id='word_1_684' title='bbox 3267 2639 3595 2703; x_wconf 71' lang='lat' dir='ltr'><strong>pl‘:BSlllmllS,</strong></span> 
     </span>
    </p>
   </div>
   <div class='ocr_carea' id='block_1_85' title="bbox 2015 2719 3596 2798">
    <p class='ocr_par' dir='ltr' id='par_1_85' title="bbox 2015 2719 3596 2798">
     <span class='ocr_line' id='line_1_86' title="bbox 2015 2719 3596 2798; baseline -0.004 -15"><span class='ocrx_word' id='word_1_685' title='bbox 2015 2729 2058 2783; x_wconf 92' lang='lat' dir='ltr'><strong>si</strong></span> <span class='ocrx_word' id='word_1_686' title='bbox 2090 2739 2147 2785; x_wconf 93' lang='lat' dir='ltr'><strong>ut</strong></span> <span class='ocrx_word' id='word_1_687' title='bbox 2187 2729 2521 2798; x_wconf 82' lang='lat' dir='ltr'><strong>corrigantur</strong></span> <span class='ocrx_word' id='word_1_688' title='bbox 2549 2743 2789 2793; x_wconf 89' lang='lat' dir='ltr'><strong>oremus,</strong></span> <span class='ocrx_word' id='word_1_689' title='bbox 2820 2742 2889 2783; x_wconf 88' lang='lat' dir='ltr'><strong>ne</strong></span> <span class='ocrx_word' id='word_1_690' title='bbox 2917 2742 3036 2782; x_wconf 90' lang='lat' dir='ltr'><strong>cum</strong></span> <span class='ocrx_word' id='word_1_691' title='bbox 3070 2725 3228 2782; x_wconf 88' lang='lat' dir='ltr'><strong>tantis</strong></span> <span class='ocrx_word' id='word_1_692' title='bbox 3256 2724 3478 2794; x_wconf 81' lang='lat' dir='ltr'><strong>ingeniis</strong></span> <span class='ocrx_word' id='word_1_693' title='bbox 3515 2719 3596 2776; x_wconf 88' lang='lat' dir='ltr'><strong>vel</strong></span> 
     </span>
    </p>
   </div>
   <div class='ocr_carea' id='block_1_86' title="bbox 2015 2815 3597 2891">
    <p class='ocr_par' dir='ltr' id='par_1_86' title="bbox 2015 2815 3597 2891">
     <span class='ocr_line' id='line_1_87' title="bbox 2015 2815 3597 2891; baseline 0.001 -20"><span class='ocrx_word' id='word_1_694' title='bbox 2015 2830 2252 2890; x_wconf 84' lang='lat' dir='ltr'><strong>pereant,</strong></span> <span class='ocrx_word' id='word_1_695' title='bbox 2283 2821 2365 2874; x_wconf 88' lang='lat' dir='ltr'><strong>vel</strong></span> <span class='ocrx_word' id='word_1_696' title='bbox 2397 2821 2527 2876; x_wconf 91' lang='lat' dir='ltr'><strong>alios</strong></span> <span class='ocrx_word' id='word_1_697' title='bbox 2567 2821 2789 2890; x_wconf 85' lang='lat' dir='ltr'><strong>perdant</strong></span> <span class='ocrx_word' id='word_1_698' title='bbox 2825 2819 3239 2891; x_wconf 65' lang='lat' dir='ltr'><strong>praesumptione</strong></span> <span class='ocrx_word' id='word_1_699' title='bbox 3269 2815 3553 2874; x_wconf 88' lang='lat' dir='ltr'><strong>damnabili</strong></span> <span class='ocrx_word' id='word_1_700' title='bbox 3581 2833 3597 2872; x_wconf 87' lang='lat'><strong>:</strong></span> 
     </span>
    </p>
   </div>
   <div class='ocr_carea' id='block_1_87' title="bbox 2013 2905 3594 2982">
    <p class='ocr_par' dir='ltr' id='par_1_87' title="bbox 2013 2905 3594 2982">
     <span class='ocr_line' id='line_1_88' title="bbox 2013 2905 3594 2982; baseline -0.006 -12"><span class='ocrx_word' id='word_1_701' title='bbox 2013 2913 2134 2982; x_wconf 84' lang='lat' dir='ltr'><strong>quia</strong></span> <span class='ocrx_word' id='word_1_702' title='bbox 2162 2912 2324 2968; x_wconf 77' lang='lat' dir='ltr'><strong>zelum</strong></span> <span class='ocrx_word' id='word_1_703' title='bbox 2350 2911 2441 2965; x_wconf 83' lang='lat' dir='ltr'><strong>Dei</strong></span> <span class='ocrx_word' id='word_1_704' title='bbox 2467 2907 2646 2967; x_wconf 78' lang='lat' dir='ltr'><strong>habent</strong></span> <span class='ocrx_word' id='word_1_705' title='bbox 2665 2953 2680 2977; x_wconf 91' lang='lat'><strong>,</strong></span> <span class='ocrx_word' id='word_1_706' title='bbox 2699 2910 2787 2966; x_wconf 86' lang='lat' dir='ltr'><strong>sed</strong></span> <span class='ocrx_word' id='word_1_707' title='bbox 2809 2928 2910 2966; x_wconf 86' lang='lat' dir='ltr'><strong>non</strong></span> <span class='ocrx_word' id='word_1_708' title='bbox 2927 2909 3198 2965; x_wconf 83' lang='lat' dir='ltr'><strong>secundum</strong></span> <span class='ocrx_word' id='word_1_709' title='bbox 3225 2909 3518 2972; x_wconf 81' lang='lat' dir='ltr'><strong>scientiam;</strong></span> <span class='ocrx_word' id='word_1_710' title='bbox 3542 2905 3594 2962; x_wconf 88' lang='lat' dir='ltr'><strong>id</strong></span> 
     </span>
    </p>
   </div>
   <div class='ocr_carea' id='block_1_88' title="bbox 2012 2999 3597 3074">
    <p class='ocr_par' dir='ltr' id='par_1_88' title="bbox 2012 2999 3597 3074">
     <span class='ocr_line' id='line_1_89' title="bbox 2012 2999 3597 3074; baseline -0.003 -17"><span class='ocrx_word' id='word_1_711' title='bbox 2012 3011 2114 3066; x_wconf 88' lang='lat' dir='ltr'><strong>est,</strong></span> <span class='ocrx_word' id='word_1_712' title='bbox 2133 3004 2388 3073; x_wconf 83' lang='lat' dir='ltr'><strong>justitiam</strong></span> <span class='ocrx_word' id='word_1_713' title='bbox 2425 3019 2537 3074; x_wconf 75' lang='lat' dir='ltr'><strong>qua:</strong></span> <span class='ocrx_word' id='word_1_714' title='bbox 2563 3020 2594 3055; x_wconf 90' lang='lat' dir='ltr'><strong>a</strong></span> <span class='ocrx_word' id='word_1_715' title='bbox 2619 3001 2724 3056; x_wconf 88' lang='lat' dir='ltr'><strong>Deo</strong></span> <span class='ocrx_word' id='word_1_716' title='bbox 2751 3010 2822 3058; x_wconf 86' lang='lat' dir='ltr'><strong>est</strong></span> <span class='ocrx_word' id='word_1_717' title='bbox 2848 3003 3152 3073; x_wconf 75' lang='lat' dir='ltr'><strong>ignorantes,</strong></span> <span class='ocrx_word' id='word_1_718' title='bbox 3181 3009 3227 3055; x_wconf 89' lang='lat' dir='ltr'><strong>et</strong></span> <span class='ocrx_word' id='word_1_719' title='bbox 3250 3017 3396 3058; x_wconf 83' lang='lat' dir='ltr'><strong>suam</strong></span> <span class='ocrx_word' id='word_1_720' title='bbox 3423 2999 3597 3054; x_wconf 81' lang='lat' dir='ltr'><strong>volen—</strong></span> 
     </span>
    </p>
   </div>
   <div class='ocr_carea' id='block_1_89' title="bbox 2013 3087 3592 3164">
    <p class='ocr_par' dir='ltr' id='par_1_89' title="bbox 2013 3087 3592 3164">
     <span class='ocr_line' id='line_1_90' title="bbox 2013 3087 3592 3164; baseline 0.001 -20"><span class='ocrx_word' id='word_1_721' title='bbox 2013 3102 2084 3147; x_wconf 87' lang='lat' dir='ltr'><strong>tes</strong></span> <span class='ocrx_word' id='word_1_722' title='bbox 2108 3095 2428 3156; x_wconf 75' lang='lat' dir='ltr'><strong>constituere,</strong></span> <span class='ocrx_word' id='word_1_723' title='bbox 2458 3093 2664 3159; x_wconf 73' lang='lat' dir='ltr'><strong>iustitia:</strong></span> <span class='ocrx_word' id='word_1_724' title='bbox 2689 3093 2782 3147; x_wconf 85' lang='lat' dir='ltr'><strong>Dei</strong></span> <span class='ocrx_word' id='word_1_725' title='bbox 2810 3110 2908 3146; x_wconf 82' lang='lat' dir='ltr'><strong>non</strong></span> <span class='ocrx_word' id='word_1_726' title='bbox 2943 3101 3060 3147; x_wconf 88' lang='lat' dir='ltr'><strong>sunt</strong></span> <span class='ocrx_word' id='word_1_727' title='bbox 3101 3093 3309 3163; x_wconf 85' lang='lat' dir='ltr'><strong>subjecti</strong></span> <span class='ocrx_word' id='word_1_728' title='bbox 3339 3087 3511 3164; x_wconf 87' lang='lat' dir='ltr'><strong>(Rom.</strong></span> <span class='ocrx_word' id='word_1_729' title='bbox 3533 3106 3592 3157; x_wconf 75' lang='grc' dir='ltr'>ι,</span> 
     </span>
    </p>
   </div>
   <div class='ocr_carea' id='block_1_90' title="bbox 2011 3182 3593 3258">
    <p class='ocr_par' dir='ltr' id='par_1_90' title="bbox 2011 3182 3593 3258">
     <span class='ocr_line' id='line_1_91' title="bbox 2011 3182 3593 3258; baseline -0.001 -21"><span class='ocrx_word' id='word_1_730' title='bbox 2011 3184 2067 3250; x_wconf 80' lang='grc'>2,</span> <span class='ocrx_word' id='word_1_731' title='bbox 2091 3185 2168 3257; x_wconf 81' lang='grc'><strong>5).</strong></span> <span class='ocrx_word' id='word_1_732' title='bbox 2200 3185 2397 3252; x_wconf 88' lang='lat' dir='ltr'><strong>Quibus</strong></span> <span class='ocrx_word' id='word_1_733' title='bbox 2424 3186 2623 3255; x_wconf 88' lang='lat' dir='ltr'><strong>utique,</strong></span> <span class='ocrx_word' id='word_1_734' title='bbox 2652 3185 2901 3255; x_wconf 89' lang='lat' dir='ltr'><strong>quoniam</strong></span> <span class='ocrx_word' id='word_1_735' title='bbox 2929 3183 3200 3238; x_wconf 83' lang='lat' dir='ltr'><strong>christiani</strong></span> <span class='ocrx_word' id='word_1_736' title='bbox 3231 3182 3593 3258; x_wconf 83' lang='lat' dir='ltr'><strong>appellantur,</strong></span> 
     </span>
    </p>
   </div>
   <div class='ocr_carea' id='block_1_91' title="bbox 2012 3275 3594 3348">
    <p class='ocr_par' dir='ltr' id='par_1_91' title="bbox 2012 3275 3594 3348">
     <span class='ocr_line' id='line_1_92' title="bbox 2012 3275 3594 3348; baseline -0.002 -17"><span class='ocrx_word' id='word_1_737' title='bbox 2012 3280 2180 3348; x_wconf 87' lang='lat' dir='ltr'><strong>magis</strong></span> <span class='ocrx_word' id='word_1_738' title='bbox 2211 3279 2593 3333; x_wconf 78' lang='lat' dir='ltr'><strong>observandum</strong></span> <span class='ocrx_word' id='word_1_739' title='bbox 2626 3287 2710 3334; x_wconf 85' lang='lat' dir='ltr'><strong>est</strong></span> <span class='ocrx_word' id='word_1_740' title='bbox 2734 3294 2888 3348; x_wconf 87' lang='lat' dir='ltr'><strong>quam</strong></span> <span class='ocrx_word' id='word_1_741' title='bbox 2919 3277 3149 3342; x_wconf 70' lang='lat' dir='ltr'><strong>Judazis,</strong></span> <span class='ocrx_word' id='word_1_742' title='bbox 3179 3275 3246 3331; x_wconf 90' lang='lat' dir='ltr'><strong>de</strong></span> <span class='ocrx_word' id='word_1_743' title='bbox 3274 3276 3462 3347; x_wconf 85' lang='lat' dir='ltr'><strong>quibus</strong></span> <span class='ocrx_word' id='word_1_744' title='bbox 3494 3275 3594 3329; x_wconf 92' lang='lat' dir='ltr'><strong>hoc</strong></span> 
     </span>
    </p>
   </div>
   <div class='ocr_carea' id='block_1_92' title="bbox 2012 3352 3596 3438">
    <p class='ocr_par' dir='ltr' id='par_1_92' title="bbox 2012 3352 3596 3438">
     <span class='ocr_line' id='line_1_93' title="bbox 2012 3352 3596 3438; baseline -0.004 -16"><span class='ocrx_word' id='word_1_745' title='bbox 2012 3368 2142 3422; x_wconf 76' lang='lat' dir='ltr'><strong>dixit</strong></span> <span class='ocrx_word' id='word_1_746' title='bbox 2173 3371 2486 3438; x_wconf 79' lang='lat' dir='ltr'><strong>Apostolus,</strong></span> <span class='ocrx_word' id='word_1_747' title='bbox 2520 3385 2586 3424; x_wconf 90' lang='lat' dir='ltr'><strong>ne</strong></span> <span class='ocrx_word' id='word_1_748' title='bbox 2629 3369 2897 3423; x_wconf 83' lang='lat' dir='ltr'><strong>offendant</strong></span> <span class='ocrx_word' id='word_1_749' title='bbox 2939 3368 2992 3422; x_wconf 84' lang='lat' dir='ltr'><strong>in</strong></span> <span class='ocrx_word' id='word_1_750' title='bbox 3035 3364 3254 3438; x_wconf 85' lang='lat' dir='ltr'><strong>lapidem</strong></span> <span class='ocrx_word' id='word_1_751' title='bbox 3306 3352 3596 3432; x_wconf 72' lang='lat' dir='ltr'><strong>offensionis</strong></span> 
     </span>
    </p>
   </div>
   <div class='ocr_carea' id='block_1_93' title="bbox 2012 3455 3597 3530">
    <p class='ocr_par' dir='ltr' id='par_1_93' title="bbox 2012 3455 3597 3530">
     <span class='ocr_line' id='line_1_94' title="bbox 2012 3455 3597 3530; baseline -0.002 -19"><span class='ocrx_word' id='word_1_752' title='bbox 2012 3459 2122 3528; x_wconf 81' lang='lat' dir='ltr'><strong>(Id.</strong></span> <span class='ocrx_word' id='word_1_753' title='bbox 2154 3475 2232 3527; x_wconf 70' lang='grc' dir='ltr'>ιιι,</span> <span class='ocrx_word' id='word_1_754' title='bbox 2260 3460 2349 3526; x_wconf 58' lang='grc' dir='ltr'><strong>ὅῖ)</strong></span> <span class='ocrx_word' id='word_1_755' title='bbox 2371 3503 2384 3526; x_wconf 86' lang='grc'><strong>,</strong></span> <span class='ocrx_word' id='word_1_756' title='bbox 2414 3460 2556 3514; x_wconf 86' lang='lat' dir='ltr'><strong>velut</strong></span> <span class='ocrx_word' id='word_1_757' title='bbox 2585 3468 2768 3530; x_wconf 79' lang='lat' dir='ltr'><strong>argute</strong></span> <span class='ocrx_word' id='word_1_758' title='bbox 2805 3457 3134 3513; x_wconf 89' lang='lat' dir='ltr'><strong>defendendo</strong></span> <span class='ocrx_word' id='word_1_759' title='bbox 3164 3466 3406 3512; x_wconf 89' lang='lat' dir='ltr'><strong>naturam</strong></span> <span class='ocrx_word' id='word_1_760' title='bbox 3447 3463 3500 3511; x_wconf 89' lang='lat' dir='ltr'><strong>et</strong></span> <span class='ocrx_word' id='word_1_761' title='bbox 3533 3455 3597 3509; x_wconf 82' lang='lat' dir='ltr'><strong>li-</strong></span> 
     </span>
    </p>
   </div>
   <div class='ocr_carea' id='block_1_94' title="bbox 2011 3548 3594 3623">
    <p class='ocr_par' dir='ltr' id='par_1_94' title="bbox 2011 3548 3594 3623">
     <span class='ocr_line' id='line_1_95' title="bbox 2011 3548 3594 3623; baseline -0.001 -18"><span class='ocrx_word' id='word_1_762' title='bbox 2011 3551 2194 3605; x_wconf 84' lang='lat' dir='ltr'><strong>berum</strong></span> <span class='ocrx_word' id='word_1_763' title='bbox 2249 3553 2560 3615; x_wconf 84' lang='lat' dir='ltr'><strong>arbitritun,</strong></span> <span class='ocrx_word' id='word_1_764' title='bbox 2601 3552 3043 3623; x_wconf 86' lang='lat' dir='ltr'><strong>quemadmodum</strong></span> <span class='ocrx_word' id='word_1_765' title='bbox 3093 3549 3390 3621; x_wconf 85' lang='lat' dir='ltr'><strong>philosophi</strong></span> <span class='ocrx_word' id='word_1_766' title='bbox 3439 3548 3594 3619; x_wconf 88' lang='lat' dir='ltr'><strong>huius</strong></span> 
     </span>
    </p>
   </div>
   <div class='ocr_carea' id='block_1_95' title="bbox 2012 3640 3596 3713">
    <p class='ocr_par' dir='ltr' id='par_1_95' title="bbox 2012 3640 3596 3713">
     <span class='ocr_line' id='line_1_96' title="bbox 2012 3640 3596 3713; baseline -0.002 -18"><span class='ocrx_word' id='word_1_767' title='bbox 2012 3643 2213 3705; x_wconf 80' lang='lat' dir='ltr'><strong>mundi,</strong></span> <span class='ocrx_word' id='word_1_768' title='bbox 2238 3644 2326 3713; x_wconf 90' lang='lat' dir='ltr'><strong>qui</strong></span> <span class='ocrx_word' id='word_1_769' title='bbox 2355 3643 2702 3698; x_wconf 81' lang='lat' dir='ltr'><strong>vehementer</strong></span> <span class='ocrx_word' id='word_1_770' title='bbox 2729 3650 2948 3713; x_wconf 83' lang='lat' dir='ltr'><strong>egerunt</strong></span> <span class='ocrx_word' id='word_1_771' title='bbox 2970 3650 3025 3695; x_wconf 91' lang='lat' dir='ltr'><strong>ut</strong></span> <span class='ocrx_word' id='word_1_772' title='bbox 3049 3649 3364 3710; x_wconf 88' lang='lat' dir='ltr'><strong>putarentur</strong></span> <span class='ocrx_word' id='word_1_773' title='bbox 3389 3640 3469 3694; x_wconf 86' lang='lat' dir='ltr'><strong>vel</strong></span> <span class='ocrx_word' id='word_1_774' title='bbox 3501 3653 3596 3708; x_wconf 83' lang='lat' dir='ltr'><strong>pu-</strong></span> 
     </span>
    </p>
   </div>
   <div class='ocr_carea' id='block_1_96' title="bbox 2010 3728 3595 3802">
    <p class='ocr_par' dir='ltr' id='par_1_96' title="bbox 2010 3728 3595 3802">
     <span class='ocr_line' id='line_1_97' title="bbox 2010 3728 3595 3802; baseline -0.004 -15"><span class='ocrx_word' id='word_1_775' title='bbox 2010 3741 2185 3787; x_wconf 86' lang='lat' dir='ltr'><strong>tarent</strong></span> <span class='ocrx_word' id='word_1_776' title='bbox 2222 3734 2320 3787; x_wconf 83' lang='lat' dir='ltr'><strong>sibi</strong></span> <span class='ocrx_word' id='word_1_777' title='bbox 2361 3733 2566 3789; x_wconf 85' lang='lat' dir='ltr'><strong>beatam</strong></span> <span class='ocrx_word' id='word_1_778' title='bbox 2614 3735 2773 3787; x_wconf 88' lang='lat' dir='ltr'><strong>vitam</strong></span> <span class='ocrx_word' id='word_1_779' title='bbox 2814 3732 3003 3786; x_wconf 79' lang='lat' dir='ltr'><strong>virtute</strong></span> <span class='ocrx_word' id='word_1_780' title='bbox 3038 3731 3266 3802; x_wconf 64' lang='lat' dir='ltr'><strong>propriae</strong></span> <span class='ocrx_word' id='word_1_781' title='bbox 3310 3728 3595 3784; x_wconf 86' lang='lat' dir='ltr'><strong>voluntatis</strong></span> 
     </span>
    </p>
   </div>
   <div class='ocr_carea' id='block_1_97' title="bbox 2008 3819 3592 3896">
    <p class='ocr_par' dir='ltr' id='par_1_97' title="bbox 2008 3819 3592 3896">
     <span class='ocr_line' id='line_1_98' title="bbox 2008 3819 3592 3896; baseline -0.004 -16"><span class='ocrx_word' id='word_1_782' title='bbox 2008 3825 2219 3881; x_wconf 75' lang='lat' dir='ltr'><strong>efficere</strong></span> <span class='ocrx_word' id='word_1_783' title='bbox 2237 3827 2333 3893; x_wconf 88' lang='lat' dir='ltr'><strong>(a).</strong></span> <span class='ocrx_word' id='word_1_784' title='bbox 2366 3825 2599 3881; x_wconf 85' lang='lat' dir='ltr'><strong>Caveant</strong></span> <span class='ocrx_word' id='word_1_785' title='bbox 2627 3841 2755 3896; x_wconf 82' lang='lat' dir='ltr'><strong>ergo</strong></span> <span class='ocrx_word' id='word_1_786' title='bbox 2782 3824 2865 3879; x_wconf 90' lang='lat' dir='ltr'><strong>isti</strong></span> <span class='ocrx_word' id='word_1_787' title='bbox 2891 3838 2959 3878; x_wconf 89' lang='lat' dir='ltr'><strong>ne</strong></span> <span class='ocrx_word' id='word_1_788' title='bbox 2984 3839 3077 3893; x_wconf 88' lang='lat' dir='ltr'><strong>per</strong></span> <span class='ocrx_word' id='word_1_789' title='bbox 3103 3821 3413 3892; x_wconf 88' lang='lat' dir='ltr'><strong>sapientiam</strong></span> <span class='ocrx_word' id='word_1_790' title='bbox 3444 3819 3592 3874; x_wconf 87' lang='lat' dir='ltr'><strong>verbi</strong></span> 
     </span>
    </p>
   </div>
   <div class='ocr_carea' id='block_1_98' title="bbox 2007 3912 3593 3988">
    <p class='ocr_par' dir='ltr' id='par_1_98' title="bbox 2007 3912 3593 3988">
     <span class='ocr_line' id='line_1_99' title="bbox 2007 3912 3593 3988; baseline -0.004 -14"><span class='ocrx_word' id='word_1_791' title='bbox 2007 3926 2263 3974; x_wconf 86' lang='lat' dir='ltr'><strong>evaeucnt</strong></span> <span class='ocrx_word' id='word_1_792' title='bbox 2289 3934 2500 3974; x_wconf 90' lang='lat' dir='ltr'><strong>crucem</strong></span> <span class='ocrx_word' id='word_1_793' title='bbox 2541 3915 2735 3972; x_wconf 89' lang='lat' dir='ltr'><strong>Christi</strong></span> <span class='ocrx_word' id='word_1_794' title='bbox 2766 3915 2814 3988; x_wconf 93' lang='lat' dir='ltr'><strong>(l</strong></span> <span class='ocrx_word' id='word_1_795' title='bbox 2839 3915 2955 3971; x_wconf 89' lang='lat' dir='ltr'><strong>Cor.</strong></span> <span class='ocrx_word' id='word_1_796' title='bbox 2987 3932 3025 3978; x_wconf 84' lang='grc' dir='ltr'>ι,</span> <span class='ocrx_word' id='word_1_797' title='bbox 3053 3916 3176 3986; x_wconf 82' lang='grc'><strong>17),</strong></span> <span class='ocrx_word' id='word_1_798' title='bbox 3205 3922 3260 3969; x_wconf 85' lang='lat' dir='ltr'><strong>et</strong></span> <span class='ocrx_word' id='word_1_799' title='bbox 3289 3913 3388 3970; x_wconf 91' lang='lat' dir='ltr'><strong>hoc</strong></span> <span class='ocrx_word' id='word_1_800' title='bbox 3417 3913 3487 3968; x_wconf 88' lang='lat' dir='ltr'><strong>sit</strong></span> <span class='ocrx_word' id='word_1_801' title='bbox 3513 3912 3593 3969; x_wconf 89' lang='lat' dir='ltr'><strong>eis</strong></span> 
     </span>
    </p>
   </div>
   <div class='ocr_carea' id='block_1_99' title="bbox 2006 4004 3590 4080">
    <p class='ocr_par' dir='ltr' id='par_1_99' title="bbox 2006 4004 3590 4080">
     <span class='ocr_line' id='line_1_100' title="bbox 2006 4004 3590 4080; baseline -0.004 -16"><span class='ocrx_word' id='word_1_802' title='bbox 2006 4008 2275 4064; x_wconf 71' lang='lat' dir='ltr'><strong>offendere</strong></span> <span class='ocrx_word' id='word_1_803' title='bbox 2298 4010 2348 4064; x_wconf 93' lang='lat' dir='ltr'><strong>iu</strong></span> <span class='ocrx_word' id='word_1_804' title='bbox 2378 4009 2606 4080; x_wconf 77' lang='lat' dir='ltr'><strong>lapidem</strong></span> <span class='ocrx_word' id='word_1_805' title='bbox 2626 4007 2951 4062; x_wconf 87' lang='lat' dir='ltr'><strong>offensionis.</strong></span> <span class='ocrx_word' id='word_1_806' title='bbox 2979 4006 3175 4061; x_wconf 86' lang='lat' dir='ltr'><strong>Natura</strong></span> <span class='ocrx_word' id='word_1_807' title='bbox 3197 4005 3334 4060; x_wconf 91' lang='lat' dir='ltr'><strong>enim</strong></span> <span class='ocrx_word' id='word_1_808' title='bbox 3364 4004 3590 4058; x_wconf 90' lang='lat' dir='ltr'><strong>humana</strong></span> 
     </span>
    </p>
   </div>
   <div class='ocr_carea' id='block_1_100' title="bbox 2006 4093 3591 4171">
    <p class='ocr_par' dir='ltr' id='par_1_100' title="bbox 2006 4093 3591 4171">
     <span class='ocr_line' id='line_1_101' title="bbox 2006 4093 3591 4171; baseline -0.003 -16"><span class='ocrx_word' id='word_1_809' title='bbox 2006 4102 2211 4155; x_wconf 88' lang='lat' dir='ltr'><strong>etiamsi</strong></span> <span class='ocrx_word' id='word_1_810' title='bbox 2240 4100 2293 4154; x_wconf 93' lang='lat' dir='ltr'><strong>in</strong></span> <span class='ocrx_word' id='word_1_811' title='bbox 2324 4102 2410 4155; x_wconf 91' lang='lat' dir='ltr'><strong>illa</strong></span> <span class='ocrx_word' id='word_1_812' title='bbox 2438 4101 2740 4171; x_wconf 81' lang='lat' dir='ltr'><strong>integritate</strong></span> <span class='ocrx_word' id='word_1_813' title='bbox 2765 4102 2816 4154; x_wconf 93' lang='lat' dir='ltr'><strong>in</strong></span> <span class='ocrx_word' id='word_1_814' title='bbox 2846 4093 2948 4170; x_wconf 83' lang='lat' dir='ltr'><strong>qua</strong></span> <span class='ocrx_word' id='word_1_815' title='bbox 2972 4098 3180 4154; x_wconf 90' lang='lat' dir='ltr'><strong>condita</strong></span> <span class='ocrx_word' id='word_1_816' title='bbox 3208 4105 3288 4152; x_wconf 90' lang='lat' dir='ltr'><strong>est</strong></span> <span class='ocrx_word' id='word_1_817' title='bbox 3311 4105 3591 4166; x_wconf 87' lang='lat' dir='ltr'><strong>permane-</strong></span> 
     </span>
    </p>
   </div>
   <div class='ocr_carea' id='block_1_101' title="bbox 2005 4187 3590 4260">
    <p class='ocr_par' dir='ltr' id='par_1_101' title="bbox 2005 4187 3590 4260">
     <span class='ocr_line' id='line_1_102' title="bbox 2005 4187 3590 4260; baseline -0.003 -14"><span class='ocrx_word' id='word_1_818' title='bbox 2005 4203 2105 4257; x_wconf 88' lang='lat' dir='ltr'><strong>ret,</strong></span> <span class='ocrx_word' id='word_1_819' title='bbox 2138 4191 2284 4245; x_wconf 84' lang='lat' dir='ltr'><strong>nullo</strong></span> <span class='ocrx_word' id='word_1_820' title='bbox 2327 4191 2486 4245; x_wconf 91' lang='lat' dir='ltr'><strong>modo</strong></span> <span class='ocrx_word' id='word_1_821' title='bbox 2514 4191 2744 4260; x_wconf 87' lang='lat' dir='ltr'><strong>seipsam</strong></span> <span class='ocrx_word' id='word_1_822' title='bbox 2775 4191 3026 4245; x_wconf 88' lang='lat' dir='ltr'><strong>Creatore</strong></span> <span class='ocrx_word' id='word_1_823' title='bbox 3054 4204 3151 4244; x_wconf 91' lang='lat' dir='ltr'><strong>suo</strong></span> <span class='ocrx_word' id='word_1_824' title='bbox 3176 4205 3280 4243; x_wconf 92' lang='lat' dir='ltr'><strong>non</strong></span> <span class='ocrx_word' id='word_1_825' title='bbox 3309 4187 3590 4257; x_wconf 79' lang='lat' dir='ltr'><strong>adiuvante</strong></span> 
     </span>
    </p>
   </div>
   <div class='ocr_carea' id='block_1_102' title="bbox 2005 4282 3590 4354">
    <p class='ocr_par' dir='ltr' id='par_1_102' title="bbox 2005 4282 3590 4354">
     <span class='ocr_line' id='line_1_103' title="bbox 2005 4282 3590 4354; baseline -0.003 -16"><span class='ocrx_word' id='word_1_826' title='bbox 2005 4292 2240 4338; x_wconf 82' lang='lat' dir='ltr'><strong>servaret</strong></span> <span class='ocrx_word' id='word_1_827' title='bbox 2265 4302 2279 4338; x_wconf 89' lang='lat'><strong>:</strong></span> <span class='ocrx_word' id='word_1_828' title='bbox 2306 4299 2424 4342; x_wconf 80' lang='lat' dir='ltr'><strong>cum</strong></span> <span class='ocrx_word' id='word_1_829' title='bbox 2457 4282 2614 4353; x_wconf 84' lang='lat' dir='ltr'><strong>igitur</strong></span> <span class='ocrx_word' id='word_1_830' title='bbox 2639 4283 2756 4338; x_wconf 88' lang='lat' dir='ltr'><strong>sine</strong></span> <span class='ocrx_word' id='word_1_831' title='bbox 2781 4283 2872 4339; x_wconf 91' lang='lat' dir='ltr'><strong>Dei</strong></span> <span class='ocrx_word' id='word_1_832' title='bbox 2901 4282 3070 4354; x_wconf 80' lang='lat' dir='ltr'><strong>gratia</strong></span> <span class='ocrx_word' id='word_1_833' title='bbox 3096 4282 3316 4336; x_wconf 85' lang='lat' dir='ltr'><strong>salutem</strong></span> <span class='ocrx_word' id='word_1_834' title='bbox 3339 4296 3444 4335; x_wconf 93' lang='lat' dir='ltr'><strong>non</strong></span> <span class='ocrx_word' id='word_1_835' title='bbox 3468 4295 3590 4350; x_wconf 90' lang='lat' dir='ltr'><strong>pos-</strong></span> 
     </span>
    </p>
   </div>
   <div class='ocr_carea' id='block_1_103' title="bbox 2005 4372 3589 4447">
    <p class='ocr_par' dir='ltr' id='par_1_103' title="bbox 2005 4372 3589 4447">
     <span class='ocr_line' id='line_1_104' title="bbox 2005 4372 3589 4447; baseline -0.005 -13"><span class='ocrx_word' id='word_1_836' title='bbox 2005 4379 2073 4434; x_wconf 89' lang='lat' dir='ltr'><strong>sit</strong></span> <span class='ocrx_word' id='word_1_837' title='bbox 2105 4378 2373 4432; x_wconf 91' lang='lat' dir='ltr'><strong>cnstodire</strong></span> <span class='ocrx_word' id='word_1_838' title='bbox 2407 4391 2565 4447; x_wconf 89' lang='lat' dir='ltr'><strong>quam</strong></span> <span class='ocrx_word' id='word_1_839' title='bbox 2601 4377 2836 4445; x_wconf 87' lang='lat' dir='ltr'><strong>accepit;</strong></span> <span class='ocrx_word' id='word_1_840' title='bbox 2873 4375 3138 4446; x_wconf 87' lang='lat' dir='ltr'><strong>quomodo</strong></span> <span class='ocrx_word' id='word_1_841' title='bbox 3170 4375 3285 4430; x_wconf 88' lang='lat' dir='ltr'><strong>sine</strong></span> <span class='ocrx_word' id='word_1_842' title='bbox 3305 4373 3398 4429; x_wconf 91' lang='lat' dir='ltr'><strong>Dei</strong></span> <span class='ocrx_word' id='word_1_843' title='bbox 3422 4372 3589 4445; x_wconf 83' lang='lat' dir='ltr'><strong>gratia</strong></span> 
     </span>
    </p>
   </div>
   <div class='ocr_carea' id='block_1_104' title="bbox 2003 4467 2937 4540">
    <p class='ocr_par' dir='ltr' id='par_1_104' title="bbox 2003 4467 2937 4540">
     <span class='ocr_line' id='line_1_105' title="bbox 2003 4467 2937 4540; baseline -0.002 -18"><span class='ocrx_word' id='word_1_844' title='bbox 2003 4479 2176 4540; x_wconf 83' lang='lat' dir='ltr'><strong>potest</strong></span> <span class='ocrx_word' id='word_1_845' title='bbox 2207 4483 2455 4539; x_wconf 88' lang='lat' dir='ltr'><strong>reparare</strong></span> <span class='ocrx_word' id='word_1_846' title='bbox 2478 4482 2633 4538; x_wconf 88' lang='lat' dir='ltr'><strong>quam</strong></span> <span class='ocrx_word' id='word_1_847' title='bbox 2658 4467 2887 4538; x_wconf 87' lang='lat' dir='ltr'><strong>perdidit</strong></span> <span class='ocrx_word' id='word_1_848' title='bbox 2913 4467 2937 4520; x_wconf 89' lang='lat'><strong>?</strong></span> 
     </span>
    </p>
   </div>
   <div class='ocr_carea' id='block_1_105' title="bbox 2076 4553 3586 4628">
    <p class='ocr_par' dir='ltr' id='par_1_105' title="bbox 2076 4553 3586 4628">
     <span class='ocr_line' id='line_1_106' title="bbox 2076 4553 3586 4628; baseline -0.005 -12"><span class='ocrx_word' id='word_1_849' title='bbox 2076 4560 2163 4616; x_wconf 78' lang='lat'><strong>58.</strong></span> <span class='ocrx_word' id='word_1_850' title='bbox 2204 4557 2319 4612; x_wconf 76' lang='lat' dir='ltr'><strong>Non</strong></span> <span class='ocrx_word' id='word_1_851' title='bbox 2346 4565 2524 4612; x_wconf 87' lang='lat' dir='ltr'><strong>autem</strong></span> <span class='ocrx_word' id='word_1_852' title='bbox 2556 4555 2676 4612; x_wconf 91' lang='lat' dir='ltr'><strong>ideo</strong></span> <span class='ocrx_word' id='word_1_853' title='bbox 2714 4571 2811 4628; x_wconf 89' lang='lat' dir='ltr'><strong>pro</strong></span> <span class='ocrx_word' id='word_1_854' title='bbox 2841 4557 2958 4613; x_wconf 88' lang='lat' dir='ltr'><strong>istis</strong></span> <span class='ocrx_word' id='word_1_855' title='bbox 2983 4572 3090 4611; x_wconf 91' lang='lat' dir='ltr'><strong>non</strong></span> <span class='ocrx_word' id='word_1_856' title='bbox 3129 4571 3283 4612; x_wconf 89' lang='lat' dir='ltr'><strong>orare</strong></span> <span class='ocrx_word' id='word_1_857' title='bbox 3310 4553 3586 4623; x_wconf 88' lang='lat' dir='ltr'><strong>debemus,</strong></span> 
     </span>
    </p>
   </div>
   <div class='ocr_carea' id='block_1_106' title="bbox 2003 4647 3592 4722">
    <p class='ocr_par' dir='ltr' id='par_1_106' title="bbox 2003 4647 3592 4722">
     <span class='ocr_line' id='line_1_107' title="bbox 2003 4647 3592 4722; baseline -0.005 -16"><span class='ocrx_word' id='word_1_858' title='bbox 2003 4651 2123 4722; x_wconf 88' lang='lat' dir='ltr'><strong>quia</strong></span> <span class='ocrx_word' id='word_1_859' title='bbox 2154 4651 2196 4705; x_wconf 92' lang='lat' dir='ltr'><strong>si</strong></span> <span class='ocrx_word' id='word_1_860' title='bbox 2228 4665 2334 4705; x_wconf 88' lang='lat' dir='ltr'><strong>non</strong></span> <span class='ocrx_word' id='word_1_861' title='bbox 2364 4650 2700 4720; x_wconf 85' lang='lat' dir='ltr'><strong>corriguntur</strong></span> <span class='ocrx_word' id='word_1_862' title='bbox 2720 4691 2733 4713; x_wconf 93' lang='lat'><strong>,</strong></span> <span class='ocrx_word' id='word_1_863' title='bbox 2762 4664 2947 4704; x_wconf 89' lang='lat' dir='ltr'><strong>eorum</strong></span> <span class='ocrx_word' id='word_1_864' title='bbox 2980 4647 3341 4720; x_wconf 88' lang='lat' dir='ltr'><strong>imputandum</strong></span> <span class='ocrx_word' id='word_1_865' title='bbox 3379 4655 3461 4702; x_wconf 91' lang='lat' dir='ltr'><strong>est</strong></span> <span class='ocrx_word' id='word_1_866' title='bbox 3497 4662 3592 4699; x_wconf 60' lang='lat' dir='ltr'><strong>vo-</strong></span> 
     </span>
    </p>
   </div>
   <div class='ocr_carea' id='block_1_107' title="bbox 2003 4736 3585 4811">
    <p class='ocr_par' dir='ltr' id='par_1_107' title="bbox 2003 4736 3585 4811">
     <span class='ocr_line' id='line_1_108' title="bbox 2003 4736 3585 4811; baseline -0.004 -15"><span class='ocrx_word' id='word_1_867' title='bbox 2003 4742 2223 4808; x_wconf 76' lang='lat' dir='ltr'><strong>luutati,</strong></span> <span class='ocrx_word' id='word_1_868' title='bbox 2251 4742 2339 4811; x_wconf 64' lang='lat' dir='ltr'><strong>qui</strong></span> <span class='ocrx_word' id='word_1_869' title='bbox 2372 4740 2560 4796; x_wconf 90' lang='lat' dir='ltr'><strong>nolunt</strong></span> <span class='ocrx_word' id='word_1_870' title='bbox 2596 4739 2816 4795; x_wconf 87' lang='lat' dir='ltr'><strong>credere</strong></span> <span class='ocrx_word' id='word_1_871' title='bbox 2856 4741 3016 4794; x_wconf 88' lang='lat' dir='ltr'><strong>etiam</strong></span> <span class='ocrx_word' id='word_1_872' title='bbox 3045 4741 3110 4795; x_wconf 89' lang='lat' dir='ltr'><strong>ad</strong></span> <span class='ocrx_word' id='word_1_873' title='bbox 3155 4739 3256 4794; x_wconf 90' lang='lat' dir='ltr'><strong>hoc</strong></span> <span class='ocrx_word' id='word_1_874' title='bbox 3289 4739 3457 4810; x_wconf 89' lang='lat' dir='ltr'><strong>ipsum</strong></span> <span class='ocrx_word' id='word_1_875' title='bbox 3485 4736 3585 4790; x_wconf 90' lang='lat' dir='ltr'><strong>sibi</strong></span> 
     </span>
    </p>
   </div>
   <div class='ocr_carea' id='block_1_108' title="bbox 2001 4817 3588 4903">
    <p class='ocr_par' dir='ltr' id='par_1_108' title="bbox 2001 4817 3588 4903">
     <span class='ocr_line' id='line_1_109' title="bbox 2001 4817 3588 4903; baseline -0.005 -14"><span class='ocrx_word' id='word_1_876' title='bbox 2001 4835 2343 4889; x_wconf 65' lang='lat' dir='ltr'><strong>necessariam</strong></span> <span class='ocrx_word' id='word_1_877' title='bbox 2371 4817 2590 4903; x_wconf 84' lang='lat' dir='ltr'><strong>gratiam</strong></span> <span class='ocrx_word' id='word_1_878' title='bbox 2609 4830 2920 4896; x_wconf 89' lang='lat' dir='ltr'><strong>Salvatoris,</strong></span> <span class='ocrx_word' id='word_1_879' title='bbox 2934 4831 3072 4900; x_wconf 77' lang='lat' dir='ltr'><strong>quod.</strong></span> <span class='ocrx_word' id='word_1_880' title='bbox 3092 4838 3274 4900; x_wconf 87' lang='lat' dir='ltr'><strong>putant</strong></span> <span class='ocrx_word' id='word_1_881' title='bbox 3295 4829 3588 4884; x_wconf 87' lang='lat' dir='ltr'><strong>consistere</strong></span> 
     </span>
    </p>
   </div>
   <div class='ocr_carea' id='block_1_109' title="bbox 2003 4915 3584 4988">
    <p class='ocr_par' dir='ltr' id='par_1_109' title="bbox 2003 4915 3584 4988">
     <span class='ocr_line' id='line_1_110' title="bbox 2003 4915 3584 4988; baseline -0.005 -11"><span class='ocrx_word' id='word_1_882' title='bbox 2003 4922 2055 4978; x_wconf 83' lang='lat' dir='ltr'><strong>in</strong></span> <span class='ocrx_word' id='word_1_883' title='bbox 2087 4923 2209 4977; x_wconf 74' lang='lat' dir='ltr'><strong>solis</strong></span> <span class='ocrx_word' id='word_1_884' title='bbox 2241 4921 2438 4976; x_wconf 88' lang='lat' dir='ltr'><strong>viribus</strong></span> <span class='ocrx_word' id='word_1_885' title='bbox 2465 4919 2766 4974; x_wconf 88' lang='lat' dir='ltr'><strong>voluntatis.</strong></span> <span class='ocrx_word' id='word_1_886' title='bbox 2804 4917 2938 4972; x_wconf 89' lang='lat' dir='ltr'><strong>Nam</strong></span> <span class='ocrx_word' id='word_1_887' title='bbox 2963 4928 3016 4972; x_wconf 90' lang='lat' dir='ltr'><strong>et</strong></span> <span class='ocrx_word' id='word_1_888' title='bbox 3042 4918 3115 4972; x_wconf 91' lang='lat' dir='ltr'><strong>illi</strong></span> <span class='ocrx_word' id='word_1_889' title='bbox 3141 4915 3328 4988; x_wconf 88' lang='lat' dir='ltr'><strong>quibus</strong></span> <span class='ocrx_word' id='word_1_890' title='bbox 3353 4925 3475 4971; x_wconf 91' lang='lat' dir='ltr'><strong>sunt</strong></span> <span class='ocrx_word' id='word_1_891' title='bbox 3497 4915 3584 4971; x_wconf 88' lang='lat' dir='ltr'><strong>isti</strong></span> 
     </span>
    </p>
   </div>
   <div class='ocr_carea' id='block_1_110' title="bbox 2001 5007 3587 5078">
    <p class='ocr_par' dir='ltr' id='par_1_110' title="bbox 2001 5007 3587 5078">
     <span class='ocr_line' id='line_1_111' title="bbox 2001 5007 3587 5078; baseline -0.004 -9"><span class='ocrx_word' id='word_1_892' title='bbox 2001 5015 2055 5069; x_wconf 90' lang='lat' dir='ltr'><strong>in</strong></span> <span class='ocrx_word' id='word_1_893' title='bbox 2100 5012 2199 5067; x_wconf 86' lang='lat' dir='ltr'><strong>hac</strong></span> <span class='ocrx_word' id='word_1_894' title='bbox 2239 5027 2397 5066; x_wconf 89' lang='lat' dir='ltr'><strong>causa</strong></span> <span class='ocrx_word' id='word_1_895' title='bbox 2425 5010 2640 5064; x_wconf 90' lang='lat' dir='ltr'><strong>omnino</strong></span> <span class='ocrx_word' id='word_1_896' title='bbox 2680 5008 2969 5076; x_wconf 91' lang='lat' dir='ltr'><strong>simillimi,</strong></span> <span class='ocrx_word' id='word_1_897' title='bbox 2996 5008 3062 5062; x_wconf 90' lang='lat' dir='ltr'><strong>de</strong></span> <span class='ocrx_word' id='word_1_898' title='bbox 3102 5007 3291 5078; x_wconf 90' lang='lat' dir='ltr'><strong>quibus</strong></span> <span class='ocrx_word' id='word_1_899' title='bbox 3321 5007 3423 5062; x_wconf 87' lang='lat' dir='ltr'><strong>hoc</strong></span> <span class='ocrx_word' id='word_1_900' title='bbox 3454 5007 3587 5062; x_wconf 85' lang='lat' dir='ltr'><strong>dixit</strong></span> 
     </span>
    </p>
   </div>
   <div class='ocr_carea' id='block_1_111' title="bbox 2001 5099 3580 5177">
    <p class='ocr_par' dir='ltr' id='par_1_111' title="bbox 2001 5099 3580 5177">
     <span class='ocr_line' id='line_1_112' title="bbox 2001 5099 3580 5177; baseline -0.007 -13"><span class='ocrx_word' id='word_1_901' title='bbox 2001 5106 2309 5177; x_wconf 78' lang='lat' dir='ltr'><strong>Apostolus,</strong></span> <span class='ocrx_word' id='word_1_902' title='bbox 2336 5103 2474 5175; x_wconf 90' lang='lat' dir='ltr'><strong>quod</strong></span> <span class='ocrx_word' id='word_1_903' title='bbox 2498 5105 2786 5175; x_wconf 86' lang='lat' dir='ltr'><strong>ignorantes</strong></span> <span class='ocrx_word' id='word_1_904' title='bbox 2817 5099 2912 5156; x_wconf 78' lang='lat' dir='ltr'><strong>Dei</strong></span> <span class='ocrx_word' id='word_1_905' title='bbox 2933 5102 3186 5174; x_wconf 83' lang='lat' dir='ltr'><strong>justitiam</strong></span> <span class='ocrx_word' id='word_1_906' title='bbox 3209 5144 3224 5168; x_wconf 94' lang='lat'><strong>,</strong></span> <span class='ocrx_word' id='word_1_907' title='bbox 3247 5110 3292 5156; x_wconf 88' lang='lat' dir='ltr'><strong>et</strong></span> <span class='ocrx_word' id='word_1_908' title='bbox 3319 5117 3464 5157; x_wconf 82' lang='lat' dir='ltr'><strong>suam</strong></span> <span class='ocrx_word' id='word_1_909' title='bbox 3489 5115 3580 5154; x_wconf 77' lang='lat' dir='ltr'><strong>vo-</strong></span> 
     </span>
    </p>
   </div>
   <div class='ocr_carea' id='block_1_112' title="bbox 2002 5191 3583 5265">
    <p class='ocr_par' dir='ltr' id='par_1_112' title="bbox 2002 5191 3583 5265">
     <span class='ocr_line' id='line_1_113' title="bbox 2002 5191 3583 5265; baseline -0.005 -11"><span class='ocrx_word' id='word_1_910' title='bbox 2002 5199 2156 5254; x_wconf 86' lang='lat' dir='ltr'><strong>lentes</strong></span> <span class='ocrx_word' id='word_1_911' title='bbox 2181 5197 2500 5260; x_wconf 85' lang='lat' dir='ltr'><strong>constituere,</strong></span> <span class='ocrx_word' id='word_1_912' title='bbox 2521 5195 2732 5265; x_wconf 72' lang='lat' dir='ltr'><strong>justitite</strong></span> <span class='ocrx_word' id='word_1_913' title='bbox 2771 5193 2870 5249; x_wconf 88' lang='lat' dir='ltr'><strong>Dei</strong></span> <span class='ocrx_word' id='word_1_914' title='bbox 2911 5211 3014 5246; x_wconf 85' lang='lat' dir='ltr'><strong>non</strong></span> <span class='ocrx_word' id='word_1_915' title='bbox 3050 5202 3168 5247; x_wconf 90' lang='lat' dir='ltr'><strong>sunt</strong></span> <span class='ocrx_word' id='word_1_916' title='bbox 3207 5191 3434 5264; x_wconf 68' lang='lat' dir='ltr'><strong>subjecti,</strong></span> <span class='ocrx_word' id='word_1_917' title='bbox 3462 5208 3583 5263; x_wconf 85' lang='lat' dir='ltr'><strong>pro-</strong></span> 
     </span>
    </p>
   </div>
   <div class='ocr_carea' id='block_1_113' title="bbox 2001 5281 3582 5346">
    <p class='ocr_par' dir='ltr' id='par_1_113' title="bbox 2001 5281 3582 5346">
     <span class='ocr_line' id='line_1_114' title="bbox 2001 5281 3582 5346; baseline -0.004 -2"><span class='ocrx_word' id='word_1_918' title='bbox 2001 5290 2137 5346; x_wconf 90' lang='lat' dir='ltr'><strong>fecto</strong></span> <span class='ocrx_word' id='word_1_919' title='bbox 2163 5304 2271 5343; x_wconf 74' lang='lat' dir='ltr'><strong>sum</strong></span> <span class='ocrx_word' id='word_1_920' title='bbox 2293 5286 2580 5340; x_wconf 88' lang='lat' dir='ltr'><strong>voluntatis</strong></span> <span class='ocrx_word' id='word_1_921' title='bbox 2603 5286 2726 5339; x_wconf 84' lang='lat' dir='ltr'><strong>vitio</strong></span> <span class='ocrx_word' id='word_1_922' title='bbox 2750 5301 2854 5338; x_wconf 89' lang='lat' dir='ltr'><strong>non</strong></span> <span class='ocrx_word' id='word_1_923' title='bbox 2877 5283 3185 5339; x_wconf 87' lang='lat' dir='ltr'><strong>credebant.</strong></span> <span class='ocrx_word' id='word_1_924' title='bbox 3215 5281 3330 5338; x_wconf 81' lang='lat' dir='ltr'><strong>Non</strong></span> <span class='ocrx_word' id='word_1_925' title='bbox 3357 5283 3496 5338; x_wconf 90' lang='lat' dir='ltr'><strong>enim</strong></span> <span class='ocrx_word' id='word_1_926' title='bbox 3525 5291 3582 5338; x_wconf 87' lang='lat' dir='ltr'><strong>ut</strong></span> 
     </span>
    </p>
   </div>
   <div class='ocr_carea' id='block_1_114' title="bbox 1999 5375 3579 5448">
    <p class='ocr_par' dir='ltr' id='par_1_114' title="bbox 1999 5375 3579 5448">
     <span class='ocr_line' id='line_1_115' title="bbox 1999 5375 3579 5448; baseline -0.004 -11"><span class='ocrx_word' id='word_1_927' title='bbox 1999 5389 2176 5437; x_wconf 90' lang='lat' dir='ltr'><strong>essent</strong></span> <span class='ocrx_word' id='word_1_928' title='bbox 2206 5379 2478 5445; x_wconf 84' lang='lat' dir='ltr'><strong>infideles,</strong></span> <span class='ocrx_word' id='word_1_929' title='bbox 2507 5377 2829 5448; x_wconf 70' lang='lat' dir='ltr'><strong>cogebantur</strong></span> <span class='ocrx_word' id='word_1_930' title='bbox 2869 5376 2924 5431; x_wconf 82' lang='lat' dir='ltr'><strong>in</strong></span> <span class='ocrx_word' id='word_1_931' title='bbox 2954 5376 3173 5442; x_wconf 88' lang='lat' dir='ltr'><strong>vitium;</strong></span> <span class='ocrx_word' id='word_1_932' title='bbox 3218 5376 3311 5432; x_wconf 89' lang='lat' dir='ltr'><strong>sed</strong></span> <span class='ocrx_word' id='word_1_933' title='bbox 3349 5375 3579 5432; x_wconf 87' lang='lat' dir='ltr'><strong>nolendo</strong></span> 
     </span>
    </p>
   </div>
   <div class='ocr_carea' id='block_1_115' title="bbox 2060 5533 3579 5598">
    <p class='ocr_par' dir='ltr' id='par_1_115' title="bbox 2060 5533 3579 5598">
     <span class='ocr_line' id='line_1_116' title="bbox 2060 5533 3579 5598; baseline -0.001 -10"><span class='ocrx_word' id='word_1_934' title='bbox 2060 5541 2077 5572; x_wconf 75' lang='grc' dir='ltr'><strong>ι</strong></span> <span class='ocrx_word' id='word_1_935' title='bbox 2102 5539 2175 5588; x_wconf 85' lang='lat' dir='ltr'><strong>sic</strong></span> <span class='ocrx_word' id='word_1_936' title='bbox 2194 5545 2299 5589; x_wconf 79' lang='lat' dir='ltr'><strong>Mss.</strong></span> <span class='ocrx_word' id='word_1_937' title='bbox 2323 5536 2540 5587; x_wconf 83' lang='lat' dir='ltr'><strong>melioris</strong></span> <span class='ocrx_word' id='word_1_938' title='bbox 2559 5540 2704 5598; x_wconf 52' lang='lat' dir='ltr'><strong>uota.</strong></span> <span class='ocrx_word' id='word_1_939' title='bbox 2730 5540 2784 5584; x_wconf 81' lang='lat' dir='ltr'><strong>At</strong></span> <span class='ocrx_word' id='word_1_940' title='bbox 2804 5533 2918 5598; x_wconf 67' lang='grc' dir='ltr'><strong>βαι.</strong></span> <span class='ocrx_word' id='word_1_941' title='bbox 2940 5541 3041 5583; x_wconf 78' lang='lat' dir='ltr'><strong>Am.</strong></span> <span class='ocrx_word' id='word_1_942' title='bbox 3069 5539 3122 5584; x_wconf 92' lang='lat' dir='ltr'><strong>et</strong></span> <span class='ocrx_word' id='word_1_943' title='bbox 3141 5540 3248 5585; x_wconf 73' lang='lat' dir='ltr'><strong>Bm</strong></span> <span class='ocrx_word' id='word_1_944' title='bbox 3272 5542 3373 5587; x_wconf 83' lang='lat' dir='ltr'><strong>Non</strong></span> <span class='ocrx_word' id='word_1_945' title='bbox 3393 5533 3508 5598; x_wconf 79' lang='lat' dir='ltr'><strong>quia</strong></span> <span class='ocrx_word' id='word_1_946' title='bbox 3526 5549 3579 5586; x_wconf 82' lang='grc' dir='ltr'>ιη</span> 
     </span>
    </p>
   </div>
   <div class='ocr_carea' id='block_1_116' title="bbox 1994 5594 3578 5662">
    <p class='ocr_par' dir='ltr' id='par_1_116' title="bbox 1994 5594 3578 5662">
     <span class='ocr_line' id='line_1_117' title="bbox 1994 5594 3578 5662; baseline -0.002 -11"><span class='ocrx_word' id='word_1_947' title='bbox 1994 5599 2176 5662; x_wconf 67' lang='lat' dir='ltr'><strong>illoest</strong></span> <span class='ocrx_word' id='word_1_948' title='bbox 2431 5604 2572 5662; x_wconf 78' lang='lat' dir='ltr'><strong>atque</strong></span> <span class='ocrx_word' id='word_1_949' title='bbox 2593 5594 3147 5662; x_wconf 65' lang='lat' dir='ltr'><strong>volurglatisponcursus.</strong></span> <span class='ocrx_word' id='word_1_950' title='bbox 3175 5605 3318 5662; x_wconf 84' lang='lat' dir='ltr'><strong>Lov._:</strong></span> <span class='ocrx_word' id='word_1_951' title='bbox 3342 5594 3441 5648; x_wconf 64' lang='lat' dir='ltr'><strong>n&#39;o&#39;n</strong></span> <span class='ocrx_word' id='word_1_952' title='bbox 3465 5598 3578 5662; x_wconf 86' lang='lat' dir='ltr'><strong>quia</strong></span> 
     </span>
    </p>
   </div>
   <div class='ocr_carea' id='block_1_117' title="bbox 1994 5653 3578 5725">
    <p class='ocr_par' dir='ltr' id='par_1_117' title="bbox 1994 5653 3578 5725">
     <span class='ocr_line' id='line_1_118' title="bbox 1994 5653 3578 5725; baseline -0.001 -14"><span class='ocrx_word' id='word_1_953' title='bbox 1994 5659 2153 5711; x_wconf 82' lang='lat' dir='ltr'><strong>nullus</strong></span> <span class='ocrx_word' id='word_1_954' title='bbox 2175 5665 2242 5712; x_wconf 82' lang='lat' dir='ltr'><strong>est</strong></span> <span class='ocrx_word' id='word_1_955' title='bbox 2265 5653 2466 5710; x_wconf 72' lang='lat' dir='ltr'><strong>hminis</strong></span> <span class='ocrx_word' id='word_1_956' title='bbox 2486 5653 2626 5725; x_wconf 76' lang='lat' dir='ltr'><strong>atque</strong></span> <span class='ocrx_word' id='word_1_957' title='bbox 2657 5653 2906 5710; x_wconf 77' lang='lat' dir='ltr'><strong>voluntatis</strong></span> <span class='ocrx_word' id='word_1_958' title='bbox 2926 5669 3112 5709; x_wconf 85' lang='lat' dir='ltr'><strong>cursus.</strong></span> <span class='ocrx_word' id='word_1_959' title='bbox 3139 5663 3242 5708; x_wconf 81' lang='lat' dir='ltr'><strong>Mss.</strong></span> <span class='ocrx_word' id='word_1_960' title='bbox 3268 5657 3363 5709; x_wconf 89' lang='lat' dir='ltr'><strong>duo</strong></span> <span class='ocrx_word' id='word_1_961' title='bbox 3379 5697 3391 5720; x_wconf 95' lang='lat'><strong>,</strong></span> <span class='ocrx_word' id='word_1_962' title='bbox 3419 5653 3578 5711; x_wconf 82' lang='lat' dir='ltr'><strong>volun-</strong></span> 
     </span>
    </p>
   </div>
   <div class='ocr_carea' id='block_1_118' title="bbox 1995 5729 3626 5858">
    <p class='ocr_par' dir='ltr' id='par_1_118' title="bbox 1995 5729 3626 5858">
     <span class='ocr_line' id='line_1_119' title="bbox 1995 5729 3626 5858; baseline 0 0"><span class='ocrx_word' id='word_1_963' title='bbox 1995 5729 2078 5858; x_wconf 54' lang='grc' dir='ltr'><strong>Ϊαί</strong></span> <span class='ocrx_word' id='word_1_964' title='bbox 2087 5730 2702 5858; x_wconf 45' lang='lat' dir='ltr'><strong>etcassum”</strong></span> <span class='ocrx_word' id='word_1_965' title='bbox 2715 5779 3143 5858; x_wconf 56' lang='lat' dir='ltr'><strong>atumem-</strong></span> <span class='ocrx_word' id='word_1_966' title='bbox 3162 5783 3342 5858; x_wconf 66' lang='grc' dir='ltr'><strong>,ςοάεει</strong></span> <span class='ocrx_word' id='word_1_967' title='bbox 3367 5795 3576 5858; x_wconf 68' lang='lat' dir='ltr'><strong>excusas</strong></span> <span class='ocrx_word' id='word_1_968' title='bbox 3624 5800 3626 5802; x_wconf 51' lang='grc' dir='ltr'><strong><em>ν</em></strong></span> 
     </span>
    </p>
   </div>
   <div class='ocr_carea' id='block_1_119' title="bbox 1993 5841 3576 5911">
    <p class='ocr_par' dir='ltr' id='par_1_119' title="bbox 1993 5841 3576 5911">
     <span class='ocr_line' id='line_1_120' title="bbox 1993 5841 3576 5911; baseline 0.001 -16"><span class='ocrx_word' id='word_1_969' title='bbox 1993 5847 2197 5911; x_wconf 75' lang='lat' dir='ltr'><strong>vaanii,</strong></span> <span class='ocrx_word' id='word_1_970' title='bbox 2213 5857 2289 5911; x_wconf 81' lang='lat' dir='ltr'><strong>an.</strong></span> <span class='ocrx_word' id='word_1_971' title='bbox 2314 5846 2430 5911; x_wconf 58' lang='lat'><strong>1947</strong></span> <span class='ocrx_word' id='word_1_972' title='bbox 2451 5859 2467 5911; x_wconf 61' lang='grc' dir='ltr'>ξ</span> <span class='ocrx_word' id='word_1_973' title='bbox 2488 5841 2692 5911; x_wconf 63' lang='lat' dir='ltr'><strong>Facilius</strong></span> <span class='ocrx_word' id='word_1_974' title='bbox 2708 5841 2902 5908; x_wconf 67' lang='lat' dir='ltr'><strong>possunt</strong></span> <span class='ocrx_word' id='word_1_975' title='bbox 2915 5841 3129 5907; x_wconf 71' lang='lat' dir='ltr'><strong>implere.</strong></span> <span class='ocrx_word' id='word_1_976' title='bbox 3156 5844 3206 5907; x_wconf 79' lang='lat' dir='ltr'><strong>si</strong></span> <span class='ocrx_word' id='word_1_977' title='bbox 3219 5844 3342 5895; x_wconf 75' lang='lat' dir='ltr'><strong>mim</strong></span> <span class='ocrx_word' id='word_1_978' title='bbox 3361 5859 3447 5911; x_wconf 87' lang='lat' dir='ltr'><strong>per</strong></span> <span class='ocrx_word' id='word_1_979' title='bbox 3463 5857 3576 5911; x_wconf 75' lang='lat' dir='ltr'><strong>gra~</strong></span> 
     </span>
    </p>
   </div>
   <div class='ocr_carea' id='block_1_120' title="bbox 1994 5905 3673 5980">
    <p class='ocr_par' dir='ltr' id='par_1_120' title="bbox 1994 5905 3673 5980">
     <span class='ocr_line' id='line_1_121' title="bbox 1994 5905 3673 5980; baseline -0.01 -19"><span class='ocrx_word' id='word_1_980' title='bbox 1994 5906 2427 5980; x_wconf 62' lang='lat' dir='ltr'><strong>tiamlea:_facilius</strong></span> <span class='ocrx_word' id='word_1_981' title='bbox 2449 5905 2844 5980; x_wconf 24' lang='lat' dir='ltr'><strong>impleti-tacte;</strong></span> <span class='ocrx_word' id='word_1_982' title='bbox 2870 5974 2905 5980; x_wconf 28' lang='grc' dir='ltr'><em>Δ</em></span> <span class='ocrx_word' id='word_1_983' title='bbox 3203 5905 3206 5907; x_wconf 78' lang='grc'><em>’</em></span> <span class='ocrx_word' id='word_1_984' title='bbox 3363 5905 3371 5911; x_wconf 88' lang='grc'><em>”</em></span> <span class='ocrx_word' id='word_1_985' title='bbox 3463 5905 3502 5946; x_wconf 28' lang='grc'><strong>⁷.</strong></span> <span class='ocrx_word' id='word_1_986' title='bbox 3663 5911 3673 5950; x_wconf 60' lang='grc' dir='ltr'>ς</span> 
     </span>
    </p>
   </div>
   <div class='ocr_carea' id='block_1_121' title="bbox 2055 5966 3064 6034">
    <p class='ocr_par' dir='ltr' id='par_1_121' title="bbox 2055 5966 3064 6034">
     <span class='ocr_line' id='line_1_122' title="bbox 2055 5966 3064 6034; baseline 0 -16"><span class='ocrx_word' id='word_1_987' title='bbox 2055 5969 2127 6034; x_wconf 89' lang='lat' dir='ltr'><strong>(a)</strong></span> <span class='ocrx_word' id='word_1_988' title='bbox 2151 5966 2250 6020; x_wconf 67' lang='lat' dir='ltr'><strong>vidi</strong></span> <span class='ocrx_word' id='word_1_989' title='bbox 2266 5981 2426 6032; x_wconf 85' lang='lat' dir='ltr'><strong>supra,</strong></span> <span class='ocrx_word' id='word_1_990' title='bbox 2452 5966 2592 6032; x_wconf 85' lang='lat' dir='ltr'><strong>epist.</strong></span> <span class='ocrx_word' id='word_1_991' title='bbox 2620 5968 2724 6028; x_wconf 72' lang='grc'><strong>156,</strong></span> <span class='ocrx_word' id='word_1_992' title='bbox 2743 5981 2791 6016; x_wconf 86' lang='grc' dir='ltr'>ιι.</span> <span class='ocrx_word' id='word_1_993' title='bbox 2813 5966 2844 6016; x_wconf 78' lang='lat'><strong><em>2</em></strong></span> <span class='ocrx_word' id='word_1_994' title='bbox 2861 5974 2912 6018; x_wconf 82' lang='lat' dir='ltr'><strong>et</strong></span> <span class='ocrx_word' id='word_1_995' title='bbox 2926 5975 3064 6031; x_wconf 73' lang='lat' dir='ltr'><strong>seqq.</strong></span> 
     </span>
    </p>
   </div>
  </div>
