4120 6358
457 550 557 608 831

460 663 703 727 credere,
733 655 1058 716 infidelitatis
1085 650 1306 708 crimine
1328 660 1433 701 non
1460 640 1732 700 carebant.
1767 636 1833 690 Et
1860 643 2039 688 tamen

463 756 588 826 quia
615 753 878 814 voluntas,
900 757 957 802 ut
983 744 1048 800 ad
1070 757 1192 798 vera
1214 735 1474 794 credenda
1498 739 1786 794 moveatur,
1812 741 1918 781 non
1942 722 2041 777 sibi

463 819 678 911 sufficit,
712 845 809 899 nisi
841 857 934 912 per
959 838 1181 910 gratiam
1206 835 1343 887 Deus
1366 827 1672 898 opituletur,
1701 823 1910 876 dicente
1930 819 2044 887 ipso

464 941 692 997 Domino
722 951 840 992 cum
884 933 948 987 de
995 945 1099 984 non
1147 923 1482 982 credentibus
1511 920 1815 988 loqueretur
1838 954 1852 978 ,
1882 908 2046 963 Nemo

465 1035 596 1089 venit
620 1033 688 1087 ad
710 1046 807 1092 me,
838 1026 934 1080 nisi
960 1024 1005 1078 ei
1032 1022 1205 1076 datum
1227 1017 1377 1090 fuerit
1402 1031 1432 1067 a
1456 1011 1611 1065 Patre
1635 1007 1894 1079 (Joanm,
1917 999 2044 1072 6(5);

465 1133 680 1196 propter
700 1121 802 1174 hoc
826 1125 880 1173 et
896 1113 1199 1185 Apostolus,
1229 1104 1470 1178 quamvis
1489 1102 1566 1157 eis
1593 1100 1849 1154 instanter
1872 1092 2049 1148 Evan-

464 1219 657 1290 gelium
685 1211 1030 1285 praedicaret,
1061 1218 1244 1276 parum
1275 1210 1452 1255 tamen
1481 1211 1602 1252 esse
1643 1190 1918 1256 credebat,
1946 1185 2048 1242 nisi

464 1325 563 1383 pro
587 1309 689 1363 illis
717 1311 874 1361 etiam
900 1308 1076 1356 oraret
1101 1307 1158 1351 ut
1185 1294 1499 1351 crederent:
1529 1288 1602 1343 ait
1625 1286 1786 1351 enim,
1820 1281 2045 1343 Fratres,

467 1371 596 1457 bona
619 1399 848 1454 voluntas
873 1393 1072 1465 quidem
1095 1387 1262 1443 cordis
1284 1385 1400 1450 mei,
1424 1391 1467 1437 et
1495 1377 1779 1450 deprecatio
1800 1374 1867 1427 ad
1885 1371 2050 1425 Deum

469 1495 527 1564 ﬁt
557 1509 647 1563 pro
675 1490 776 1544 illis
801 1489 853 1541 in
881 1462 1092 1540 salutem
1116 1497 1135 1546 ;
1172 1489 1226 1535 et
1254 1487 1378 1532 tunc
1398 1471 1635 1542 adiunxit
1663 1469 1748 1523 illa
1771 1481 1888 1537 qua:
1910 1462 2050 1517 dixi-

469 1600 588 1642 mus
612 1626 627 1648 ,
653 1578 1010 1636 Testimonium
1037 1574 1168 1628 enim
1195 1571 1298 1624 illis
1328 1565 1557 1640 perhibeo
1592 1561 1709 1632 quia
1753 1557 1916 1612 zelum
1957 1553 2050 1606 Dei

470 1676 672 1740 habent,
699 1672 786 1727 sed
812 1687 910 1724 non
939 1666 1210 1722 secundum
1236 1659 1512 1722 scientiam,
1540 1663 1644 1710 etc.
1675 1650 1898 1706 Oremus
1924 1660 2050 1717 ergo

468 1783 568 1840 pro
596 1767 716 1830 illis,
741 1772 922 1819 sancte
950 1760 1132 1815 frater.

539 1858 761 1917 CAPUT
787 1854 901 1912 XII.
926 1852 1106 1908 --39.
1147 1846 1335 1904 Cernis
1373 1842 1565 1914 quippe
1591 1838 1865 1894 nobiscum
1892 1848 2050 1904 quam

467 1953 609 2008 malo
647 1963 828 2004 errore
857 1951 1153 2001 teneantur.
1195 1938 1454 2008 Fragrant
1491 1932 1632 1988 enim
1671 1927 1909 2000 epistola:
1950 1935 2052 1979 tua:

469 2045 636 2100 odore
661 2038 1022 2097 sincerissimo
1045 2032 1263 2095 Christi,
1293 2029 1381 2084 ubi
1405 2022 1840 2098 germanissimus
1869 2017 2053 2089 grati-ee

469 2134 638 2210 ipsius
664 2135 887 2190 dilector
910 2140 964 2187 et
985 2129 1260 2185 confessor
1279 2135 1522 2194 appares.
1551 2117 1657 2174 Sed
1682 2113 1823 2186 quod
1851 2112 1943 2168 diu
1971 2119 2052 2168 te-

469 2247 593 2288 cum
619 2246 686 2286 ex
715 2229 813 2282 hac
833 2241 893 2281 re
919 2221 1240 2294 loquendum
1271 2217 1589 2288 putavimus,
1618 2211 1790 2282 primo
1818 2207 1939 2279 quia
1964 2205 2053 2276 iu-

473 2320 852 2379 cundissimum
897 2323 1018 2381 est,
1067 2312 1288 2368 fecimus
1329 2306 1492 2378 :quid
1545 2303 1689 2360 enim
1733 2300 1897 2355 debet
1937 2311 2056 2352 esse

468 2412 776 2487 jucundius,
807 2409 890 2463 vel
933 2406 1154 2461 infirmis
1197 2402 1364 2475 gratia
1401 2415 1500 2470 qua
1540 2402 1826 2460 sanantur,
1849 2392 1932 2447 vel
1976 2390 2059 2461 pi-

473 2483 584 2577 gris
621 2501 789 2574 gratia
828 2513 930 2569 qua
959 2496 1255 2552 excitantur
1276 2535 1289 2560 ,
1319 2491 1401 2546 vel
1435 2489 1739 2545 volentibus
1762 2483 1929 2556 gratia
1955 2497 2057 2553 qua

471 2596 768 2672 iuvantur?
807 2591 1018 2658 deinde,
1049 2597 1111 2645 ut
1135 2589 1179 2643 si
1207 2586 1329 2658 quid
1359 2593 1541 2640 nostra
1567 2579 1924 2650 disputatione
1947 2576 2058 2630 Deo

473 2670 754 2761 adiuvante
776 2697 1075 2756 possemus,
1103 2689 1211 2746 tua,
1241 2694 1349 2734 non
1378 2677 1510 2732 fides
1529 2717 1542 2742 ,
1571 2673 1666 2729 sed
1707 2670 1829 2726 fidei
1873 2677 2058 2725 contra

473 2760 608 2836 tales
633 2777 1038 2835 adminiculetur
1065 2772 1311 2838 assertio,
1334 2770 1471 2824 sicut
1492 2783 1590 2822 nos
1615 2779 1825 2836 quoque
1851 2763 1904 2817 in
1923 2760 2062 2816 hanc

476 2870 779 2932 facultatem
811 2879 914 2923 tua:
939 2861 1313 2922 Germanitatis
1339 2859 1532 2916 litteris
1561 2857 1890 2928 adiuvamur.

476 2996 478 3004 τ
549 2965 638 3019 40.
679 2961 816 3030 Quid
847 2959 988 3014 enim
1021 2948 1237 3013 uberius
1266 2962 1320 3009 et
1347 2949 1687 3008 veracissima
1728 2945 2064 3002 confessione

474 3057 704 3133 plenius,
728 3070 886 3127 quam
909 3051 1040 3107 illud
1063 3059 1144 3106 est
1167 3051 1217 3105 in
1239 3047 1466 3119 quadam
1488 3043 1707 3116 epistola
1730 3051 1837 3108 tua,
1857 3038 1946 3094 ubi
1967 3053 2066 3092 na-

477 3163 650 3210 turam
680 3157 912 3206 nostram
939 3161 1045 3201 non
1076 3144 1354 3207 mansisse,
1385 3149 1442 3195 ut
1475 3137 1688 3194 condita
1721 3142 1832 3198 est,
1861 3131 1954 3187 sed
1990 3131 2069 3185 vi-

478 3245 661 3299 tiatam
682 3255 801 3297 esse
815 3253 908 3310 per
930 3238 1075 3292 illum
1093 3234 1302 3306 generis
1321 3228 1534 3285 humani
1556 3236 1782 3298 patrem,
1802 3222 2070 3277 humiliter

479 3334 767 3408 deplorasti
783 3331 963 3387 dicens
980 3327 1209 3400 :Pauper
1220 3341 1310 3397 ego
1322 3332 1368 3378 et
1383 3321 1668 3391 dolens,qui
1683 3317 1848 3371 adhuc
1864 3324 2071 3369 terrena:

478 3426 714 3498 imaginis
739 3421 971 3494 squalore
999 3427 1258 3475 concretus
1286 3432 1414 3479 sum,
1433 3423 1478 3468 et
1505 3413 1620 3485 plus
1645 3412 1707 3466 de
1735 3414 1897 3483 primo
1919 3423 2071 3481 quam

485 3524 550 3578 de
579 3520 797 3576 secundo
827 3517 993 3572 Adam
1019 3513 1186 3568 carnis
1219 3508 1442 3566 sensibus
1469 3516 1512 3561 et
1543 3505 1749 3560 terrenis
1777 3505 1969 3558 actibus
1989 3518 2072 3555 re-

482 3616 612 3686 fero,
637 3608 885 3684 quomodo
907 3607 993 3661 tibi
1017 3605 1208 3659 audebo
1233 3619 1312 3656 me
1337 3601 1562 3672 pingere,
1579 3613 1692 3651 cum
1713 3596 1922 3650 ctelestis
1942 3595 2073 3646 ima-

484 3706 616 3779 ginis
652 3703 904 3773 inﬁciator
934 3697 1111 3769 prober
1136 3694 1455 3764 corruptione
1475 3700 1670 3744 terrena
1691 3689 1715 3742 ?
1734 3686 1978 3756 Utrinque
1999 3703 2076 3740 me

485 3798 738 3856 concludit
759 3797 940 3867 pudor.
976 3791 1225 3846 Erubesco
1248 3789 1450 3859 pingere
1469 3783 1606 3856 quod
1623 3799 1736 3838 sum
1753 3798 1772 3847 ,°
1794 3797 1896 3834 non
1915 3780 2075 3832 audeo

486 3893 690 3963 pingere
719 3886 854 3959 quod
882 3901 983 3939 non
1003 3899 1115 3938 sum
1139 3898 1156 3934 :
1177 3881 1260 3934 odi
1280 3877 1416 3948 quod
1435 3892 1544 3931 sum
1559 3894 1578 3940 ;
1609 3883 1652 3928 et
1680 3890 1779 3926 non
1806 3888 1920 3926 sum
1942 3870 2078 3941 quod

485 3962 619 4038 amo.
653 3981 758 4037 Sed
785 3977 908 4051 quid
935 3975 1114 4029 misero
1135 3971 1257 4026 mihi
1289 3967 1510 4041 proderit
1541 3965 1708 4019 odisse
1736 3962 2070 4033 iniquitatem,

487 4086 532 4130 et
557 4062 729 4128 amare
756 4071 1025 4133 virtutem;
1055 4080 1171 4119 cum
1197 4061 1249 4116 id
1277 4062 1442 4132 potius
1485 4073 1632 4130 agam
1664 4053 1799 4128 quod
1841 4053 1953 4118 odi,
1989 4067 2078 4106 nec

488 4169 737 4225 elaborem
765 4165 906 4237 piger
929 4161 984 4215 id
1015 4160 1180 4232 potius
1209 4171 1357 4228 agere
1387 4151 1521 4224 quod
1547 4166 1661 4204 amo
1687 4150 1713 4204 .9
1737 4145 1860 4218 Ipse
1886 4146 2078 4200 discors

489 4273 534 4319 et
561 4259 794 4316 intestino
818 4255 948 4311 bello
989 4251 1244 4307 distrahor
1263 4290 1276 4314 ,
1306 4247 1427 4300 dum
1452 4242 1658 4314 spiritus
1686 4239 1924 4293 adversus
1964 4253 2079 4290 car—

491 4371 635 4418 nem,
663 4368 781 4405 caro
809 4348 1050 4402 adversus
1092 4342 1328 4413 spiritum
1371 4335 1616 4399 dimicat,
1650 4341 1694 4386 et
1740 4331 1822 4385 lex
1855 4329 2080 4399 corporis

489 4447 599 4516 lege
622 4441 810 4516 peccati
836 4441 994 4508 legem
1019 4435 1197 4489 mentis
1224 4433 1510 4500 impugnat.
1552 4423 1748 4495 Infelix
1771 4439 1890 4495 ego,
1918 4421 2003 4490 qui
2027 4421 2081 4473 in

491 4551 573 4590 me
600 4539 896 4588 uenenatum
931 4526 1149 4580 inimica:
1178 4520 1372 4574 arboris
1401 4527 1605 4590 gustum
1631 4532 1718 4569 nec
1753 4513 1914 4568 crucis
1943 4512 2080 4582 ligno

493 4623 678 4699 digessi
703 4623 724 4677 !
761 4619 925 4674 Durat
951 4617 1083 4671 enim
1108 4613 1230 4668 mihi
1255 4609 1384 4665 illud
1405 4626 1494 4679 per
1519 4608 1683 4662 Adam
1714 4608 1730 4638 ί
1757 4606 1890 4659 virus
1914 4613 2082 4674 pater-

495 4735 620 4774 num
639 4759 653 4785 ,
677 4732 774 4788 quo
806 4711 1174 4768 universitatem
1209 4705 1403 4778 generis
1441 4703 1519 4758 sui
1546 4710 1688 4774 pater
1728 4698 2083 4768 praevaricatus

493 4813 666 4885 infecit
696 4808 993 4880 (Paulinus,
1019 4805 1072 4858 in
1103 4801 1269 4873 Epist.
1295 4800 1328 4854 8
1348 4841 1361 4862 ,
1385 4797 1451 4851 ad
1474 4790 1745 4860 Severum)
1769 4810 1782 4847 :
1812 4799 1866 4846 et
1890 4801 2081 4844 caetera

495 4921 613 4977 qua:
638 4903 705 4958 de
732 4902 832 4957 hac
860 4897 1074 4954 miseria
1118 4893 1280 4948 multa
1317 4887 1591 4945 connectis
1616 4888 1636 4917 ²
1666 4881 2078 4955 ingemiscendo,

495 5003 811 5067 exspectans
840 4986 1260 5058 redemptionem
1284 4979 1520 5051 corporis
1542 4977 1638 5043 tui,
1668 4983 1722 5030 et
1745 4974 1979 5029 nondum
2003 4988 2082 5040 re,

497 5064 710 5159 sed—spe
741 5085 942 5140 salvum
973 5090 1022 5136 te
1044 5093 1164 5133 esse
1192 5069 1711 5144 cognoscens(Rom.
1730 5064 2082 5135 vm,25,2i).

570 5183 660 5238 41.
702 5177 806 5234 Sed
830 5173 1072 5231 fortassis
1099 5180 1151 5225 tu
1177 5169 1339 5223 alium
1368 5168 1419 5221 in
1449 5175 1500 5220 te
1529 5161 1938 5233 transfigurasti,
1963 5173 2084 5213 cum

497 5287 616 5343 hate
644 5285 868 5344 diceres,
899 5292 997 5332 nec
1020 5274 1224 5344 aliquas
1251 5269 1316 5325 de
1359 5279 1518 5321 carne
1554 5260 1966 5328 concupiscente
1995 5254 2088 5308 ad-

496 5391 684 5435 versus
713 5373 978 5445 spiritum,
998 5363 1239 5438 quamvis
1261 5360 1310 5416 ei
1341 5374 1444 5414 non
1467 5354 1790 5416 consentias,
1817 5349 2088 5404 molestias

498 5473 831 5544 importunas
873 5459 1070 5531 pateris
1122 5463 1178 5512 et
1215 5453 1427 5509 odiosas
1457 5468 1470 5504 :
1499 5454 1864 5503 verumtamen
1908 5450 1962 5497 et
1995 5449 2082 5506 tu,

497 5576 555 5625 et
578 5536 837 5636 'quisquis
877 5555 991 5611 haec
1016 5551 1242 5622 patitur,
1264 5553 1318 5602 et
1335 5543 1558 5614 gratiam
1580 5536 1774 5594 Christi
1801 5551 1896 5606 per
1929 5548 2094 5604 quam,

499 5663 568 5718 de
594 5670 818 5729 corpore
849 5649 1038 5708 mortis
1062 5644 1218 5714 hujus
1245 5639 1500 5696 liberetur
1529 5639 1820 5703 exspectat,
1854 5627 2086 5684 nondum

503 5722 716 5827 quidem
744 5746 1018 5803 evidenter
1045 5739 1098 5793 in
1129 5736 1327 5804 seipse,
1350 5729 1444 5784 sed
1475 5728 1527 5782 in
1569 5726 1658 5780 illo
1680 5724 1896 5778 homine
1922 5722 2090 5775 laten-

501 5822 584 5908 ter
610 5847 684 5904 ibi
712 5853 846 5909 erat,
877 5836 1090 5911 quando
1115 5833 1268 5890 cibus
1291 5829 1486 5885 vetitus
1515 5822 1847 5895 tangebatur,
1880 5825 1933 5873 et
1956 5830 2088 5870 cou-

571 5982 592 6016 ι
611 5979 740 6043 Apud
764 5976 1010 6028 Paulinum
1029 5971 1231 6043 legitur.
1251 5965 1312 6018 ab
1335 5963 1502 6015 Adam.

571 6050 594 6081 ³
745 6050 870 6102 tres,
893 6034 1122 6090 θωπείας.

1681 523 1739 578 S.
1781 509 2150 575 AUGUSTINI
2190 509 2494 565 EPISCOPI

3632 503 3740 562 852

2151 626 2441 696 cipiebatur
2468 625 2624 695 longe
2671 624 2882 694 lateque
2917 637 3013 694 per
3048 627 3269 676 cunctos
3306 617 3444 675 itura
3484 617 3736 688 perditio.

2151 719 2225 774 De
2250 719 2450 773 orando
2479 727 2654 771 autem
2671 758 2686 783 ,
2714 726 2766 771 et
2796 715 3081 786 gemitibus
3107 711 3396 784 flagitando
3423 711 3738 782 proficiendi

2151 829 2214 868 ac
2251 823 2395 868 recte
2431 811 2642 867 vivendi
2681 811 2976 882 adiutorio,
3005 824 3125 879 quae
3167 808 3256 862 tua
3294 821 3403 862 non
3431 805 3600 861 fervet
3625 805 3738 875 epi-

2153 907 2286 962 stola
2320 908 2380 960 ίῖ
2409 905 2532 976 quid
2563 913 2646 960 est
2691 905 2765 959 tui
2800 913 3286 975 quantumcumque
3322 899 3614 963 sermonis,
3643 897 3739 954 ubi

2153 1014 2259 1053 non
2299 999 2368 1054 sit
2391 1013 2633 1068 sparsum
2660 995 2987 1066 gemebunda
3011 994 3210 1066 pietate
3233 991 3377 1064 quod
3417 991 3471 1046 in
3498 990 3740 1045 oratione

2153 1094 2400 1156 dicimus,
2425 1090 2508 1146 Ne
2534 1107 2624 1145 nos
2646 1091 2836 1160 inferas
2864 1088 2916 1142 in
2942 1087 3266 1142 tentationem
3287 1082 3498 1157 (Matth.
3520 1097 3596 1147 vr,
3620 1079 3734 1151 15).

2155 1184 2382 1239 Invicem
2413 1184 2589 1253 itaque
2609 1196 2708 1236 nos
2733 1189 2787 1236 et
2813 1179 3153 1236 consolemur
3180 1175 3234 1231 in
3259 1174 3340 1230 his
3371 1173 3653 1239 omnibus,
3678 1179 3740 1227 et

2155 1275 2536 1340 exbortemur,
2578 1281 2632 1327 et
2680 1279 2933 1342 quantum
2975 1269 3065 1323 dat
3103 1266 3358 1322 Dominus
3404 1263 3736 1333 adiuvemus.

2153 1366 2282 1434 Qua:
2309 1375 2508 1431 autem,
2532 1372 2585 1418 et
2609 1363 2675 1418 dc
2694 1361 2887 1432 quibus
2908 1358 3236 1415 audierimus
3254 1365 3372 1427 qute
3393 1355 3619 1410 multum
3638 1352 3740 1408 do-
3779 1356 3787 1363 '

2154 1458 2326 1514 lemus
2355 1467 2408 1512 et
2450 1457 2600 1512 facile
2626 1456 2846 1512 credere
2875 1453 3154 1518 nolumus;
3185 1449 3367 1505 audiet
3403 1464 3434 1504 a
3469 1445 3740 1504 communi

2154 1552 2328 1608 amico
2353 1552 2615 1609 Sanctitas
2646 1561 2753 1620 tua,
2780 1565 2884 1620 quo
2914 1549 2966 1602 in
2994 1547 3087 1603 Dei
3113 1543 3478 1600 misericordia
3504 1557 3625 1598 cum
3649 1555 3740 1596 sa-

2155 1644 2264 1700 lute
2307 1655 2576 1700 remeante
2618 1656 2894 1714 speramus
2918 1654 3018 1695 nos
3054 1638 3124 1694 de
3163 1636 3410 1693 omnibus
3433 1634 3546 1689 fieri
3582 1647 3743 1706 posse

2155 1737 2502 1792 certissimos.

2167 1832 3739 1858 _______________________.

2437 1901 2524 1956 DE
2568 1896 3061 1965 SUBSEQUENTE
3108 1892 3461 1950 EPISTOLA.

2533 1991 2656 2065 (us.
2687 2008 2724 2047 ιι
2753 2005 3017 2046 nsrmcr.
3045 2003 3162 2043 cn.
3195 1983 3370 2058 χιιι.)

2231 2087 2306 2141 De
2349 2086 2614 2159 praesentia
2652 2084 2961 2155 Dei'scripsi
2990 2082 3203 2147 librant,
3237 2080 3322 2134 ubi
3344 2087 3514 2134 nostra
3539 2077 3749 2132 intentio

2159 2191 2334 2236 contra
2351 2180 2581 2235 heresim
2598 2178 2930 2250 Pelagianam
2951 2175 3166 2231 maxime
3188 2171 3383 2244 vigilat,
3402 2187 3502 2225 non
3517 2186 3752 2240 expresse

2161 2273 2473 2328 nominatam
2501 2287 2518 2324 :
2549 2269 2637 2325 sed
2664 2271 2716 2324 in
2743 2285 2802 2323 eo
2829 2268 2978 2322 etiam
3005 2265 3068 2321 de
3088 2263 3352 2336 prementia
3366 2271 3582 2327 naturae,
3604 2276 3752 2330 quem

2161 2365 2329 2421 Deum
2367 2380 2539 2419 verum
2579 2373 2626 2417 et
2665 2377 2915 2415 summum
2953 2359 3200 2425 dicimus,
3243 2365 3291 2410 et
3329 2355 3392 2408 de
3432 2351 3617 2423 templo
3641 2367 3752 2421 ejus

2163 2475 2369 2532 operose
2411 2474 2471 2512 ac
2509 2455 2757 2512 subtiliter
2796 2454 3098 2524 disputatur.
3148 2447 3250 2503 Hic
3285 2446 3410 2502 liber
3433 2445 3504 2499 sic
3528 2441 3704 2514 incipit
3733 2454 3755 2495 :

2170 2573 2191 2608 ι
2215 2553 2402 2608 Fateor
2425 2567 2532 2616 me,
2565 2552 2721 2621 frater
2745 2547 3062 2602 dilectissime
3089 2542 3347 2597 Dardane.
3374 2558 3394 2593 ι

2166 2641 3758 2686 _______________._____.

2625 2714 2716 2771 DE
2742 2709 3150 2770 PRESENTIA
3174 2708 3288 2764 DEI

2847 2826 3047 2884 LIBER
3062 2866 3079 2892 ,

2922 2935 3018 2975 SEU

2533 3035 2866 3094 EPISTOLA
2892 3028 3224 3089 CLXXXVII
3251 3031 3270 3052 ο
3296 3024 3390 3100 (a).

2172 3156 2463 3230 Respondet
2502 3154 2569 3208 ad
2610 3154 2736 3207 duas
2771 3148 3066 3221 quwstiones
3101 3140 3368 3205 Dardani,
3411 3134 3764 3206 interrogantis

2247 3225 2410 3321 primo
2446 3245 2507 3299 de
2535 3243 2762 3308 Christo,
2790 3236 3041 3310 quomodo
3070 3251 3202 3289 nunc
3230 3233 3283 3286 in
3305 3230 3428 3286 caelo
3452 3228 3545 3292 sit,
3570 3225 3657 3296 qui
3686 3225 3767 3278 la—

2249 3342 2381 3396 troni
2422 3341 2474 3393 in
2502 3353 2648 3392 cruce
2675 3333 2856 3389 dixerit
2900 3346 3012 3384 eum
3039 3342 3206 3381 secum
3232 3323 3323 3378 illo
3351 3320 3432 3374 die
3458 3318 3681 3390 futurum
3711 3316 3768 3368 in

2249 3432 2518 3499 paradiso;
2553 3443 2673 3482 num
2712 3429 2840 3496 forte
2872 3421 2989 3493 quia
3014 3417 3240 3473 Christus
3270 3413 3448 3482 ubique
3472 3408 3672 3474 existit,
3699 3422 3770 3460 an

2250 3527 2368 3598 quia
2400 3521 2664 3595 paradisus
2681 3519 2735 3571 in
2759 3514 2880 3570 cwlo
2906 3514 3032 3567 situs
3058 3519 3128 3564 est
3159 3523 3176 3562 :
3205 3503 3422 3560 secando
3442 3501 3504 3556 de
3524 3498 3764 3570 parvulis,

2251 3629 2420 3672 utrum
2457 3631 2560 3668 non
2582 3612 2746 3666 Deum
2774 3605 3029 3668 noverint,
3057 3601 3206 3656 etiam
3229 3599 3282 3652 in
3307 3605 3449 3650 utero
3475 3592 3766 3653 existentes,

2251 3707 2499 3781 siquidem
2531 3704 2756 3758 Joannes
2794 3699 2848 3753 in
2887 3704 3028 3750 utero
3061 3689 3328 3748 exsultavit
3356 3686 3423 3739 ad
3448 3679 3770 3754 prtesentiam

2251 3804 2427 3856 matris
2454 3794 2680 3851 Domini.

2251 3891 2406 3948 CAP.
2439 3882 2858 3943 PRIMUM.—L
2884 3879 3074 3934 Fateor
3095 3890 3202 3940 me,
3221 3871 3413 3926 fratrcr
3429 3862 3774 3922 dilectissime

2183 3983 2427 4041 Dardane
2458 3978 2535 4051 (b)
2556 4021 2570 4045 ,
2595 3973 2848 4031 illustrior
2871 3969 3001 4026 mihi
3022 3968 3073 4022 in
3098 3964 3354 4021 charitate
3376 3957 3774 4026 Christi,quam

2184 4080 2236 4135 in
2263 4077 2422 4147 huius
2449 4071 2628 4129 steculi
2654 4067 2908 4140 dignitate
2925 4104 2941 4131 ,
2974 4061 3163 4116 litteris
3189 4056 3292 4113 tuis
3319 4053 3519 4110 tardius
3543 4062 3771 4118 respon-

2184 4171 2326 4226 disse
2340 4146 2508 4239 rquam
2533 4161 2713 4218 debui.
2744 4157 2908 4227 Cujus
2931 4154 3007 4209 rei
3031 4164 3220 4207 causas
3246 4146 3443 4205 nollem
3465 4153 3737 4214 quaereres
3757 4179 3772 4205 ,

2185 4282 2254 4322 ne
2279 4260 2552 4320 molestius
2581 4271 2669 4312 me
2689 4255 2829 4309 feras
2855 4248 3052 4306 diutius
3072 4249 3413 4323 excusantem
3431 4277 3446 4301 ,
3467 4249 3628 4306 quam
3649 4247 3775 4303 per-

2187 4357 2352 4414 tulisti
2383 4353 2582 4410 tardius
2602 4345 2983 4405 rescribentem
3010 4355 3026 4405 ;
3058 4329 3180 4393 cum
3205 4347 3306 4404 ego
3325 4339 3378 4386 te
3403 4329 3583 4385 malim
3610 4323 3779 4378 offen-

2186 4449 2322 4506 sioni
2365 4460 2500 4502 mea:
2527 4440 2680 4496 facile
2705 4439 2977 4508 ignoscere
2995 4471 3011 4498 ,
3041 4440 3200 4499 quam
3225 4423 3294 4478 de
3321 4435 3440 4476 mea
3465 4416 3778 4474 defensione

2182 4542 2423 4615 judicare
2457 4555 2470 4593 :
2499 4541 2851 4607 quaecumque
2879 4526 2984 4580 illae
3011 4534 3187 4577 causae
3208 4514 3441 4580 fuerint,
3468 4509 3628 4567 crede
3654 4507 3779 4562 nul-

2187 4600 2298 4689 lum
2318 4631 2394 4687 tui
2421 4600 2560 4700 apud
2587 4641 2674 4680 me
2701 4635 2824 4679 esse
2846 4616 3082 4689 potuisse
3096 4616 3479 4679 contemptum.
3503 4603 3614 4658 lmo
3634 4600 3781 4656 enim

2187 4722 2524 4781 velocissime
2561 4714 2988 4785 rescripsissem,
3026 4707 3072 4761 si
3101 4715 3153 4760 te
3181 4697 3643 4770 contempsissem.
3672 4693 3782 4747 Nec

2188 4817 2350 4872 modo
2389 4813 2512 4885 quia
2560 4807 2775 4865 tandem
2813 4799 3096 4873 aliquando
3123 4792 3406 4864 rescripsi,
3439 4789 3560 4845 ideo
3589 4787 3780 4840 saltem

2190 4881 2421 4967 tandem-
2445 4901 2728 4974 aliquando
2769 4899 2986 4971 dignum
3029 4890 3229 4963 aliquid
3260 4898 3310 4944 te
3338 4887 3537 4941 lectore
3563 4881 3780 4936 molitus

2255 5027 2273 5058 ι
2295 5023 2442 5073 Edd.:
2468 5028 2615 5081 (mem
2647 5023 2740 5081 tua,
2756 5025 2851 5081 non
2885 5009 3050 5076 feriret
3079 4997 3616 5081 sequellas
3649 5003 3784 5056 uss,

2190 5061 2407 5154 quat-tuna
2416 5061 3009 5146 non‘vferbet,"idest'qute
3033 5061 3220 5121 ex'tuis
3238 5061 3472 5128 epistolis,
3497 5068 3592 5111 etc.

2253 5172 2273 5191 ‘
2296 5142 2612 5221 correctavad
2643 5177 2689 5212 a.
2715 5163 2798 5224 bg.
2833 5157 2900 5208 bl.
2927 5171 2982 5224 _c.
3021 5168 3092 5205 cc.
3117 5152 3168 5201 fl‘.
3194 5165 3244 5224 ξς.
3270 5163 3352 5224 gv.
3373 5148 3411 5224 ir.
3436 5160 3496 5224 ξι..⁸
3511 5158 3556 5224 ξ.
3574 5142 3784 5224 λαλῇ.

2191 5207 2841 5284 όιιοξῦἶιίνιῖῦῖγεξῦἧιῖὁὲίῐ.
2858 5207 3074 5285 quinque
3098 5229 3145 5264 v.
3170 5207 3223 5263 et
3243 5207 3302 5262 ad
3325 5207 3426 5260 Am.
3445 5207 3555 5256 Bad.
3574 5212 3650 5254 Er.
3671 5210 3785 5252 ιον.

2255 5318 2328 5382 (a)
2352 5316 2475 5382 Alias
2495 5315 2586 5382 57:
2614 5324 2722 5382 quge
2745 5314 2907 5357 autem
3042 5306 3165 5359 erat,
3187 5308 3317 5348 nunc
3337 5297 3389 5344 in
3411 5290 3684 5356 Appendice
3712 5296 3792 5337 est

2192 5381 2241 5431 6.
2259 5367 2560 5441 {scriptaisub
2579 5367 2795 5441 medium
2817 5382 2906 5441 an...
2920 5367 3029 5417 417.

2257 5415 2937 5516 (B'iliiiatii'gidii'féfé‘eﬁs
2957 5415 3076 5492 quas
3099 5425 3146 5474 in
3169 5423 3259 5471 hoc
3294 5421 3400 5469 viro
3435 5415 3652 5490 agnoscit
3675 5426 3788 5462 cum

2257 5504 2301 5516 ..
2375 5505 2384 5515 .
2425 5503 2437 5516 .
2547 5505 2640 5516 .-η
2674 5497 2942 5516 --_:............
2975 5487 3116 5516 natm:
3140 5485 3280 5516 Amne
3334 5480 3467 5516 illum
3491 5489 3647 5516 imum
3674 5487 3788 5516 esse

2194 5480 2645 5564 sublimi-dignitate
2662 5480 2946 5564 coniungas
2975 5480 3120 5560 animi
3138 5485 3308 5558 _dotes,
3334 5480 3468 5552 illum
3485 5480 3788 5564 esse

2196 5546 2774 5627 ﬁda-dumopr—eefectura
2787 5553 3039 5627 Galliarum
3060 5549 3302 5627 insignem
3315 5546 3435 5627 ,Acui.
3452 5546 3599 5589 etiam
3621 5546 3790 5606 litern-

2712 5599 3027 5693 qnmstionem
3050 5599 3390 5693 qpai‘ﬁdaiqpe
3423 5611 3555 5693 terr:
3585 5599 3793 5693 ιτωΒιὶς-

2504 5689 2513 5693 ·
2578 5687 2603 5693 -λ
2672 5683 2682 5693 ⁸
2761 5690 2768 5693 -
2863 5691 2874 5693 ς
2921 5689 3029 5693 νηςμ
3057 5683 3075 5693 ιι
3105 5672 3223 5693 mnu:
3393 5669 3440 5693 ς..
3551 5675 3662 5693 μνη
3708 5674 3785 5693 ,9.

2197 5663 2842 5748 ’ἕὶιδᾶξξιξ
2855 5663 3034 5748 annum
3055 5663 3368 5748 Chris‘tiq-il-i,
3393 5669 3443 5715 in
3473 5664 3579 5748 haec
3601 5663 3751 5748 Viginti!
3775 5674 3785 5707 :

2261 5721 2269 5738 1
2478 5721 2516 5736 ..
2542 5721 2613 5735 υ..
2644 5721 2824 5732 suam-
2858 5721 3033 5726 πη---

2205 5721 2685 5813 ἰᾜδὲξὲὧῗυιῆιξᾱθηθ
2699 5779 2712 5802 ,
2735 5740 3102 5813 Christianorum
3116 5721 3422 5813 ‘nobil‘i‘ssime
3443 5761 3457 5787 ,
3483 5731 3535 5774 et
3535 5721 3793 5813 Egiljg‘lill

2205 5785 2227 5802 ι
2249 5785 2283 5801 υ
2473 5785 2685 5797 ww..."
2739 5785 2988 5791 ν--.

2205 5836 2228 5866 ι
2248 5785 2641 5866 ἑιῖιῗῖειῗείυίδεὶηω
2660 5785 2715 5868 ,ί
2747 5813 2840 5855 etc.
2865 5807 2919 5850 Et
2945 5797 3210 5868 epistolam
3247 5792 3423 5868 finiens
3479 5785 3791 5868 ἓξὲξ-μω,

2205 5846 2229 5927 ἒ
2248 5846 2325 5928 ζ’ίῖ
2337 5846 2916 5936 ',°§'i‘r"éT6£{iféiuis§f{ue—,'
2944 5846 3014 5936 git"
3027 5846 3230 5932 duplicis
3252 5853 3567 5936 praefecturis
3582 5846 3792 5936 “longiore

2207 5908 2229 5990 ἒ
2250 5908 2930 5995 iii'éiiiiétb
2944 5908 3237 5981 bonos-ador,
3252 5908 3563 5968 tumultuaria
3581 5915 3632 5959 et
3648 5908 3792 5962 brevi

2206 5991 2582 6053 «lucubratione
2603 5991 2795 6044 dictavi.
2812 6006 2835 6035 ι
