4120 6358
374 564 493 606 sum
512 589 530 616 ,
554 555 609 605 et
635 546 777 619 quod
804 547 996 604 merito
1021 547 1223 618 possim
1250 555 1343 604 tuo
1371 548 1587 604 nomine
1612 557 1952 620 praenotare;

372 643 470 702 sed
515 643 809 699 rescribere
853 651 1135 714 utcumque
1176 643 1287 713 jam
1333 642 1532 709 malui,
1578 658 1737 713 quam
1767 643 1871 713 pati
1902 650 1960 697 et

376 734 511 789 hanc
539 743 780 790 aestatem
803 735 820 765 ¹
842 751 927 791 me
948 735 1103 806 hujus
1125 734 1287 791 ofﬁcii
1312 734 1552 790 debitore
1575 734 1821 790 transire.
1843 733 1959 790 Nec

374 835 459 879 tua
508 842 593 881 me
616 826 843 897 dignitas
871 827 1060 881 terruit
1086 826 1314 898 fecitque
1340 834 1675 882 cunctantem
1695 868 1711 893 ,
1736 840 1858 881 cum
1887 824 1960 880 sit

373 916 673 972 humanitas
699 926 782 972 tua
809 919 1012 989 gratior
1036 935 1193 989 quam
1223 919 1308 973 illa
1336 919 1654 989 suspectior.
1687 918 1794 975 Sed
1816 917 1959 974 unde

373 1019 424 1065 te
446 1011 612 1081 magis
631 1025 771 1075 amo,
797 1009 920 1066 hinc
941 1010 1208 1066 difficilius
1230 1010 1371 1067 unde
1385 1010 1643 1067 sufficiam
1665 1019 1824 1066 tanta:
1841 1010 1957 1065 avi-

371 1104 520 1158 ditati
550 1104 782 1174 religiosi
810 1105 885 1160 tui
911 1104 1111 1160 amoris
1141 1105 1373 1161 invenio.

439 1196 493 1250 9.
523 1196 635 1252 Ηιιε
659 1198 906 1265 accessit,
932 1197 1073 1269 quod
1096 1206 1288 1278 printer
1308 1206 1504 1253 mutua:
1521 1197 1793 1254 charitatis
1814 1197 1957 1253 ﬁam-

370 1302 511 1342 mam
532 1329 547 1354 ,
575 1303 678 1358 qua
705 1286 764 1342 ﬁt
793 1297 849 1342 ut
877 1289 1036 1343 etiam
1066 1284 1194 1357 eos,
1223 1305 1358 1360 quos
1384 1304 1654 1360 nunquam
1685 1290 1914 1345 vidimus
1935 1330 1952 1359 ,

371 1377 670 1450 diligamus,
701 1378 826 1434 dum
852 1394 946 1436 eos
972 1379 1166 1436 habere
1186 1382 1328 1450 quod
1359 1381 1627 1453 diligimus
1650 1381 1950 1449 credimus,

371 1470 458 1525 ubi
498 1485 583 1525 me
608 1470 790 1542 utique
818 1472 1159 1542 praevenisti,
1189 1473 1464 1544 fecistique
1494 1482 1551 1528 ut
1576 1490 1764 1529 verear
1790 1474 1842 1529 in
1870 1490 1955 1528 me

372 1560 543 1633 decipi
562 1563 866 1633 opinionem
886 1573 1048 1635 atque
1076 1566 1528 1635 exspectationem
1555 1574 1696 1620 tuam
1725 1584 1736 1619 :
1760 1575 1955 1636 praeter

370 1653 473 1711 hoc
495 1669 624 1727 ergo
650 1654 783 1712 mihi
815 1657 946 1713 tales
970 1658 1293 1729 quaestiones
1316 1658 1373 1712 in
1398 1667 1485 1713 tua
1510 1657 1735 1729 epistola
1761 1672 1953 1728 propo-

369 1746 542 1816 suisti,
568 1763 688 1818 quae
709 1749 755 1804 si
781 1763 811 1802 a
837 1748 1073 1819 quolibet
1094 1749 1377 1820 propositae
1396 1747 1591 1814 forent,
1614 1751 1722 1804 otio
1746 1764 1955 1819 quoque

373 1855 512 1908 meo,
540 1841 682 1911 quod
706 1841 836 1897 mihi
860 1841 1006 1909 deﬁt,
1032 1859 1139 1897 non
1169 1858 1389 1913 parvum
1418 1843 1687 1913 negotium
1709 1841 1952 1897 ﬁerent”.

370 1931 504 1987 Cum
542 1948 671 1989 vero
714 1933 809 1992 abs
844 1943 895 1989 te
924 1944 1314 2006 proponuntur,
1341 1935 1426 1989 cui
1457 1933 1716 2005 profunda
1741 1935 1954 1990 rimanti

368 2023 647 2080 solutionis
683 2040 868 2081 earum
907 2026 1217 2096 superﬁcies
1256 2041 1591 2097 nequaquam
1633 2036 1715 2081 sat
1755 2035 1857 2093 est,
1901 2035 1954 2081 et

372 2127 736 2187 proponuntur
778 2119 1185 2191 oceupatissimo
1210 2120 1541 2191 aliorumque
1568 2135 1813 2175 curarum
1839 2135 1955 2174 mo-

371 2211 510 2267 libus
532 2213 723 2269 vallato
746 2221 801 2269 et
827 2214 1116 2281 obstricto;
1148 2222 1252 2270 tuae
1279 2214 1575 2285 prudentiae
1602 2223 1684 2270 est
1707 2222 1760 2270 et
1783 2214 1952 2269 bene-

371 2307 613 2363 volentia:
650 2309 882 2379 cogitare
908 2324 1067 2379 quam
1104 2318 1156 2365 te
1182 2308 1445 2380 placidum
1477 2307 1672 2364 habere
1694 2306 1949 2374 debeam,

368 2399 454 2455 vel
474 2401 614 2472 quod
641 2400 731 2456 diu
757 2416 865 2456 non
895 2401 1182 2472 respondi,
1205 2402 1287 2457 vel
1309 2403 1353 2457 si
1379 2402 1536 2456 etiam
1576 2416 1717 2457 nunc
1736 2415 1833 2471 pro
1851 2410 1953 2454 tuae

370 2491 677 2548 intentionis
704 2492 1004 2565 granditate
1025 2509 1137 2549 non
1161 2492 1507 2568 respondero.
1892 2516 1895 2517 ν

439 2584 666 2641 CAPUT
699 2583 889 2642 ll.—'5.
910 2586 1116 2653 Quaeris
1133 2586 1305 2658 igitur,
1325 2585 1577 2642 Mediator
1597 2582 1695 2639 Dei
1716 2591 1761 2637 et
1786 2582 1952 2637 homi-

369 2696 491 2734 num
527 2679 674 2734 homo
717 2679 946 2736 Christus
973 2678 1124 2736 Jecur
1148 2680 1398 2752 quomodo
1429 2695 1562 2733 nunc
1589 2695 1697 2735 esse
1719 2677 1955 2732 credatur

367 2772 422 2827 in
448 2772 608 2840 creto,
640 2789 755 2828 cum
784 2773 1006 2845 pendens
1031 2774 1086 2828 in
1114 2774 1250 2845 ligno
1271 2816 1284 2841 ,
1308 2773 1508 2844 iamque
1538 2773 1806 2827 moriturus
1825 2813 1840 2839 ,
1873 2770 1953 2824 la-

367 2867 501 2921 troni
539 2867 758 2922 credenti
800 2868 981 2923 dixerit
1022 2883 1041 2922 :
1083 2864 1249 2921 Hodie
1284 2883 1477 2920 mecum
1514 2865 1611 2919 eris
1640 2866 1693 2918 in
1718 2864 1955 2935 paradiso

368 2958 519 3029 (Luc.
562 2976 721 3029 nni,
747 2961 860 3033 45).
891 2960 959 3016 Ει
986 2959 1110 3017 hinc
1138 2941 1362 3015 fortasse
1390 2956 1789 3029 intelligendum
1819 2956 1955 3013 dicis

367 3053 667 3124 paradisum
687 3094 704 3123 ,
747 3054 898 3126 quasi
926 3054 979 3109 in
1006 3054 1180 3125 aliqua
1206 3053 1326 3109 εωιὶ
1357 3061 1505 3123 parte
1530 3051 1759 3122 positum
1780 3090 1796 3118 ,
1825 3059 1950 3116 aut,

366 3146 489 3216 quia
536 3145 733 3218 ubique
779 3148 919 3202 Deus
945 3146 1047 3214 sit,
1072 3144 1345 3202 hominem
1372 3158 1583 3215 quoque
1608 3143 1755 3198 illum
1782 3142 1870 3213 qui
1900 3143 1953 3197 in

365 3238 478 3294 Deo
520 3238 589 3293 sit
631 3238 824 3310 ubique
869 3237 1159 3305 diffusum;
1204 3253 1268 3293 ex
1300 3238 1403 3292 hoc
1442 3236 1695 3291 nimirum
1724 3235 1950 3306 intelligi

367 3330 551 3387 volens
580 3331 740 3386 etiam
777 3329 833 3385 in
857 3330 1102 3401 paradiso
1127 3344 1248 3387 esse
1276 3327 1514 3399 potuisse
1536 3328 1625 3400 Qui
1646 3328 1840 3398 ubique
1863 3327 1951 3382 sit.

434 3423 490 3479 ι.
535 3421 633 3478 Ubi
675 3436 774 3493 ego
797 3437 978 3493 quaero
999 3462 1015 3488 ,
1047 3420 1133 3477 vel
1160 3420 1332 3491 potius
1360 3435 1591 3491 agnosco
1611 3418 1955 3490 quemadmo-

364 3513 492 3569 dum
537 3512 764 3585 aecipias
810 3511 1082 3569 hominem
1130 3512 1420 3569 Christum.
1459 3511 1576 3567 Non
1616 3511 1796 3582 utique
1819 3512 1956 3565 sicut

364 3607 579 3679 quidam
606 3606 840 3663 ἥσει-ειὶεί
859 3649 875 3674 ,
906 3606 1137 3664 Verbum
1169 3606 1261 3661 Dei
1282 3614 1336 3661 et
1356 3620 1595 3672 carnem,
1618 3604 1721 3659 hoc
1738 3603 1955 3659 estsine

364 3698 541 3754 anima
588 3698 855 3764 humana;
904 3707 960 3753 ut
992 3697 1222 3753 Verbum
1266 3706 1409 3752 esset
1437 3695 1584 3751 carui
1611 3710 1707 3765 pro
1731 3694 1906 3749 anima
1936 3710 1952 3750 :

364 3792 450 3847 vel
500 3791 729 3849 Verbum
776 3792 873 3848 Dei
919 3802 975 3848 et
1020 3792 1255 3846 animam
1296 3798 1353 3846 et
1393 3805 1645 3857 carnem,
1694 3787 1792 3844 sed
1837 3787 1954 3843 sine

362 3895 542 3941 mente
580 3886 844 3951 humana;
904 3893 963 3940 ut
1006 3883 1227 3940 verbum
1278 3881 1373 3938 Dei
1429 3890 1574 3938 esset
1617 3882 1808 3937 anima:
1857 3894 1954 3951 pro

363 3986 543 4034 mente
595 3979 824 4034 humana
853 3975 955 4050 (a).
982 3977 1097 4033 Non
1142 3977 1325 4047 utique
1352 3976 1430 4031 sic
1455 3976 1653 4045 accipis
1680 3974 1951 4030 hominem

361 4073 663 4141 Christum,
709 4073 805 4130 sed
851 4073 988 4127 sicut
1028 4070 1276 4140 superius
1322 4070 1529 4125 locutus
1574 4083 1668 4134 es,
1714 4069 1801 4124 ubi
1831 4067 1953 4136 aisti

362 4166 631 4223 Christum
668 4166 1087 4235 omnipotentem
1116 4164 1285 4218 Deum
1311 4177 1373 4217 ea
1406 4171 1456 4216 te
1486 4163 1694 4217 ratione
1720 4161 1952 4217 creduli-

361 4262 487 4316 tatis
511 4261 753 4330 accipere
771 4301 787 4327 ,
814 4268 873 4314 ut
895 4259 1061 4315 Deum
1091 4273 1197 4313 non
1222 4257 1472 4313 crederes
1492 4298 1506 4323 ,
1537 4257 1637 4310 nisi
1661 4256 1950 4325 perfectum

360 4354 522 4409 etiam
571 4352 841 4408 hominem
880 4350 1217 4407 credidisses.
1266 4349 1509 4405 Profecto
1546 4364 1667 4405 cum
1693 4349 1825 4404 dicis
1851 4349 1948 4405 ho-

361 4446 561 4501 minem
599 4446 889 4516 perfectum
909 4484 924 4512 ,
954 4440 1129 4499 totam
1157 4443 1263 4498 illic
1288 4450 1531 4497 naturam
1558 4441 1843 4495 humanam
1871 4442 1951 4497 vis

361 4539 581 4611 intelligi
615 4558 628 4594 :
661 4554 764 4594 non
795 4548 878 4594 est
907 4546 1083 4593 autem
1104 4536 1264 4592 homo
1289 4533 1575 4605 perfectus,
1600 4533 1645 4588 si
1664 4533 1749 4589 vel
1776 4534 1949 4587 anima

361 4631 533 4696 carni,
567 4631 652 4686 vel
679 4631 869 4685 animae
893 4630 991 4699 ipsi
1018 4643 1169 4683 mens
1195 4631 1425 4682 humana
1450 4625 1700 4681 defuerit.

430 4725 483 4781 5.
512 4724 567 4780 Si
595 4739 723 4795 ergo
746 4722 1037 4781 secundum
1062 4720 1336 4777 hominem
1366 4734 1525 4789 quem
1553 4717 1787 4774 Verbum
1812 4718 1950 4773 Deus

361 4818 626 4889 suscepit,
674 4827 924 4888 putamus
947 4815 1147 4871 dictum
1174 4829 1324 4881 esse,
1354 4811 1524 4869 Hodie
1548 4828 1740 4866 mecum
1768 4812 1867 4866 eris
1896 4812 1949 4865 in

362 4911 627 4983 paradiso,
659 4925 763 4966 non
792 4925 859 4967 ex
888 4908 970 4964 his
997 4908 1174 4964 verbis
1200 4908 1256 4963 in
1284 4906 1425 4963 coelo
1453 4906 1841 4963 existimandus
1870 4912 1952 4959 est

360 5021 479 5063 esse
512 5004 791 5076 paradisus
823 5022 835 5059 :
867 5018 1043 5075 neque
1069 5003 1212 5058 enim
1238 5003 1354 5072 ipso
1381 5000 1468 5056 die
1497 5002 1548 5055 in
1580 5001 1718 5056 caelo
1743 4998 1951 5054 futurus

360 5110 477 5157 erat
518 5100 680 5156 homo
718 5099 962 5156 Christus
1002 5097 1157 5155 Jesus
1190 5112 1206 5162 ;
1262 5095 1356 5152 sed
1399 5096 1452 5150 in
1500 5093 1707 5150 inferno
1754 5109 1951 5149 secun-

357 5194 485 5250 dum
535 5194 811 5260 animum,
856 5193 911 5248 in
963 5192 1209 5262 sepulcro
1263 5198 1440 5245 autem
1490 5188 1779 5245 secundum
1828 5204 1950 5243 car-

358 5303 501 5343 nem.
530 5287 601 5343 Et
636 5286 704 5343 de
742 5300 905 5343 carne
932 5283 1148 5355 quidem
1194 5282 1337 5355 quod
1374 5296 1440 5337 eo
1483 5281 1571 5337 die
1607 5283 1661 5337 in
1705 5282 1952 5351 sepulcro

358 5379 431 5435 sit
472 5380 676 5450 posita,
724 5375 1213 5433 manifestissimum
1261 5382 1343 5430 est
1385 5372 1731 5442 Evangelium
1765 5390 1777 5425 :
1809 5371 1951 5441 quod

360 5486 487 5527 vero
530 5471 621 5527 illa
666 5470 843 5526 anima
881 5468 936 5523 in
973 5465 1241 5523 infernum
1271 5464 1633 5530 descenderit,
1661 5464 1951 5532 apostolica

358 5563 601 5620 doctrina
646 5562 933 5635 praedicat;
979 5558 1411 5632 quandoquidem
1452 5556 1639 5612 beatus
1669 5556 1859 5611 Petrus
1884 5554 1951 5610 ad

425 5670 1564 5740 tmd,,wtatem.AtM_8§.sexdedmy_¢3§m'
1641 5728 1652 5740 .

423 5740 445 5771 ³
465 5740 556 5789 sic.
579 5728 684 5788 Mss.
702 5748 901 5788 omnes:
921 5736 1005 5786 ubi
1026 5741 1100 5784 Er.
1121 5740 1174 5784 et
1188 5728 1513 5794 bovibabent,
1524 5728 1652 5797 quod
1666 5728 1787 5781 mihi
1802 5728 1949 5793 deest,

360 5812 455 5852 non
473 5814 675 5865 parvum
695 5798 934 5865 negotium
954 5799 1185 5862 facerent.

361 5885 498 6009 lbig1)
520 5885 675 6002 angi
693 5920 709 5949 ,
733 5898 797 5937 ex
817 5882 905 5935 lib.
942 5882 1008 5935 de
1043 5881 1299 5946 Haesit»,
1321 5893 1367 5934 c.
1389 5880 1482 5945 49;
1514 5888 1565 5933 et
1584 5879 1950 5945 Apollinaristz,

461 5984 501 6016 .‘9
655 5988 669 6001 ⁸

1544 432 2031 493 EPISTOLARUM
2067 433 2338 496 CLASSIS
2375 438 2465 497 ill.

2065 551 2202 641 hanc
2237 569 2349 609 rem
2380 554 2744 613 testimonium
2771 557 2838 616 de
2863 560 3085 618 Psalmis
3111 563 3359 632 adhibet,
3386 568 3477 625 ubi
3508 587 3650 641 prte-

2064 640 2261 698 dictum
2285 660 2404 701 esse
2419 646 2768 716 demonstrat,
2800 650 3049 716 Quoniam
3074 672 3174 710 non
3198 640 3519 729 derelinquas
3529 665 3646 717 ani-

2062 752 2196 790 mam
2224 754 2384 793 meam
2412 740 2466 793 in
2490 742 2707 813 inferno,
2740 761 2895 814 neque
2918 746 3060 800 dabis
3085 758 3465 806 sanctumtuum
3481 756 3648 810 videre

2062 830 2433 899 corruptionem
2475 830 2612 902 (Act.
2655 850 2690 889 ll
2710 876 2724 901 ,
2766 835 2834 890 27
2854 878 2867 902 ,
2898 848 2944 891 et
2971 837 3117 893 Psal.
3149 857 3248 907 xv,
3283 843 3394 916 10).
3424 844 3557 899 illud
3584 846 3650 902 de

2060 919 2238 974 anima
2285 920 2483 977 dictum
2519 933 2633 992 est,
2677 927 2798 996 quia
2846 944 2951 984 non
2987 930 3056 985 ibi
3083 940 3164 987 est
3191 934 3473 1003 derelicta,
3508 916 3647 995 unde

2063 1020 2170 1068 tam
2198 1014 2305 1071 cito
2334 1017 2586 1071 remeavit
2614 1035 2629 1073 :
2657 1018 2784 1074 illud
2807 1020 2874 1076 de
2897 1038 3142 1093 corpore,
3166 1027 3305 1095 quod
3330 1028 3380 1081 in
3402 1031 3649 1099 sepulcro

2060 1110 2326 1179 corrumpi
2368 1111 2530 1165 celeri
2567 1115 2955 1171 resurrectione
2997 1134 3101 1172 non
3131 1122 3315 1188 potuit.
3347 1120 3450 1176 Sed
3478 1123 3530 1176 in
3559 1138 3646 1179 se-

2060 1200 2245 1270 pulcro
2295 1202 2596 1271 paradisum
2650 1205 2826 1260 nullus
2872 1206 3131 1277 intelligit.
3182 1212 3248 1266 Et
3290 1214 3334 1268 si
3369 1214 3645 1289 quisquam

2050 1303 2207 1359 esset
2228 1294 2297 1348 ita
2322 1294 2586 1351 absurdus
2604 1338 2619 1364 ,
2647 1306 2705 1352 ut
2729 1299 2831 1354 hoc
2853 1315 3040 1370 sapere
3065 1314 3347 1387 conaretur
3369 1347 3384 1373 ,
3415 1322 3479 1361 eo
3503 1307 3645 1376 quod

2058 1385 2189 1440 illud
2216 1388 2519 1455 sepulcrum
2549 1390 2601 1444 in
2630 1390 2783 1446 horto
2807 1401 2947 1460 erat;
2976 1405 3121 1451 certe
3151 1385 3274 1452 hinc
3301 1398 3369 1453 ab
3399 1400 3495 1454 ista
3523 1402 3642 1469 opi-

2058 1480 2219 1534 nione
2257 1491 2623 1549 revocaretur,
2669 1486 2810 1554 quod
2846 1487 2934 1541 ille
2972 1490 3055 1543 cui
3099 1490 3298 1545 dictum
3334 1493 3647 1561 est,‘Hodie

2058 1586 2253 1624 mecum
2292 1572 2391 1626 eris
2417 1573 2472 1627 in
2497 1574 2733 1644 paradiso
2755 1617 2768 1639 ,
2802 1593 2907 1632 non
2935 1580 3026 1635 illo
3051 1581 3138 1637 die
3167 1581 3264 1637 fuit
3288 1600 3408 1637 cum
3433 1584 3645 1643 Christo

2057 1663 2111 1717 in
2135 1663 2226 1719 illo
2253 1666 2498 1735 sepulcro
2517 1685 2531 1721 :
2550 1683 2649 1722 nec
2664 1668 2779 1738 ejus
2791 1670 2912 1725 ﬁdei
2932 1688 3025 1741 pro
3042 1689 3233 1745 magno
3247 1692 3466 1733 munere
3485 1680 3645 1733 offer-

2057 1764 2206 1809 retur
2227 1758 2494 1827 sepultura
2521 1761 3047 1833 carnis,ni-hilgandii
3068 1767 3149 1822 vel
3181 1767 3444 1831 dolorisin
3473 1784 3644 1826 morte

2057 1847 2333 1903 sentientis
2352 1890 2369 1916 ,
2414 1864 2534 1905 cum
2579 1852 2669 1907 ille
2685 1852 2750 1907 de
2767 1855 2948 1924 requie
2962 1857 3049 1911 ubi
3068 1872 3255 1913 sensus
3270 1871 3349 1915 est
3371 1861 3643 1931 cogitaret.

2129 1938 2182 1993 6.
2229 1940 2415 1996 liestat
2452 1942 2611 2013 igitur
2639 1953 2694 1998 ut
2714 1987 2727 2011 ,
2757 1946 2802 2002 si
2831 1950 3124 2005 secundum
3155 1952 3419 2008 hominem
3448 1954 3645 2009 dictum

2057 2039 2141 2085 εει
2164 2071 2177 2095 ,
2213 2031 2380 2087 Hodie
2409 2050 2602 2088 mecum
2629 2037 2726 2091 eris
2754 2038 2805 2091 in
2837 2041 3073 2109 paradiso
3093 2082 3107 2107 ,
3138 2042 3193 2096 in
3218 2043 3424 2098 inferno
3452 2046 3648 2101 intelli-

2056 2132 2211 2192 gatur
2243 2136 2363 2177 esse
2410 2126 2718 2195 paradisus,
2766 2128 2852 2183 ubi
2889 2143 3005 2185 erat
3028 2147 3095 2185 eo
3117 2132 3201 2187 die
3226 2132 3432 2189 futurus
3453 2152 3645 2191 secuno

2036 2213 2184 2277 dum
2225 2212 2508 2269 humanam
2538 2218 2769 2272 animam
2798 2218 3057 2276 Christus.
3090 2222 3274 2278 Utrum
3300 2234 3473 2280 autem
3500 2229 3648 2285 sinus

2058 2305 2148 2359 ille
2172 2306 2429 2373 Abrahae,
2458 2308 2547 2363 ubi
2572 2310 2720 2365 dives
2749 2312 2942 2381 impius
2968 2330 3087 2368 cum
3114 2315 3167 2369 in
3200 2321 3476 2373 tormentis
3502 2330 3647 2376 esset

2058 2396 2287 2462 inferni,
2328 2400 2752 2469 requiescentem
2797 2419 3082 2474 pauperem
3114 2407 3270 2473 vitlit,
3305 2409 3390 2464 vel
3416 2411 3648 2479 paradisi

2057 2490 2357 2545 censendus
2399 2492 2691 2559 vocabulo,
2738 2495 2820 2549 vel
2854 2495 2920 2549 ad
2950 2495 3147 2551 inferos
3173 2499 3439 2567 pertinere
3461 2503 3647 2557 existi-

2058 2583 2282 2637 mandus
2310 2585 2415 2647 sit,
2448 2601 2551 2639 nun
2583 2586 2734 2641 facile
2769 2586 3011 2641 dixerim.
3043 2590 3118 2644 De
3150 2590 3241 2644 illo
3269 2593 3463 2663 quippe
3485 2594 3650 2651 divite

2058 2677 2282 2748 legimus
2310 2678 2507 2733 dictum
2535 2696 2674 2745 esse,
2704 2680 2941 2736 Mortuus
2965 2693 3037 2737 est
3060 2694 3226 2739 autem
3251 2696 3296 2739 et
3317 2687 3471 2753 dives,
3505 2698 3549 2741 et
3568 2706 3648 2742 se-

2058 2770 2231 2841 pultus
2250 2781 2322 2825 est
2343 2772 2394 2825 in
2425 2772 2620 2842 inferno
2643 2788 2664 2837 ;
2693 2784 2766 2841 et,
2798 2793 2911 2829 cum
2940 2779 3077 2846 apud
3099 2778 3287 2848 inferos
3313 2781 3365 2834 in
3388 2785 3646 2838 tormentis

2058 2872 2202 2916 esset.
2255 2862 2311 2918 in
2359 2867 2602 2935 pauperis
2641 2876 2817 2922 autem
2859 2880 3031 2923 morte
3073 2871 3157 2926 vel
3178 2872 3367 2941 requie
3390 2890 3495 2931 non
3523 2886 3649 2932 sunt

2058 2954 2214 3009 inferi
2264 2957 2517 3011 nominati
2547 2975 2560 3011 :
2588 2958 2681 3014 sed
2702 3001 2716 3024 ,
2748 2958 2997 3032 Contigit,
3034 2962 3230 3033 inquit,
3275 2966 3401 3019 mori
3436 2968 3641 3038 inopem

2042 3046 2231 3119 illam,
2277 3058 2324 3102 et
2360 3049 2552 3119 auferri
2586 3051 2648 3103 ab
2678 3050 2882 3122 Angelis
2910 3053 2962 3107 in
2987 3054 3152 3108 sinum
3180 3056 3414 3111 Abraltw.
3446 3058 3646 3114 Deinde

2057 3138 2266 3193 ardenti
2310 3140 2457 3194 diviti
2495 3141 2625 3196 dicit
2664 3142 2930 3197 Abraham
2954 3186 2968 3212 ,
3020 3144 3161 3200 Inter
3190 3164 3279 3200 nos
3311 3158 3354 3201 ct
3381 3165 3465 3203 vos
3492 3150 3643 3205 chaos

2058 3245 2298 3300 magnum
2325 3232 2580 3300 [innatant
2609 3243 2680 3288 est
2708 3233 2859 3305 (Luc.
2891 3251 2975 3289 xvr
2997 3275 3012 3300 ,
3039 3236 3232 3309 22-96)
3263 3257 3277 3294 :
3303 3246 3546 3310 tanquam
3571 3243 3650 3296 in-

2059 3331 2140 3378 ter
2185 3323 2384 3379 inferos
2423 3325 2684 3397 sedesque
2730 3327 3029 3383 beatorum.
3058 3329 3173 3385 Non
3204 3332 3345 3386 enim
3373 3332 3525 3389 facile
3546 3335 3646 3388 ali-

2058 3417 2181 3473 cubi
2220 3418 2610 3490 Scripturarum
2649 3422 2938 3477 inferorum
2975 3440 3166 3480 nomen
3191 3427 3418 3496 positum
3444 3430 3651 3485 inveni-

2059 3517 2146 3563 tur
2182 3509 2234 3563 in
2264 3509 2424 3567 bono.
2460 3511 2608 3568 Unde
2634 3513 2793 3568 etiam
2824 3515 2989 3585 quaeri
3015 3516 3187 3583 solet,
3221 3517 3266 3571 si
3294 3522 3502 3575 nonnisi
3526 3537 3648 3592 poe-

2060 3601 2198 3656 nalia
2242 3611 2387 3657 recte
2429 3603 2796 3674 intelliguntur
2840 3605 3073 3674 inferna,
3115 3611 3381 3678 quomodo
3408 3613 3638 3669 animam

2059 3694 2267 3749 Domini
2313 3692 2511 3750 Christi
2553 3697 2640 3765 pie
2681 3696 2961 3753 credamus
3000 3697 3162 3755 fuisse
3202 3700 3258 3755 in
3288 3702 3511 3759 inferno.
3542 3704 3645 3761 Sed

2056 3787 2195 3844 bene
2219 3789 2572 3859 respondetur
2594 3790 2716 3846 ideo
2736 3792 3100 3861 descendisse,
3126 3803 3183 3849 ut
3204 3796 3395 3865 quibus
3415 3799 3651 3867 oportuit

2058 3881 2364 3937 subveniret
2390 3900 2403 3936 :
2432 3881 2570 3938 unde
2592 3882 2778 3938 beatus
2798 3883 2986 3939 Petrus
3011 3900 3131 3941 eum
3153 3885 3281 3963 dicit
3309 3888 3531 3944 solvisse
3551 3888 3650 3963 do—

2058 3973 2202 4030 lores
2244 3974 2467 4041 inferni,
2509 3975 2562 4030 in
2602 3976 2792 4046 quibus
2825 3978 3151 4047 impossibile
3186 3961 3299 4034 erat
3329 3981 3497 4037 teneri
3524 3961 3645 4037 eum

2059 4062 2195 4136 (Act.
2240 4082 2311 4133 ιι,
2348 4065 2464 4136 24).
2501 4066 2667 4120 Porro
2699 4068 2746 4121 si
2778 4079 3001 4138 utraque
3024 4070 3173 4139 regio
3201 4079 3257 4125 et
3280 4070 3568 4128 dolentium
3594 4082 3650 4129 et

2057 4155 2502 4224 requiescentium
2523 4195 2538 4220 ,
2571 4155 2622 4209 id
2649 4165 2760 4223 est,
2787 4166 2842 4212 et
2864 4159 2952 4214 ubi
2982 4159 3131 4215 dives
3157 4160 3246 4215 ille
3267 4162 3643 4237 torquebatur,

2056 4256 2112 4302 ει
2140 4248 2225 4303 ubi
2252 4262 2450 4318 pauper
2472 4248 2559 4303 ille
2578 4248 2858 4304 laetabatur
2876 4293 2889 4317 ,
2919 4251 2972 4306 in
3000 4251 3209 4312 inferno
3235 4238 3353 4310 esse
3378 4257 3641 4313 credenda

2056 4350 2175 4405 est;
2206 4340 2338 4409 jquis
2377 4339 2567 4395 audeat
2593 4339 2772 4397 dicere
2798 4342 3079 4399 Dominum
3109 4344 3289 4401 Jesum
3320 4348 3385 4402 ad
3413 4349 3647 4418 pmnales

2055 4431 2248 4487 inferni
2298 4443 2475 4502 partes
2523 4434 2734 4491 venisse
2762 4436 3128 4513 tantummodo
3147 4480 3162 4507 ,
3191 4454 3289 4494 nec
3316 4439 3478 4496 fuisse
3505 4441 3645 4511 apud

2055 4540 2149 4580 eos
2187 4525 2313 4595 quid
2337 4527 2387 4580 in
2414 4526 2641 4582 Abraha:
2662 4528 2781 4584 sinu
2803 4530 3183 4600 requiescunt?
3207 4532 3302 4588 Ubi
3325 4533 3368 4588 si
3392 4532 3507 4600 fuit,
3533 4534 3647 4603 ipse

2055 4626 2136 4674 est
2179 4619 2555 4691 intelligendus
2594 4622 2870 4691 paradisus
2904 4639 3061 4693 quem
3091 4624 3311 4679 latronis
3336 4625 3526 4681 animae
3554 4626 3645 4681 illo

2054 4714 2142 4770 die
2184 4714 2431 4785 dignatus
2470 4724 2552 4771 est
2588 4715 2846 4786 polliceri.
2888 4716 3018 4783 Quae
3048 4718 3091 4771 si
3120 4717 3189 4771 ita
3215 4727 3371 4785 sunt,
3394 4719 3643 4789 generale

2054 4806 2287 4877 paradisi
2326 4823 2519 4861 nomen
2546 4816 2656 4875 est,
2690 4806 2777 4861 ubi
2808 4806 3037 4862 feliciter
3056 4808 3266 4861 vivitur.
3294 4808 3476 4877 Neque
3499 4810 3643 4864 enim

2056 4900 2176 4968 quia
2215 4898 2492 4969 paradisus
2529 4906 2613 4953 est
2631 4897 2932 4968 appellatus
2954 4898 3041 4953 ubi
3068 4898 3235 4952 Adam
3260 4897 3358 4953 fuit
3376 4907 3499 4955 ante
3519 4916 3645 4970 pec-

2054 5002 2229 5048 catum
2250 5033 2265 5057 ,
2318 5001 2596 5063 propterea
2639 4990 2912 5061 Scriptura
2952 4989 3214 5061 prohibita
3244 4999 3325 5046 εει
3353 4991 3514 5046 etiam
3539 4992 3641 5048 Ec-

2055 5085 2273 5141 clesium
2306 5100 2497 5139 vocare
2526 5084 2828 5155 paradisum
2851 5097 2972 5138 cum
2993 5081 3169 5139 fructu
3198 5097 3499 5153 pomorum.

2126 5180 2350 5236 CAPUT
2389 5179 2475 5234 lli.
2498 5208 2569 5219 -—
2593 5180 2645 5234 7.
2696 5178 2791 5233 Est
2814 5186 2990 5234 autem
3020 5192 3209 5233 sensus
3234 5177 3400 5233 multo
3429 5178 3645 5250 expedi-

2057 5276 2161 5331 tior
2185 5317 2199 5340 ,
2245 5284 2299 5329 et
2339 5273 2405 5327 ab
2436 5272 2520 5327 his
2545 5271 2791 5328 omnibus
2816 5269 3247 5341 ambiguitatibus
3275 5270 3409 5325 liber
3427 5312 3441 5335 ,
3466 5272 3509 5325 si
3536 5284 3643 5325 non

2055 5365 2350 5423 secundum
2378 5364 2430 5419 id
2455 5363 2596 5434 quod
2623 5363 2783 5418 homo
2808 5371 2923 5417 erat
2942 5403 2957 5428 ,
2986 5361 3080 5417 sed
3106 5361 3398 5417 secundum
3423 5361 3473 5416 id
3500 5361 3643 5432 quod

2056 5462 2199 5518 Deus
2219 5467 2334 5514 erat
2354 5457 2596 5514 Christus
2608 5455 2808 5512 dixisse
2823 5455 3135 5525 accipiatur,
3153 5455 3322 5510 Hodie
3340 5472 3530 5510 mecum
3546 5455 3645 5510 eris

2053 5554 2109 5607 in
2149 5550 2406 5621 paradiso.
2444 5548 2613 5603 llomo
2641 5547 2838 5618 quippe
2860 5545 3106 5605 Christus
3132 5547 3221 5602 illo
3249 5547 3333 5602 die
3352 5547 3642 5603 secundum

2056 5660 2271 5702 carnem
2295 5644 2347 5697 in
2375 5641 2620 5711 sepulcro
2639 5681 2653 5707 ,
2678 5638 2971 5694 secundum
2995 5638 3224 5693 animam
3251 5639 3305 5693 in
3331 5639 3538 5694 inferno
3559 5636 3645 5693 fu-

2056 5750 2208 5796 turus
2232 5748 2347 5795 erat
2379 5755 2391 5790 :
2428 5736 2566 5792 Deus
2591 5750 2718 5791 vero
2740 5733 2877 5788 idem
2909 5736 3024 5803 ipse
3040 5731 3281 5790 Christus
3301 5734 3494 5806 ubique
3509 5749 3647 5791 sam-

2056 5852 2152 5909 per
2194 5843 2297 5892 est.
2338 5832 2437 5888 Est
2472 5830 2617 5887 enim
2659 5828 2747 5882 lux
2782 5842 2901 5898 qua:
2940 5827 3081 5883 lucet
3101 5828 3261 5883 etiam
3292 5829 3343 5883 in
3372 5827 3643 5896 tenebris,

2058 5930 2300 6009 quamvis
2323 5941 2441 5985 eam
2464 5921 2699 5982 tenebrae
2719 5934 2825 5977 non
2842 5920 3292 6006 comprehendant
3311 5920 3484 5992 (Joan.
3503 5934 3545 5989 ι,
3567 5918 3647 5991 5).
