4086 6350
496 553 592 610 Est
617 550 794 606 Virtus
815 555 877 605 et
896 542 1168 618 Sapientia
1187 543 1283 600 Dei
1303 583 1320 614 ,
1341 543 1410 602 de
1428 555 1532 614 qua
1555 541 1811 612 scriptum
1837 551 1918 598 est
1943 543 2087 614 quod

493 644 720 716 attingat
743 659 771 697 a
801 643 904 697 ﬁne
924 656 1088 711 usque
1108 638 1176 694 ad
1190 638 1352 694 ﬁnem
1373 635 1604 704 fortiter,
1629 643 1687 692 et
1704 635 1954 706 disponat
1970 649 2088 691 om-

495 739 587 794 nia
610 736 843 792 suaviter
871 733 1025 804 (Sap.
1056 746 1169 798 vni,
1203 731 1278 801 i);
1307 737 1364 784 et
1393 728 1618 799 attingat
1642 728 1837 797 ubique
1869 737 2089 799 propter

495 844 650 886 suam
677 827 986 883 munditiam
1004 867 1017 890 ,
1043 832 1096 880 et
1124 823 1254 878 nihil
1277 822 1608 894 inquinatum
1643 821 1695 876 in
1714 835 1832 876 eam
1856 821 2088 876 incurrat

493 923 612 996 (id.
641 939 740 989 vn,
769 921 883 992 ει).
911 920 1243 989 Ubicumque
1265 932 1395 988 ergo
1420 917 1489 971 sit
1513 917 1820 988 paradisus,
1849 916 2088 988 quisquis

488 1015 772 1072 'vbeatorum
803 1013 874 1068 ibi
899 1023 979 1067 est
1003 1053 1017 1078 ,
1047 1026 1168 1068 cum
1191 1011 1281 1064 illo
1313 1009 1383 1064 ibi
1405 1017 1525 1076 est,
1550 1009 1641 1080 qui
1664 1008 1856 1078 ubique
1877 1018 1978 1063 est.

567 1106 622 1162 8.
653 1105 784 1160 Cum
813 1105 952 1172 enim
981 1104 1046 1157 sit
1077 1101 1324 1156 Christus
1353 1101 1495 1155 Deus
1522 1110 1578 1155 et
1601 1102 1759 1155 homo
1783 1117 1797 1165 ;
1823 1100 1966 1155 Deus
1988 1102 2091 1154 uti-

490 1211 602 1268 que
626 1196 765 1250 unde
788 1195 935 1261 dicit,
962 1193 1072 1264 Ego
1095 1203 1142 1248 et
1165 1192 1320 1247 Pater
1335 1209 1494 1246 unum
1509 1208 1684 1246 smnus
1695 1191 1877 1264 (loau.
1897 1208 1950 1260 x,
1971 1189 2084 1264 '50);

495 1292 659 1348 homo
687 1303 862 1355 autem
893 1291 1034 1345 unde
1061 1289 1190 1344 dicit
1209 1330 1222 1352 ,
1258 1289 1417 1343 "Pater
1446 1289 1610 1360 major
1635 1304 1715 1341 me
1738 1297 1809 1341 est
1831 1284 1940 1358 (Id.
1965 1302 2053 1341 xw
2070 1328 2085 1354 ,

491 1387 588 1460 28)
615 1404 628 1454 ;
671 1386 918 1456 idemque
947 1385 1112 1439 Filius
1136 1382 1232 1438 Dei
1260 1383 1564 1452 unigenitus
1597 1397 1626 1435 a
1651 1381 1809 1436 Patre
1827 1423 1841 1448 ,
1871 1389 1926 1435 et
1949 1380 2088 1434 ﬁlius

494 1479 729 1536 hominis
754 1494 820 1535 ex
847 1477 1051 1533 semine
1077 1475 1246 1530 David
1278 1473 1570 1530 secundum
1598 1487 1815 1528 carnem
1844 1489 1858 1526 :
1883 1480 2089 1526 utrum-

391 1553 399 1570 ’
494 1589 600 1644 que
627 1572 680 1626 in
709 1571 800 1626 illo
821 1569 1210 1624 observandum
1231 1577 1316 1623 est
1335 1582 1455 1621 cum
1477 1565 1714 1636 loquitur
1734 1605 1746 1630 ,
1769 1564 1857 1619 vel
1876 1579 1998 1618 cum
2022 1563 2090 1619 de

493 1667 589 1722 illo
615 1665 890 1735 Scriptura
919 1663 1174 1733 loquitur,
1208 1660 1410 1730 etquid
1436 1658 1728 1715 secundum
1745 1656 1869 1728 quid
1887 1656 2091 1712 dicatur

485 1755 831 1813 intuendum.
861 1755 990 1808 Nam
1019 1754 1153 1808 sicut
1183 1768 1318 1806 unus
1344 1751 1503 1804 homo
1521 1758 1602 1804 est
1620 1750 1796 1803 anima
1819 1747 2088 1803 rationalis

487 1857 552 1904 et
592 1862 750 1914 caro,
794 1846 872 1901 sic
915 1854 968 1900 et
1006 1860 1144 1899 unus
1176 1843 1418 1898 Christus
1446 1851 1526 1897 est
1560 1841 1788 1896 Verbum
1822 1849 1876 1894 ct
1903 1839 2085 1893 homo.

494 1939 726 1997 Proinde
744 1938 888 2010 quod
909 1938 972 1992 ad
998 1937 1230 1993 Verbum
1254 1936 1465 2003 attinet,
1491 1942 1701 1990 creator
1717 1943 1804 1989 est
1823 1933 2085 1995 Christus;

492 2032 684 2088 Omnia
711 2032 854 2088 enim
886 2047 974 2101 per
993 2030 1161 2101 ipsum
1211 2031 1346 2100 facta
1375 2035 1491 2081 sunt
1545 2024 1721 2096 (Joan.
1751 2040 1799 2092 ι,
1825 2023 1879 2094 ’5)
1906 2041 1918 2076 :
1947 2022 2089 2093 quod

491 2137 623 2181 vero
658 2123 724 2178 ad
764 2122 1034 2176 hominem
1055 2163 1070 2189 ,
1097 2129 1306 2175 creatus
1335 2120 1351 2151 ³
1381 2128 1464 2174 e5t
1486 2117 1764 2177 Christus;
1796 2113 1987 2168 Factus
2017 2123 2090 2169 est

481 2216 636 2272 enim
658 2232 720 2270 ea:
738 2215 925 2269 semine
944 2212 1112 2267 Dauid
1133 2211 1406 2267 secundum
1429 2226 1629 2264 carnem
1655 2208 1830 2281 (Rom.
1860 2224 1905 2274 ι,
1930 2208 1983 2281 5)
2002 2250 2015 2273 ,
2036 2217 2090 2263 et

485 2307 550 2362 lIn
587 2306 967 2361 similitudinem
995 2305 1254 2358 hominum
1281 2308 1444 2375 factus
1471 2300 1728 2372 (Philipp.
1758 2317 1827 2366 ιι,
1855 2298 1933 2370 7).
1961 2300 2088 2355 Item

494 2398 620 2468 quia
661 2398 712 2451 in
759 2396 974 2451 homine
1006 2396 1113 2452 duo
1137 2403 1260 2450 sunt
1280 2437 1294 2460 ,
1327 2394 1502 2448 anima
1529 2403 1581 2448 et
1607 2407 1771 2459 caro;
1799 2392 2086 2447 secundum

493 2489 728 2545 animam
749 2489 914 2544 tristis
935 2488 1032 2543 fuit
1055 2502 1223 2558 usque
1241 2486 1308 2542 ad
1333 2495 1557 2540 mortem
1581 2483 1794 2556 (Matth.
1809 2500 1953 2551 xxvr,
1969 2484 2082 2555 58),

483 2585 786 2642 secundum
814 2598 1030 2639 carnem
1059 2598 1247 2654 passus
1267 2590 1350 2637 est
1370 2589 1594 2636 mortem
1623 2579 1761 2652 (Act.
1781 2595 1870 2645 tu,
1903 2579 2014 2653 l8).

564 2677 617 2733 9.
658 2678 768 2735 Nec
800 2687 978 2733 tamen
1003 2692 1123 2732 cum
1165 2675 1356 2730 Filium
1391 2674 1494 2730 Dei
1531 2673 1800 2729 Christum
1831 2673 2083 2742 dicimus,

479 2769 766 2827 ‘hominem
807 2783 1156 2840 separamus;
1183 2779 1272 2824 aut
1298 2783 1420 2824 cum
1445 2767 1690 2824 eumdem
1717 2766 1990 2823 Christum
2021 2767 2086 2820 ii-

481 2861 625 2918 ‘lium
661 2861 892 2917 hominis
928 2861 1189 2929 dicimus,
1219 2874 1529 2931 separamus
1559 2860 1743 2914 Deum.
1779 2857 2081 2914 Secundum

481 2951 768 3011 lhominem
815 2969 1045 3024 namque
1091 2954 1142 3008 in
1194 2963 1334 3008 terra
1383 2961 1515 3016 erat,
1559 2966 1664 3005 non
1713 2951 1768 3005 in
1810 2949 1950 3005 coelo
1997 2949 2086 3005 ubi

489 3059 636 3104 nunc
661 3057 742 3103 est
767 3087 782 3114 ,
810 3047 1022 3118 quando
1061 3045 1304 3112 dicebat,
1336 3045 1499 3100 Nemo
1527 3043 1752 3099 ascendit
1787 3042 1839 3097 in
1878 3042 2077 3111 calum,

488 3142 590 3197 nisi
618 3143 704 3213 qui
724 3143 785 3196 de
807 3143 929 3196 caelo
955 3141 1229 3209 descendit,
1255 3140 1423 3195 Filius
1449 3141 1666 3195 hominis
1685 3140 1771 3212 qui
1799 3149 1869 3194 est
1889 3139 1940 3193 in
1961 3141 2084 3195 caelo

488 3231 688 3306 (Joau.
737 3249 812 3299 ιιι,
845 3231 953 3305 15)
981 3251 994 3287 :
1025 3232 1271 3303 quamvis
1309 3232 1600 3288 secundum
1644 3229 1696 3285 id
1737 3229 1877 3302 quod
1913 3231 2084 3286 Filius

489 3324 588 3383 Dei
617 3335 752 3393 erat,
775 3335 916 3382 esset
943 3325 995 3379 in
1023 3325 1193 3391 etelo;
1219 3323 1511 3379 secundum
1539 3322 1592 3378 id
1621 3338 1748 3379 vero
1772 3322 1913 3394 quod
1943 3323 2083 3378 ﬁlius

475 3419 720 3475 hominis
743 3428 876 3486 erat,
899 3419 1075 3475 adhuc
1098 3419 1310 3474 essetin
1335 3428 1498 3486 terra,
1522 3417 1866 3488 nondumque
1895 3432 2082 3473 ascen-

487 3511 656 3568 disset
700 3515 751 3568 in
800 3513 1015 3570 caelum.
1041 3512 1302 3569 Similiter
1341 3527 1463 3567 cum
1505 3512 1795 3567 secundum
1843 3510 1894 3565 id
1941 3510 2080 3580 quod

479 3604 657 3662 *Fi'lius
680 3605 773 3660 Dei
801 3614 899 3667 est,
931 3605 999 3660 sit
1028 3605 1280 3660 Dominus
1307 3605 1490 3675 gloria:
1516 3621 1528 3668 ;
1567 3603 1860 3658 secundum
1892 3602 1942 3656 id
1983 3619 2077 3656 au-

475 3704 599 3754 tem
627 3696 767 3768 quod
797 3707 879 3752 est
908 3695 1048 3750 ﬁlius
1073 3695 1334 3762 hominis,
1363 3694 1644 3749 cruciﬁxus
1673 3693 1776 3759 sit;
1802 3694 1870 3746 ait
1903 3701 2079 3748 tamen

484 3788 812 3859 Apostolus:
843 3786 904 3842 Si
934 3787 1068 3841 enim
1101 3785 1468 3857 cognovissent,
1507 3799 1767 3853 nunquam
1802 3782 2078 3838 Dominum

479 3881 664 3952 gloria:
694 3879 1062 3951 cruciﬁxissent
1093 3878 1137 3952 (Ι
1161 3876 1281 3935 Cor.
1311 3893 1366 3943 ιι,
1401 3877 1480 3948 8).
1507 3878 1583 3931 Ac
1612 3892 1707 3948 per
1733 3877 1834 3931 hoc
1859 3884 1916 3930 et
1945 3875 2078 3931 [ilius

473 3971 724 4029 *hominis
747 3972 1041 4031 secundum
1073 3971 1243 4028 Deum
1273 3977 1393 4025 erat
1421 3969 1472 4024 in
1503 3968 1640 4024 cmlo
1663 4009 1678 4034 ,
1705 3978 1761 4024 et
1789 3966 1953 4024 Filius
1983 3968 2077 4024 Dei

469 4067 775 4124 secundum
821 4067 1096 4122 hominem
1157 4063 1565 4136 cruciﬁgcbatur
1614 4062 1665 4116 in
1719 4070 1881 4116 terra.
1931 4062 2079 4116 Sicut

470 4175 610 4232 ergo
638 4162 809 4233 potuit
829 4170 977 4218 recte
1001 4160 1104 4216 dici
1135 4159 1388 4215 Dominus
1410 4157 1596 4229 gloriae
1621 4156 1926 4220 cruciﬁxus,
1952 4170 2075 4211 cum

471 4256 549 4311 'atl
579 4256 745 4311 solam
778 4272 992 4312 carnem
1022 4255 1111 4310 illa
1140 4253 1319 4325 passio
1342 4252 1671 4324 pertineret:
1704 4251 1770 4305 ita
1800 4258 1944 4305 recte
1970 4249 2075 4305 dici

469 4349 671 4430 (potuit,
699 4348 865 4403 Hodie
885 4365 1078 4403 mecum
1097 4348 1194 4401 eris
1214 4347 1264 4400 in
1290 4347 1546 4416 paradiso,
1572 4361 1690 4401 cum
1711 4345 1859 4414 juxta
1887 4343 2076 4399 huma-

469 4455 603 4496 nam
633 4440 990 4494 humilitatem
1013 4483 1027 4506 ,
1056 4455 1152 4508 per
1189 4453 1404 4492 comem
1435 4440 1485 4491 in
1517 4437 1762 4506 sepulcro
1782 4478 1798 4503 ,
1832 4452 1926 4506 per
1955 4438 2071 4491 ani-

466 4543 622 4589 mam
653 4533 704 4586 in
736 4532 946 4586 inferno
973 4532 1063 4586 illo
1098 4531 1184 4586 die
1214 4530 1420 4585 futurus
1447 4539 1629 4595 esset;
1657 4530 1808 4600 juxta
1840 4529 2072 4585 divinam

466 4621 609 4680 Vero
656 4623 1136 4678 immutabilitatcm
1181 4636 1450 4692 nunquam
1501 4621 1570 4676 de
1616 4621 1901 4692 paradiso,
1949 4622 2070 4691 quia

467 4713 675 4784 iubique
699 4723 784 4771 est
813 4728 1046 4784 semper,
1076 4712 1410 4769 recessisset.

551 4806 638 4862 10.
679 4805 794 4862 Noli
834 4807 1011 4876 itaque
1054 4805 1296 4861 dubitare
1333 4805 1407 4860 ibi
1451 4819 1593 4860 nunc
1636 4819 1756 4860 esse
1798 4804 2068 4861 hominem

476 4895 750 4956 Christum
789 4898 990 4966 Jesum,
1035 4897 1175 4954 unde
1207 4907 1466 4954 venturus
1499 4906 1614 4963 est;
1655 4898 2069 4969 memoriterque

479 4995 676 5062 recole,
720 5003 774 5049 et
817 4992 1044 5048 ﬁdeliter
1089 5002 1211 5048 tene
1259 4991 1608 5047 christianam
1652 4991 2064 5057 confessionem,

479 5086 730 5158 quoniam
774 5085 1064 5142 resurrexit
1101 5101 1129 5139 a
1175 5084 1422 5150 mortuis,
1463 5085 1704 5140 ascendit
1750 5085 1800 5139 in
1847 5086 2062 5153 omium,

478 5181 630 5237 sedet
673 5179 740 5236 ad
782 5179 1056 5236 dexteram
1101 5178 1294 5246 Patris,
1337 5193 1435 5236 nec
1480 5179 1694 5235 aliunde
1743 5194 1899 5248 quam
1945 5179 2067 5235 inde

463 5263 733 5327 'Vcnturus
760 5280 843 5328 est
866 5269 938 5326 ad
964 5272 1113 5328 vivos
1149 5278 1495 5341 mortuosque
1516 5268 1852 5340 judicandos.
1887 5270 1952 5324 Et
1988 5269 2066 5325 sic

477 5371 730 5418 venturus
756 5369 858 5428 est.
889 5361 979 5421 illa
1007 5362 1244 5432 angelica
1266 5375 1399 5416 voce
1430 5368 1679 5427 testante,
1708 5361 2059 5432 quemadmo-

477 5454 604 5511 dum
631 5455 710 5512 ire
735 5456 880 5513 visus
907 5464 991 5513 est
1025 5455 1079 5510 in
1102 5455 1297 5512 cmlum
1325 5453 1464 5526 (Act.
1498 5469 1536 5520 ι,
1569 5455 1656 5518 10,
1688 5453 1800 5526 11),
1831 5454 1881 5508 id
1905 5464 1983 5509 est
2012 5455 2065 5510 in

477 5549 664 5605 eadem
703 5550 880 5606 carnis
920 5548 1087 5604 forma
1127 5556 1286 5620 atque
1331 5545 1665 5612 substantia;
1697 5546 1782 5601 cui
1826 5545 2064 5616 profecto

479 5640 926 5698 humortalitatem
969 5639 1152 5708 dedit,
1185 5651 1426 5696 naturam
1469 5655 1574 5694 non
1603 5638 1836 5694 abstulit.
1864 5639 2066 5696 Secun-

457 5727 605 5788 dum
632 5731 770 5790 hanc
806 5731 1028 5789 formam
1057 5749 1164 5791 non
1195 5742 1277 5790 est
1299 5730 1564 5803 putandus
1587 5731 1781 5802 ubique
1819 5731 2059 5789 diffusus.

473 5822 785 5881 Cavendum
831 5833 916 5882 est
958 5825 1098 5881 enim
1141 5840 1214 5882 ne
1262 5825 1336 5880 ita
1381 5824 1709 5880 divinitatem
1762 5831 2064 5882 astruamus

543 5937 563 5971 ι
585 5935 720 6002 sua,
743 5941 1068 5998 creaturam.
1088 5945 1197 5992 Mss.
1219 5937 1592 6004 septemdeum,
1615 5943 1802 5992 creatus
1821 5941 1907 5992 est.

1727 423 1785 484 8.
1817 423 2182 487 AUGUSTI!“
2215 429 2532 492 EPISGOH

3663 451 3777 513 856

2187 545 2449 617 hominis,
2481 559 2539 605 ut
2578 547 2857 610 veritatem
2898 555 3139 629 corporis
3174 557 3504 621 auferamus.
3529 563 3651 622 Non
3695 579 3784 626 est

2183 647 2366 695 autem
2396 658 2732 715 consequens
2753 656 2812 702 ut
2837 650 2976 720 quod
3006 651 3057 706 in
3087 652 3195 708 Deo
3221 665 3322 721 est,
3347 656 3422 710 ita
3459 656 3529 712 sit
3558 657 3778 730 ubique,

2189 740 2246 786 ut
2268 733 2428 789 Deus.
2459 736 2591 791 Nam
2627 739 2772 794 etde
2795 740 2950 796 nobis
2975 744 3315 801 voracissima
3345 749 3617 820 Scriptura
3648 751 3785 808 dicit

2189 829 2331 898 quod
2357 830 2411 884 in
2435 829 2526 885 illo
2547 832 2775 897 vivimus,
2800 852 3052 891 movemur
3072 849 3116 892 et
3131 855 3300 896 sumus
3323 841 3458 912 (Act.
3481 857 3615 910 xvn,
3639 844 3738 915 28)
3762 888 3782 914 ,

2192 934 2291 975 nec
2328 930 2502 978 tamen
2531 925 2668 980 sicut
2695 925 2783 980 ille
2823 927 3013 1000 ubique
3043 946 3267 991 sumus:
3304 933 3396 988 sed
3427 935 3582 990 aliter
3620 935 3786 994 homo

2189 1011 2284 1068 ille
2321 1013 2372 1067 in
2416 1014 2544 1082 Deo,
2579 1017 2828 1086 quoniam
2869 1020 3022 1075 aliter
3058 1029 3116 1077 et
3150 1022 3290 1079 Deus
3320 1025 3418 1080 ille
3455 1026 3507 1080 in
3533 1028 3783 1096 homins,

2192 1107 2407 1174 proprio
2431 1108 2660 1178 quodam
2683 1119 2735 1164 et
2756 1111 3012 1181 singulari
3041 1113 3220 1170 modo.
3245 1114 3362 1173 Una
3385 1118 3525 1173 enim
3551 1135 3786 1190 persona

2193 1195 2334 1251 Diaus
2363 1212 2414 1252 et
2443 1199 2600 1254 homo
2628 1211 2728 1268 est,
2753 1214 2808 1258 et
2837 1213 3119 1277 utrumque
3147 1217 3228 1264 est
3253 1225 3390 1265 unus
3415 1209 3658 1268 Christus
3684 1213 3781 1269 Je-

2185 1303 2322 1355 sus;
2351 1291 2544 1362 ubique
2568 1309 2666 1364 per
2685 1295 2738 1350 id
2763 1297 2904 1368 quod
2935 1300 3075 1356 Deus
3102 1311 3204 1371 est,
3229 1303 3284 1358 in
3311 1305 3450 1361 cmi-0
3477 1315 3653 1363 autem
3686 1324 3784 1380 per

2187 1380 2245 1436 id
2271 1383 2411 1452 quod
2441 1385 2619 1442 homo.
2683 1459 2688 1462 _

2263 1474 2488 1532 CAPUT
2517 1477 2603 1533 lV.
2633 1481 2819 1537 -11.
2861 1483 3174 1556 Quanquam
3211 1497 3265 1542 et
3291 1487 3351 1544 in
3387 1503 3453 1546 eo
3481 1490 3598 1561 ipso
3637 1494 3778 1563 quod

2189 1564 2387 1622 dicitur
2411 1569 2550 1625 Deus
2581 1572 2775 1644 ubique
2800 1575 3022 1633 diffusus
3042 1619 3056 1643 ,
3085 1581 3286 1636 carnali
3310 1572 3666 1639 resistendum
3698 1597 3781 1642 e5t

2192 1660 2519 1729 cogitationi,
2551 1671 2605 1718 et
2630 1680 2780 1721 meus
2805 1683 2836 1722 a
2863 1670 3102 1740 corporis
3125 1671 3374 1729 sensibus
3395 1676 3688 1744 avocanda,
3712 1692 3781 1734 ne

2191 1754 2344 1822 quasi
2375 1756 2605 1824 spatiosa
2635 1761 2999 1830 magnitudine
3023 1764 3306 1834 opinemur
3323 1769 3496 1825 Deum
3520 1783 3618 1839 per
3640 1785 3778 1826 cun-

2193 1856 2275 1901 cta
2314 1847 2566 1916 diii‘undi,
2596 1851 2734 1906 sicut
2761 1852 2952 1910 lmmus
2972 1896 2988 1922 ,
3020 1867 3109 1912 aut
3150 1858 3377 1927 humor,
3409 1869 3500 1914 aut
3533 1877 3660 1926 aer,
3687 1872 3781 1918 aut

2189 1936 2283 1992 iux
2304 1939 2406 1994 ista
2433 1939 2746 1999 diﬂ‘unditur
2773 1943 2973 2019 (omnis
2996 1949 3144 2003 enim
3175 1949 3543 2020 hujuscemodi
3567 1955 3778 2024 magni—

2193 2031 2321 2085 tudo
2349 2032 2524 2087 minor
2564 2043 2648 2090 est
2691 2037 2744 2090 in
2774 2038 2853 2092 sui
2888 2048 3035 2109 parte
3063 2057 3219 2110 quam
3257 2041 3310 2096 in
3351 2043 3502 2116 toto)
3527 2059 3541 2110 ;
3571 2044 3667 2100 sed
3708 2046 3780 2102 ita

2194 2126 2368 2194 potius
2401 2125 2556 2182 sicuti
2598 2138 2679 2184 est
2717 2145 2908 2202 magna
2949 2135 3228 2203 sapientia,
3256 2136 3415 2192 etiam
3460 2138 3512 2192 in
3555 2137 3781 2196 homine

2192 2219 2341 2288 eujus
2379 2235 2572 2291 corpus
2613 2234 2694 2278 est
2729 2239 2968 2294 parvum.
2995 2228 3061 2282 Et
3100 2230 3142 2283 si
3184 2229 3288 2286 duo
3326 2240 3451 2286 sunt
3487 2233 3777 2304 sapientes,

2181 2325 2416 2380 quorum
2445 2314 2512 2368 sit
2538 2315 2672 2370 alter
2698 2331 2923 2389 corpore
2952 2320 3221 2391 grandior,
3251 2335 3439 2380 neuter
3466 2325 3777 2397 sapientior,

2189 2417 2298 2456 non
2329 2414 2410 2458 cst
2437 2405 2522 2459 illa
2561 2407 2616 2461 in
2657 2409 2856 2479 majore
2898 2412 3100 2480 major,
3131 2414 3305 2468 minor
3333 2415 3385 2470 in
3416 2417 3653 2486 minore,
3684 2430 3782 2475 aut

2192 2497 2368 2551 minor
2413 2497 2465 2553 in
2513 2516 2618 2555 uno
2664 2517 2821 2572 quam
2867 2504 2919 2559 in
2967 2505 3209 2573 duobus;
3245 2509 3339 2563 sed
3387 2517 3528 2566 tanta
3571 2509 3628 2565 in
3677 2510 3783 2568 hoc

2192 2600 2384 2660 quanta
2416 2593 2470 2646 in
2499 2593 2618 2659 illo,
2647 2605 2700 2650 et
2727 2604 2868 2650 tanta
2899 2599 2950 2652 in
2978 2615 3296 2671 unoquoque
3323 2611 3520 2672 quanta
3549 2603 3600 2659 in
3627 2611 3783 2660 utro-

2192 2696 2293 2751 que
2317 2699 2330 2736 :
2363 2698 2534 2754 neque
2559 2687 2700 2740 enim
2730 2687 2774 2742 si
2805 2690 3078 2759 :equaliter
3099 2703 3221 2747 sunt
3246 2693 3464 2749 omnino
3487 2693 3778 2766 sapientes,

2191 2777 2308 2848 plus
2338 2779 2550 2848 sapiunt
2591 2781 2748 2836 ambo
2777 2798 2933 2850 quam
2975 2786 3204 2856 singuli;
3243 2785 3690 2858 quemadmodum
3733 2790 3782 2845 si

2191 2871 2466 2940 mqualitcr
2512 2871 2618 2928 sint
2661 2873 3028 2946 immortales,
3075 2893 3181 2933 non
3229 2878 3349 2949 plus
3389 2880 3577 2936 vivunt
3617 2881 3779 2938 ambo

2190 2976 2348 3033 quam
2375 2964 2586 3035 singuli.

2263 3054 2349 3109 12.
2391 3055 2506 3125 Ipsa
2552 3055 2781 3127 denique
2829 3057 3203 3116 immortalitas
3247 3062 3510 3133 corporis,
3555 3079 3676 3134 quas
3711 3065 3776 3121 iu

2185 3146 2387 3203 Christi
2405 3164 2574 3204 carne
2604 3153 2910 3221 praecessit,
2940 3153 3199 3226 nobisque
3235 3155 3290 3210 in
3321 3157 3428 3212 line
3453 3156 3624 3213 futura
3651 3173 3780 3228 pro-

2188 3239 2446 3306 mittitur,
2486 3255 2605 3296 cum
2636 3258 2826 3313 magna
2853 3243 2925 3300 sit
2951 3259 3037 3300 res
3056 3287 3071 3313 ,
3098 3261 3206 3301 non
3236 3255 3316 3302 est
3357 3247 3596 3317 profecto
3635 3250 3777 3307 moie

2185 3347 2373 3403 magna
2403 3349 2418 3399 ;
2461 3333 2555 3389 sed
2594 3334 2719 3390 licet
2755 3339 3104 3408 corporaliter
3141 3338 3427 3404 habeatur,
3449 3341 3775 3414 incorporea

2187 3425 2427 3496 qumdam
2470 3426 2787 3482 excellentia
2818 3439 2918 3483 est.
2949 3429 3081 3484 Nam
3109 3447 3230 3486 cum
3251 3431 3434 3502 ipsum
3477 3433 3776 3491 immortale

2185 3533 2377 3589 corpus
2406 3521 2578 3576 minus
2606 3522 2673 3575 sit
2698 3523 2749 3576 in
2776 3533 2926 3594 parte
2956 3539 3113 3596 quam
3143 3525 3194 3579 in
3223 3532 3337 3582 toto
3356 3569 3370 3593 ,
3396 3526 3775 3586 immortalitas

2185 3611 2301 3680 ejus
2339 3622 2445 3666 tam
2489 3613 2644 3682 plena
2686 3623 2771 3670 est
2810 3615 2862 3670 in
2903 3624 3053 3686 parte
3082 3633 3240 3687 quam
3276 3617 3336 3674 in
3379 3628 3526 3687 toto;
3556 3628 3612 3678 et
3645 3633 3775 3678 cum

2183 3701 2292 3756 sint
2315 3702 2432 3757 aliis
2456 3703 2558 3758 alia
2589 3705 2788 3776 majora
2815 3748 2830 3774 ,
2868 3722 2975 3763 non
3001 3715 3181 3764 tamen
3216 3710 3336 3765 aliis
3364 3711 3465 3766 alia
3495 3711 3776 3770 immorta-

2177 3791 2312 3846 iiora
2339 3804 2461 3847 sunt
2489 3795 2748 3850 membra.
2773 3796 2922 3854 Sicut
2950 3815 3091 3856 nunc
3115 3801 3326 3872 quando
3350 3818 3414 3858 ex
3445 3805 3590 3861 omni
3623 3818 3774 3876 parte

2183 3886 2297 3940 sani
2327 3901 2510 3941 sumus
2546 3889 2840 3944 secundum
2872 3891 3087 3947 modum
3128 3895 3409 3963 praesentis
3447 3895 3501 3951 in
3541 3911 3772 3969 corpore

2183 3979 2443 4046 sanitatis,
2475 3997 2580 4035 non
2613 3983 2733 4052 quia
2766 3984 2940 4054 major
2964 3993 3045 4040 est
3072 4001 3262 4042 manus
3301 3995 3410 4043 tota
3445 4004 3605 4058 quam
3635 3989 3772 4061 digi-

2182 4079 2287 4138 tus,
2329 4072 2449 4127 ideo
2490 4089 2680 4129 manus
2719 4077 2880 4130 totius
2925 4076 3203 4133 sanitatem
3241 4079 3500 4149 majorem
3541 4080 3769 4138 dicimus

2181 4179 2297 4220 esse
2324 4181 2481 4236 quam
2507 4166 2657 4239 digiti
2681 4185 2695 4234 ;
2721 4169 2820 4223 sed
2851 4169 2908 4224 in
2935 4169 3038 4227 illis
3063 4171 3411 4242 inaequalibus
3437 4175 3660 4243 aequalis
3679 4183 3768 4231 est

2179 4258 2311 4328 ipsa,
2344 4259 2556 4329 quando
2588 4261 2658 4316 ita
2689 4262 2936 4317 breviora
2968 4265 3335 4334 grandioribus
3357 4277 3762 4338 comparantur,

2173 4361 2236 4406 ut
2257 4351 2396 4422 quod
2423 4361 2529 4408 tam
2555 4369 2802 4424 magnum
2829 4370 2949 4410 esse
2974 4371 3079 4411 non
3110 4365 3283 4427 potest
3307 4371 3464 4428 quam
3483 4360 3763 4430 estaliud,

2169 4447 2345 4515 possit
2377 4456 2550 4502 tamen
2578 4462 2696 4503 esse
2721 4458 2828 4502 tam
2855 4463 3064 4504 sanum.
3089 4449 3252 4506 Esset
3277 4459 3451 4507 autem
3478 4452 3650 4523 major
3677 4467 3766 4511 sa-

2177 4538 2315 4594 nitas
2336 4541 2387 4594 iu
2413 4539 2702 4611 majoribus
2723 4543 2998 4610 membris,
3023 4544 3066 4598 si
3087 4551 3270 4600 essent
3288 4545 3488 4616 majora
3509 4547 3722 4602 saniora
3747 4566 3762 4603 :

2175 4647 2294 4686 cum
2323 4648 2451 4688 vero
2479 4648 2582 4687 non
2613 4643 2695 4689 est
2734 4635 2802 4690 ita
2827 4677 2841 4700 ,
2872 4635 2966 4691 sed
2988 4639 3197 4707 majora
3226 4646 3386 4709 atque
3413 4639 3619 4696 minora
3653 4649 3762 4696 tam

2171 4737 2301 4779 sana
2323 4732 2465 4791 sunt,
2488 4724 2668 4794 dispar
2690 4735 2772 4781 est
2795 4727 3037 4796 profecto
3062 4727 3116 4783 in
3147 4730 3507 4786 membrorum
3533 4730 3764 4788 molibus

2173 4817 2460 4886 quantitas,
2487 4816 2580 4871 sed
2610 4832 2704 4887 par
2723 4827 2808 4873 est
2831 4819 2891 4872 in
2921 4818 3222 4889 disparibus
3248 4822 3470 4878 sanitas.

2243 4909 2332 4964 15.
2367 4909 2505 4964 Cum
2544 4925 2672 4980 ergo
2699 4911 2767 4965 sit
2803 4926 3000 4981 corpus
3025 4913 3202 4984 aliqua
3229 4914 3527 4971 substantia
3549 4958 3562 4984 ,
3586 4931 3765 4989 quan-

2173 5001 2294 5056 titas
2317 5000 2431 5071 ejus
2456 5002 2620 5058 estin
2651 5003 3013 5074 magnitudine
3041 5006 3195 5062 molis
3218 5007 3376 5078 ejus;
3401 5009 3605 5065 sanitas
3633 5025 3761 5066 vero

2171 5093 2286 5163 ejus
2315 5110 2420 5148 non
2458 5095 2759 5165 quantitas,
2789 5097 2882 5152 sed
2925 5099 3151 5174 qualitas
3187 5099 3308 5170 ejus
3337 5108 3440 5156 est.
3471 5099 3588 5157 Non
3628 5117 3760 5174 ergo

2167 5186 2340 5259 potuit
2364 5187 2606 5244 obtinere
2624 5191 2893 5258 quantitas
2913 5173 3190 5262 eerporis,
3215 5193 3361 5263 quod
3387 5194 3560 5264 potuit
3580 5173 3757 5266 quau-

2169 5286 2271 5333 tas.
2317 5278 2448 5334 Nam
2488 5281 2560 5335 ita
2599 5281 2918 5338 distantibus
2955 5285 3236 5354 partibus,
3277 5301 3398 5358 quae
3435 5287 3595 5344 simul
3633 5303 3760 5347 esse

2170 5387 2275 5427 non
2321 5382 2564 5442 possunt,
2609 5373 2864 5445 quoniam
2907 5389 3003 5432 sua
3039 5392 3266 5450 qumque
3305 5381 3476 5450 spatia
3519 5381 3757 5440 locorum

2169 5471 2371 5533 tenent,
2401 5466 2634 5522 minores
2659 5467 2886 5532 minora,
2915 5477 2972 5524 et
3001 5469 3204 5541 majora
3229 5473 3461 5543 majores
3479 5514 3496 5542 ,
3519 5489 3628 5530 non
3657 5489 3758 5545 po-

2157 5557 2266 5611 tuit
2283 5572 2403 5612 esse
2425 5557 2476 5612 in
2501 5558 2724 5629 singulis
2747 5560 3047 5633 quibusque
3068 5564 3437 5633 partibus-tota
3463 5567 3545 5623 vel
3575 5576 3755 5636 tanta;

2169 5648 2264 5704 sed
2308 5649 2533 5719 amplior
2569 5659 2656 5706 est
2689 5653 2954 5722 quantitas
2996 5653 3050 5708 in
3090 5657 3442 5726 amplioribus
3481 5659 3757 5730 partibus,

2155 5741 2380 5797 brevior
2407 5742 2460 5797 in
2485 5742 2836 5810 brevioribus,
2868 5753 2918 5799 et
2949 5745 3000 5807 in
3027 5745 3169 5802 nulla
3188 5757 3351 5818 parte
3376 5756 3524 5806 tanta
3554 5763 3758 5822 quanta

2155 5849 2265 5908 per
2289 5843 2460 5890 totum
2483 5852 2495 5888 :
2524 5835 2750 5906 qualitas
2779 5851 2903 5892 vero
2923 5840 3174 5912 corporis
3193 5883 3207 5910 ,
3234 5858 3354 5919 quas
3383 5842 3581 5902 sanitas
3609 5843 3758 5901 dici-

2172 5937 2256 5987 tur
2275 5969 2290 5999 ,
2316 5944 2436 5985 cum
2476 5944 2666 5985 sanum
2692 5943 2887 6002 corpus
2921 5940 3006 5989 est
3043 5941 3211 5991 totum
3231 5977 3248 6007 ,
3277 5942 3423 5997 tanta
3446 5937 3608 5998 utin
3633 5951 3766 5996 m-
