4120 6358
368 464 485 533 ων

371 592 623 665 joribus,
667 597 861 661 quanta
907 591 959 646 in
1004 578 1297 646 minoribus
1334 590 1617 660 partibus;
1669 606 1778 644 non
1818 589 1960 649 enim

1577 464 2053 534 EPISTOLARUM
2086 475 2365 536 CLASSIS
2402 470 2490 535 lli.

3534 484 3643 549 888

2067 594 2425 661 praesentiam,
2446 594 2542 649 sed
2573 610 2677 651 non
2705 596 2900 668 ubique
2920 612 3013 667 per
3038 597 3379 659 habitationis
3390 610 3641 675 gratiam.

370 682 697 756 quatinus
718 699 927 754 magnae
950 692 1109 751 sunt,
1141 683 1264 739 ideo
1301 683 1476 738 minus
1503 697 1649 738 suum
1688 689 1843 747 sunt,
1873 688 1963 735 aut
2064 682 2287 754 Propter
2330 687 2464 741 hanc
2503 688 2645 742 enim
2685 687 3083 757 habitationem,
3118 692 3208 749 ubi
3250 696 3432 764 procul
3478 696 3642 754 dubio

370 792 498 848 qua:
518 776 809 847 ampliores
832 777 952 833 ideo
986 778 1245 833 saniores.
1279 778 1433 833 Absit
1454 792 1587 848 ergo
1620 784 1677 831 ut
1700 776 1839 847 quod
1869 790 1993 844 po-.

372 879 482 926 test
510 870 562 925 in
587 885 811 941 corpore
826 872 1058 942 qualitas
1082 872 1250 927 creati
1275 872 1517 942 corporis
1535 911 1549 937 ,
1576 887 1681 925 non
1710 869 1880 940 possit
1904 867 1958 922 in

377 962 552 1035 seipsa
572 964 871 1021 substantia
890 963 1194 1025 Creatoris.

384 1047 393 1055 ’
448 1056 536 1112 lt.
574 1056 671 1112 Est
696 1070 821 1127 ergo
844 1058 990 1112 Deus
1014 1074 1112 1128 per
1136 1066 1325 1113 cuncta
1353 1056 1594 1113 dimisus.
1621 1054 1737 1127 ipse
1763 1054 1960 1126 quippe

366 1149 450 1204 ἰιι
495 1163 593 1220 per
632 1150 986 1219 prophetam,
1043 1150 1234 1206 Cottum
1288 1161 1334 1205 et
1390 1160 1575 1205 terram
1626 1166 1716 1220 ego
1773 1147 1958 1218 impleo

375 1240 511 1310 (Jer.
542 1257 694 1305 nm,
725 1240 816 1311 Et)
842 1257 858 1306 ;
891 1250 942 1297 et
972 1242 1111 1311 quod
1141 1242 1295 1312 paulo
1323 1250 1448 1296 ante
1473 1240 1628 1313 posui
1655 1241 1721 1295 de
1748 1241 1959 1310 sapien-

374 1331 449 1387 tia
473 1329 609 1402 ejus,
641 1333 857 1403 Attingit
876 1350 915 1385 ra
943 1334 1044 1402 ﬁne
1067 1350 1224 1406 usque
1252 1333 1321 1387 ad
1347 1334 1499 1403 finem
1528 1333 1742 1404 fortiter,
1770 1341 1819 1385 et
1854 1330 1959 1385 dis-

370 1424 517 1495 ponit
538 1426 709 1479 omnia
732 1421 948 1480 suaviter
969 1426 988 1499 (
1008 1426 1135 1497 Sap.
1160 1443 1274 1495 vm,
1306 1426 1366 1497 i)
1391 1443 1406 1493 ;
1439 1427 1669 1497 itemque
1698 1426 1955 1495 scriptum

364 1525 475 1583 cst,
744 1516 951 1571 Domini
975 1519 1178 1589 replevit
1202 1518 1636 1572 orbemterrarum
1663 1515 1772 1588 (Id.
1788 1532 1831 1580 ι,
1862 1516 1952 1587 7);

373 1607 530 1677 eique
554 1608 748 1663 dicitur
776 1609 826 1663 in
858 1608 1084 1680 quodam
1114 1610 1348 1679 psalmo,
1384 1608 1495 1675 Quo
1526 1608 1672 1662 abibo
1707 1625 1739 1661 α
1776 1608 1956 1677 spiritu

366 1707 478 1766 tuo,
496 1710 543 1753 et
563 1716 596 1753 a
612 1701 741 1769 {acie
761 1709 845 1754 tua
856 1718 958 1772 quo
978 1702 1170 1772 fugiam
1191 1702 1216 1756 ?
1237 1700 1300 1757 Si
1319 1702 1588 1755 ascendero
1608 1702 1661 1753 in
1680 1699 1878 1763 calum,
1901 1709 1955 1754 tu

364 1790 442 1843 ibi
466 1807 552 1856 es;
575 1792 619 1845 si
638 1792 937 1847 descendere
957 1792 1026 1847 ad
1042 1793 1317 1861 infernum,
1334 1792 1453 1846 adeo
1469 1790 1671 1863 ‘(PsaL
1693 1806 1950 1858 cxxxvm,

371 1880 405 1935 -'l
424 1881 462 1951 ).
496 1880 599 1936 Sed
628 1881 705 1936 sic
720 1892 812 1938 est
842 1884 979 1939 Deus
1009 1899 1104 1954 per
1128 1892 1319 1938 cuneta
1345 1880 1588 1947 diil‘usus,
1625 1892 1681 1935 ut
1730 1897 1837 1936 non
1884 1882 1955 1935 sit

358 1977 594 2047 qualitas
618 1978 841 2047 mundi;
872 1978 967 2033 sed
993 1978 1287 2033 substantia
1321 1977 1549 2031 creatrix
1590 1975 1773 2031 mundi
1795 2017 1810 2043 ,
1838 1976 1954 2030 sine

360 2068 553 2125 dobere
578 2085 787 2141 regens,
815 2079 870 2125 et
888 2071 1008 2127 sine
1034 2085 1201 2126 onere
1226 2069 1509 2125 continens
1535 2067 1811 2122 mundum.
1833 2066 1951 2121 Non

358 2168 542 2216 tamen
568 2177 667 2231 per
691 2163 860 2232 spatia
880 2163 1128 2218 locorum
1150 2204 1164 2230 ,
1194 2163 1346 2233 quasi
1373 2162 1514 2216 mole
1540 2160 1729 2217 diﬁ‘usa
1750 2203 1765 2227 ,
1800 2160 1869 2216 ita
1894 2170 1952 2216 ut

358 2253 421 2309 in
450 2255 668 2311 dimidio
697 2256 881 2311 mundi
917 2271 1144 2326 corpore
1170 2255 1241 2311 sit
1263 2254 1546 2319 dimidius,
1572 2263 1634 2311 et
1658 2255 1710 2308 in
1741 2253 1843 2307 alio
1872 2254 1953 2308 di-

360 2346 529 2402 midio
567 2346 839 2415 dimidius,
876 2356 1035 2418 atque
1068 2348 1149 2402 ita
1190 2362 1287 2418 per
1324 2356 1493 2401 totum
1532 2356 1717 2411 totus;
1762 2345 1855 2401 sed
1898 2345 1950 2399 in

358 2435 480 2492 solo
502 2438 641 2492 cosio
673 2446 832 2503 totus,
868 2446 924 2493 et
950 2438 1001 2493 in
1026 2438 1143 2493 sola
1176 2446 1330 2493 terra
1358 2446 1499 2493 totus
1519 2480 1532 2503 ,
1562 2446 1615 2492 et
1643 2438 1695 2492 in
1737 2437 1873 2493 calo
1896 2444 1951 2490 et

364 2528 418 2585 in
447 2538 584 2585 terra
612 2538 778 2598 totus,
807 2539 863 2587 et
893 2530 1038 2586 nullo
1066 2538 1352 2586 contentus
1386 2530 1509 2587 loco
1527 2572 1541 2600 ,
1566 2529 1667 2586 sed
1692 2529 1744 2584 in
1775 2529 1950 2600 seipse

358 2622 558 2693 hique
584 2631 745 2678 totus.

426 2717 521 2771 15.
560 2717 638 2772 ita
670 2718 864 2782 Pater,
898 2718 969 2772 ita
1000 2716 1167 2773 Filius
1189 2759 1203 2783 ,
1233 2717 1305 2772 ita
1343 2716 1571 2787 Spiritus
1598 2723 1813 2770 sanctus
1833 2754 1848 2781 ,
1875 2714 1948 2769 ita

362 2807 596 2866 Trinitas
622 2824 755 2866 unus
788 2813 947 2867 Deus.
977 2811 1162 2882 Neque
1182 2814 1333 2867 enim
1354 2811 1615 2866 mundum
1646 2811 1785 2865 inter
1812 2808 1947 2863 sein

359 2912 470 2960 tres
488 2912 668 2975 partes
688 2903 1001 2972 diviserunt,
1020 2921 1154 2976 quas
1166 2906 1409 2976 singulas
1428 2904 1618 2975 singuli
1642 2903 1945 2973 implerent,

354 3000 510 3070 Quasi
551 3014 653 3054 non
698 2999 915 3055 haberet
952 2999 1041 3055 ubi
1064 3009 1214 3056 esset
1236 2999 1411 3055 Filius
1446 3008 1539 3054 aut
1563 2998 1794 3068 Spiritus
1821 3011 1948 3051 san-

356 3098 476 3145 ctus
502 3090 557 3145 in
588 3090 809 3156 mando,
829 3091 879 3146 si
904 3100 1079 3149 totum
1106 3102 1420 3162 occupasset
1446 3091 1621 3146 Pater.
1648 3089 1767 3145 Non
1792 3090 1864 3144 ita
1889 3103 1948 3144 se

352 3179 521 3242 habet
534 3199 666 3240 vera
700 3183 1016 3257 incorporea
1047 3182 1506 3253 iimmutabiiisque
1536 3182 1805 3237 divinitas.
1828 3180 1948 3236 Non

356 3285 502 3343 enim
540 3292 770 3355 corpora
805 3288 975 3344 sunt,
1024 3290 1251 3349 quorum
1299 3276 1526 3347 amplior
1569 3274 1637 3329 sit
1670 3274 1733 3329 in
1777 3274 1948 3330 tribus

356 3388 519 3452 quam
559 3377 612 3432 in
654 3370 879 3445 singulis
910 3368 1270 3441 magnitudo;
1300 3384 1399 3424 nec
1426 3367 1543 3423 loca
1581 3367 1693 3422 suis
1721 3361 1948 3422 molibus

360 3477 577 3535 tenent,
614 3475 673 3522 ut
697 3463 1017 3522 distantibus
1045 3461 1227 3532 spatiis
1256 3458 1415 3515 simul
1442 3474 1560 3515 esse
1584 3473 1690 3513 non
1712 3458 1943 3529 possint.

358 3552 418 3617 Si
445 3562 585 3618 enim
607 3558 784 3615 anima
804 3558 860 3614 in
881 3570 1106 3628 corpore
1127 3553 1433 3621 constituta,
1457 3567 1561 3608 non
1576 3552 1754 3607 solum
1776 3550 1947 3606 nullas

361 3651 856 3724 angustias,verum
877 3648 1038 3704 etiam
1059 3644 1343 3717 quamdam
1365 3644 1701 3699 latitudinem
1722 3640 1942 3710 invenit,

360 3760 467 3803 non
487 3745 839 3817 corporalium
858 3742 1122 3807 locorum,
1140 3740 1238 3796 sed
1255 3738 1609 3810 spiritualium
1626 3736 1943 3807 gaudiorum

359 3850 481 3895 cum
502 3838 571 3893 "iit
598 3836 737 3909 quod
762 3836 839 3891 ait
868 3833 1180 3905 Apostolus,
1211 3831 1432 3887 Nescitis
1462 3830 1705 3902 quoniam
1731 3843 1946 3896 carpam

356 3940 523 3988 vestra
542 3930 783 4000 templum
802 3930 855 3983 in
872 3929 1011 3982 vobis
1038 3926 1261 3997 Spiritus
1285 3924 1449 3980 sancti
1471 3932 1562 3988 est,
1585 3938 1733 3993 quem
1754 3920 1945 3974 habetis

358 4039 394 4079 α
422 4023 527 4079 Deo
548 4023 595 4096 '(l
626 4021 746 4078 Cor.
766 4037 842 4089 v1,
866 4019 959 4091 i9)
983 4037 999 4086 ;
1024 4034 1124 4074 nec
1148 4019 1250 4073 dici
1279 4017 1381 4071 nisi
1406 4015 1719 4069 stultissime
1738 4020 1941 4085 potest,

356 4120 467 4171 itan
508 4114 707 4169 habere
745 4112 917 4165 locum
955 4109 1009 4163 in
1048 4110 1233 4163 nostra
1270 4120 1495 4175 corpore
1533 4104 1786 4175 Spiritum
1823 4118 1946 4156 sau-

356 4216 525 4274 ctum,
554 4205 694 4277 quod
732 4211 901 4258 totum
944 4209 1125 4256 nostra
1163 4199 1336 4253 anima
1376 4196 1711 4265 impleverit:
1746 4203 1945 4265 quanto

357 4299 575 4355 stultius
603 4296 798 4352 dicitur
823 4294 948 4351 ullis
986 4290 1244 4361 angustiis
1284 4288 1529 4359 impediri
1554 4286 1745 4341 alicubi
1770 4286 1947 4341 Trini-

358 4401 560 4458 tatem,
590 4398 649 4445 ut
675 4387 832 4443 Pater
858 4395 917 4441 et
946 4384 1120 4441 Filius
1148 4389 1205 4438 et
1231 4380 1458 4451 Spiritus
1497 4385 1714 4435 sanctus
1751 4378 1944 4448 ubique

357 4481 517 4540 simul
541 4496 661 4537 esse
680 4494 791 4535 non
817 4478 1021 4549 possint
1043 4476 1057 4530 !

429 4572 654 4630 CAPUT
689 4570 757 4627 Ὗ.
784 4569 960 4625 -16.
992 4568 1193 4623 Verum
1223 4565 1353 4621 illud
1378 4573 1461 4619 est
1506 4564 1681 4619 multo
1717 4563 1940 4618 mirabi-

359 4666 464 4723 lius
483 4708 497 4732 ,
526 4664 664 4736 quod
694 4679 815 4719 cum
838 4663 985 4718 "Deus
1023 4660 1217 4730 ubique
1242 4660 1311 4714 sit
1341 4667 1481 4713 totus
1500 4700 1515 4724 ,
1545 4673 1652 4712 non
1679 4665 1858 4713 tamen
1888 4656 1941 4711 in

359 4758 604 4814 omnibus
632 4756 851 4811 habitat.
882 4754 998 4809 Non
1027 4754 1169 4808 enim
1196 4751 1442 4807 omnibus
1472 4750 1574 4804 dici
1600 4758 1775 4820 potest
1802 4749 1941 4821 quod

360 4852 434 4906 ait
472 4849 775 4921 Apostolus,
818 4848 905 4904 vel
948 4846 1087 4919 quod
1128 4846 1237 4917 jam
1278 4844 1407 4911 dixi,
1450 4844 1532 4899 vel
1571 4844 1729 4898 etiam
1773 4843 1940 4897 illud:

362 4943 580 5002 Nescitis
601 4944 719 5014 quia
746 4942 987 5012 templum
1020 4939 1114 4994 Dei
1151 4939 1289 5003 estis,
1313 4947 1358 4991 et
1384 4937 1606 5009 Spiritus
1634 4935 1731 4991 Dei
1753 4936 1943 4991 habitat

358 5036 413 5093 in
437 5037 573 5093 vobis
602 5034 720 5108 (Id.
751 5052 829 5103 ιιι,
859 5033 997 5105 i6)?
1029 5032 1177 5088 Unde
1203 5041 1257 5085 et
1285 5047 1315 5085 e
1340 5032 1608 5085 contrario
1633 5030 1699 5085 de
1728 5030 1941 5101 quibus-

292 5144 301 5154 ‘
360 5122 482 5186 dam
509 5128 675 5185 dicit:
708 5126 943 5198 Quisquis
977 5135 1140 5178 autent
1160 5123 1410 5194 Spiritum
1430 5120 1623 5178 Christi
1645 5138 1744 5175 non
1773 5121 1938 5189 habet,

272 5220 275 5221 ⁷
362 5223 444 5278 hic
482 5240 585 5278 non
621 5231 692 5277 est
730 5222 839 5292 ejus
868 5217 1063 5293 (Rom.
1100 5232 1212 5282 vui,
1245 5216 1279 5272 9
1304 5214 1349 5295 )..
1376 5215 1504 5281 Quis
1548 5230 1706 5285 porro
1751 5214 1944 5269 audeat

298 5376 299 5379 η
363 5314 587 5387 opinari,
614 5314 717 5370 nisi
742 5312 979 5385 quisquis
1006 5309 1509 5381 inseparabilitatem
1538 5309 1746 5379 penitus
1770 5309 1944 5364 Trini-

364 5409 487 5466 tatis
511 5408 740 5480 ignorat,
764 5403 905 5477 quod
933 5403 987 5460 in
1014 5404 1190 5473 aliquo
1216 5402 1453 5456 habitare
1481 5403 1645 5473 possit
1664 5403 1826 5459 Pater
1851 5411 1947 5458 aut

363 5490 550 5568 Filius,
580 5498 633 5557 in
673 5515 780 5571 quo
827 5514 933 5555 non
980 5497 1182 5553 habitet
1224 5495 1455 5566 Spiritus
1496 5505 1729 5562 sanctus,
1759 5504 1852 5551 aut
1892 5497 1944 5551 in

365 5593 542 5664 aliquo
567 5588 795 5663 Spiritus
815 5599 1029 5648 sanctus
1054 5592 1107 5646 in
1135 5604 1239 5661 quo
1267 5596 1371 5644 nan
1403 5597 1455 5644 et
1481 5587 1636 5644 Pater
1659 5597 1712 5643 et
1735 5587 1899 5643 Filius
1918 5589 1946 5642 τ’

367 5683 519 5742 Unde
544 5683 818 5741 fatendum
846 5695 927 5741 est
958 5682 1150 5755 ubique
1178 5696 1300 5737 esse
1328 5680 1494 5736 Deum
1533 5694 1627 5748 per
1654 5678 1945 5736 divinitatis

414 5843 448 5875 ει
462 5816 1167 5901 mmmam
1190 5835 1427 5901 meum
1450 5833 1947 5901 εαάααώειωςιίαιί-

363 5906 437 5956 ter
462 5912 589 5967 Deus
609 5899 784 5967 ubique
805 5899 1004 5966 dimisus
1024 5899 1173 5967 {quas
1196 5901 1346 5949 verba
1366 5899 1543 5967 absunt
1563 5910 1592 5947 a
1612 5899 1947 5951 novemdecim

363 5970 472 6019 llas.
493 5960 819 6027 videnturque
843 5960 1108 6028 é'marginé
1121 5960 1219 6013 huc
1242 5960 1471 6016 translata
1487 5972 1614 6012 esse.

2052 777 2230 845 gratia
2252 777 2550 834 dilectionis
2574 781 2691 849 ejus
2713 783 3038 851 agnoscitur,
3058 799 3172 839 non
3197 785 3420 843 dicimus
3442 829 3457 854 ,
3480 788 3642 843 Pater

2063 877 2249 924 noster
2286 871 2374 941 qui
2422 888 2480 926 es
2518 873 2732 943 ubique,
2760 890 2887 930 cum
2928 886 2985 930 et
3030 876 3134 932 hoc
3178 890 3361 934 verum
3404 879 3493 945 sit,
3523 879 3641 947 sed,

2064 959 2221 1015 Pater
2247 973 2414 1017 noster
2434 964 2518 1034 qui
2539 981 2590 1019 es
2609 966 2663 1019 in
2684 967 2821 1021 caelis
2842 967 3053 1041 (Matth.
3081 986 3157 1036 Vl,
3175 969 3229 1040 9)
3257 987 3272 1038 ;
3305 980 3363 1026 ut
3388 973 3642 1042 templum

2062 1054 2177 1125 ejus
2204 1058 2379 1126 potius
2412 1058 2463 1112 in
2489 1060 2729 1115 oratione
2753 1076 3265 1130 commemoramus,
3300 1066 3440 1135 quod
3466 1074 3521 1121 et
3546 1082 3643 1121 nos

2062 1148 2161 1219 ipsi
2186 1166 2305 1207 esse
2329 1150 2604 1221 debemus,
2630 1161 2685 1208 et
2708 1153 3029 1224 inrqnantum
3056 1171 3261 1223 sumus,
3282 1157 3338 1211 in
3356 1164 3557 1212 tantum
3577 1157 3644 1214 ad

2061 1244 2177 1312 ejus
2216 1245 2523 1300 societatem
2565 1256 2619 1301 et
2654 1247 2954 1317 adoptionis
2996 1248 3250 1304 familiam
3288 1251 3641 1321 pertinemus.

2061 1333 2118 1390 Si
2143 1337 2284 1390 enim
2316 1337 2538 1405 populus
2574 1337 2666 1392 Dei
2696 1338 2929 1393 nondum
2972 1339 3142 1395 iactus
3181 1342 3399 1411 aequalis
3424 1342 3645 1412 Angelis

2060 1427 2177 1495 ejus
2216 1428 2389 1483 adhuc
2434 1429 2486 1484 in
2532 1430 2630 1483 ista
2682 1432 3107 1502 peregrinatione
3148 1432 3338 1488 dicitur
3384 1434 3641 1503 templum

2058 1520 2193 1590 ejus,
2218 1533 2413 1591 quanto
2440 1523 2611 1593 magis
2636 1533 2718 1577 est
2744 1523 2999 1594 templum
3022 1524 3140 1594 ejus
3166 1526 3218 1579 in
3248 1525 3532 1591 cmlismbi
3561 1533 3643 1580 est

2057 1613 2286 1683 populus
2314 1615 2656 1686 Angelorum,
2686 1614 2876 1686 quibus
2892 1616 3220 1686 raggregandi
3249 1624 3303 1672 et
3330 1616 3643 1687 cotequandi

2053 1717 2243 1760 sunms
2262 1748 2276 1773 ,
2301 1721 2419 1761 cum
2445 1749 2457 1773 ,
2482 1706 2629 1761 ﬁnita
2660 1707 3085 1779 peregrinatione
3108 1747 3124 1775 ,
3153 1708 3295 1779 quod
3320 1707 3641 1778 promissum

2058 1805 2140 1852 est
2165 1800 2551 1868 sumpserimus
2576 1799 2589 1853 !

2128 1892 2213 1946 i7.
2255 1891 2387 1947 Cum
2435 1893 2592 1964 igitur
2632 1893 2723 1965 qui
2766 1894 2962 1964 ubique
2996 1902 3109 1960 est,
3142 1908 3247 1947 non
3297 1893 3349 1946 in
3388 1890 3641 1947 omnibus

2052 1980 2294 2049 habitet;
2321 1985 2478 2038 etiam
2508 1985 2777 2055 inquibus
2804 1984 3024 2048 habitat,
3054 2000 3164 2039 non
3194 1982 3468 2052 :cqualiter
3491 1981 3641 2038 habi-

2056 2079 2153 2126 tat.
2190 2073 2322 2127 Nam
2371 2075 2511 2130 unde
2548 2084 2630 2130 est
2675 2075 2804 2130 illud
2830 2075 2971 2146 quod
3002 2074 3233 2130 *Elisssns
3276 2074 3537 2145 p0poscit,
3580 2082 3640 2128 ut

2055 2162 2337 2233 dupliciter
2370 2166 2422 2220 in
2462 2182 2529 2221 eo
2560 2168 2709 2222 tieret
2750 2167 2980 2238 Spiritus
3027 2166 3120 2221 Dei
3156 2166 3246 2237 qui
3282 2174 3398 2220 erat
3435 2166 3487 2220 in
3525 2165 3639 2223 Elia

2054 2255 2161 2330 (IV
2192 2258 2319 2330 Reg.
2344 2275 2403 2327 ιι,
2430 2260 2464 2315 9
2486 2260 2503 2332 )
2527 2261 2551 2314 ?
2574 2269 2634 2314 et
2663 2259 2802 2315 unde
2828 2260 2885 2314 in
2910 2259 3157 2314 omnibus
3176 2260 3377 2313 sanctis
3398 2266 3525 2313 sunt
3548 2258 3638 2316 alii

2050 2348 2176 2403 aliis
2213 2352 2538 2417 sanctiores,
2570 2352 2671 2405 nisi
2717 2352 3074 2407 abundantius
3103 2351 3347 2406 habendo
3369 2350 3639 2404 habitato-

2050 2455 2169 2496 rem
2214 2443 2425 2498 Deum?
2451 2443 2734 2513 Quomodo
2780 2458 2908 2514 ergo
2956 2459 3141 2498 verum
3182 2457 3342 2513 supra
3382 2441 3637 2510 diximus,

2052 2536 2195 2606 quod
2223 2537 2360 2592 Deus
2386 2537 2579 2607 ubique
2614 2536 2684 2591 sit
2726 2545 2891 2603 totus,
2924 2536 3140 2606 quando
3179 2536 3233 2590 in
3269 2535 3385 2589 aliis
3418 2544 3502 2592 est
3520 2549 3639 2588 ama

2051 2628 2211 2700 plius,
2240 2645 2291 2683 ιιι
2319 2628 2437 2683 aliis
2458 2628 2672 2684 minus?
2698 2628 2804 2684 Sed
2822 2643 2938 2683 non
2959 2637 3044 2683 est
3062 2628 3394 2698 negligenter
3423 2627 3639 2682 intuen-

2053 2720 2179 2775 dum
2202 2721 2342 2791 quod
2372 2722 2620 2785 diximus,
2650 2722 2702 2775 in
2740 2722 2919 2791 seipse
2943 2734 3063 2776 esse
3084 2720 3279 2789 ubique
3305 2725 3494 2774 totum.
3520 2717 3637 2778 Non

2052 2828 2181 2884 ergo
2207 2814 2259 2868 in
2290 2814 2367 2869 eis
2396 2815 2515 2884 quia
2556 2813 2647 2868 alii
2677 2814 2794 2882 plus
2821 2829 2941 2867 cum
2981 2812 3196 2881 capiunt
3217 2853 3229 2876 ,
3260 2812 3348 2866 alii
3389 2812 3563 2866 minus
3583 2812 3633 2864 Α.

2044 2904 2177 2960 ’ἰόθο
2205 2908 2345 2961 enim
2378 2906 2573 2975 ubique
2597 2920 2715 2961 esse
2736 2905 2957 2972 dicitur,
2990 2906 3112 2976 quia
3141 2904 3268 2959 nulli
3294 2905 3427 2973 parti
3450 2918 3633 2959 teriam

2050 3000 2244 3055 absens
2274 3006 2392 3064 est;
2427 2999 2545 3054 ideo
2570 3006 2742 3066 totus,
2774 2999 2895 3069 quia
2924 3014 3029 3052 non
3058 3000 3189 3067 parti
3220 3012 3397 3052 rerum
3418 3004 3633 3066 partem

2052 3104 2201 3146 suam
2228 3097 2543 3161 praesentem
2586 3088 2785 3160 praebet
2802 3131 2815 3155 ,
2852 3098 2905 3143 et
2928 3089 3077 3144 alteri
3102 3088 3234 3158 parti
3262 3088 3483 3144 alteram
3512 3098 3634 3157 par-

2053 3192 2159 3239 tem
2180 3226 2193 3251 ,
2224 3184 2456 3254 aequales
2485 3182 2793 3253 aequalibus,
2820 3182 3015 3236 minori
3042 3196 3167 3236 vero
3188 3181 3490 3246 minorem,
3518 3193 3640 3233 ma-

2046 3275 2258 3348 iorique
2300 3276 2597 3347 majorem;
2641 3276 2735 3331 sed
2763 3290 2873 3331 non
2914 3275 3085 3330 solum
3116 3272 3445 3328 universitati
3471 3284 3636 3328 etea-

2046 3374 2215 3437 ‘turte,
2260 3381 2444 3423 verum
2490 3368 2647 3423 etiam
2692 3366 2907 3421 cuilibet
2940 3365 3074 3436 parti
3112 3365 3226 3435 ejus
3261 3373 3402 3419 totus
3430 3363 3639 3433 pariter

2051 3459 2221 3515 adest.
2250 3457 2420 3529 Hique
2445 3458 2512 3512 ab
2533 3474 2601 3513 eo
2630 3458 2787 3527 longe
2810 3470 2935 3511 esse
2961 3455 3225 3523 dicuntur,
3244 3456 3343 3527 qui
3362 3455 3638 3527 peccando

2050 3550 2391 3606 dissimillimi
2417 3550 2539 3605 facti
2564 3558 2685 3604 sunt
2711 3566 2724 3613 ;
2750 3556 2813 3604 et
2842 3548 2898 3602 hi
2925 3546 2975 3603 ei
3002 3548 3375 3619 propinquare,
3404 3546 3494 3617 qui
3521 3547 3639 3617 ejus

2051 3642 2448 3699 similitudinem
2487 3644 2575 3713 pie
2607 3641 2833 3698 vivendo
2874 3642 3159 3711 recipiunt.
3189 3641 3338 3698 Sicut
3373 3648 3523 3696 recte
3548 3638 3636 3694 di-

2048 3748 2244 3794 cuntur
2269 3738 2409 3793 oculi
2453 3746 2597 3793 tanto
2626 3751 2744 3791 esse
2773 3736 2841 3791 ab
2878 3735 2979 3790 hac
3009 3734 3129 3790 luce
3169 3734 3409 3805 longius,
3435 3738 3637 3804 quanto

2038 3827 2245 3887 "fuerint
2289 3830 2557 3885 caeciores.
2609 3827 2745 3896 Quid
2784 3827 2931 3884 enim
2976 3839 3084 3882 tam
3133 3826 3287 3896 longe
3329 3833 3409 3880 est
3446 3840 3475 3878 a
3518 3822 3638 3880 luce

2050 3938 2208 3996 quam
2248 3925 2479 3991 ascitas,
2510 3924 2718 3980 etiamsi
2763 3923 2848 3977 lux
2889 3930 3085 3993 praesto
3120 3920 3209 3986 sit,
3254 3928 3414 3990 atque
3449 3918 3637 3975 oculos

2046 4013 2333 4085 perfundat
2358 4013 2699 4069 exstinctos?
2725 4012 3090 4082 Pr0pinquare
3110 4019 3285 4065 autem
3312 4009 3416 4063 luci
3446 4008 3635 4063 merito

2049 4104 2395 4174 perhibentur
2420 4103 2594 4169 oculi,
2624 4104 2713 4174 qui
2754 4102 2995 4159 sanitatis
3029 4114 3247 4156 accessu
3291 4100 3458 4154 aciem
3493 4099 3633 4155 reci-

2048 4194 2243 4267 piendo
2272 4194 2555 4266 proficiunt
2581 4197 2626 4247 ⁸.

2118 4286 2344 4343 CAPUT
2383 4285 2653 4342 ηιμ-ιε.
2696 4286 2862 4341 Ροιτο
2898 4293 3079 4341 autem
3113 4284 3255 4355 quod
3290 4298 3479 4354 parum
3518 4283 3633 4339 dis-

2044 4381 2211 4434 tincte
2235 4378 2534 4449 putavimus
2566 4392 2721 4448 posse
2744 4377 2961 4448 intelligi
2989 4392 3109 4433 cum
3124 4377 3431 4433 diceremus
3462 4376 3631 4432 Deum

2044 4488 2166 4528 esse
2195 4472 2387 4542 ubique
2413 4480 2599 4538 totum,
2641 4472 2743 4528 nisi
2772 4470 3111 4539 adderemus,
3142 4470 3201 4527 In
3242 4471 3438 4541 seipse,
3477 4470 3633 4526 video

2040 4565 2353 4636 diligentius
2394 4564 2788 4635 exponendum.
2834 4562 3110 4631 Quomodo
3155 4564 3295 4618 enim
3338 4562 3552 4633 ubique,
3586 4564 3633 4619 si

2048 4656 2100 4711 in
2130 4657 2343 4725 seipse?
2368 4654 2575 4727 Ubique
2601 4655 2826 4721 scilicet,
2855 4655 2974 4725 quia
3009 4670 3266 4725 nusquam
3308 4662 3391 4709 est
3416 4654 3628 4710 absens.

2039 4748 2105 4802 'ln
2135 4749 2308 4817 scipso
2349 4756 2548 4812 autem,
2581 4746 2702 4818 quia
2748 4763 2851 4800 non
2895 4748 3199 4802 continetur
3244 4747 3312 4801 ab
3338 4747 3415 4801 eis
3443 4746 3633 4817 quibus

2044 4850 2131 4896 est
2164 4856 2415 4910 prmscns,
2461 4850 2707 4909 tanquam
2733 4839 2847 4894 sine
2875 4840 2953 4895 eis
2978 4855 3098 4894 esse
3127 4854 3231 4894 non
3264 4840 3447 4909 possit.
3496 4838 3629 4894 Nam

2048 4934 2215 5002 spatia
2258 4933 2494 4987 locorum
2526 4932 2651 4986 tolle
2698 4930 3034 5001 corporibus,
3066 4946 3327 5001 nusquam
3368 4941 3545 4998 erant,
3578 4943 3631 4988 et

2048 5028 2170 5100 quia
2198 5042 2454 5096 nusquam
2494 5035 2669 5093 erunt,
2718 5040 2818 5081 nec
2858 5033 3031 5080 erunt.
3081 5026 3228 5081 Tolle
3258 5026 3370 5095 ipsa
3405 5040 3629 5095 corpora

2048 5118 2386 5191 qualitatibus
2424 5132 2726 5187 corporum,
2754 5133 2860 5171 non
2888 5116 2991 5172 erit
3017 5117 3107 5172 ubi
3133 5118 3260 5184 sint,
3303 5124 3359 5172 et
3384 5115 3507 5172 ideo
3536 5131 3630 5172 ne-

2048 5230 2196 5271 cesse
2240 5223 2321 5269 est
2363 5222 2419 5268 ut
2449 5227 2552 5267 non
2578 5212 2709 5266 sint.
2741 5211 2949 5266 Etenim
2995 5225 3116 5266 cum
3151 5224 3249 5281 per
3287 5219 3451 5265 totam
3477 5225 3628 5266 suam

2044 5309 2244 5365 molem
2291 5321 2483 5377 corpus
2530 5306 2804 5376 aequaliter
2842 5319 3030 5361 sanum
3058 5312 3183 5371 est,
3220 5311 3317 5360 aut
3356 5304 3633 5378 aequaliter

2040 5400 2353 5464 candidum,
2399 5414 2503 5453 non
2548 5407 2630 5455 est
2674 5398 2727 5453 in
2756 5413 2861 5454 una
2903 5411 3062 5468 quam
3091 5396 3144 5452 in
3192 5396 3292 5452 alia
3320 5406 3474 5468 parte
3510 5398 3627 5468 ejus

2049 5495 2249 5549 sanitas
2274 5493 2443 5563 major
2468 5501 2556 5547 aut
2584 5491 2803 5558 candor,
2842 5505 2947 5547 nec
2971 5489 3143 5559 major
3159 5489 3222 5544 'in
3249 5500 3361 5545 toto
3390 5505 3545 5560 quam
3577 5490 3629 5548 in

2046 5602 2198 5662 parte
2227 5591 2341 5659 ejus
2366 5607 2381 5655 ;
2408 5588 2527 5659 quia
2557 5602 2663 5641 non
2690 5590 2870 5642 sanius
2895 5593 2985 5639 aut
3008 5582 3282 5639 candidius
3300 5592 3469 5639 totum
3496 5598 3629 5639 con-

2052 5691 2151 5738 stat
2188 5696 2306 5737 essc
2348 5694 2502 5749 quam
2532 5688 2754 5748 partem.
2786 5675 2841 5731 Si
2868 5685 3042 5730 autem
3071 5674 3405 5744 inaequaliter
3446 5674 3515 5728 sit
3539 5688 3629 5728 sa-

2107 5775 2263 5844 fatss.
2304 5783 2478 5836 magno
2516 5766 2935 5821 consensuzAtia
2972 5766 3081 5833 plus
3122 5770 3494 5831 ewn'captwtt,
3534 5764 3628 5820 aiis

2252 5906 2354 5949 uss.
2379 5896 2671 5960 quindecim.
2693 5901 2742 5945 At
2758 5893 2887 5957 ald,
2904 5891 3062 5945 aciem
3079 5889 3372 5957 recipiendo,
3390 5890 3543 5945 lucem
3557 5904 3626 5949 ts-

2052 5965 2247 6023 cipiunt.
