4120 6358
568 474 675 534 839

566 605 694 646 num
743 597 836 645 aut
878 586 1206 660 inmqualiter
1250 582 1554 648 candidum,
1606 581 1723 638 fieri
1768 587 1941 652 potest
1978 588 2034 634 ut
2083 579 2138 635 in

567 683 772 737 minore
799 690 949 751 parte
972 681 1042 735 sit
1077 677 1276 735 sanitas
1302 676 1473 746 major
1516 682 1608 729 aut
1643 674 1860 740 candor,
1888 688 2009 728 cum
2035 674 2138 728 mi-

567 789 698 829 nora
723 785 881 843 quam
907 770 1107 842 majora
1131 769 1340 825 saniora
1368 767 1454 823 vel
1481 765 1786 822 candidiora
1820 775 1944 821 sunt
1972 778 2140 819 mem-
2164 805 2170 810 .

567 866 695 932 bra;
722 878 886 937 usque
913 862 1047 918 adeo
1073 877 1180 918 non
1222 859 1362 916 mole
1384 865 1592 914 constat
1615 857 1754 928 quod
1780 857 1833 911 in
1873 856 2138 926 qualitati-

568 955 665 1011 bus
693 967 940 1025 magnum
968 952 1319 1007 dicituresse
1356 949 1438 1005 vel
1469 963 1708 1019 parvum.
1757 947 2137 1002 Verumtamen

565 1046 610 1099 si
639 1044 805 1100 moles
835 1043 945 1112 ipsa
988 1041 1248 1111 corporis,
1278 1047 1702 1111 quantacumque
1729 1037 1810 1092 vel
1853 1034 2136 1106 quantula-

565 1151 789 1207 cumque
811 1135 899 1199 sit,
925 1134 1138 1207 penitus
1154 1130 1445 1196 auferatur,
1468 1129 1748 1201 qualitates
1766 1128 1882 1199 ejus
1909 1143 2012 1183 non
2035 1127 2137 1182 erit
2177 1150 2180 1154 ’

565 1229 651 1282 ubi
681 1229 808 1292 sint,
838 1226 1078 1297 quamvis
1113 1241 1222 1281 non
1253 1224 1395 1280 mole
1433 1221 1712 1278 metienda:
1749 1223 1872 1278 sint.
1899 1222 1969 1276 At
2006 1233 2135 1275 vero

567 1320 704 1374 Deus
733 1334 859 1384 non,
904 1316 950 1372 si
978 1317 1155 1372 minus
1196 1315 1400 1385 capitur
1425 1314 1491 1368 ab
1520 1313 1609 1367 illo
1633 1312 1718 1367 cui
1748 1325 1985 1382 praesens
2007 1319 2131 1378 est,

564 1412 682 1468 ideo
706 1413 818 1482 ipse
844 1410 1018 1465 minor
1052 1417 1155 1465 est.
1184 1407 1349 1463 Totus
1371 1406 1512 1461 enim
1545 1405 1600 1460 in
1626 1405 1802 1474 seipse
1827 1411 1927 1470 est,
1956 1417 2055 1456 nec
2080 1401 2134 1456 in

561 1505 754 1573 quibus
777 1510 878 1569 est,
909 1502 981 1556 ita
1000 1508 1082 1556 est
1102 1509 1160 1554 ut
1183 1499 1417 1569 indigeat
1439 1496 1536 1562 eis,
1560 1504 1810 1565 tanquam
1835 1508 1942 1548 non
1967 1490 2134 1562 possit

561 1610 680 1649 esse
708 1594 809 1648 nisi
836 1594 888 1648 in
917 1593 1014 1649 eis.
1045 1591 1197 1648 Sicut
1219 1599 1394 1645 autem
1420 1603 1520 1644 nec
1544 1587 1610 1642 ab
1635 1587 1724 1640 illo
1751 1585 1918 1649 abest,
1950 1583 2001 1637 in
2028 1597 2133 1654 quo

562 1702 666 1740 non
694 1685 913 1750 habitat,
939 1693 993 1740 et
1019 1692 1158 1738 totus
1183 1681 1350 1745 adest,
1382 1679 1618 1749 quamvis
1646 1692 1766 1732 eum
1793 1676 1882 1730 ille
1909 1689 2016 1729 non
2040 1673 2135 1728 ha-

561 1780 722 1845 beat;
751 1780 824 1832 ita
863 1787 917 1832 et
961 1777 1034 1832 illi
1076 1776 1132 1830 in
1157 1789 1263 1846 quo
1310 1771 1530 1837 habitat,
1563 1777 1704 1825 totus
1730 1776 1812 1823 est
1850 1779 2083 1838 praesens
2111 1805 2129 1833 ,

559 1870 798 1939 quamvis
822 1884 943 1924 eum
973 1882 1078 1922 non
1102 1881 1168 1922 ex
1196 1873 1308 1920 toto
1332 1863 1524 1933 capiat.

631 1959 717 2018 19.
765 1958 946 2028 Neque
979 1958 1121 2014 enim
1149 1955 1214 2010 ad
1245 1953 1582 2010 habitandum
1617 1951 1802 2006 dividit
1827 1965 1885 2006 se
1911 1965 2008 2022 per
2033 1947 2132 2004 ho-

559 2050 759 2113 minum
803 2048 962 2104 corda
1005 2063 1099 2103 seu
1143 2061 1398 2116 corpora,
1446 2043 1602 2098 aliam
1643 2042 1724 2097 sui
1769 2049 1968 2112 partem
2011 2038 2132 2095 huic

560 2144 816 2219 tribuens,
863 2142 936 2196 illi
966 2141 1143 2206 aliam,
1182 2139 1320 2194 sicut
1359 2137 1448 2192 lux
1478 2137 1577 2192 ista
1619 2151 1715 2206 per
1739 2134 1912 2190 aditus
1952 2141 2007 2188 et
2035 2147 2130 2202 per

558 2234 816 2291 fenestras
838 2233 1118 2289 domorum
1151 2247 1165 2284 :
1197 2229 1289 2284 sed
1315 2228 1509 2298 potius,
1538 2227 1584 2281 si
1603 2226 1890 2297 quemlibet
1913 2238 2123 2288 sonum,

557 2339 679 2378 cum
705 2337 955 2392 corporea
978 2336 1063 2376 res
1089 2322 1158 2375 sit
1183 2333 1248 2376 ac
1275 2318 1592 2384 transitoria,
1619 2317 1808 2371 surdus
1831 2331 1935 2370 non
1961 2315 2124 2384 capit,

523 2469 528 2474 .
559 2415 828 2470 surdaster
856 2427 963 2468 non
1007 2421 1174 2466 totum
1216 2411 1374 2480 capit,
1414 2418 1571 2478 atque
1600 2409 1652 2462 in
1680 2407 1765 2462 his
1793 2408 1880 2478 qui
1909 2405 2130 2462 audiunt

556 2522 677 2562 cum
722 2507 919 2576 pariter
959 2505 1007 2560 ei
1051 2504 1419 2574 propinquant,
1471 2509 1612 2557 tanto
1651 2501 1818 2570 magis
1861 2499 1994 2555 alius
2022 2499 2126 2554 alio

555 2597 714 2667 capit,
744 2605 940 2668 quanto
962 2603 1044 2650 est
1061 2593 1332 2658 acutioris,
1356 2600 1501 2647 tanto
1519 2600 1696 2646 autem
1711 2591 1904 2656 minus,
1927 2598 2125 2660 quanto
2148 2644 2152 2649 .

554 2698 636 2744 est
672 2687 955 2744 obtusioris
996 2687 1224 2750 auditus,
1254 2700 1374 2740 cum
1399 2684 1490 2739 ille
1520 2699 1623 2738 non
1650 2683 1794 2738 varie
1830 2683 1994 2754 magis
2020 2682 2124 2737 mi-

553 2793 720 2833 nusve
751 2778 978 2846 insonet,
1025 2775 1120 2832 sed
1161 2777 1215 2831 in
1260 2791 1326 2830 eo
1349 2775 1468 2830 loco
1494 2776 1544 2829 in
1575 2790 1678 2845 quo
1705 2782 1847 2838 sunt,
1879 2775 2124 2830 omnibus

551 2870 823 2941 aequaliter
842 2877 1034 2939 praesto
1061 2869 1162 2934 sit;
1189 2876 1384 2938 quanto
1401 2867 1746 2924 excellentius
1773 2867 1911 2922 Deus
1935 2875 2121 2922 natura

551 2960 862 3033 incorporea
885 2967 940 3015 et
964 2959 1361 3015 immutabiliter
1385 2959 1522 3022 viva,
1549 2961 1636 3028 qui
1667 2974 1773 3012 non
1799 2958 1934 3012 sicut
1959 2972 2120 3012 sonus

553 3066 648 3122 per
671 3067 846 3106 moras
868 3059 1163 3120 temporum
1189 3048 1327 3104 tendi
1352 3056 1404 3104 et
1423 3048 1584 3104 dividi
1605 3057 1799 3119 potest,
1829 3063 1928 3103 nec
1948 3049 2120 3118 spatio

549 3141 694 3197 aerio
721 3151 966 3212 tanquam
993 3141 1110 3196 loco
1137 3154 1236 3196 suo
1255 3137 1471 3208 indiget,
1499 3138 1588 3192 ubi
1613 3137 1959 3208 praesentibus
1988 3154 2121 3208 pra:-

549 3244 634 3290 sto
657 3236 747 3302 sit,
773 3235 867 3290 sed
896 3244 1092 3290 aeterna
1121 3233 1404 3289 stabilitate
1431 3233 1486 3288 in
1512 3233 1687 3303 seipse
1712 3247 1950 3298 manens,
1981 3243 2120 3288 totus

548 3325 736 3382 adesse
753 3326 914 3382 rebus
937 3327 1180 3382 omnibus
1208 3333 1401 3394 potest,
1429 3332 1484 3380 et
1504 3324 1725 3394 singulis
1744 3333 1906 3391 totus,
1929 3339 2116 3394 quam-

546 3419 629 3474 vis
651 3419 706 3474 in
735 3419 924 3490 quibus
953 3419 1171 3485 habitat,
1204 3417 1431 3473 habeant
1454 3433 1576 3473 eum
1603 3431 1698 3487 pro
1723 3433 1830 3473 suae
1855 3420 2117 3488 capacita—

549 3508 616 3564 tis
644 3508 970 3576 diversitate,
999 3509 1088 3563 alii
1112 3509 1356 3578 amplius,
1384 3508 1472 3562 alii
1493 3508 1684 3574 minus,
1718 3523 1850 3578 quos
1877 3509 1991 3579 ipse
2013 3509 2117 3565 sibi

547 3599 946 3656 dilectissimum
998 3601 1248 3670 templum
1290 3599 1457 3670 gratia
1503 3615 1613 3655 sua:
1652 3599 1902 3655 bonitatis
1944 3601 2114 3656 aedili-

548 3692 701 3748 fleat!

615 3783 704 3839 20.
746 3783 814 3840 Et
855 3784 1194 3840 donationum
1222 3785 1434 3856 quidem
1476 3785 1631 3842 dictae
1668 3796 1792 3844 sunt
1829 3787 2115 3846 divisiones

547 3883 792 3946 tanquam
819 3890 914 3944 per
937 3884 1112 3944 partes
1129 3885 1184 3930 et
1211 3875 1448 3931 membra
1473 3875 1627 3931 unius
1661 3879 1916 3948 corporis,
1950 3879 2037 3934 ubi
2063 3888 2117 3935 ct

543 3966 701 4021 simul
727 3982 912 4023 omnes
933 3983 1092 4022 unum
1119 3967 1393 4038 templum,
1417 3978 1469 4023 et
1484 3969 1675 4040 singuli
1699 3970 1902 4041 singula
1922 3972 2112 4042 templa

541 4073 758 4123 sumus;
792 4058 911 4128 quia
940 4073 1047 4113 non
1077 4068 1158 4132 est
1194 4059 1332 4114 Dens
1361 4060 1411 4114 in
1441 4061 1687 4116 omnibus
1733 4077 1888 4132 quam
1918 4063 1969 4118 in
1998 4065 2111 4118 sin-

539 4151 674 4220 gulis
719 4150 887 4218 major
916 4167 929 4203 :
958 4158 1013 4206 et
1052 4150 1107 4206 fit
1132 4150 1443 4222 plerumque
1488 4161 1546 4206 ut
1570 4153 1746 4222 plures
1774 4170 1894 4210 eum
1940 4157 2112 4212 minus

538 4245 768 4315 capiant,
811 4264 946 4303 unus
971 4249 1216 4321 amplius.
1247 4250 1350 4306 Sed
1378 4266 1496 4306 cum
1540 4251 1762 4307 dixisset
1786 4254 2070 4322 Apostolus
2091 4295 2108 4320 ,

538 4339 822 4396 Divisiones
862 4339 1028 4396 autem
1053 4343 1378 4398 donationum
1405 4353 1556 4411 sunt;
1581 4346 1831 4399 continuo
1859 4344 2103 4415 subjecit,

538 4429 686 4484 Idem
709 4442 873 4486 autem
899 4433 1122 4503 Spiritus
1150 4451 1169 4488 :
1195 4435 1318 4490 item
1349 4451 1468 4488 cum
1493 4436 1634 4504 ipsas
1658 4435 1998 4492 donationum
2020 4437 2107 4492 di-

539 4522 767 4578 visiones
792 4534 1288 4590 commemorasset;
1328 4526 1510 4580 Omnia
1537 4539 1698 4582 autem
1728 4529 1854 4597 haec,
1898 4531 2103 4601 inquit,

535 4623 774 4684 operatur
798 4633 926 4670 unus
968 4626 1115 4688 atque
1155 4617 1288 4671 idem
1334 4617 1578 4689 Spiritus,
1625 4621 1849 4676 dividens
1900 4628 2106 4696 propria

536 4705 798 4777 unicuique
823 4717 970 4776 prout
989 4708 1093 4761 vult
1119 4706 1171 4780 (Ι
1190 4705 1306 4763 Cor.
1333 4724 1426 4772 xu,
1451 4711 1505 4775 4,
1538 4708 1646 4782 ll).
1685 4711 1932 4768 Dividens
1957 4731 2102 4787 ergo,

535 4811 640 4852 non
684 4797 796 4867 ipse
838 4797 1056 4866 divisus,
1100 4800 1221 4869 quia
1269 4801 1382 4871 ipse
1410 4818 1544 4857 unus
1591 4811 1751 4874 atque
1789 4805 1949 4861 idem.
1997 4807 2105 4864 illa:

535 4905 662 4947 vero
686 4891 970 4948 divisiones
989 4892 1143 4948 dicta:
1169 4901 1313 4962 sunt,
1353 4895 1488 4950 sicut
1515 4897 1871 4954 membrorum
1900 4901 1952 4955 in
1982 4917 2104 4957 cor-

535 4997 662 5052 pore
686 4999 700 5049 ;
729 4985 851 5054 quia
881 4999 986 5038 non
1025 4983 1162 5040 idem
1192 4985 1370 5041 valent
1399 5001 1558 5043 aures
1583 4988 1725 5059 quod
1752 4991 1912 5059 oculi,
1943 5001 2102 5062 atque

533 5075 605 5130 ita
636 5075 871 5132 membra
899 5085 1090 5132 caetera
1115 5074 1338 5133 diversis
1355 5077 1541 5134 ofﬁciis
1563 5080 1899 5137 concorditer
1921 5081 2104 5136 distri-

531 5164 656 5221 buta
688 5183 702 5221 :
730 5181 848 5236 quae
886 5175 1058 5222 tamen
1101 5181 1223 5222 cum
1251 5167 1366 5225 sani
1405 5183 1612 5237 sumus,
1655 5185 1778 5237 una,
1819 5185 1989 5242 neque
2015 5171 2100 5228 di-

531 5274 704 5326 versa,
730 5276 832 5317 nec
871 5261 992 5317 alibi
1022 5263 1242 5335 majore,
1282 5264 1407 5321 alibi
1451 5265 1676 5333 minore,
1707 5267 1801 5322 sed
1831 5282 1950 5322 cum
1996 5269 2103 5324 sint

531 5353 645 5424 ipsa
685 5353 936 5425 disparia,
981 5357 1248 5412 communi
1290 5365 1347 5413 et
1375 5357 1524 5427 parili
1551 5360 1720 5414 salute
1746 5359 2098 5431 congaudent.

531 5447 699 5518 llujus
741 5449 980 5518 corporis
1025 5460 1184 5520 caput
1222 5459 1305 5506 est
1346 5448 1608 5518 Christus,
1662 5451 1819 5523 hujus
1863 5453 2100 5524 corporis

530 5539 704 5594 unitas
725 5547 911 5596 nostro
949 5542 1210 5598 sacrificio
1231 5542 1829 5613 commendatur:un
1870 5543 2103 5600 breviter

531 5629 846 5699 significavit
869 5631 1174 5700 Apostolus,
1206 5633 1409 5697 dicens,
1443 5631 1584 5688 Unus
1609 5634 1776 5704 panis,
1805 5651 1959 5689 unum
1984 5653 2099 5690 cor-

529 5735 625 5790 pus
651 5718 798 5774 multi
839 5737 1011 5776 sumus
1055 5721 1107 5794 (Ι
1134 5722 1251 5777 (.‘or.
1300 5740 1356 5791 ι,
1389 5725 1454 5779 17
1474 5725 1512 5795 ).
1545 5724 1649 5780 Per
1674 5734 1828 5795 caput
1859 5735 2098 5782 nostrum

531 5811 936 5868 reconciliamur
958 5813 1088 5880 Deo,
1117 5815 1237 5885 quia
1266 5816 1319 5870 in
1349 5816 1438 5870 illo
1462 5824 1544 5872 est
1563 5815 1807 5872 divinitas
1837 5815 2099 5886 Unigeniti

529 5901 666 5963 facta
690 5905 950 5979 particeps
977 5907 1310 5964 mortalitatis
1342 5917 1555 5977 nostrae,
1583 5917 1639 5965 ut
1677 5917 1730 5966 et
1754 5923 1852 5966 nos
1879 5908 2097 5982 partici-

1697 469 1700 472 ’
1781 467 1837 524 S.
1877 459 2235 522 AUGUSTINl
2275 462 2577 525 EPISCOPI

2243 593 2340 649 pes
2367 580 2480 651 ejus
2505 582 2912 643 immortalitatis
2931 596 3186 643 essemus.

2312 671 2375 727 21
2387 711 2400 724 .
2441 673 2552 730 Hoc
2568 686 2955 732 sacramentum
2979 677 3134 748 longe
3151 686 3236 735 est
3259 697 3292 738 a
3321 672 3573 733 cordibus
3591 695 3811 751 sapien-

2243 761 2374 816 tium
2402 765 2770 835 superborum,
2799 777 2853 824 et
2877 769 2995 824 ideo
3017 785 3124 824 non
3147 770 3579 838 Christianorum,
3621 789 3687 830 ac
3711 789 3816 845 per

2240 849 2342 907 hoc
2368 869 2467 910 nec
2491 870 2615 912 vere
2639 857 2972 927 sapientium.
3004 858 3214 914 Illorum
3239 860 3400 914 etiam
3437 863 3558 920 dico
3594 866 3815 936 sapien—

2241 947 2368 1001 tium
2397 949 2486 1018 qui
2505 959 2863 1020 cognoverunt
2885 949 3081 1018 Deum;
3108 953 3228 1024 quia
3245 967 3591 1026 cognoscentes
3617 957 3811 1025 Deum,

2236 1039 2374 1096 sicut
2399 1040 2526 1097 dicit
2553 1043 2854 1113 Apostolus,
2894 1061 2994 1099 non
3021 1045 3148 1099 sicut
3177 1044 3342 1102 Deum
3365 1047 3772 1118 gloriﬁcaverunt
3797 1092 3814 1115 ,

2235 1141 2325 1186 aut
2364 1135 2551 1205 gratias
2578 1144 2781 1206 egerunt
2807 1133 2981 1210 (Rom.
3012 1153 3050 1205 t,
3081 1138 3197 1210 21).
3242 1137 3394 1195 Nosti
3418 1149 3592 1198 autem
3621 1143 3673 1196 in
3705 1155 3813 1210 quo

2237 1225 2496 1280 sacriﬁcio
2514 1225 2734 1292 dicatur,
2763 1226 2973 1284 Gratias
2990 1244 3208 1300 agamus
3228 1231 3452 1287 Domino
3468 1233 3579 1289 Deo
3601 1243 3813 1288 nostro.

2237 1317 2278 1370 A
2310 1317 2458 1387 cujus
2507 1319 2750 1375 sacriticii
2799 1319 3092 1377 humilitate
3136 1322 3290 1393 longe
3335 1323 3486 1379 abest
3515 1324 3729 1395 typhus,
3758 1333 3815 1380 et

2235 1409 2524 1466 cothurnus
2549 1411 2778 1467 illorum.
2821 1413 2886 1468 Et
2926 1413 3046 1470 ideo
3073 1415 3296 1470 multum
3327 1414 3584 1472 mirabilis
3613 1434 3703 1474 res
3729 1427 3814 1473 est

2235 1502 2674 1571 quemadmodum
2701 1505 3048 1574 quorumdam
3093 1507 3328 1562 nondum
3373 1511 3812 1580 cognoscentium

2235 1593 2399 1648 Deum
2420 1594 2489 1649 sit
2511 1594 2830 1650 inhabitator
2852 1596 3011 1661 Deus,
3034 1606 3088 1652 et
3105 1599 3454 1668 quorumdam
3477 1615 3811 1670 cognoscen-
3883 1653 3898 1674 ,κ

2236 1687 2363 1740 tium
2387 1701 2490 1740 non
2515 1687 2601 1741 sit.
2633 1686 2739 1742 Nec
2763 1688 2833 1741 illi
2862 1689 3003 1743 enim
3031 1688 3097 1742 ad
3127 1690 3377 1758 templum
3401 1691 3492 1745 Dei
3514 1692 3805 1760 pertinent,

2233 1779 2321 1848 qui
2346 1786 2724 1848 cognoscentes
2754 1779 2937 1844 Deum,
2970 1795 3076 1835 non
3102 1781 3240 1836 sicut
3263 1781 3427 1836 Deum
3465 1781 3810 1852 gloriﬁcave-

2232 1880 2376 1937 runt,
2415 1878 2506 1924 aut
2533 1871 2726 1941 gratias
2752 1882 3008 1942 egerunt;
3042 1879 3095 1927 et
3119 1871 3185 1926 ad
3225 1872 3481 1943 templum
3515 1873 3611 1928 Dei
3639 1873 3809 1943 perti-

2234 1970 2360 2016 nent
2388 1961 2588 2031 parvuli
2615 1961 2927 2017 sanetiiicati
2951 1961 3296 2019 Sacramento
3319 1962 3539 2032 Christi,
3587 1979 3812 2034 regene-

2231 2053 2330 2107 rati
2359 2052 2555 2122 Spiritu
2594 2064 2799 2122 sancto,
2846 2055 2934 2124 qui
2981 2066 3126 2111 certe
3171 2072 3269 2127 per
3310 2065 3519 2113 aetatem
3566 2058 3805 2114 nondum

2232 2153 2454 2216 possunt
2481 2159 2799 2216 cognoscere
2830 2147 2992 2202 Deum
3020 2164 3034 2201 :
3063 2147 3203 2203 unde
3228 2164 3383 2219 quem
3414 2160 3698 2220 potuerunt
3726 2151 3810 2206 illi

2231 2251 2388 2292 nosse
2437 2252 2534 2292 nec
2568 2237 2782 2304 habere,
2830 2238 2914 2294 isti
2959 2246 3240 2309 potuerunt
3281 2239 3477 2295 habere
3519 2251 3808 2310 antequam

2231 2342 2407 2383 nosse.
2455 2328 2752 2383 Beatissimi
2793 2337 2966 2383 autem
2993 2337 3134 2396 sunt,
3161 2330 3349 2400 quibus
3375 2329 3479 2386 hoc
3507 2341 3589 2386 est
3633 2331 3807 2386 Deum

2230 2417 2427 2474 habere
2465 2419 2606 2490 quod
2636 2435 2791 2476 nosse
2823 2437 2839 2476 :
2869 2421 2982 2491 ipsa
3007 2422 3201 2492 quippe
3239 2420 3422 2477 notitia
3450 2421 3760 2492 plenissima
3783 2463 3802 2490 ,

2230 2511 2523 2578 verissima,
2556 2511 2855 2567 felicissima
2885 2521 2985 2567 est.

2298 2601 2522 2658 CAPUT
2560 2602 2669 2658 VII.
2697 2634 2769 2644 —
2792 2603 2883 2658 22.
2932 2603 3061 2659 Hinc
3089 2603 3199 2674 jam
3226 2613 3434 2674 oportet
3458 2605 3615 2661 etiam
3652 2605 3803 2661 illam
3839 2649 3845 2652 .

2227 2709 2383 2765 quam
2410 2703 2529 2766 post
2549 2695 2786 2765 epistolae
2806 2705 2908 2750 tuae
2925 2696 3364 2766 subscriptionem
3388 2697 3651 2765 addidisti,
3681 2713 3804 2768 per-

2227 2797 2454 2844 tractare
2473 2790 2818 2859 quaestionem
2842 2807 2855 2843 :
2880 2789 2942 2844 Si
2959 2789 3123 2843 adhuc
3137 2789 3368 2860 ignorant
3391 2789 3587 2859 paruuli
3603 2787 3796 2856 Deum,

2225 2883 2472 2952 quomodo
2494 2881 2719 2938 Joannes
2741 2884 2892 2938 etiam
2907 2893 3172 2955 antequam
3190 2892 3494 2948 nasceretur,
3520 2882 3586 2937 ad
3603 2883 3798 2937 adven-

2225 2982 2329 3028 tum
2357 2982 2403 3027 et
2430 2975 2744 3044 prtesentiam
2771 2974 2944 3029 matris
2973 2974 3196 3040 Domini,
3233 2975 3288 3029 in
3311 2990 3420 3030 suae
3458 2974 3630 3028 matris
3650 2983 3798 3028 utero

2225 3067 2384 3136 potuit
2405 3068 2673 3122 exsultare.
2703 3066 2834 3123 Cum
2855 3068 2997 3124 enim
3023 3082 3497 3124 commemorasses
3521 3077 3571 3124 te
3598 3068 3799 3138 legisse

2203 3155 2412 3216 librum
2448 3173 2624 3213 meum
2649 3159 2714 3214 de
2755 3158 3024 3229 Baptismo
3049 3159 3413 3226 Parvulorum,
3442 3158 3689 3214 addidisti
3737 3166 3800 3215 et

2222 3247 2341 3301 aisti
2374 3264 2386 3300 :
2418 3246 2497 3301 De
2523 3248 2891 3320 praegnantibus
2928 3249 3052 3321 quid
3078 3250 3264 3304 sentias
3301 3259 3418 3320 opto
3456 3265 3750 3321 cognoscere
3770 3289 3790 3318 ,

2213 3351 2334 3391 'cum
2357 3338 2665 3392 credulitatis
2693 3338 2847 3408 ﬁdem
2883 3356 2975 3410 pro
2999 3356 3154 3411 puero
3186 3349 3347 3396 mater
3367 3338 3582 3395 Joannis
3610 3339 3795 3411 Bapti-

2219 3439 2310 3483 sta:
2335 3431 2664 3500 responderit.

2287 3523 2377 3578 25.
2409 3523 2534 3580 Haec
2548 3532 2670 3579 sunt
2693 3533 2837 3580 certe
2856 3525 3015 3580 verba
3032 3525 3303 3582 Elizabeth
3329 3527 3514 3581 matris
3528 3525 3748 3582 Joannis
3771 3543 3789 3582 :

2216 3613 2375 3669 Beata
2412 3623 2468 3668 tu
2490 3615 2620 3670 inter
2662 3618 2912 3684 mulieres,
2958 3626 3004 3671 et
3033 3618 3202 3672 beatus
3240 3621 3432 3690 fructus
3459 3619 3639 3673 uentris
3667 3618 3744 3672 tui
3769 3633 3790 3672 :

2216 3703 2287 3760 Et
2308 3705 2444 3761 unde
2469 3707 2562 3761 hoc
2594 3708 2734 3773 mihi,
2767 3717 2822 3762 ut
2849 3708 3010 3764 veniat
3044 3717 3201 3764 mater
3224 3708 3433 3764 Domini
3455 3712 3554 3766 mei
3581 3712 3648 3764 ad
3671 3711 3794 3764 me?

2217 3796 2349 3852 Ecce
2389 3800 2520 3854 enim
2547 3810 2602 3853 ut
2633 3800 2769 3870 facta
2792 3809 2865 3855 est
2900 3817 2995 3856 vos:
3016 3803 3329 3857 salutationis
3371 3812 3472 3858 tua:
3494 3803 3549 3857 in
3584 3803 3790 3860 auribus

2215 3891 2358 3958 meis,
2388 3893 2653 3948 exsultavit
2676 3893 2729 3947 in
2752 3895 2935 3965 gaudio
2961 3895 3129 3966 infans
3169 3895 3224 3950 in
3263 3905 3402 3950 utero
3424 3912 3531 3950 meo
3559 3894 3717 3970 (Luc.
3745 3911 3786 3966 ι,

2215 3984 2430 4057 42-44).
2467 3985 2579 4042 Hoc
2603 3993 2778 4042 autem
2801 3996 2858 4042 ut
2885 3987 3105 4054 diceret,
3127 3986 3263 4043 sicut
3286 3988 3620 4060 Evangelista
3646 4004 3787 4059 pra:-

2212 4075 2419 4131 locutus
2447 4085 2547 4145 est,
2571 4079 2768 4149 repleta
2797 4089 2878 4134 est
2893 4079 3088 4148 Spiritu
3104 4088 3308 4146 sancto,
3336 4095 3442 4150 quo
3471 4079 3656 4150 procul
3681 4078 3787 4136 du-

2213 4166 2301 4222 bio
2327 4169 2592 4224 revelante
2619 4172 2866 4240 cognovit
2888 4171 3015 4241 quid
3040 4172 3128 4226 illa
3153 4171 3434 4226 exsultatio
3465 4170 3788 4242 signiﬁcaret

2212 4259 2424 4316 infantis
2447 4278 2460 4324 ;
2493 4261 2545 4317 id
2569 4271 2670 4328 est,
2699 4263 2840 4319 illius
2863 4265 3071 4320 venisse
3099 4274 3342 4331 matrem,
3373 4265 3523 4336 cujus
3543 4281 3785 4336 praecur-

2209 4365 2302 4406 sor
2343 4351 2454 4420 ipse
2480 4360 2534 4407 et
2567 4352 2958 4409 demonstrator
2985 4363 3127 4410 esset
3163 4354 3388 4411 futurus.
3438 4357 3612 4411 Potuit
3652 4371 3784 4427 ergo

2210 4457 2330 4499 esse
2356 4443 2453 4498 ista
2477 4444 2788 4515 signiﬁcatio
2815 4447 2891 4501 rei
2914 4455 3072 4502 tantae
3093 4463 3122 4501 a
3143 4448 3430 4518 majoribus
3449 4464 3783 4520 cognoscen-

2209 4534 2314 4603 dae,
2346 4551 2450 4590 non
2491 4551 2520 4590 a
2552 4537 2768 4606 parvulo
2808 4539 3054 4606 cognitae.
3111 4538 3239 4593 Nam
3291 4555 3484 4610 neque,
3531 4555 3649 4595 cum
3677 4539 3781 4595 hoc

2208 4634 2332 4681 ante
2374 4626 2427 4680 in
2473 4625 2754 4698 Evangelia
2798 4636 3119 4694 narraretur,
3167 4629 3362 4685 dictum
3410 4638 3511 4694 est,
3542 4630 3783 4686 Credidit

2208 4716 2380 4772 infans
2404 4717 2456 4771 in
2479 4726 2627 4772 utero
2651 4717 2800 4787 ejus;
2828 4719 2944 4786 sed,
2960 4721 3223 4775 exsultavit
3247 4737 3266 4774 :
3287 4735 3459 4792 neque
3480 4720 3592 4790 ipsa
3619 4721 3775 4786 dixit,

2207 4808 2495 4864 Exsultavit
2522 4808 2574 4864 in
2601 4809 2705 4864 ﬁde
2735 4808 2906 4865 infans
2926 4811 2977 4865 in
3008 4820 3158 4866 utero
3186 4826 3345 4876 meo;
3373 4811 3486 4877 sed,
3515 4811 3781 4866 exsultauit

2205 4900 2261 4955 in
2287 4901 2491 4972 gaudio.
2524 4900 2777 4956 Videmus
2813 4912 2989 4957 autem
3019 4902 3422 4958 exsultationem
3459 4917 3566 4958 non
3603 4901 3778 4957 solum

2207 4992 2563 5064 parvulorum,
2594 4991 2865 5048 sedetiam
2898 5009 3170 5062 pecorum,
3193 5009 3298 5048 non
3315 4994 3493 5063 utique
3513 4992 3580 5048 de
3602 4993 3778 5062 aliqua

2207 5084 2330 5151 fide,
2362 5083 2448 5140 vel
2489 5083 2762 5154 religione,
2793 5085 2876 5140 vel
2913 5087 3280 5156 qualicumque
3323 5083 3564 5140 rationali
3592 5083 3778 5154 cogni-

2206 5174 2350 5231 tione
2391 5175 2710 5231 venientem.
2764 5174 2868 5230 Sed
2913 5174 3029 5230 hzec
3071 5176 3226 5245 plane
3265 5174 3516 5230 inusitata
3557 5183 3609 5230 et
3635 5188 3778 5229 nova

2204 5265 2430 5332 exstitit,
2459 5267 2580 5337 quia
2606 5266 2658 5321 in
2690 5276 2856 5332 utero,
2887 5275 2941 5322 et
2983 5267 3047 5322 ad
3087 5267 3204 5336 ejus
3229 5267 3511 5322 adventum
3537 5282 3654 5337 quae
3681 5265 3777 5320 ho-

2203 5357 2405 5412 minum
2448 5355 2774 5412 Salvatorem
2799 5355 2968 5412 fuerat
3011 5357 3267 5428 paritura.
3314 5357 3437 5413 ldeo
3466 5357 3622 5424 mira,
3653 5356 3775 5411 ideo

2203 5449 2256 5505 in
2285 5450 2488 5520 magnis
2528 5449 2691 5521 signis
2725 5448 3024 5520 deputanda
3053 5468 3067 5503 :
3099 5448 3220 5503 ideo
3249 5448 3363 5504 haec
3387 5447 3688 5513 exsultatio,
3722 5452 3778 5500 et

2201 5551 2449 5614 tanquam
2467 5542 2620 5597 matri
2641 5542 2848 5596 Domini
2864 5541 3066 5596 reddita
3087 5540 3414 5607 resalutatio,
3444 5540 3582 5595 sicut
3602 5539 3776 5593 solent

2202 5635 2454 5690 miracula
2481 5633 2614 5697 fieri,
2643 5632 2777 5688 facta
2802 5641 2883 5688 est
2924 5631 3175 5688 divinitus
3200 5632 3253 5687 in
3280 5631 3501 5701 infante,
3529 5645 3637 5686 non
3667 5629 3770 5685 hu-

2201 5724 2432 5782 manitus
2457 5725 2522 5780 ab
2551 5724 2768 5779 infante.

2272 5817 2362 5874 24.
2403 5817 2711 5888 Quanquam
2729 5815 2937 5874 etiamsi
2957 5831 3126 5889 usque
3150 5817 3284 5874 adeo
3311 5825 3396 5874 est
3413 5817 3465 5873 in
3487 5816 3581 5873 illo
3606 5830 3772 5884 puero

2203 5911 2531 5970 acceleratus
2571 5923 2699 5967 usus
2742 5908 2960 5967 rationis
2995 5917 3050 5967 et
3074 5909 3382 5983 voluntatis,
3414 5919 3472 5968 ut
3517 5909 3656 5968 intra
3692 5911 3775 5966 vt-
