4120 6358
317 480 419 540 BM

317 608 471 654 scera
500 598 740 649 materna
765 590 873 661 jam
903 597 1087 661 posset
1126 601 1431 660 agnoscere,
1478 585 1717 651 credere,
1765 597 1897 638 con-

322 688 551 751 sentire,
599 684 739 755 quod
782 684 834 737 in
865 682 981 738 aliis
1027 682 1256 751 parvulis
1300 689 1428 733 tetas
1465 687 1804 746 exspectatur
1844 684 1903 731 ut

320 776 569 848 possint;
611 774 771 829 etiam
803 773 903 827 hoc
944 772 997 826 in
1040 770 1310 826 miraculis
1358 767 1655 822 habendum
1707 764 1903 820 divina:

318 866 593 939 potentiar,
638 878 747 919 non
790 861 857 917 ad
900 862 1142 917 humana:
1171 858 1486 915 trahendum
1522 867 1603 914 est
1633 856 1903 927 exemplar

318 968 547 1015 naturtc.
596 955 729 1010 Nam
757 953 968 1025 quando
998 954 1134 1007 Deus
1179 952 1367 1015 voluit,
1413 951 1571 1005 etiam
1606 949 1903 1019 jumentum

321 1060 527 1106 mutum
570 1047 957 1103 rationabiliter
980 1056 1062 1101 est
1105 1047 1335 1101 locutum
1369 1043 1560 1117 (Num.
1596 1060 1728 1110 χχιι,
1756 1043 1901 1112 28):

322 1156 423 1197 nec
464 1140 585 1195 ideo
625 1148 751 1194 sunt
778 1138 1032 1193 admoniti
1061 1137 1303 1193 homines
1346 1137 1398 1191 in
1440 1134 1906 1191 deliberationibus

324 1233 437 1287 suis
463 1231 622 1287 etiam
648 1230 850 1285 asinina
893 1238 1203 1297 exspectare
1240 1229 1479 1284 consilia.
1523 1227 1781 1295 Quocirca
1807 1239 1908 1281 nec

321 1324 467 1395 quod
497 1322 691 1377 factum
722 1332 805 1377 est
832 1321 880 1375 in
907 1321 1110 1376 Joanne
1139 1328 1442 1382 contemno,
1470 1333 1570 1374 nec
1595 1317 1717 1372 inde
1745 1331 1906 1387 regu-

322 1414 434 1469 lam
478 1412 604 1484 quid
632 1411 966 1467 sentiendum
997 1412 1067 1465 sit
1098 1410 1166 1465 de
1193 1410 1424 1481 parvulis
1452 1409 1551 1479 figo
1592 1425 1606 1461 :
1638 1406 1746 1462 imo
1776 1406 1828 1461 id
1853 1406 1908 1460 in

324 1506 421 1563 illo
452 1516 729 1578 propterea
764 1505 1078 1560 mirabiliter
1107 1504 1355 1575 prmdico,
1396 1502 1517 1573 quia
1562 1502 1615 1556 iu
1654 1502 1773 1556 aliis
1801 1516 1907 1554 non

330 1599 563 1654 invenio.
613 1597 785 1654 Habet
828 1597 1040 1666 quidem
1083 1596 1281 1667 aliquid
1327 1595 1499 1651 simile
1523 1595 1681 1649 etiam
1725 1593 1814 1647 illa
1850 1594 1910 1647 iu

328 1689 585 1745 Rebecca:
607 1698 758 1743 utero
781 1688 917 1743 lucta
937 1691 1269 1759 geminorum
1293 1703 1309 1751 ι
1337 1700 1524 1741 verum
1544 1694 1597 1739 et
1619 1684 1718 1738 hoc
1744 1697 1911 1752 usque

322 1780 465 1835 adeo
506 1780 802 1850 prodigium
847 1779 964 1846 fuit,
1012 1787 1073 1833 ut
1114 1778 1348 1832 divinum
1396 1784 1674 1845 propterea
1717 1774 1911 1829 mulier

324 1870 603 1926 oraatlum
632 1879 914 1940 quaereret,
955 1879 1011 1925 et
1036 1868 1243 1924 audiret
1270 1866 1478 1922 duobus
1505 1866 1608 1921 illis
1637 1863 1910 1921 infantulis

325 1960 466 2016 duos
497 1961 720 2031 populos
748 1960 907 2015 luisse
937 1960 1189 2029 figuratos
1211 1956 1376 2029 (Gen.
1400 1973 1528 2025 xxv,
1556 1956 1648 2023 22,
1676 1954 1804 2028 23).

399 2051 492 2108 25.
533 2052 754 2107 Nescire
778 2060 952 2108 autem
982 2051 1158 2107 divina
1182 2051 1429 2121 parvulos
1449 2050 1539 2120 qui
1562 2063 1663 2105 nec
1681 2048 1913 2104 humana

329 2144 509 2201 adhuc
537 2146 801 2212 noverint,
849 2146 894 2200 si
920 2146 1096 2201 verbis
1121 2145 1346 2200 velimus
1387 2142 1690 2209 ostendere,
1726 2157 1917 2199 vereor

333 2254 403 2293 nc
432 2238 559 2308 ipsis
588 2238 832 2293 sensibus
858 2238 1072 2298 mostris
1098 2236 1274 2292 facere
1321 2235 1597 2292 videamur
1624 2234 1872 2305 injuriam
1896 2275 1913 2303 ,

330 2331 547 2401 quando
576 2330 628 2386 id
659 2330 922 2401 loquendo
964 2330 1268 2395 suademus,
1300 2329 1389 2385 ubi
1418 2343 1608 2383 omnes
1635 2328 1775 2383 vires
1799 2327 1918 2381 ofﬁ-

332 2437 587 2492 ciumque
609 2422 872 2476 sermonis
914 2421 1161 2477 facillime
1186 2428 1403 2491 superat
1426 2416 1693 2475 evidentia
1721 2418 1918 2474 verita-

337 2514 425 2568 tis.
458 2514 651 2568 Annon
670 2511 923 2567 -videmus
950 2511 1109 2567 etiam
1140 2526 1261 2567 cum
1283 2510 1573 2565 articulatm
1600 2508 1748 2564 vocis
1793 2522 1922 2578 qua-

333 2603 638 2674 liacumque
681 2605 828 2674 signa
875 2602 1034 2658 edere
1077 2602 1359 2671 coeperint,
1403 2610 1563 2671 atque
1607 2599 1675 2655 ad
1714 2599 1921 2654 initium

334 2695 483 2749 fandi
514 2693 739 2749 transire
768 2694 835 2748 ab
860 2693 1098 2757 infantia,
1139 2692 1312 2748 adhuc
1337 2707 1430 2748 eos
1470 2691 1596 2746 talia
1627 2690 1832 2746 sentire
1860 2704 1926 2745 ac

338 2785 538 2850 dicere,
568 2785 622 2838 in
650 2784 843 2855 quibus
866 2783 909 2838 si
938 2782 1337 2846 remansissent,
1368 2781 1627 2851 annisque
1664 2780 1925 2836 acceden—

341 2874 483 2928 tibus
528 2876 658 2929 tales
700 2889 819 2930 esse
846 2873 1212 2943 persisterent,
1243 2872 1419 2927 nullus
1461 2886 1573 2938 eos,
1623 2872 1708 2927 vel
1749 2869 1927 2927 fatuus

340 2965 586 3031 nimium,
632 2964 802 3019 fatuos
838 2978 958 3019 esse
985 2962 1290 3018 dubitaret?
1336 2961 1448 3017 Nisi
1476 2960 1612 3017 forte
1638 2960 1693 3015 id
1720 2968 1922 3027 restat,

344 3057 477 3111 utin
508 3056 684 3127 vagitu
710 3057 944 3111 infantiae
977 3096 992 3121 ,
1022 3056 1110 3112 vel
1136 3057 1189 3111 in
1216 3056 1333 3127 ipso
1357 3054 1531 3110 adhuc
1558 3054 1691 3110 uteri
1717 3051 1928 3109 silentio

344 3148 623 3204 credamus
646 3150 892 3220 parvulos
922 3148 1085 3206 fuisse
1100 3150 1386 3221 sapientes,
1414 3157 1596 3218 postea
1621 3162 1749 3202 vero
1769 3162 1930 3218 quam

344 3242 623 3297 nobiscum
644 3252 919 3312 coeperunt
948 3243 1109 3313 loqui,
1141 3242 1208 3297 ad
1235 3243 1373 3297 hanc
1393 3242 1744 3312 ignorantiam
1769 3258 1927 3312 quam

346 3335 610 3398 videmus,
661 3334 950 3389 crescendo
1005 3335 1264 3389 venisse..
1310 3333 1463 3402 Quod
1523 3334 1729 3403 opinari
1783 3332 1933 3389 vides

349 3442 506 3498 quam
536 3427 605 3482 sit
633 3427 943 3493 absurdum,
973 3442 1093 3480 cum
1120 3440 1404 3496 puerorum
1432 3439 1621 3480 sensus
1646 3425 1699 3478 in
1727 3424 1933 3494 qualia-

349 3533 578 3587 cumque
608 3519 769 3573 verba
800 3532 1171 3587 prorumpens,
1201 3516 1289 3585 qui
1317 3525 1462 3570 certe
1481 3515 1547 3570 ad
1574 3530 1637 3570 ea
1675 3530 1793 3585 qute
1819 3531 1935 3569 ma-

345 3609 493 3680 jores
538 3610 747 3679 sapiunt
792 3624 928 3679 pene
956 3608 1131 3662 nullus
1160 3616 1263 3673 est,
1295 3616 1469 3662 tamen
1498 3616 1833 3677 comparatus
1863 3608 1937 3663 illi

349 3704 406 3757 in
437 3719 540 3772 quo
571 3712 877 3767 nascuntur,
908 3701 1254 3770 intelligentia
1281 3700 1385 3755 dici
1411 3707 1601 3771 potest.
1649 3699 1803 3756 Unde
1838 3716 1937 3755 au-

352 3801 460 3847 tem
487 3794 540 3846 iu
572 3793 685 3861 ipso
729 3800 873 3847 tanto
918 3791 1104 3846 salutis
1133 3791 1400 3860 prmsidio,
1433 3791 1643 3860 quando
1686 3790 1763 3844 eis
1792 3789 1938 3845 chri-

354 3885 525 3938 stiana
546 3885 714 3953 gratia
735 3884 1065 3949 subvenitur,
1094 3881 1233 3953 quod
1256 3881 1474 3937 vocibus
1498 3881 1691 3950 quibus
1718 3888 1940 3951 possunt

356 3986 411 4031 et
456 3978 687 4035 motibus
732 3977 1093 4041 reluctantur,
1148 3989 1255 4028 non
1303 3972 1380 4027 eis
1419 3974 1737 4041 imputatur,
1783 3980 1942 4042 atque

357 4070 534 4126 omnis
564 4069 773 4123 renisus
816 4068 1051 4136 ipsorum
1082 4065 1230 4119 nihili
1278 4064 1545 4133 penditur,
1576 4058 1748 4117 donec
1773 4063 1826 4115 in
1864 4063 1944 4118 eis

357 4160 703 4215 Sacramenta
734 4164 1071 4225 peraguntur,
1118 4154 1309 4223 quibus
1347 4152 1399 4206 id
1425 4152 1565 4223 quod
1609 4153 1676 4207 de
1702 4153 1944 4221 originali

358 4248 701 4304 damnatione
742 4254 972 4299 tractum
1017 4252 1098 4297 est
1144 4244 1407 4312 expietur,
1456 4243 1557 4297 nisi
1586 4244 1707 4313 quia
1738 4244 1790 4296 in
1830 4251 1947 4297 tan-

360 4354 475 4396 tum
504 4340 749 4393 nesciunt
774 4336 899 4407 quid
930 4335 1149 4399 faciunt,
1181 4341 1242 4388 ut
1269 4349 1369 4388 nec
1408 4334 1581 4388 facere
1602 4333 1947 4403 judicentur?

360 4435 532 4490 Porro
557 4432 600 4485 si
627 4430 737 4501 jam
767 4437 1043 4483 uterentur
1070 4426 1287 4481 rationis
1317 4434 1371 4480 et
1391 4426 1679 4480 voluntatis
1704 4425 1944 4492 arbitrio,

364 4541 470 4596 quo
518 4523 593 4577 illi
645 4520 1053 4576 sanctillcatioui
1103 4517 1347 4572 adhiberi
1392 4517 1613 4573 deberet
1658 4532 1944 4586 assensus,

364 4625 619 4687 quantum
655 4612 779 4667 mali
818 4620 961 4667 esset
1011 4611 1264 4666 resistere
1321 4619 1478 4664 tanta:
1503 4610 1720 4680 gratias,
1758 4625 1946 4681 quam-

366 4725 467 4782 que
499 4724 605 4764 non
633 4707 810 4763 solum
840 4706 974 4760 nihil
1015 4705 1296 4775 prodesset
1342 4704 1481 4775 quod
1540 4704 1724 4772 ﬁeret,
1764 4721 1949 4760 verum

368 4802 528 4858 etiam
558 4798 684 4855 inde
710 4809 891 4856 reatus
921 4804 1270 4863 accresceret,
1300 4795 1417 4866 quis
1456 4794 1773 4851 christianus
1796 4795 1950 4867 igno-

368 4894 485 4950 ret?

446 4982 671 5040 CAPUT
708 4979 846 5037 VIII.
887 5009 962 5022 —
1002 4979 1094 5034 26.
1133 4979 1367 5034 Dicimus
1408 4992 1535 5049 ergo
1580 4977 1634 5033 in
1674 4977 1952 5049 baptizatis

372 5074 623 5147 parvulis,
655 5072 899 5144 quamvis
922 5071 973 5127 id
996 5070 1255 5137 nesciant,
1285 5062 1526 5125 habitare
1544 5069 1798 5139 Spiritum
1824 5084 1951 5125 san-

375 5176 538 5221 ctum.
598 5165 689 5220 Sic
734 5164 877 5219 enim
906 5179 1025 5219 eum
1072 5163 1314 5220 nesciunt
1360 5162 1600 5233 quamvis
1652 5164 1722 5218 sit
1768 5163 1821 5218 in
1850 5163 1950 5231 eis,

377 5256 823 5329 quemadmodum
845 5256 1089 5309 nesciunt
1106 5262 1401 5308 etmentem
1425 5268 1611 5319 suam;
1636 5252 1785 5322 cujus
1806 5253 1861 5307 in
1876 5253 1955 5308 eis

378 5356 536 5416 ratio,
571 5364 675 5419 qua
704 5348 778 5402 uti
822 5346 1056 5401 nondum
1086 5352 1340 5415 possunt,
1370 5344 1515 5398 velut
1548 5343 1786 5412 quaedam
1815 5344 1957 5399 scin-

378 5441 489 5495 tilla
520 5439 689 5508 sopita
717 5446 828 5504 est,
876 5436 1153 5493 excitanda
1182 5437 1352 5489 aetatis
1379 5448 1618 5488 accessu.
1648 5432 1828 5504 Neque
1857 5435 1957 5490 hoc

380 5530 435 5585 in
468 5530 700 5600 parvulis
729 5530 920 5583 mirum
966 5527 1123 5582 debet
1148 5525 1335 5592 videri,
1383 5542 1503 5581 cum
1532 5527 1817 5596 Apostolus
1837 5526 1956 5595 qui-

382 5620 607 5676 husdam
639 5622 800 5676 etiam
833 5626 1122 5689 majoribus
1147 5618 1308 5684 dicat,
1331 5616 1549 5672 Nescitis
1574 5617 1692 5688 quia
1721 5618 1960 5687 templum

382 5712 481 5768 Dei
523 5714 661 5781 estis,
711 5722 757 5766 et
788 5711 1015 5783 Spiritus
1048 5711 1142 5765 Dei
1172 5711 1363 5765 habitat
1390 5711 1442 5764 in
1482 5710 1617 5764 vobis
1660 5708 1702 5782 (ι
1732 5706 1849 5765 Cor.
1880 5726 1957 5777 ιιι,

385 5804 515 5875 id)?
562 5804 629 5859 de
658 5804 901 5875 qualibus
927 5802 1083 5873 paulo
1108 5812 1232 5857 ante
1275 5802 1503 5868 dixerat,
1529 5801 1777 5855 Animalis
1793 5810 1961 5855 autem

383 5906 536 5963 Aemo
562 5914 664 5953 non
691 5897 901 5969 percipit
923 5911 1034 5967 qua
1060 5903 1175 5951 sunt
1205 5894 1429 5965 Spiritus
1465 5893 1598 5963 Dei;
1644 5909 1778 5965 quos
1800 5892 1961 5950 etiam

628 6004 853 6058 Sancr-
911 5993 1187 6057 Aususr.
1242 5987 1322 6051 II.

1497 464 1976 529 EPISTOLARUM
2010 465 2290 527 CLASSlS
2326 466 2413 528 111.

3475 471 3583 529 8‘2

2008 583 2259 654 parvulos
2285 590 2458 647 vocat,
2487 596 2596 638 non
2640 582 2815 638 carnis
2838 586 2993 639 aetate
3026 580 3122 640 sed
3146 582 3339 639 mentis
3388 583 3496 654 (Id.
3524 601 3581 653 ιι,

2012 675 2099 740 14,
2126 686 2174 729 et
2218 692 2295 743 ιιι,
2324 677 2377 744 1,
2404 676 2482 747 2).
2522 675 2638 732 Non
2679 678 2854 747 itaque
2901 678 3261 750 percipiebant
3287 680 3587 749 cognitione

2010 768 2265 840 Spiritum
2297 778 2536 825 sanctum
2568 771 2657 841 qui
2697 769 2967 825 habitabat
3011 770 3065 825 in
3095 770 3203 832 eis;
3231 778 3285 825 et
3316 770 3587 828 habitante

2009 860 2063 916 in
2089 875 2147 916 se
2171 860 2369 930 Spiritu
2385 870 2590 926 sancto,
2610 861 2781 917 adhuc
2798 861 3072 927 animales,
3090 860 3324 916 nondum
3340 862 3590 934 spiritua-

2012 953 2092 1010 les
2135 963 2304 1019 erant,
2356 954 2475 1024 quia
2505 954 2739 1009 nondum
2784 964 3029 1047 potemnt
3054 953 3403 1011 habitatorem
3432 971 3586 1012 suum

2012 1046 2267 1115 Spiritum
2297 1045 2600 1115 cognitione
2619 1044 2914 1116 percipere.

2081 1138 2172 1194 27.
2212 1138 2461 1194 Habitare
2494 1147 2667 1193 autem
2714 1139 2834 1194 ideo
2863 1147 2915 1193 et
2943 1140 2995 1194 in
3022 1140 3212 1195 talibus
3240 1140 3588 1210 dicitur,qula

2012 1231 2064 1285 in
2092 1232 2169 1286 eis
2193 1231 2398 1285 occulte
2416 1238 2543 1299 agit,
2558 1237 2616 1284 ut
2644 1230 2750 1284 sint
2775 1231 3028 1300 templum
3047 1230 3161 1300 ejus
3182 1247 3195 1295 ;
3225 1230 3381 1301 idque
3402 1230 3453 1285 in
3469 1246 3593 1300 pro-

2012 1320 2311 1377 ﬁcientibus
2328 1331 2381 1375 et
2394 1320 2720 1388 proflciendo
2742 1321 3210 1390 perseverantibus
3229 1322 3453 1391 perficit.
3484 1321 3592 1393 Spe

2013 1413 2146 1466 enim
2172 1411 2300 1466 salvi
2323 1411 2451 1484 facti
2469 1428 2664 1477 sumus,
2692 1412 2828 1466 sicut
2856 1413 3142 1481 Apostolus
3163 1412 3324 1479 dicit;
3347 1428 3466 1468 cum
3489 1412 3591 1468 alio

2014 1502 2134 1558 loco
2157 1503 2317 1568 dicat,
2351 1503 2535 1559 Salvos
2582 1519 2672 1557 nos
2705 1502 2823 1571 fecit
2849 1518 2936 1571 per
2958 1503 3214 1557 lavacrum
3246 1504 3587 1573 regeneratio-

2013 1595 2093 1649 nis
2118 1594 2244 1664 (Tit.
2275 1611 2350 1662 ιιι,
2395 1592 2472 1665 5).
2504 1594 2637 1649 Cum
2666 1610 2793 1664 ergo
2819 1595 2905 1648 hic
2936 1594 3096 1659 dicat,
3129 1594 3309 1649 Salvos
3336 1611 3428 1649 nos
3453 1594 3593 1665 fecit,

2017 1696 2265 1757 tanquam
2312 1687 2453 1742 salus
2491 1688 2604 1757 ipsa
2630 1686 2737 1757 jam
2767 1687 2885 1740 data
2925 1687 3012 1753 sit,
3040 1685 3485 1756 quemadmodum
3514 1686 3598 1740 in-

2016 1777 2358 1847 telligendum
2387 1780 2475 1843 sit,
2506 1777 2614 1832 illic
2640 1778 2876 1847 exponit,
2911 1778 2997 1832 ubi
3025 1778 3098 1832 ait
3127 1795 3139 1832 :
3175 1775 3281 1854 Spe
3306 1778 3436 1831 enim
3470 1775 3599 1831 salvi

2017 1869 2141 1941 (acti
2168 1886 2359 1925 sumus.
2390 1870 2521 1941 Spes
2548 1878 2713 1924 autem
2733 1885 2844 1939 qua:
2862 1869 3078 1935 videtur,
3097 1885 3197 1924 non
3222 1880 3295 1923 est
3308 1886 3420 1941 spes
3435 1868 3599 1939 ;quod

2018 1962 2151 2016 enim
2178 1961 2311 2016 videt
2334 1963 2464 2033 quis,
2494 1961 2617 2033 quid
2642 1963 2849 2033 sperat?
2886 1961 2945 2017 Si
2975 1971 3141 2016 autem
3166 1962 3300 2027 quod
3325 1978 3426 2015 non
3458 1960 3595 2015 vide-

2019 2069 2133 2107 mus
2161 2070 2440 2124 speramus,
2472 2070 2561 2125 per
2582 2054 2874 2123 patientiam
2907 2062 3251 2124 exspectamus
3281 2052 3455 2126 (Rom.
3483 2068 3598 2121 vm,

2018 2145 2111 2213 24,
2133 2143 2247 2219 25).
2267 2146 2426 2202 Multa
2455 2160 2683 2216 namque
2698 2146 2947 2201 dicuntur
2967 2145 3019 2200 in
3045 2146 3332 2215 Scripturis
3351 2153 3603 2213 tanquam

2020 2236 2159 2293 facta
2187 2238 2310 2305 sint,
2342 2253 2462 2294 cum
2492 2238 2545 2292 in
2570 2252 2667 2308 spe
2691 2237 2867 2293 adhuc
2898 2251 3017 2292 esse
3047 2236 3426 2305 intelligantur.
3448 2233 3603 2291 Unde

2023 2338 2107 2386 est
2131 2339 2184 2385 et
2225 2331 2356 2386 illud
2393 2330 2535 2401 quod
2565 2330 2821 2386 Dominus
2862 2329 3136 2400 discipulis
3161 2330 3251 2393 ait,
3285 2327 3466 2383 Omnia
3494 2342 3608 2399 qua

2024 2423 2195 2478 audivi
2220 2439 2251 2476 a
2280 2421 2438 2476 Patre
2460 2438 2570 2477 meo
2589 2430 2709 2477 nota
2738 2421 2835 2492 feci
2856 2421 2993 2475 vobis
3008 2419 3065 2493 (J
3068 2437 3185 2474 oon.
3207 2436 3299 2488 xv,
3324 2418 3412 2489 15)
3438 2418 3606 2490 :quod

2024 2530 2193 2587 usque
2210 2515 2346 2570 adeo
2374 2513 2665 2570 secundum
2692 2528 2842 2584 spem
2872 2512 3071 2568 dictum
3088 2520 3172 2567 est
3195 2512 3513 2577 futurorum,
3553 2520 3611 2567 ut
3696 2574 3703 2579 _

2026 2608 2105 2663 eis
2130 2606 2467 2677 postmodum
2488 2604 2649 2670 dicat,
2676 2603 2845 2659 Multa
2870 2604 3030 2658 habeo
3050 2604 3187 2658 vobis
3202 2604 3383 2671 dicere,
3402 2604 3491 2658 sed
3510 2620 3612 2657 non

2029 2701 2235 2771 potestis
2264 2707 2468 2770 portare
2486 2697 2635 2752 modo
2656 2694 2766 2770 (Id.
2811 2711 2928 2762 xvr,
2962 2692 3072 2769 12).
3102 2695 3224 2765 Agit
3247 2710 3374 2764 ergo
3412 2695 3464 2749 in
3495 2694 3609 2764 qui-

2030 2791 2130 2846 bus
2175 2788 2488 2844 mortalibus
2529 2786 2703 2842 adhuc
2746 2785 2966 2851 habitat,
2999 2786 3167 2854 ipsam
3208 2784 3610 2840 ardificationens

2032 2879 2316 2935 habitaculi
2345 2879 2617 2949 sui,quam
2644 2892 2753 2932 non
2781 2877 2833 2931 in
2858 2877 2978 2942 ista,
3006 2876 3101 2931 sed
3122 2877 3175 2931 in
3204 2876 3305 2931 alia
3333 2886 3452 2945 post
3476 2878 3613 2934 hanc

2033 2970 2195 3024 vitam
2216 2968 2445 3038 perlicit,
2473 2967 2683 3038 quando
2704 2966 3075 3023 absorbebitur
3102 2982 3247 3021 mors
3269 2968 3322 3021 in
3340 2967 3613 3024 victoriam

2035 3059 2340 3129 diceturque
2387 3058 2460 3112 illi
2492 3074 2506 3111 :
2552 3057 2649 3113 Ubi
2677 3066 2766 3123 est,
2794 3073 2954 3125 mors,
2999 3058 3205 3112 victoria
3234 3060 3357 3113 tua!
3407 3060 3491 3113 ubi
3519 3069 3613 3125 est,

2034 3166 2192 3214 mors,
2208 3150 2409 3203 aculeus
2435 3149 2731 3217 tuus?Quid
2758 3158 2842 3205 est
2864 3159 3041 3205 autem
3064 3149 3250 3205 mortis
3260 3140 3491 3215 aculeus,
3516 3151 3617 3206 nisi

2038 3253 2311 3313 peccatum
2345 3241 2522 3315 (lCor.
2550 3258 2652 3308 xv,
2681 3242 2914 3314 54-56)?

2108 3334 2197 3388 28.
2241 3334 2464 3403 Propter
2506 3333 2647 3403 quod
2690 3348 2833 3388 nunc
2878 3334 3034 3388 etiam
3067 3334 3238 3388 renati
3275 3349 3338 3389 ex
3391 3350 3523 3405 aqua
3561 3342 3619 3390 et

2041 3424 2258 3492 Spiritu,
2289 3424 2640 3493 omnibusque
2676 3424 2908 3492 peccatis
2934 3424 3046 3479 sive
3089 3425 3307 3495 originis
3333 3440 3400 3481 ex
3428 3425 3616 3492 Adam,

2042 3516 2094 3570 in
2121 3530 2227 3585 quo
2260 3530 2445 3571 omnes
2474 3525 2843 3585 peccaverunt,
2891 3516 3002 3569 sive
3030 3516 3306 3581 factorum,
3334 3516 3617 3584 dictorum,

2042 3606 2524 3676 cogitationumque
2546 3614 2869 3671 nostrarum,
2896 3606 2949 3660 in
2976 3606 3118 3661 illius
3161 3607 3356 3662 lavacri
3395 3608 3619 3662 munda-

2046 3698 2189 3752 tione
2215 3696 2438 3762 deletis;
2473 3705 2661 3751 tamen,
2693 3697 2815 3766 quia
2850 3711 3129 3752 manemus
3178 3698 3230 3752 in
3261 3699 3360 3754 hac
3382 3700 3487 3753 vita
3528 3698 3626 3755 hu-

2046 3803 2202 3841 mana
2230 3803 2348 3857 quae
2372 3788 2593 3842 tentatio
2618 3797 2701 3842 est
2729 3802 2890 3857 super
2915 3790 3338 3853 terram,merito
3363 3789 3621 3845 dicimus:

2045 3878 2257 3933 Dimitte
2270 3877 2411 3933 nobis
2430 3878 2593 3933 debita
2618 3888 2788 3932 nostra
2801 3876 3010 3950 (Matth.
3039 3895 3111 3944 vr,
3131 3878 3242 3951 12).
3260 3879 3325 3935 Ει
3351 3880 3485 3936 hanc
3506 3895 3627 3936 ora-

2046 3970 2247 4025 tionem
2272 3969 2399 4024 dicit
2419 3970 2664 4024 universa
2683 3970 2940 4035 Ecclesia,
2963 3986 3121 4039 quam
3143 3972 3362 4025 mundat
3382 3972 3627 4029 Salvator

2048 4061 2260 4116 lavacro
2286 4076 2437 4130 aqua:
2464 4062 2516 4115 in
2545 4061 2725 4126 verbo,
2770 4070 2831 4115 ut
2884 4076 3001 4116 eam
3028 4063 3125 4117 sibi
3152 4062 3397 4118 exhibeat
3423 4066 3623 4135 glorio-

2050 4169 2183 4219 sam,
2215 4168 2319 4207 non
2342 4154 2623 4209 habentem
2644 4155 3034 4219 maculam,aut
3060 4172 3241 4225 rugam
3264 4157 3423 4229 (Eph.
3448 4177 3503 4225 v,
3530 4161 3622 4231 26,

2050 4244 2164 4315 27),
2186 4252 2278 4299 aut
2303 4244 2500 4313 aliquid
2543 4244 2839 4313 ejusmodi;
2876 4252 3003 4300 tunc
3026 4247 3211 4316 utique
3235 4264 3355 4303 cum
3380 4252 3627 4321 perficie-

2054 4341 2139 4388 tur
2163 4332 2215 4388 in
2242 4349 2320 4401 re,
2339 4333 2430 4388 ubi
2449 4349 2590 4388 nunc
2614 4334 2939 4405 proliciendo
2957 4336 3257 4393 ambulatur
3274 4340 3327 4395 in
3356 4354 3470 4411 spe.
3493 4341 3628 4400 Nam

2053 4419 2324 4494 quomodo
2370 4433 2453 4479 est
2503 4440 2643 4480 nunc
2671 4441 2774 4479 non
2806 4426 3022 4483 habens
3055 4431 3347 4498 maculam,
3397 4442 3490 4488 aut
3532 4451 3627 4489 ru-

2056 4530 2199 4585 gam,
2228 4524 2319 4570 aut
2342 4516 2538 4585 aliquid
2564 4516 2849 4585 ejusmodi,
2880 4532 2999 4588 quas
3048 4520 3134 4575 vel
3187 4520 3243 4575 in
3280 4524 3526 4581 omnibus
3563 4526 3632 4582 ad

2057 4622 2177 4661 eam
2208 4606 2593 4675 pertinentibus
2638 4606 2940 4664 hominibus
2959 4609 3049 4680 qui
3069 4610 3180 4681 jam
3206 4613 3410 4670 ratione
3438 4618 3633 4674 mentis

2057 4706 2277 4753 utuntur
2290 4708 2345 4753 et
2372 4700 2656 4755 voluntatis
2684 4700 2921 4767 arbitrio,
2953 4704 3296 4776 mortalisque
3322 4709 3497 4763 carnis
3514 4724 3631 4764 sar-

2058 4793 2234 4847 cinam
2261 4800 2492 4863 portant,
2520 4794 2601 4847 vel
2628 4803 2791 4859 certe,
2816 4794 2963 4864 quod
2990 4796 3149 4852 etiam
3175 4798 3319 4870 ipsos
3337 4801 3633 4856 contentio-

2058 4897 2149 4938 sos
2173 4898 2394 4938 necesse
2420 4891 2503 4938 est
2530 4882 2702 4948 fateri,
2727 4884 2779 4937 in
2813 4886 2993 4941 multis
3022 4888 3131 4942 suis
3152 4889 3407 4945 membris
3433 4892 3633 4948 veraci-

2059 4982 2143 5031 ter
2168 4974 2297 5029 dicit
2328 4991 2343 5028 :
2371 4974 2578 5028 Dimitte
2598 4974 2737 5028 nobis
2764 4975 2931 5031 debita
2959 4980 3175 5034 nostra?

2129 5067 2221 5122 29.
2261 5065 2395 5122 Cum
2416 5067 2593 5136 itaque
2618 5067 2973 5136 proficientes,
3006 5070 3061 5126 in
3096 5070 3287 5142 quibus
3322 5072 3635 5131 mortalibus

2050 5162 2276 5227 habitat,
2301 5163 2428 5218 dum
2442 5162 2507 5217 de
2523 5162 2610 5217 die
2626 5162 2680 5215 in
2706 5162 2849 5217 diem
2863 5172 3213 5229 renovantur,
3235 5163 3407 5233 magis
3433 5163 3635 5233 magis-

2051 5273 2157 5328 que
2177 5256 2456 5327 justificet,
2481 5256 2737 5311 exaudiat
2769 5264 3009 5322 orantes,
3034 5258 3258 5313 mandet
3294 5257 3630 5320 conﬁtentes,

2052 5356 2112 5403 ut
2138 5347 2391 5403 exhibeat
2410 5346 2511 5402 sibi
2538 5347 2795 5417 templum
2828 5348 3231 5404 immaculatum
3253 5349 3308 5403 in
3333 5356 3629 5414 aeternum;

2049 5438 2247 5494 merito
2281 5437 2477 5492 dicitur
2508 5452 2616 5492 non
2643 5436 2889 5493 habitare
2923 5440 2977 5493 in
3011 5439 3091 5495 eis
3127 5440 3219 5507 qui
3246 5446 3634 5508 cognoscentes

2049 5531 2242 5595 Deum,
2294 5544 2402 5583 non
2428 5529 2567 5585 sicut
2596 5529 2766 5584 Deum
2802 5531 3256 5600 gloriﬁcaverunt,
3294 5528 3380 5583 vel
3426 5529 3633 5599 gratias

2050 5628 2291 5690 egerunt.
2317 5618 2550 5675 Colendo
2577 5620 2723 5675 enim
2750 5628 2804 5675 et
2831 5619 3114 5675 serviendo
3137 5624 3399 5674 creatura:
3453 5618 3632 5687 potius

2051 5727 2211 5782 quam
2242 5712 2485 5767 Creatori
2513 5713 2693 5785 (Rom.
2718 5729 2755 5777 ι,
2787 5712 2875 5777 21,
2902 5712 3019 5782 25),
3052 5726 3159 5767 non
3186 5710 3348 5765 unius
3372 5710 3485 5764 veri
3531 5708 3629 5764 Dei

2051 5802 2307 5871 templum
2338 5817 2396 5857 se
2441 5818 2561 5858 esse
2590 5802 2878 5857 voluerunt
2918 5820 2930 5855 :
2963 5808 3125 5871 atque
3162 5800 3235 5855 ita
3265 5800 3391 5855 dum
3440 5796 3630 5853 volunt

2050 5910 2174 5952 eum
2197 5894 2400 5953 habere
2429 5909 2553 5951 cum
2582 5893 2785 5961 multis,
2814 5891 3027 5950 facilius
3064 5890 3359 5948 cliecerunt
3394 5900 3454 5945 ut
3502 5903 3628 5945 eum

3001 5985 3375 6068 (Vingt-sept
3406 5983 3426 6061 )
