4086 6350
524 403 630 462 845

524 541 638 584 non
663 525 1120 600 haberent,quam
1141 528 1202 584 ω
1226 521 1330 580 diis
1351 518 1534 582 multis
1558 517 1776 578 falsisve
1799 517 2107 588 miscerent.

519 617 591 690 Et
616 618 809 674 merito
834 617 1026 672 dicitur
1055 615 1293 672 habitare
1321 615 1373 670 in
1402 613 1482 670 eis
1509 626 1646 683 quos
1667 609 1958 668 secundum
1984 623 2110 680 pro-

509 711 756 784 positum
780 718 1014 771 vocatos,
1019 706 1396 780 justiﬁcandos
1415 704 1898 782 gleriﬁcandosque
1915 717 2105 762 susce-

465 814 473 877 l‘
518 787 619 890 pit,
631 804 790 860 etiam
801 811 1083 874 antequam
1095 800 1618 874 incorporcam,qu:e
1636 798 1829 870 ubique
1855 805 1966 854 tota
1995 806 2108 868 est,

469 889 471 892 ⁴
522 898 735 968 valeant
763 898 878 969 ejus
901 909 1061 966 nosse
1089 905 1356 970 naturam,
1387 901 1642 966 quantum
1685 891 1834 948 nosci
1862 907 1928 966 es
1960 898 2110 962 parte

518 1006 617 1060 per
640 990 915 1061 speculum
953 996 1007 1044 et
1033 989 1090 1044 in
1121 990 1404 1061 aenigmate
1434 986 1503 1052 ab
1525 986 1746 1042 homine
1788 985 1845 1040 in
1871 984 1975 1052 hac
2003 983 2109 1052 vita

527 1083 576 1149 (ι
603 1083 720 1139 Cor.
755 1099 883 1150 xm,
934 1081 1025 1148 i2)
1045 1123 1062 1147 ,
1093 1097 1212 1138 cum
1243 1081 1528 1155 plurimum
1551 1079 1878 1152 profecerit,
1909 1085 2104 1152 potest.

512 1175 827 1242 Suntenim,
846 1174 898 1233 in
925 1174 1118 1246 quibus
1134 1172 1357 1240 habitat,
1381 1171 1532 1228 nmlti
1563 1171 1696 1240 nues
1711 1171 1956 1242 qualibus
1979 1169 2110 1234 dicit

512 1261 804 1341 Apostolus
825 1284 840 1323 :
859 1264 981 1320 Non
997 1268 1137 1339 potui
1164 1265 1297 1322 vobis
1313 1264 1449 1334 loqui
1476 1263 1621 1335 quasi
1635 1259 2108 1334 spiriluaiibugsad

511 1363 660 1431 quasi
684 1358 992 1416 carnalibus.
1022 1359 1289 1428 Tanquam
1319 1358 1540 1429 parvulis
1574 1357 1627 1426 in
1663 1353 1887 1420 Christo,
1915 1354 1996 1410 Iac
2017 1370 2108 1408 aa-

518 1451 591 1511 bis
614 1463 791 1527 potum
816 1452 951 1518 dedi,
975 1468 1076 1506 non
1099 1467 1266 1506 escam
1289 1465 1308 1504 :
1329 1448 1552 1519 nondum
1569 1449 1703 1504 enirn
1720 1447 1996 1519 poteratis;
2013 1445 2108 1504 sed

518 1563 609 1610 nec
619 1546 790 1600 adhuc
807 1544 1008 1618 quidem
1025 1543 1230 1616 potestis
1249 1541 1362 1613 (Id.
1376 1543 1484 1609 ln,i
1498 1584 1514 1608 ,
1532 1541 1612 1612 9).
1633 1541 1724 1608 His
1738 1540 1934 1612 quippe
1945 1539 2108 1596 etiam

511 1639 649 1696 illud
683 1639 812 1698 dicit
833 1635 1088 1693 :Nescitis
1114 1637 1233 1708 quia
1262 1635 1504 1706 templum
1532 1633 1632 1692 Dei
1663 1635 1859 1700 eadem
1881 1632 2108 1705 Spiritus

507 1729 613 1794 Dei
638 1729 827 1786 habitat
844 1729 898 1786 in
916 1729 1053 1785 nobis
1077 1725 1188 1802 (Id.
1214 1744 1290 1797 vt,
1305 1727 1431 1799 i9)?
1453 1727 1564 1784 ﬂos
1583 1728 1720 1783 tales
1742 1727 1792 1785 si
1813 1727 1976 1784 etiam
2003 1743 2106 1783 an-

504 1830 728 1899 tequam
752 1820 1068 1894 perveniant
1090 1820 1162 1878 ad
1185 1820 1515 1892 spiritualem
1533 1820 1732 1878 meritis
1751 1827 1986 1885 atatem,
2014 1819 2106 1876 ubi

510 1930 622 1984 non
651 1913 790 1972 lacte
821 1913 1058 1982 alantur,
1083 1913 1185 1969 sed
1227 1912 1400 1970 solido
1432 1912 1583 1978 cibo,
1630 1912 1746 1974 dies
1779 1913 1902 1970 vitae
1945 1912 2106 1982 hujus

511 2014 786 2084 extremus
811 2005 1109 2074 invenerit;
1133 2003 1377 2078 perﬁciet
1399 2005 1456 2062 in
1491 2005 1571 2062 eis
1597 2003 1870 2062 habitator
1887 2005 2105 2062 illorum

507 2099 767 2174 quidquid
793 2097 882 2154 hic
904 2098 1268 2170 intelligentia
1295 2097 1474 2158 minus
1494 2095 1820 2164 habuerant,
1851 2098 2106 2168 quoniam

508 2191 578 2254 tu)
607 2190 812 2248 unitate
831 2189 1072 2262 corporis
1095 2189 1293 2246 Christi
1319 2189 1413 2260 qui
1437 2189 1592 2245 nobis
1617 2189 1705 2245 via
1719 2188 1896 2247 Iactus
1915 2200 2020 2259 est,
2041 2199 2100 2248 et

503 2297 544 2354 ,ῃ
575 2283 760 2354 templi
791 2283 890 2339 Dei
917 2282 1176 2340 societate
1212 2296 1320 2340 non
1346 2288 1704 2338 recesserunt.
1723 2279 1881 2338 Unde
1909 2289 1968 2338 ut
1997 2296 2104 2358 non

505 2373 782 2442 recedant,
825 2374 1065 2446 regulam
1106 2373 1229 2430 ﬁdei
1267 2373 1476 2444 pusillis
1499 2373 1818 2445 magnisque
1859 2388 2105 2430 commu-

507 2482 638 2524 nem
666 2467 722 2524 in
742 2467 982 2526 Ecclesia
1009 2476 1420 2538 perseveranter
1438 2474 1711 2535 tenent,“
1737 2467 1792 2524 in
1817 2467 1960 2538 quod
1982 2483 2104 2540 per—

510 2571 772 2634 venerunt
811 2561 871 2618 in
907 2577 977 2620 eo
1000 2561 1294 2630 ambulant.
1320 2560 1497 2624 donec
1527 2560 1614 2620 eis
1638 2561 1782 2619 Deus
1807 2561 2029 2628 neveiet,
2057 2563 2106 2618 si

511 2655 641 2730 quid
687 2656 843 2714 aliter
869 2656 1114 2729 sapiunt,
1169 2655 1519 2727 cegitatiaies
1545 2669 1673 2712 suas
1705 2655 1950 2712 annales
1997 2669 2106 2711 non

509 2747 873 2820 dogmatizant
893 2764 909 2815 ;
932 2746 1055 2819 quia
1081 2761 1187 2804 non
1216 2746 1484 2806 obditam
1503 2747 1525 2780 ί
1553 2745 2106 2803 οοηιωήοείβάθιθις

509 2840 756 2898 sionibus
800 2839 1163 2908 immanendo,
1211 2839 1307 2898 sed
1335 2838 1732 2910 quodammodo
1753 2839 2103 2907 ambulando,

509 2931 569 2990 id
591 2941 675 2992 est
699 2931 1028 3004 proﬁcientia
1056 2931 1343 3001 desudat,
1367 2930 1733 3002 intelligentiae
1761 2930 2109 3002 perspicuita-

511 3033 620 3086 tem
636 3027 988 3098 impatientes
1007 3039 1104 3096 per
1130 3024 1255 3082 ﬁdei
1277 3025 1550 3096 pietatem.

587 3118 819 3178 CAPUT
845 3118 1018 3176 IL-
1043 3118 1136 3177 30.
1172 3116 1444 3187 Quacum
1472 3117 1548 3174 ita
1574 3117 1702 3184 sint,
1723 3116 1837 3173 duo
1861 3122 1964 3173 ista
1987 3132 2108 3189 quae

1899 3055 2089 3076 ,ψη-ων...

511 3213 568 3270 in
597 3228 706 3270 uno
721 3213 853 3269 ﬁunt
867 3212 1104 3282 homine,
1121 3211 1269 3269 nasci
1283 3218 1339 3267 et
1354 3211 1582 3279 renasci,
1596 3210 1665 3267 ad
1695 3210 1829 3268 duos
1854 3211 2101 3268 homines

509 3306 783 3378 pertinent
813 3324 829 3362 :
859 3322 1025 3364 unum
1049 3306 1118 3361 ad
1147 3304 1296 3360 illum
1315 3304 1549 3374 primum
1571 3303 1763 3372 Adam,
1785 3304 2018 3362 alterum
2040 3306 2108 3362 ad

511 3401 810 3459 secundum
866 3401 956 3471 qui
999 3399 1194 3456 dicitur
1221 3397 1487 3454 Christus.
1536 3395 1644 3454 Sed
1690 3413 1794 3452 non
1820 3400 1980 3470 prius,
2033 3400 2111 3457 ait

511 3491 824 3563 Apostolus,
849 3490 987 3562 quod
1013 3487 1278 3562 spirituale
1303 3497 1397 3558 est,
1427 3488 1515 3543 sed
1533 3487 1669 3559 quod
1694 3490 1947 3554 animale;
1973 3500 2112 3562 post-

513 3598 578 3638 ea
611 3581 900 3651 spiritale.
949 3579 1160 3636 Primus
1203 3580 1354 3634 homo
1411 3580 1479 3634 de
1537 3588 1694 3644 terra,
1719 3589 1946 3636 terrenus
1963 3597 1984 3646 ;
2027 3599 2111 3636 se-

509 3671 713 3732 cundus
737 3671 890 3728 Item
925 3672 996 3726 de
1034 3671 1182 3735 acto,
1217 3670 1434 3724 celestis
1464 3685 1484 3724 :
1504 3670 1673 3741 quietis
1694 3679 1943 3738 terrenus,
1986 3674 2112 3730 tales

513 3772 565 3819 et
592 3763 775 3818 ten-ari
795 3778 816 3827 ;
857 3769 904 3816 et
953 3761 1125 3834 quatis
1163 3760 1416 3828 celestis,
1460 3760 1590 3814 tales
1615 3769 1664 3815 et
1691 3760 1930 3816 calones.
1965 3761 2113 3818 Sicut

516 3854 830 3927 portavimus
851 3852 1128 3924 imag‘nem
1145 3852 1351 3917 terreni,
1369 3859 1627 3920 portemus
1642 3861 1688 3905 et
1713 3853 1983 3924 imaginem
2000 3857 2112 3927 ejus

513 3947 686 4020 uiride
711 3948 839 4004 emta
865 3957 938 4004 est
959 3963 979 4004 :
1012 3947 1141 4002 item
1168 3945 1318 4011 dicit,
1349 3945 1452 4002 Per
1477 3962 1636 4001 unum
1666 3947 1921 4002 hominem
1951 3965 2108 4016 mare,

515 4049 568 4096 α
603 4057 694 4112 per
731 4056 889 4095 unum
929 4038 1188 4094 [continent
1233 4039 1538 4094 resurrectio
1570 4026 1917 4093 mortuorum.
1961 4039 2114 4094 Sicut

517 4133 652 4206 etaim
667 4133 727 4188 in
743 4133 914 4188 Adam
933 4149 1108 4188 mea
1132 4132 1437 4199 moriuntur,
1463 4131 1539 4186 ita
1561 4133 1686 4187 etin
1709 4133 1908 4188 Clu-isto
1938 4149 2110 4190 omnes

517 4225 902 4295 viviﬁcabuntur
918 4223 1028 4299 (Μ.
1049 4239 1144 4292 xv,
1170 4224 1359 4289 ω-ιθ,
1381 4223 1475 4289 Si,
1491 4222 1608 4297 22).
1636 4223 1840 4290 Omnes,
1859 4233 1915 4279 et
1939 4241 2113 4280 omnes

517 4316 643 4376 ideo
668 4316 823 4384 dixit,
849 4317 975 4386 quia
1001 4316 1055 4370 in
1081 4327 1312 4372 nor-tein
1344 4330 1503 4370 nemo
1557 4317 1656 4372 nisi
1682 4331 1782 4387 per
1823 4316 2006 4382 illum,
2054 4316 2112 4372 in

519 4409 686 4466 vitam
712 4424 874 4464 nemo
913 4409 1018 4464 nisi
1039 4423 1139 4479 per
1167 4410 1346 4463 istum.
1370 4407 1436 4464 in
1466 4411 1640 4479 primo
1666 4410 1835 4480 patuit
1859 4411 1984 4481 quid
2016 4409 2116 4466 ho-

519 4499 690 4558 minis
715 4498 996 4556 arbitrium
1017 4499 1230 4554 valeret
1269 4498 1337 4554 ad
1361 4511 1628 4567 murteta;
1658 4502 1710 4556 in
1753 4503 1989 4557 secundo
2015 4517 2115 4557 au-

519 4599 634 4650 tem
671 4589 799 4661 quid
831 4589 930 4645 Dei
957 4589 1279 4659 adiutorium
1308 4590 1514 4646 valeret
1551 4591 1617 4646 ad
1651 4593 1834 4646 vitam.
1876 4593 2116 4666 Denique

519 4683 731 4754 pruinis
753 4681 940 4746 homo,
956 4683 1174 4738 nonnisi
1207 4682 1401 4751 homo;
1431 4684 1696 4740 secundus
1722 4699 1872 4754 vero,
1897 4687 2036 4742 Deus
2061 4697 2117 4744 et

521 4773 690 4832 homo
711 4792 728 4830 :
751 4783 1032 4846 peccatum
1058 4776 1206 4829 enim
1237 4775 1433 4832 factum
1463 4786 1548 4832 est
1565 4777 1751 4833 relicto
1774 4777 1917 4846 Deo;
1960 4781 2118 4850 justi-

521 4866 602 4930 ὅθ
625 4865 952 4926 imiimi-Ie
983 4866 1122 4922 Deo.
1147 4866 1226 4922 Ac
1267 4881 1362 4938 per
1387 4868 1489 4923 hoc
1532 4883 1631 4925 nec
1651 4885 1990 4928 moraremur
2015 4873 2118 4928 nisi

527 4974 626 5031 per
652 4959 923 5016 carnalem
957 4959 1300 5030 pupaginetn
1329 4959 1397 5016 dc
1441 4963 1698 5018 membris
1742 4963 1886 5020 illius
1903 4967 2117 5020 venire-

519 5064 685 5118 m;
711 5065 820 5108 nec
840 5050 1142 5108 viuerenms
1183 5054 1289 5107 nisi
1337 5066 1438 5123 per
1475 5053 1804 5124 spiritualcm
1829 5056 2118 5111 connexio-

520 5159 656 5201 nem
673 5144 921 5201 .membm
943 5143 1110 5216 hujus
1133 5159 1398 5202 casurus.
1417 5147 1548 5203 ideo
1562 5147 1723 5204 nobis
1741 5163 1878 5218 opus
1899 5149 2004 5204 fuit
2024 5165 2118 5205 na-

526 5239 630 5306 sci,
659 5247 716 5295 et
739 5239 984 5305 renasci,
1011 5239 1093 5296 ill
1117 5253 1298 5297 autem
1336 5251 1562 5311 propter
1595 5257 1702 5297 nos
1743 5243 2116 5300 tantummodo

527 5333 700 5390 nasci.
752 5332 862 5389 Nos
886 5335 1030 5390 enim
1063 5346 1104 5388 a
1149 5346 1372 5405 peccato
1398 5333 1742 5406 adjnstitiam
1786 5336 2116 5394 renascendo

524 5425 969 5494 mitiusrillc
995 5435 1175 5483 mitem
1228 5443 1259 5482 a
1295 5427 1444 5483 nullo
1487 5439 1704 5498 peccato
1753 5428 1821 5483 ad
1856 5429 2115 5500 justitiam

526 5518 818 5574 transitum
869 5518 993 5574 fecit
1023 5536 1037 5574 :
1063 5519 1159 5574 sed
1199 5519 1251 5573 in
1277 5533 1344 5575 eo
1367 5520 1508 5590 quod
1535 5520 1835 5590 baptizatus
1863 5533 1966 5590 est,
2021 5538 2121 5579 no-

530 5618 661 5664 strae
677 5609 1096 5681 regenerationis
1123 5610 1548 5678 Sacramentum,
1581 5627 1672 5666 sua
1703 5613 1999 5670 humilitate
2045 5615 2121 5670 al-

534 5700 641 5757 tius
658 5703 1088 5769 commendavit;
1119 5713 1354 5762 veterem
1381 5715 1558 5760 tamen
1576 5707 1844 5764 hominem
1875 5717 2119 5766 nostrum

540 5872 775 5988 ναλὲαη
796 5871 1112 5928 Μ.
1133 5870 1245 5926 Ind.
1261 5880 1364 5928 am.
1385 5879 1470 5927 Ir.
1494 5879 1552 5930 et
1568 5881 1679 5930 tm.
1701 5873 1946 5943 plerique,
1968 5875 2121 5932 obdu-

1748 406 1810 461 8.
1847 394 2218 460 AUGUSTINI
2255 395 2564 458 EPISGDP!

2213 515 2484 588 passione,
2515 499 2715 574 novum
2733 522 2921 575 autem
2937 517 3331 578 resurrectione
3349 518 3697 593 signiﬁcans.

2283 610 2374 666 51.
2411 609 2773 666 lnohedientia
2803 627 3032 682 namque
3070 614 3514 684 concupiscentiae
3543 631 3662 687 qua
3691 615 3804 674 h-

2165 695 2174 702 ’
2211 699 2348 758 bitat
2376 703 2428 757 in
2447 719 2614 760 carne
2637 705 2878 772 mortali,
2907 722 3008 776 qua
3037 704 3096 761 ﬁt
3120 715 3177 761 ut
3211 708 3404 764 eadem
3435 709 3600 764 etiam
3629 727 3808 768 mem-

2211 795 2527 868 hrapraeter
2562 799 2848 856 voluntatis
2892 810 3204 856 moveantur
3229 801 3529 866 arbitrium,
3578 803 3646 858 ad
3674 820 3806 864 eum

2204 890 2431 954 modum
2460 890 2720 961 redigitur
2749 892 2952 960 iustitia
2979 893 3264 964 conjugali,
3292 904 3350 954 ut
3373 895 3516 950 licite
3539 897 3809 966 copulatis

2189 982 2521 1056 parentibus
2543 993 2880 1053 generentur,
2917 985 3110 1055 quibus
3151 985 3222 1041 sit
3251 988 3612 1043 necessarium
3643 1005 3808 1060 rege-

2207 1075 2410 1134 nerari.
2433 1074 2548 1130 Non
2569 1083 2754 1134 tamen
2775 1091 2871 1146 per
2898 1076 3198 1147 huiusmodi
3224 1081 3651 1136 convenientiam
3685 1096 3808 1136 ma-

2203 1166 2287 1226 tis
2302 1175 2358 1222 et
2379 1166 2593 1224 feminae
2622 1169 2807 1224 venire
2852 1170 3022 1224 voluit
3062 1185 3278 1226 carnem
3325 1187 3475 1226 suam
3511 1173 3804 1241 Christus;

2201 1260 2308 1316 sed
2330 1260 2404 1316 de
2442 1261 2645 1332 virgine
2688 1261 2822 1317 nihil
2857 1263 2962 1318 tale
3001 1264 3054 1318 in
3083 1263 3199 1334 ejus
3242 1274 3500 1335 conceptu
3549 1268 3809 1336 concupi-

2203 1361 2414 1421 Ocente,
2439 1353 2846 1412 similitudinem
2889 1357 3067 1410 carnis
3099 1357 3298 1426 peccati
3323 1359 3551 1428 sumpsit
3587 1360 3678 1414 ille
3705 1376 3806 1428 pro

2207 1445 2387 1513 nobis,
2411 1460 2519 1516 qua
2548 1461 2674 1502 caro
2717 1448 2918 1517 peccati
2959 1449 3306 1505 aiundaretnr
3331 1450 3383 1503 in
3425 1451 3581 1504 nobis
3625 1451 3804 1519 (Rom.
3865 1429 3872 1530 Ι

2209 1539 2401 1606 mmo,
2430 1537 2509 1612 ι).
2541 1540 2694 1596 Sicut
2710 1543 2860 1596 .eni
2888 1560 2981 1612 per
3007 1543 3437 1611 unius'detictnm,
3471 1546 3543 1598 ait
3568 1546 3806 1615 Aposto-

2205 1630 2316 1698 lus,
2333 1633 2387 1686 in
2409 1649 2583 1688 omnes
2607 1633 2836 1690 homines
2845 1636 2913 1690 ad
2927 1637 3394 1692 condemnationem
3410 1638 3517 1703 ;ita
3539 1656 3628 1709 per
3649 1641 3807 1694 unius

2200 1724 2626 1794 iustiﬁcationes:
2641 1728 2696 1781 in
2719 1744 2888 1783 omnes
2909 1728 3224 1784 ’hominesad
3242 1730 3660 1800 jnsti/icationem
3690 1733 3808 1786 eius

2203 1814 2321 1887 (Id.
2339 1832 2398 1886 τ,
2423 1817 2542 1888 18).
2561 1817 2734 1874 Nemo
2751 1821 2896 1874 enim
2923 1821 3178 1888 nascitur,
3193 1822 3302 1875 nisi
3324 1832 3581 1892 operante
3609 1836 3808 1877 concc-

2207 1908 2468 1980 pisceutia
2485 1912 2713 1978 carnali,
2729 1927 2851 1982 qua
2877 1921 3046 1967 tracta
3073 1921 3159 1968 est
3189 1928 3255 1967 ex
3271 1913 3449 1983 primo
3471 1913 3689 1968 homine
3711 1915 3807 1985 qui

2195 2011 2292 2060 at
2331 2003 2536 2069 Adam;
2568 2013 2624 2060 et
2665 2019 2826 2060 nemo
2850 2007 3169 2072 mascitur,
3198 2006 3303 2061 nisi
3349 2015 3604 2077 operante
3631 2009 3804 2078 gratia

2205 2095 2500 2166 apirituali,
2527 2112 2647 2168 qua:
2671 2096 2791 2151 data
2827 2103 2914 2153 est
2956 2113 3051 2168 per
3077 2098 3368 2154 secundum
3397 2098 3688 2166 hominem,
3715 2100 3803 2168 qui

2209 2187 2577 2246 mﬂhristus.
2599 2190 2942 2260 Quapropter
2974 2191 3026 2244 si
3056 2190 3121 2245 ad
3161 2191 3313 2246 illum
3339 2191 3610 2246 nascendo
3642 2193 3805 2262 perti-

2201 2296 2419 2350 nemus,
2447 2282 2515 2338 ad
2558 2282 2701 2338 hunc
2743 2282 3111 2350 renaseendo,
3135 2298 3243 2339 nec
3273 2284 3480 2339 renasci
3522 2284 3804 2356 quisquam

2201 2382 2388 2444 potest
2429 2382 2715 2445 antequam
2744 2382 2900 2430 natus
2944 2375 3040 2439 sit;
3073 2373 3427 2444 profectoilla
3461 2377 3804 2445 singulariter

2209 2473 2369 2520 natus
2390 2473 2492 2532 est,
2517 2466 2602 2521 cui
2624 2467 2831 2521 renasci
2855 2482 2965 2524 non
2993 2481 3129 2538 opus
3144 2465 3269 2533 fuit;
3299 2467 3423 2538 quia
3450 2483 3555 2522 non
3581 2483 3648 2522 ex
3678 2483 3808 2538 peo-

2199 2556 2422 2623 =csto,in
2440 2571 2551 2627 quo
2571 2573 2847 2628 nunquam
2881 2556 3000 2626 fuit,
3053 2559 3331 2613 transitum
3359 2558 3504 2625 fecit,
3546 2574 3723 2630 neque
3752 2559 3807 2615 in

2200 2647 2493 2719 iniquitate
2533 2657 2829 2719 conceptus
2871 2657 2956 2704 est
2975 2692 2990 2716 ,
3021 2657 3260 2706 autenm
3303 2650 3361 2706 in
3391 2649 3601 2706 delictis
3630 2659 3809 2707 mater

2201 2740 2330 2809 ejus
2355 2740 2409 2795 in
2435 2746 2594 2796 utero
2621 2739 2752 2795 aluit
2787 2759 2799 2794 :
2831 2741 2953 2812 quia
2983 2740 3211 2811 Spiritus
3235 2751 3452 2796 sanctus
3490 2742 3806 2811 supervenit

2207 2829 2266 2886 in
2293 2847 2437 2898 eam,
2469 2841 2531 2887 et
2573 2833 2746 2888 virtus
2789 2832 3048 2888 Altissimi
3076 2832 3411 2888 obumbravit
3448 2848 3601 2899 eam;
3651 2834 3803 2889 unde

2199 2924 2352 2996 quod
2379 2933 2564 2979 natum
2591 2932 2767 2979 estex
2812 2939 2874 2979 ea
2897 2923 3149 2998 Sanctum
3171 2967 3185 2992 ,
3221 2932 3448 2980 vocatur
3488 2924 3657 2979 Filius
3687 2924 3806 2983 Dei.

2211 3015 2527 3086 Nuptiarum
2551 3016 2694 3072 enim
2715 3016 2913 3071 bonum
2937 3031 3047 3070 non
3074 3016 3382 3087 exstinguit,
3411 3017 3506 3072 sed
3530 3016 3807 3072 modiﬁcat

2211 3109 2631 3166 inobedientium
2674 3109 3036 3164 membrorum
3065 3109 3292 3176 malum,
3332 3117 3392 3164 ut
3425 3111 3648 3164 limitata
3673 3124 3809 3182 quo-

2203 3199 2498 3256 dammodo
2525 3200 2955 3269 concupiscentia
2986 3201 3232 3268 carnalis,
3263 3200 3356 3256 ﬁat
3379 3200 3569 3255 saltem
3599 3199 3807 3271 pudici-

2210 3294 2288 3350 tia
2311 3294 2624 3366 conjugaiis.
2657 3293 2817 3365 Virgo
2837 3304 3019 3349 autem
3070 3293 3231 3348 Maria
3260 3294 3344 3348 cui
3373 3293 3573 3348 dictum
3600 3303 3704 3359 est,
3736 3293 3803 3348 Et

2210 3385 2372 3440 virtus
2419 3385 2672 3441 Altissimi
2700 3385 3010 3440 obunrbrabit
3045 3386 3133 3440 tibi
3191 3385 3319 3458 (Luc
3347 3402 3382 3451 ι,
3413 3385 3530 3455 3'5),
3576 3385 3629 3440 in
3677 3401 3805 3441 san-

2211 3485 2355 3532 ctam
2399 3477 2751 3548 concipiendo
2795 3477 3000 3548 prolem
3020 3519 3035 3544 ,
3067 3478 3166 3532 sub
3199 3477 3287 3531 tali
3319 3477 3629 3532 umbraculo
3656 3479 3808 3532 nullo

2213 3568 2406 3624 ardore
2427 3567 2875 3640 concupiscentiae
2893 3569 3047 3640 hujus
3063 3569 3325 3623 acstnavit.
3356 3569 3465 3623 Hoc
3486 3585 3611 3639 ergo
3639 3585 3806 3625 exce-

2209 3669 2307 3730 pto
2333 3659 2508 3730 lapide
2553 3660 2816 3732 augulari,
2845 3675 2950 3714 non
2994 3661 3150 3715 video
3178 3659 3446 3730 quomodo
3475 3660 3804 3718 :ediﬁcentur

2216 3749 2461 3806 homines
2483 3753 2534 3805 in
2563 3751 2782 3806 domum
2811 3752 2903 3806 Dei
2930 3751 2996 3806 ad
3021 3752 3319 3807 habendum
3347 3753 3398 3806 in
3425 3767 3486 3808 se
3514 3751 3792 3808 inhabitan

2213 3852 2328 3900 tem
2357 3845 2544 3910 Deum,
2566 3845 2664 3899 nisi
2686 3859 2807 3900 cum
2836 3844 3033 3900 fuerint
3055 3845 3225 3900 renati
3249 3861 3264 3911 ;
3291 3844 3433 3917 quod
3459 3861 3567 3900 non
3588 3855 3809 3916 p0ssunt

2215 3951 2336 3994 esse
2361 3946 2644 4008 antequam
2669 3937 2801 3992 nati.

2285 4049 2511 4107 CAPUT
2547 4050 2814 4108 X.———'52.
2845 4051 3148 4120 Quamlibet
3181 4051 3358 4122 itaque
3392 4053 3711 4108 sententiam
3745 4053 3811 4110 de

2215 4144 2634 4215 prmgnantibns,
2654 4145 2760 4198 imo
2777 4144 2843 4197 de
2858 4143 3158 4199 hominibus
3180 4143 3468 4199 habeamus
3482 4145 3657 4200 adhuc
3675 4147 3812 4201 intra

2217 4245 2456 4291 materna
2500 4236 2706 4290 viscera
2734 4235 3070 4301 constitutis,
3112 4245 3288 4290 utrum
3325 4236 3693 4292 existimemus
3719 4253 3812 4293 eos

2219 4343 2388 4383 necne
2411 4326 2598 4381 donari
2636 4340 2791 4396 posse
2823 4325 3002 4398 aliquo
3040 4326 3475 4382 sanctiﬁcationis
3499 4328 3702 4394 modo;
3733 4329 3813 4384 vel

2218 4427 2436 4490 propter
2463 4417 2742 4484 Joannem,
2775 4417 2864 4490 qui
2892 4416 3126 4473 nondum
3153 4418 3205 4472 in
3250 4418 3388 4474 hanc
3413 4419 3587 4473 editus
3613 4419 3812 4486 lucem,

2220 4521 2397 4568 tamen
2427 4511 2708 4567 exsultavit
2741 4510 2794 4566 in
2828 4511 3020 4581 gaudio
3054 4529 3067 4565 :
3102 4511 3244 4584 quod
3274 4513 3455 4584 uliqne
3489 4513 3590 4567 nisi
3616 4528 3815 4585 opera-

2221 4604 2372 4661 tione
2410 4603 2641 4674 Spiritus
2679 4602 2849 4656 sancli
2887 4601 2998 4658 ﬁeri
3033 4603 3269 4673 potuisse
3311 4604 3430 4676 quis
3471 4604 3698 4658 credat?
3733 4605 3816 4660 vel

2219 4708 2440 4770 propter
2468 4694 2778 4764 Jcremiam,
2810 4695 2894 4749 cui
2919 4695 3176 4750 Dominus
3215 4695 3363 4766 dicit,
3395 4695 3706 4772 Priusquam
3730 4714 3818 4752 ea;-

2219 4783 2319 4842 ires
2345 4787 2408 4841 de
2431 4787 2598 4854 vulva,
2631 4784 2942 4854 sanctiﬁcavi
2965 4793 3012 4838 te
3045 4783 3266 4858 (Jerem.
3306 4803 3353 4851 ι,
3383 4787 3446 4858 5)
3475 4805 3489 4840 :
3520 4797 3699 4842 tamen
3729 4788 3816 4858 illa

2223 4878 2573 4934 sanctiﬁcatio
2603 4893 2704 4947 qua
2732 4876 2997 4932 efﬁcimur
3020 4886 3075 4932 et
3099 4877 3290 4951 singuli
3321 4880 3516 4948 templa
3535 4880 3653 4946 Dei,
3683 4892 3738 4937 et
3764 4881 3816 4936 in

2221 4985 2387 5026 unum
2417 4984 2604 5024 omnes
2639 4968 2894 5039 templum
2928 4967 3057 5034 Dei,
3097 4985 3201 5024 non
3228 4979 3313 5026 est
3343 4970 3444 5024 nisi
3472 4981 3816 5039 renatorum;

2222 5062 2364 5134 quod
2394 5059 2496 5115 nisi
2521 5061 2626 5115 nati
2665 5059 2910 5115 homines
2939 5075 3058 5116 esse
3095 5077 3202 5116 non
3232 5072 3473 5132 possunt.
3503 5062 3692 5130 Nullus
3717 5082 3818 5120 an-

2209 5164 2329 5212 ‘tem
2367 5155 2531 5210 vitam
2557 5153 2609 5209 in
2649 5168 2752 5226 qua
2781 5163 2938 5208 natus
2965 5161 3067 5222 est,
3108 5153 3246 5210 bene
3270 5153 3441 5226 ﬁniet,
3470 5156 3573 5228 nisi
3596 5166 3819 5228 renatus

2220 5261 2499 5323 antequam
2528 5250 2692 5305 ﬁniat.

2293 5367 2386 5424 '53.
2413 5365 2567 5435 Quod
2590 5366 2636 5422 si
2661 5364 2942 5437 quisquam
2981 5364 3111 5420 dicit
3137 5363 3254 5436 jam
3281 5379 3403 5422 esse
3431 5375 3612 5423 natum
3638 5367 3820 5424 banti-

2227 5479 2373 5531 nem,
2413 5461 2574 5518 etiam
2617 5475 2739 5518 cum
2767 5459 2942 5516 adhuc
2977 5470 3059 5516 est
3085 5461 3139 5514 in
3169 5467 3322 5517 utero
3344 5463 3551 5526 matris,
3581 5465 3820 5519 testimo-

2225 5556 2481 5627 niumque
2519 5552 2738 5610 adhibet
2765 5569 2830 5608 ex
2872 5553 3190 5622 Evangelia,
3233 5554 3355 5624 quia
3385 5555 3586 5611 dictum
3627 5566 3713 5612 est
3751 5555 3825 5613 ad

2227 5647 2423 5717 loseph
2463 5645 2530 5704 de
2567 5656 2876 5719 pugnante
2913 5645 3132 5716 Virgine
3173 5647 3385 5702 Domini
3429 5658 3632 5713 matre,
3675 5651 3826 5717 Quod

2225 5742 2363 5796 enim
2388 5741 2442 5794 in
2478 5757 2538 5795 ea
2563 5751 2733 5804 natum
2757 5749 2853 5807 est,
2891 5739 2954 5793 de
2979 5737 3180 5811 Spiritu
3207 5751 3387 5796 sancto
3422 5751 3498 5797 est
3523 5744 3540 5813 (
3564 5743 3755 5799 lauit.
3785 5761 3829 5814 t,

2230 5837 2302 5896 ΞΟ
2325 5837 2341 5908 )
2364 5855 2378 5902 ;
2408 5837 2788 5909 numquidnam
2814 5837 2936 5893 huic
2959 5839 3220 5896 nativitati
3241 5842 3448 5898 accedit
3471 5846 3707 5900 secunda
3737 5862 3831 5902 na-

2231 5932 2445 5989 tivitas?
2474 5933 2723 6004 Alioquin
2763 5948 2872 5990 non
2909 5935 3014 5992 erit
3044 5935 3155 6009 jam
3204 5935 3436 5995 secunda
3458 5978 3474 6006 ,
3511 5939 3608 5995 sed
3647 5941 3832 5998 tertia.
