4086 6350
491 361 598 423 867

561 477 791 536 CAPUT
824 475 1056 535 χιιι-
1071 477 1162 534 58.
1185 473 1397 532 Habitat
1421 474 1598 545 itaque
1617 473 1670 529 in
1697 474 1915 545 singulis
1934 475 2076 528 Deus

488 579 744 643 tanquam
765 571 822 626 in
845 570 1060 641 templis
1083 569 1211 634 suis,
1235 576 1291 623 et
1311 567 1364 622 in
1383 566 1628 622 omnibus
1647 566 1802 620 simul
1830 567 1882 621 in
1911 582 2075 621 unum

487 661 862 733 congregatis,
891 670 1140 730 tanquam
1173 658 1226 711 in
1251 656 1453 726 templo
1493 671 1610 710 suo.
1641 656 1792 722 Quod
1821 656 2073 726 templum

485 751 741 822 quamdiu
781 751 920 805 sicut
959 763 1082 804 arca
1121 746 1236 804 Noe
1273 747 1327 802 in
1360 747 1460 802 hoc
1497 747 1696 802 saeculo
1734 747 1970 809 ﬂuctuat,
2017 747 2075 802 lit

487 845 632 917 quod
661 845 716 900 in
747 843 956 899 Psalmo
971 843 1228 912 scriptum
1249 851 1354 908 est,
1383 840 1630 895 Dominus
1659 841 1902 894 diluvium
1925 840 2074 893 inha-

483 937 612 994 bitat
637 953 659 993 :
684 936 924 1008 quamvis
941 944 997 992 et
1024 944 1240 1007 propter
1266 934 1462 989 multos
1482 933 1536 988 in
1564 934 1809 989 omnibus
1829 933 2072 1004 gentibus

479 1029 708 1100 populos
733 1026 965 1082 ﬁdelium
986 1067 1001 1092 ,
1032 1040 1165 1096 quos
1191 1039 1448 1095 aquarum
1477 1026 1691 1078 nomine
1725 1024 2070 1094 Apocalypsis

478 1119 743 1190 signiﬁcat
782 1116 980 1191 (Apoc.
1006 1131 1142 1182 xvn,
1171 1115 1294 1188 15),
1323 1115 1489 1185 possit
1516 1115 1735 1184 intelligi
1771 1129 2069 1185 coagmen-

477 1219 583 1278 ter,
621 1209 870 1266 Dominus
903 1209 1149 1265 diluvium
1182 1207 1448 1264 inhabitat.
1479 1207 1730 1274 Sequitur
1771 1217 1970 1274 autem,
2001 1206 2070 1262 Et

479 1301 670 1358 sedebit
704 1301 953 1358 Dominus
990 1319 1083 1358 rea:
1117 1302 1171 1356 in
1198 1311 1441 1356 aeternum
1484 1299 1666 1372 (Psal.
1695 1316 1886 1368 xxvnt,
1921 1301 2019 1373 10)
2051 1318 2066 1357 :

474 1395 660 1466 utique
677 1397 730 1450 in
751 1396 868 1466 ipso
893 1395 1093 1466 templo
1116 1409 1214 1450 suo
1233 1393 1345 1463 jam
1367 1393 1422 1446 in
1439 1392 1550 1447 vita
1577 1401 1775 1447 teterna
1810 1400 1930 1462 post
1969 1393 2068 1447 litt-

471 1489 797 1544 ctuationem
824 1487 979 1558 hujus
1007 1487 1190 1542 saeculi
1204 1486 1511 1540 constituto.
1539 1484 1676 1538 Deus
1691 1484 1846 1554 igitur
1872 1484 2067 1554 ubique

471 1591 711 1650 praesens
738 1587 821 1634 est
843 1621 859 1644 ,
899 1585 956 1634 et
993 1577 1188 1648 ubique
1228 1584 1370 1632 totus
1408 1589 1682 1646 praesens;
1725 1590 1825 1631 nec
1870 1575 2066 1646 ubique

471 1667 742 1735 habitans,
770 1667 866 1724 sed
893 1669 943 1723 in
967 1669 1166 1737 templo
1186 1682 1302 1732 suo,
1327 1667 1411 1722 cui
1438 1681 1535 1736 per
1553 1666 1776 1736 gratiam
1805 1666 2063 1738 benignus

469 1769 559 1816 est
581 1770 636 1816 et
665 1761 925 1832 propitius
950 1778 964 1814 :
993 1747 1200 1831 capitur
1215 1755 1400 1815 hutem
1428 1757 1690 1825 habitans,
1715 1759 1784 1812 ab
1801 1759 1921 1814 aliis
1944 1774 2062 1814 am-

470 1853 640 1922 plius,
663 1853 730 1908 ab
755 1853 872 1908 aliis
899 1852 1093 1907 minus.

540 1944 632 2000 39.
663 1944 738 2000 De
765 1944 881 2013 ipso
907 1959 1036 1999 vero
1063 1943 1236 2014 capite
1268 1953 1452 2000 nostro
1472 1944 1757 2016 Apostolus
1787 1944 1899 1999 ait:
1929 1943 2062 2009 Quia

466 2034 526 2089 in
543 2035 656 2106 ipso
681 2033 930 2088 inhabitat
951 2035 1112 2088 omnis
1137 2035 1395 2105 plenitudo
1415 2036 1690 2090 divinitatis
1709 2036 2055 2105 corporaliter.

464 2123 584 2182 Non
605 2126 724 2182 ideo
740 2124 1088 2197 corporaliter,
1110 2125 1232 2195 quia
1259 2141 1550 2196 corporeus
1564 2136 1646 2182 est
1665 2127 1834 2193 Deus;
1860 2127 1953 2183 sed
1969 2139 2060 2183 aut

465 2218 634 2273 verbo
666 2217 924 2273 translato
949 2232 1080 2273 usus
1107 2225 1224 2284 est,
1267 2227 1513 2290 tanquam
1553 2220 1605 2274 in
1635 2221 1834 2290 templo
1867 2235 2057 2275 manu-

464 2307 608 2364 facto
638 2325 743 2364 non
772 2309 1150 2378 corporaliter,
1179 2309 1274 2364 sed
1310 2311 1663 2366 umbratiliter
1705 2311 2053 2381 habitaverit,

462 2401 521 2457 id
544 2411 626 2458 est
651 2401 1110 2472 praeligurautibus
1132 2401 1332 2471 signis;
1366 2417 1488 2456 nam
1511 2403 1627 2458 illas
1649 2418 1836 2458 omnes
1871 2403 2057 2459 obser-

465 2495 732 2560 vationes,
760 2495 978 2550 umbras
1005 2492 1306 2548 futurorum
1342 2503 1496 2549 vocat
1527 2494 1757 2567 (Coloss.
1785 2511 1842 2562 ιι,
1877 2497 1931 2562 9,
1963 2496 2052 2563 16,

462 2587 533 2642 l7
555 2583 600 2659 ),
644 2586 806 2641 etiam
844 2585 959 2655 ipso
999 2585 1254 2640 translato
1301 2587 1588 2652 vocabulo;
1634 2601 1872 2642 summus
1911 2589 2052 2644 enim

462 2678 638 2746 Deus,
669 2679 808 2735 sicut
833 2678 1090 2748 scriptum
1136 2687 1247 2744 est,
1291 2695 1394 2733 non
1420 2680 1474 2733 in
1514 2682 1816 2752 manufactis
1855 2684 2053 2748 templis

465 2771 656 2825 habitat
681 2767 832 2842 (Act.
873 2783 1009 2836 xvn,
1031 2767 1136 2840 24)
1169 2786 1183 2822 :
1212 2778 1304 2824 aut
1330 2779 1474 2826 certe
1500 2773 1828 2842 corporaliter
1852 2773 2051 2828 dictum

463 2869 569 2927 est,
601 2862 724 2932 quia
752 2869 808 2916 et
826 2861 880 2915 in
903 2860 1102 2917 Christi
1127 2875 1350 2929 corpore
1369 2861 1509 2931 quod
1533 2867 1817 2932 assumpsit
1835 2880 1903 2920 ex
1935 2865 2053 2920 Vir-

464 2952 608 3024 ginc,
637 2961 892 3022 tauquam
923 2951 974 3005 in
1009 2953 1206 3020 templo
1228 2952 1425 3006 habitat
1458 2953 1616 3007 Deus.
1643 2953 1774 3008 Hinc
1801 2963 1884 3010 est
1907 2956 2048 3010 enim

462 3044 606 3115 quod
643 3042 845 3099 Judmis
875 3043 1081 3113 signum
1117 3043 1418 3111 petentibus
1441 3059 1560 3098 ctnn
1588 3044 1828 3112 dixisset,
1859 3045 2052 3101 Solvite

463 3136 702 3206 templum
727 3135 844 3202 hoc,
865 3146 912 3188 et
940 3135 991 3188 in
1021 3133 1190 3188 triduo
1209 3134 1509 3189 resuscitabo
1535 3134 1695 3199 illud;
1725 3139 2049 3210 evangelista

460 3226 588 3297 quid
619 3227 723 3281 hoc
755 3234 899 3280 esset
919 3234 1311 3296 consequenter
1339 3241 1634 3295 exponens,
1666 3229 1776 3284 ait:
1810 3229 1920 3283 Hoc
1951 3247 2048 3284 au-

463 3329 562 3374 tem
587 3318 779 3373 dicebat
805 3318 868 3372 de
904 3319 1088 3388 templo
1115 3320 1342 3388 corporis
1371 3321 1449 3373 sui
1475 3319 1666 3392 (Joan.
1709 3337 1764 3387 ιι,
1801 3323 1885 3388 19,
1915 3323 1976 3377 21
2003 3322 2044 3392 ).

531 3409 621 3465 40.
651 3408 786 3476 Quid
826 3425 954 3479 ergo
995 3411 1110 3465 est?
1143 3410 1373 3466 Hoccine
1426 3412 1685 3468 interesse
1729 3415 2049 3470 arbitramur

457 3505 602 3560 inter
653 3514 813 3573 caput
863 3513 918 3558 et
961 3505 1197 3559 membra
1241 3513 1465 3570 cratera,
1515 3507 1657 3576 quod
1705 3508 1756 3561 in
1813 3509 2048 3578 quolibet

460 3595 703 3663 quamvis
745 3595 1012 3662 prtecipno
1065 3595 1325 3661 membro,
1352 3599 1496 3650 velut
1542 3599 1590 3650 in
1636 3599 1813 3668 aliquo
1856 3617 2047 3670 magno

459 3684 719 3755 prepheta
749 3694 841 3737 aut
861 3687 1121 3753 apostolo,
1145 3687 1388 3755 quamvis
1414 3688 1666 3743 divinitas
1695 3690 1915 3759 habitet,
1940 3709 2044 3748 non

457 3787 640 3830 tamen
668 3775 804 3829 sicut
833 3776 883 3828 in
915 3778 1088 3844 capite
1113 3777 1251 3845 quod
1281 3785 1364 3831 est
1387 3777 1652 3846 Christus,
1682 3784 1855 3837 omnis
1881 3786 2047 3853 pleni-

462 3867 594 3922 tudo
619 3867 946 3921 divinitatis?
973 3869 1104 3920 Nam
1132 3878 1185 3922 et
1211 3870 1264 3922 in
1294 3880 1479 3924 nostro
1507 3887 1731 3940 corpore
1758 3877 1893 3930 inest
1921 3892 2044 3930 scn-

460 3975 555 4015 sus
592 3961 815 4029 singulis
855 3960 1139 4025 membris;
1170 3960 1264 4015 sed
1294 3977 1398 4015 non
1428 3972 1602 4017 tantus
1626 3977 1854 4033 quantus
1880 3967 1931 4021 in
1959 3985 2049 4023 ca-

460 4053 591 4123 pite,
617 4053 705 4107 ubi
736 4067 950 4122 prorsus
977 4053 1151 4108 omnis
1171 4061 1253 4107 est
1278 4055 1738 4124 quinquepartitus
1764 4077 1776 4112 :
1807 4060 1876 4115 ibi
1902 4063 2045 4117 enim

459 4151 516 4197 et
542 4142 708 4208 visus,
737 4152 789 4195 et
813 4141 1048 4209 auditus,
1080 4151 1134 4197 et
1157 4142 1404 4210 olfactus,
1436 4154 1490 4199 et
1521 4158 1726 4216 gustus,
1759 4158 1812 4204 et
1843 4161 2042 4221 laetus;

449 4235 512 4288 'in
552 4233 761 4287 caeteris
793 4241 970 4286 autem
1007 4234 1154 4287 solus
1195 4243 1279 4289 est
1320 4243 1510 4290 tactus.
1543 4240 1622 4291 An
1653 4241 1810 4293 etiam
1853 4253 2047 4310 praeter

453 4325 563 4379 hoc
609 4324 777 4394 quod,
818 4334 1066 4393 tanquam
1097 4325 1149 4378 in
1180 4326 1407 4396 templo,
1441 4328 1492 4380 in
1526 4329 1616 4382 illo
1640 4346 1865 4399 corpore
1897 4333 2046 4388 habi-

460 4426 538 4471 tat
561 4417 734 4471 omnis
755 4417 1028 4484 plenitudo
1052 4417 1362 4481 divinitatis,
1381 4427 1464 4473 est
1491 4421 1631 4474 aliud
1662 4423 1803 4491 quod
1835 4425 2044 4479 intersit

455 4507 598 4564 inter
623 4508 751 4560 illud
775 4516 954 4576 caput,
987 4518 1040 4562 et
1067 4508 1350 4576 cujuslibet
1379 4511 1604 4564 membri
1631 4515 2044 4569 excellentiam?

457 4599 557 4656 Est
583 4600 759 4669 plane,
789 4599 930 4668 quod
961 4599 1214 4670 singulari
1253 4600 1478 4669 quadam
1507 4605 1846 4672 susceptione
1874 4609 2045 4660 homi-

456 4691 542 4747 nis
568 4690 708 4746 illius
738 4705 840 4743 una
870 4687 1007 4744 facta
1031 4698 1115 4746 est
1139 4705 1364 4760 persona
1390 4706 1510 4746 cum
1540 4691 1736 4747 Verbo.
1784 4696 1859 4750 De
1897 4699 2042 4753 nullo

460 4784 603 4840 enim
650 4791 956 4838 sanctorum
993 4782 1099 4838 dici
1139 4784 1326 4854 potuit,
1355 4793 1448 4838 aut
1485 4793 1676 4854 potest,
1707 4796 1796 4842 aut
1827 4791 2037 4860 poterit,

469 4871 688 4929 Verbum
711 4889 829 4928 caro
853 4876 1041 4945 factum
1069 4883 1140 4928 est
1172 4873 1280 4945 (Id.
1311 4891 1350 4941 ι,
1384 4874 1470 4944 is)
1495 4893 1508 4928 :
1534 4877 1710 4931 nullus
1732 4887 2036 4936 sanctorum

454 4967 693 5040 qualibet
727 4968 1028 5037 praestantia
1059 4968 1265 5037 gratim,
1297 4967 1563 5038 Unigeniti
1590 4987 1784 5025 nomen
1812 4977 2034 5044 accepit,

451 5066 514 5112 ut
538 5057 681 5128 quod
707 5066 763 5112 et
789 5057 960 5126 ipsum
992 5057 1085 5111 Dei
1110 5055 1342 5112 Verbum
1368 5067 1492 5113 ante
1511 5062 1722 5122 saecula.
1756 5062 1856 5117 hoc
1881 5065 2037 5120 simul

451 5163 574 5204 cum
601 5152 884 5215 assumpto
913 5147 1131 5202 homine
1157 5147 1442 5205 diceretur.
1472 5151 1764 5221 Singularis
1791 5163 1874 5208 est
1910 5170 2038 5226 ergo

447 5241 541 5297 illa
581 5242 869 5311 susceptio,
898 5255 998 5295 nec
1034 5256 1154 5295 cum
1193 5241 1495 5296 hominibus
1535 5244 1797 5314 aliquibus
1841 5250 2036 5304 sanctis

449 5331 782 5404 quantalibet
820 5331 1078 5402 sapientia
1108 5340 1164 5387 et
1199 5333 1478 5386 sanctitate
1506 5339 1900 5403 praestantibus,
1931 5342 2036 5397 ullo

449 5423 613 5476 modo
646 5429 822 5491 potest
857 5436 979 5477 esse
1020 5422 1336 5475 communis.
1361 5417 1460 5476 Ubi
1485 5422 1676 5478 divinae
1699 5429 1880 5494 gratiae
1907 5432 2036 5485 satis

450 5512 792 5583 perspicuum
833 5513 1138 5583 clarumque
1174 5512 1550 5568 documentum
1593 5526 1694 5569 est.
1737 5517 1867 5584 Quis
1890 5523 2031 5575 enim

448 5612 563 5676 tam
589 5605 661 5657 sit
687 5605 997 5676 sacrilegus,
1026 5615 1084 5660 ut
1109 5606 1302 5661 audeat
1323 5606 1592 5663 afﬁrmare
1623 5610 1850 5681 aliquam
1877 5631 2035 5686 posse

451 5693 681 5748 animam
712 5708 808 5764 per
832 5696 1078 5749 meritum
1105 5695 1258 5751 liberi
1278 5697 1503 5764 arbitrii,
1532 5709 1591 5755 ut
1617 5700 1754 5756 alter
1779 5704 1847 5758 sit
1873 5703 2032 5760 Chri-

447 5797 566 5856 stus
591 5786 841 5844 efﬁcere?
869 5787 936 5847 Ut
967 5803 1097 5864 ergo
1133 5788 1202 5850 ad
1251 5805 1532 5862 personam
1574 5793 1737 5852 Verbi
1774 5797 2031 5868 unigeniti

1737 361 1794 418 S.
1832 354 2202 416 AUGUSTINI
2239 355 2540 428 EPISCOPI;

3667 373 3782 434 848

2183 471 2496 541 pertineret,
2529 487 2634 544 quo
2664 481 2819 545 pacto
2849 489 2948 547 per
2975 474 3200 534 liberum
3227 477 3504 537 arbitrium
3530 495 3773 543 commu-

2181 565 2322 619 niter
2345 567 2590 622 omnibus
2606 576 2662 623 et
2677 570 2986 624 naturaliter
3012 570 3193 625 datum
3211 588 3313 626 una
3333 573 3440 626 sola
3463 575 3640 632 anima
3657 594 3775 634 me-

2174 655 2406 722 ruisset,
2450 657 2553 712 nisi
2584 657 2684 713 hoc
2709 659 2988 729 singularis
3015 663 3182 730 gratia
3213 665 3578 732 praestitisset;
3607 683 3775 737 quam

2174 746 2254 802 fas
2276 759 2357 802 est
2379 751 2687 818 prtedicare,
2715 752 2782 806 de
2815 768 2919 822 qua
2958 753 3108 808 nefas
3141 764 3224 809 est
3252 756 3394 811 velle
3426 757 3706 826 judicare?

2244 838 2332 892 41.
2363 839 2489 895 [huc
2524 841 2570 894 si
2613 857 2708 910 pro
2734 842 2937 898 viribus
2968 846 3184 911 nostris,
3216 857 3472 915 quantum
3507 849 3772 906 Dominus

2174 929 2397 1000 adjuvit,
2423 932 2524 988 rite
2547 936 2922 1001 tractavimus;
2955 936 3166 1006 quando
3197 939 3362 992 Deum
3395 939 3591 1009 ubique
3619 957 3766 1012 pra:-

2171 1031 2401 1090 sentcm,
2429 1033 2483 1078 et
2509 1040 2613 1080 non
2639 1027 2826 1096 spatiis
2865 1027 3204 1095 distantibus,
3237 1031 3386 1099 quasi
3413 1032 3589 1102 aliqua
3621 1035 3767 1090 mole

2170 1113 2258 1168 vel
2307 1113 2634 1172 distentione
2678 1116 2951 1184 diffusum,
2983 1119 3077 1174 sed
3103 1120 3302 1190 ubique
3332 1129 3499 1176 totum
3525 1125 3767 1194 cogitare

2171 1209 2225 1258 te
2249 1204 2512 1270 extendis,
2538 1217 2722 1262 averte
2762 1217 2995 1264 mentem
3037 1209 3105 1266 ab
3151 1211 3398 1267 omnibus
3439 1211 3764 1283 imaginibus

2169 1309 2477 1364 corporum,
2509 1311 2641 1367 quas
2679 1297 2908 1354 humana
2937 1300 3189 1370 cogitatio
3217 1301 3434 1358 volvere
3460 1305 3757 1360 consuevit.

2167 1383 2285 1440 Non
2310 1387 2451 1441 enim
2479 1387 2558 1443 sic
2592 1389 2871 1458 sapientia,
2897 1405 3002 1446 non
3027 1392 3252 1461 justitia,
3279 1409 3386 1447 non
3425 1394 3504 1448 sic
3529 1394 3762 1465 denique

2167 1477 2400 1533 charitas
2419 1480 2704 1550 cogitatur,
2729 1481 2798 1537 de
2825 1497 2929 1552 qua
2953 1484 3216 1552 scriptum
3239 1493 3350 1551 est,
3371 1484 3510 1540 Deus
3537 1486 3761 1542 alacritas

2167 1568 2312 1641 est(l
2337 1569 2493 1624 Joan.
2523 1587 2598 1638 tv,
2627 1573 2708 1643 8).
2736 1571 2868 1629 Cum
2889 1589 3018 1629 vero
3045 1575 3427 1633 habitationem
3461 1580 3578 1648 ejus
3607 1582 3754 1649 cogi-

2167 1669 2268 1730 tas,
2300 1663 2556 1719 unitatem
2583 1669 2754 1736 cogita
2795 1669 3367 1740 congregationemque
3400 1682 3708 1727 sanctorum
3740 1689 3756 1728 :

2164 1757 2398 1812 maxime
2431 1757 2481 1810 in
2511 1758 2684 1826 etelis,
2718 1759 2808 1814 ubi
2837 1770 3118 1831 propterea
3146 1763 3409 1832 praecipue
3433 1763 3629 1818 dicitur
3651 1765 3754 1819 ha-

2160 1847 2354 1915 bitare,
2397 1849 2518 1918 quia
2563 1849 2635 1904 ibi
2684 1849 2744 1905 ﬁt
2782 1851 3031 1906 voluntas
3057 1853 3175 1921 ejus
3200 1852 3434 1922 perfecta
3456 1868 3666 1921 eorum,
3700 1855 3758 1910 in

2162 1941 2356 2012 quibus
2385 1942 2606 2010 habitat,
2637 1943 2976 2010 obedientia;
3005 1944 3202 2000 deinde
3229 1944 3282 2000 in
3308 1955 3471 2011 terra,
3505 1947 3596 2002 ubi
3622 1947 3756 2002 tedi-

2162 2034 2329 2089 ﬁcans
2349 2035 2552 2090 habitat
2570 2035 2786 2091 domum
2807 2052 2958 2092 suam
2973 2038 3025 2092 in
3051 2039 3159 2093 line
3178 2039 3359 2094 saeculi
3380 2038 3752 2094 dedicandam.

2160 2121 2428 2179 Christum
2471 2134 2648 2181 autem
2691 2125 2973 2182 Dominum
3019 2138 3260 2182 nostrum
3296 2129 3626 2199 unigenitum
3657 2130 3756 2185 Μ

2160 2213 2355 2270 Filium
2398 2217 2657 2286 aequalem
2703 2217 2878 2284 Patri,
2915 2218 3272 2289 eumdemque
3314 2219 3546 2274 hominis
3584 2221 3755 2276 lilium

2158 2322 2268 2378 quo
2309 2307 2480 2377 major
2516 2318 2600 2363 est
2648 2308 2828 2376 Pater,
2871 2323 2927 2365 et
2969 2310 3165 2380 ubique
3211 2320 3380 2368 totum
3429 2323 3754 2383 praesentem

2160 2410 2282 2452 esse
2306 2411 2412 2451 non
2438 2396 2649 2453 dubites
2672 2405 2926 2469 tanquam
2955 2400 3141 2465 Deum,
3168 2409 3224 2456 et
3251 2400 3303 2456 in
3330 2401 3520 2457 eodem
3547 2402 3753 2472 templo

2160 2485 2257 2541 Dei
2275 2499 2397 2541 esse
2427 2495 2678 2557 tanquam
2706 2487 3092 2545 inhabitantem
3126 2490 3312 2554 Deum,
3344 2501 3398 2546 et
3426 2492 3479 2546 in
3507 2491 3626 2546 loco
3653 2492 3755 2546 ali-

2157 2592 2266 2649 quo
2290 2578 2411 2634 cmli
2451 2588 2668 2650 propter
2693 2582 2807 2636 veri
2833 2583 3077 2652 corporis
3105 2583 3344 2639 modum.
3377 2583 3482 2640 Sed
3509 2600 3632 2640 cum
3664 2601 3756 2641 me

2156 2668 2387 2725 delectat
2424 2669 2570 2740 loqui
2612 2678 2808 2738 tecum,
2851 2673 3034 2728 nescio
3061 2683 3240 2729 utrum
3279 2676 3605 2731 servaverim
3629 2691 3751 2731 ser—

2157 2760 2334 2814 monis
2357 2759 2674 2817 sufﬁcientis
2699 2762 2938 2830 modum,
2967 2765 3119 2834 quasi
3143 2765 3451 2820 diuturnum
3478 2765 3753 2822 silentium

2156 2852 2478 2923 loquacitate
2513 2869 2880 2923 compensem.
2913 2856 3113 2912 Verum
3139 2858 3263 2928 quia
3293 2858 3550 2928 religione
3575 2865 3633 2913 et
3657 2858 3755 2916 be-

2150 2945 2455 3007 nevolentia
2483 2961 2586 3015 qua
2625 2959 2714 3001 me
2738 2948 3145 3018 praeoccupati,
3192 2947 3265 3002 ita
3310 2949 3664 3004 invisceratus
3689 2963 3753 3005 es

2152 3035 2303 3090 cordi
2333 3050 2474 3103 meo,
2506 3045 2566 3090 ut
2592 3045 2839 3106 tanquam
2887 3053 3012 3092 cum
3053 3038 3228 3093 amico
3277 3053 3403 3093 vere
3451 3038 3748 3108 colloquar,

2153 3127 2404 3197 quidquid
2433 3129 2484 3182 in
2515 3143 2680 3198 apere
2706 3129 2812 3182 stili
2843 3130 3010 3184 nostri
3039 3131 3239 3185 utiliter
3267 3131 3600 3186 elaboratum
3628 3143 3754 3185 esse

2154 3221 2454 3290 cognoscis,
2489 3222 2598 3276 Deo
2621 3223 2821 3292 gratias
2849 3237 2972 3291 age.
3004 3221 3062 3276 Si
3099 3238 3205 3292 qua
3245 3233 3422 3278 autem
3462 3223 3588 3276 vitia
3629 3237 3749 3278 mea

2156 3311 2435 3380 perspicis,
2460 3311 2538 3366 uti
2557 3312 2902 3367 charissimus
2921 3313 3126 3367 amicus
3153 3313 3396 3382 ignosce;
3423 3312 3613 3367 eadem
3641 3312 3752 3368 sci-

2151 3401 2278 3456 licet
2317 3404 2625 3458 sinceritate
2668 3403 2973 3459 dilectionis
3017 3403 3146 3458 mihi
3176 3413 3370 3474 optans
3398 3403 3741 3472 medicinam,

2151 3507 2254 3563 qua
2284 3495 2535 3549 concedis
2554 3503 2611 3550 et
2636 3498 2868 3551 veniam.

2505 3609 2839 3664 EPISTOLA
2877 3609 3231 3700 CLXXXVIII
3246 3615 3266 3635 ’
3288 3608 3387 3686 (α).

2152 3719 2461 3790 Augustinus
2489 3731 2533 3774 et
2559 3719 2774 3791 Alypius
2801 3720 3029 3776 Iuliana:
3053 3724 3220 3776 vidua:
3241 3725 3391 3777 matri
3405 3725 3746 3782 Demetriudis

2227 3811 2452 3881 virginis,
2477 3829 2539 3866 ne
2567 3813 2678 3883 ipsa
2703 3795 2958 3881 [antiliave
2983 3815 3143 3882 ipsius
3173 3816 3378 3870 imbibat
3406 3817 3541 3870 uirus
3568 3819 3747 3888 propi-

2223 3910 2396 3953 natum
2441 3902 2492 3954 in
2536 3901 2662 3955 libro
2702 3903 2770 3955 ad
2807 3903 3182 3959 Demetriadem
3211 3907 3417 3977 scripto,
3451 3913 3598 3979 cujus
3627 3907 3744 3964 libri

2223 4000 2477 4045 auctorem
2493 3994 2676 4046 rescire
2695 3992 2944 4072 cupiunt._

2151 4102 2390 4157 Dominzc
2420 4104 2611 4159 debitis
2638 4106 2690 4159 in
2716 4105 2930 4161 Christo
2956 4107 3147 4162 ofﬁciis
3170 4109 3518 4179 honorandae,
3543 4123 3598 4168 et
3625 4131 3741 4170 me-

2224 4197 2326 4249 rito
2355 4196 2540 4250 illustri
2584 4197 2703 4252 ﬁlia:
2746 4198 3005 4266 lucunas,
3038 4203 3269 4258 Aunus
3294 4213 3347 4259 et
3380 4205 3737 4278 Aucusrnws,

2222 4286 2275 4340 in
2308 4287 2531 4342 Domino
2556 4290 2801 4344 salutem.

2222 4398 2372 4454 CAP.
2400 4401 2782 4457 PRIMUM—4
2798 4442 2811 4456 .
2827 4403 2988 4460 Grate
3003 4405 3288 4463 admodum
3309 4411 3463 4467 nobis
3483 4413 3741 4482 jucunde-

2149 4506 2254 4560 que
2271 4493 2459 4546 accidit
2477 4504 2526 4546 ut
2550 4495 2706 4548 simul
2725 4510 2821 4549 nos
2834 4499 3151 4553 constitutos
3164 4501 3303 4570 apud
3319 4502 3615 4574 Hipponem
3636 4517 3739 4563 tua:

2149 4583 2482 4640 Reverentia:
2517 4587 2707 4641 littera:
2734 4590 3048 4658 reperirent,
3081 4592 3272 4661 quibus
3317 4595 3434 4650 hzec
3479 4599 3737 4668 rescripta

2149 4675 2348 4743 pariter
2372 4675 2737 4746 redderemus,
2765 4683 2975 4750 cognita
3005 4692 3178 4738 vestra
3211 4685 3575 4745 incolumitate
3601 4706 3735 4761 gau-

2146 4764 2353 4828 dentes,
2377 4767 2712 4838 vicissimque
2740 4780 2995 4838 nostram,
3020 4789 3178 4842 quam
3205 4777 3356 4832 vobis
3376 4778 3593 4836 charam
3614 4797 3737 4838 esse

2145 4856 2484 4920 conﬁdimus,
2516 4869 2696 4912 mutua
2725 4860 3011 4916 dilectione
3037 4865 3362 4935 nuntiantes,
3390 4869 3606 4925 domina
3634 4872 3733 4928 de-

2145 4949 2268 5004 bitis
2299 4949 2350 5002 in
2376 4947 2588 5004 Christo
2616 4949 2806 5006 olﬁciis
2849 4942 3179 5021 honoranda,
3211 4967 3265 5012 et
3294 4961 3485 5014 merito
3510 4961 3735 5018 illustris

2145 5038 2270 5093 ﬁlia.
2300 5038 2450 5094 Scire
2490 5048 2670 5095 autem
2713 5057 2807 5096 vos
2849 5045 3048 5111 Optime
3077 5048 3275 5102 scimus
3299 5059 3554 5118 quantum
3585 5053 3734 5108 vobis

2143 5129 2432 5184 debeamus
2483 5131 2757 5201 religionis
2805 5134 3076 5200 allectum,
3123 5148 3427 5208 quantaque
3477 5141 3634 5196 nobis
3677 5150 3728 5197 et

2143 5220 2281 5290 apud
2311 5221 2472 5276 Deum
2499 5232 2553 5276 et
2599 5224 2738 5279 inter
2774 5225 3018 5282 homines
3041 5229 3110 5282 sit
3135 5244 3262 5284 cura
3290 5231 3356 5286 de
3384 5233 3552 5288 vobis.
3580 5234 3732 5289 Licet

2143 5318 2282 5367 enim
2315 5328 2416 5390 vos
2436 5330 2529 5384 per
2555 5317 2756 5374 litteras
2785 5317 3035 5386 primum,
3067 5319 3261 5376 deinde
3296 5321 3456 5376 etiam
3495 5339 3736 5392 praesetw

2143 5403 2214 5457 tia
2258 5406 2543 5473 corporali,
2577 5407 2658 5475 pia
2685 5416 2739 5461 et
2763 5408 3044 5470 catholica.
3075 5409 3177 5464 hoc
3210 5421 3293 5465 est
3320 5427 3445 5466 vera
3485 5416 3726 5470 membra

2141 5493 2335 5549 Christi
2365 5497 2623 5567 exiguitas
2650 5506 2832 5552 nostra
2865 5501 3208 5569 cognoverit;
3239 5511 3413 5557 tamen
3437 5504 3600 5558 etiam
3630 5521 3728 5575 per

2201 5608 2219 5627 ‘
2239 5611 2495 5683 Emendata
2512 5625 2606 5674 ope
2625 5626 2684 5683 αἒ
2699 5614 2780 5683 hg.
2797 5612 2873 5683 Abl.
2899 5627 2943 5664 c.
2969 5628 3041 5664 cc.
3067 5615 3115 5665 Π.
3136 5617 3176 5679 j.
3201 5631 3251 5681 g.
3271 5633 3352 5683 gv.
3375 5633 3425 5668 n.
3450 5632 3492 5670 r.
3513 5631 3556 5670 s.
3581 5621 3659 5671 sb.
3685 5629 3724 5674 t.

2137 5683 2211 5721 vc.
2236 5680 2442 5734 quatuor
2465 5689 2509 5723 v.
2537 5683 2635 5722 Am.
2664 5680 2770 5725 Bad.
2796 5681 2868 5725 Er.
2893 5683 3002 5726 ιον.

2201 5753 2275 5869 (ap
2299 5753 2423 5825 Alias
2446 5755 2536 5804 M5
2559 5771 2571 5804 :
2597 5770 2707 5820 qum
2730 5766 2892 5808 autem
2919 5757 3007 5808 188
3039 5768 3145 5811 erat
3163 5796 3178 5821 ,
3201 5775 3329 5814 nunc
3363 5764 3414 5813 in
3447 5765 3724 5831 Appenino

2201 5823 2218 5866 ι
2273 5852 2285 5866 .
2311 5825 2489 5869 Scripta
2510 5831 2588 5868 an.
2615 5828 2831 5869 exeunte
2853 5820 2963 5869 417,
2986 5829 3069 5869 aut
3090 5823 3293 5869 ineunte
3313 5824 3421 5869 us.

2139 5823 2218 5866 est.
2237 5820 2285 5869 7.
2311 5820 2489 5885 Scripta
2510 5831 2588 5868 an.
2615 5828 2831 5870 exeunte
2853 5820 2963 5881 417,
2986 5829 3069 5874 aut
3090 5820 3293 5876 ineunte
3313 5824 3421 5886 418.
