4120 6358
338 551 689 611 ministerium
718 557 977 613 nostrum,
1004 558 1124 603 cum
1151 544 1490 616 accepisselis
1516 548 1735 601 verbum
1762 545 1914 599 audi-

340 654 430 701 tus
454 644 567 709 Dei,
602 644 741 699 sicut
756 639 1205 710 dicitApostolus,
1231 637 1489 707 accepistis
1514 653 1612 691 non
1637 645 1693 689 ut
1717 635 1916 689 verbum

340 735 617 799 hominum,
644 732 731 787 sed
758 732 886 787 sicut
909 738 980 785 est
1008 745 1138 796 vere,
1160 727 1361 784 verbum
1380 725 1532 799 Dei(l
1552 725 1697 781 Thes.
1718 741 1774 789 ll,
1800 724 1911 796 15).

338 825 500 897 Cujus
526 823 805 879 ministerii
825 822 1012 886 nostri,
1043 821 1325 890 adjuvante
1347 818 1512 889 gratia
1536 826 1589 873 et
1609 816 1914 873 misericor-

333 919 421 974 dia
450 915 763 981 Salvatoris,
795 914 849 969 in
884 914 1044 968 domo
1066 923 1239 968 vestra
1271 921 1448 966 tantus
1467 910 1670 965 fructus
1699 916 1915 964 exortus

335 1018 437 1074 est,
464 1017 524 1062 ut
553 1007 797 1061 humanis
820 1006 1016 1075 nuptiis
1043 1005 1153 1076 jam
1191 1004 1389 1074 paratis
1410 1011 1588 1057 sancta
1620 1000 1914 1056 Demetrias

334 1099 662 1168 spiritualem
707 1097 889 1166 sponsi
944 1096 1087 1151 illius
1138 1095 1412 1165 praeferret
1456 1094 1778 1163 amplexum,
1826 1092 1913 1146 cui

326 1190 578 1259 specioso
630 1203 737 1257 pra:
786 1186 909 1241 ﬁliis
955 1186 1228 1240 hominum
1266 1185 1333 1239 ad
1374 1183 1667 1239 habendam
1696 1183 1912 1252 Spiritus

336 1280 635 1334 uberiorem
666 1277 1063 1341 fecunditatem,
1092 1291 1192 1332 nec
1210 1274 1550 1330 amittendam
1580 1274 1755 1330 carnis
1779 1274 1913 1327 inte-

330 1374 599 1442 gritatem,
630 1370 861 1440 virgines
903 1369 1128 1423 nubunt.
1163 1368 1500 1422 Nesciremus
1524 1375 1698 1419 autem
1722 1378 1910 1434 quem-

334 1464 617 1520 admodum
646 1472 823 1518 nostra
850 1463 935 1518 illa
966 1471 1090 1517 tunc
1119 1462 1417 1516 exhortatio
1441 1476 1471 1514 a
1498 1459 1639 1515 ﬁdeli
1666 1467 1719 1513 et
1747 1457 1908 1512 nobili

332 1556 536 1626 virgine
564 1555 751 1610 fuisset
775 1564 1008 1625 accepta,
1036 1554 1138 1609 nisi
1171 1555 1323 1609 nobis
1353 1552 1621 1623 profectis,
1642 1566 1760 1606 cum
1793 1557 1911 1617 post

331 1650 597 1720 paululum
623 1649 861 1719 professa
906 1648 1092 1702 fuisset
1132 1647 1536 1703 sanctimoniam
1574 1643 1902 1712 virginalem,

326 1743 432 1798 hoc
461 1743 646 1812 ingens
675 1742 765 1796 Dei
796 1740 1015 1807 donum,
1043 1739 1183 1809 quod
1212 1754 1307 1807 per
1332 1730 1514 1793 servos
1536 1735 1747 1805 quidem
1783 1750 1906 1790 suos

326 1836 532 1905 plantat
576 1841 631 1888 et
658 1833 811 1903 rigat,
842 1832 938 1887 sed
978 1847 1073 1901 per
1108 1832 1340 1901 seipsum
1384 1829 1473 1884 dat
1521 1829 1906 1883 incrementum

334 1924 392 1997 (l
418 1923 536 1979 Cor.
563 1940 643 1991 Ill,
675 1923 728 1989 6,
762 1921 852 1994 7),
885 1922 1037 1976 nobis
1063 1920 1321 1992 operariis
1347 1919 1673 1989 provenisse,
1701 1927 1907 1972 vestra-

330 2032 444 2070 rum
474 2016 771 2073 litterarum
796 2013 1071 2069 laetissimo
1111 2012 1296 2067 nuntio
1319 2021 1373 2067 et
1398 2011 1571 2066 veraci
1603 2009 1907 2065 testimonio

329 2105 672 2162 disceremus.

397 2198 451 2251 2.
481 2198 608 2263 Quae
636 2211 760 2251 cum
794 2197 865 2250 ita
906 2196 1031 2263 sint,
1059 2210 1217 2251 nemo
1243 2209 1341 2250 nos
1380 2193 1651 2264 improbos
1688 2192 1901 2259 dixerit,

328 2289 374 2345 si
402 2288 457 2343 in
483 2289 634 2343 vobis
678 2287 1029 2343 admonendis
1070 2296 1126 2340 ut
1169 2286 1433 2341 contraria
1468 2286 1650 2356 gratia:
1688 2285 1782 2340 Dei
1811 2284 1907 2340 do-

326 2388 497 2450 gmata
523 2379 783 2443 devitetis,
812 2377 1198 2433 necessitudine
1223 2390 1407 2432 sumus
1428 2376 1770 2447 propensiore
1792 2376 1902 2430 sol-

328 2472 478 2526 liciti.
499 2470 631 2526 Nam
662 2472 786 2525 licet
813 2486 910 2526 nos
936 2470 1216 2541 Apostolus
1244 2484 1353 2525 non
1381 2468 1553 2524 solum
1584 2476 1900 2538 opportune,

327 2581 509 2623 verum
552 2566 711 2622 etiam
756 2565 1054 2634 importune
1102 2562 1438 2634 prasdicando
1487 2560 1652 2616 verbo
1705 2560 1904 2616 instare

326 2657 597 2728 praecipiat
617 2654 691 2726 (ll
730 2654 865 2710 Tim.
895 2672 967 2723 ιν,
993 2656 1070 2726 2);
1098 2671 1201 2709 non
1230 2665 1405 2710 tamen
1433 2653 1487 2708 in
1516 2667 1701 2709 eorum
1727 2652 1902 2707 homi-

328 2764 451 2803 num
479 2763 703 2802 numero
730 2761 827 2802 vos
857 2747 1133 2811 habemus,
1161 2745 1354 2816 quibus
1391 2757 1568 2800 sermo
1605 2744 1690 2798 vel
1716 2744 1903 2813 pagina

327 2850 505 2895 nostra
528 2841 829 2910 importuna
854 2838 1111 2903 videatur,
1142 2836 1355 2908 quando
1379 2836 1432 2890 id
1458 2835 1600 2906 quod
1623 2835 1688 2889 ad
1717 2849 1902 2889 sanam

324 2929 617 2985 doctrinam
644 2946 748 2984 non
776 2930 1023 2999 pertinet,
1047 2943 1143 2983 vos
1180 2938 1241 2982 ut
1275 2926 1556 2997 vigilanter
1595 2925 1804 2981 evitetis
1822 2925 1902 2979 al-

326 3020 609 3091 loquimur.
634 3020 766 3075 Hinc
794 3036 923 3089 ergo
949 3029 1032 3074 est
1050 3018 1191 3089 quod
1218 3016 1633 3072 admonitionem
1665 3022 1902 3070 nostram

328 3119 431 3164 tam
467 3120 617 3181 grato
656 3111 833 3164 animo
871 3108 1198 3178 suscepistis,
1226 3119 1284 3161 ut
1328 3108 1382 3161 in
1427 3106 1647 3176 epistola
1694 3115 1780 3160 tua
1834 3104 1902 3160 ad

324 3216 481 3271 quam
503 3216 642 3255 nunc
660 3201 1022 3268 rescribimus,
1044 3199 1283 3253 diceres:
1316 3197 1454 3252 Sane
1478 3196 1614 3268 quod
1632 3213 1711 3250 me
1729 3197 1903 3249 horta-

325 3302 406 3346 tur
429 3292 722 3347 Reverentia
752 3301 932 3358 vestra,
956 3307 1017 3345 ne
1036 3306 1184 3344 aures
1211 3288 1501 3359 indulgeam
1521 3289 1597 3341 his
1618 3286 1901 3341 hominibus

324 3386 409 3453 qui
434 3386 599 3455 pravis
625 3385 917 3438 tractatibus
956 3382 1291 3438 venerandam
1319 3380 1469 3450 ﬁdem
1505 3396 1638 3451 stupe
1674 3396 1902 3433 corrum-

326 3486 470 3547 punt,
489 3478 676 3548 gratias
695 3476 869 3531 uberes
897 3491 993 3545 ago
1014 3485 1117 3528 tam
1142 3475 1241 3545 ρίω
1263 3473 1614 3527 admonitioni.

395 3571 447 3624 '5.
470 3569 626 3636 Quod
651 3569 832 3639 itaque
855 3568 1096 3639 adjungis
1120 3576 1174 3623 et
1202 3566 1356 3634 dicis,
1389 3566 1495 3621 Sed
1522 3566 1709 3620 noverit
1734 3581 1901 3619 sacer-

325 3660 514 3714 dotium
541 3672 777 3725 vestrum,
806 3661 951 3732 longe
970 3677 1050 3714 me
1075 3676 1134 3712 ac
1159 3658 1513 3712 domunculam
1529 3674 1690 3710 meam
1711 3655 1773 3710 ab
1804 3656 1900 3709 hu-

325 3748 542 3809 iusmodi
576 3750 801 3818 personis
833 3765 937 3802 esse
962 3748 1229 3802 discretam
1249 3764 1268 3803 :
1288 3747 1546 3816 omnisque
1574 3745 1769 3813 familia
1800 3762 1897 3799 no-

322 3847 428 3891 stra
450 3840 575 3892 adeo
603 3840 899 3893 catholicam
923 3840 1142 3909 sequitur
1166 3839 1337 3908 Iidem,
1355 3846 1409 3891 ut
1438 3838 1490 3891 in
1520 3838 1711 3890 nullam
1738 3838 1897 3891 haere—

322 3932 415 3983 sim
452 3932 723 4001 aliquando
768 3931 1054 3996 deviaverit,
1092 3947 1181 3983 nec
1219 3945 1439 3999 unquam
1482 3929 1623 3998 lapsa
1659 3928 1755 3992 sit;
1796 3944 1898 3982 non

323 4023 434 4076 dico
462 4026 513 4077 in
537 4042 619 4077 eas
644 4035 804 4078 sectas
824 4038 934 4091 qua:
954 4024 1040 4076 via:
1064 4023 1348 4091 expiantur,
1378 4021 1465 4074 sed
1490 4038 1577 4073 nec
1596 4022 1647 4074 in
1668 4037 1754 4074 eas
1785 4036 1898 4088 qua

323 4131 503 4182 parvos
529 4117 709 4169 habere
737 4116 965 4167 videntur
990 4130 1212 4177 errores;
1243 4113 1344 4165 hoc
1372 4119 1455 4166 est
1485 4112 1625 4180 quod
1653 4127 1750 4166 nos
1779 4128 1895 4165 ma-

320 4204 399 4272 gis
424 4206 693 4273 magisque
722 4204 990 4272 compellit
1018 4218 1123 4256 non
1152 4211 1326 4256 tacere
1350 4201 1488 4271 apud
1510 4217 1604 4255 vos
1630 4202 1697 4256 de
1722 4202 1787 4256 iis
1806 4202 1896 4271 qui

318 4296 479 4348 etiam
505 4295 590 4347 illa
631 4310 749 4364 qua:
777 4310 903 4349 sana
943 4302 1086 4357 sunt,
1114 4294 1299 4347 vitiare
1347 4302 1625 4347 conantur.
1670 4294 1895 4349 Domum

318 4385 461 4438 enim
490 4393 738 4450 vestram,
763 4400 868 4439 non
899 4400 1112 4454 parvam
1140 4384 1332 4439 Christi
1358 4383 1652 4439 Ecclesiam
1676 4385 1897 4455 deputao

319 4489 457 4529 mus.
486 4474 594 4529 Nec
621 4490 748 4529 sane
774 4490 970 4545 parvus
997 4483 1080 4531 est
1103 4490 1253 4529 error
1273 4475 1479 4528 illorum
1504 4476 1590 4544 qui
1618 4484 1803 4546 putant
1827 4492 1895 4533 ex

324 4565 475 4619 nobis
500 4566 632 4636 ipsis
659 4582 756 4623 nos
799 4567 994 4622 habere
1033 4567 1079 4623 si
1114 4567 1238 4637 quid
1263 4568 1500 4637 justitiae,
1529 4571 1889 4638 continentia},

324 4657 553 4724 pietatis,
582 4658 837 4712 castitatis
868 4659 919 4712 in
951 4659 1103 4712 nobis
1127 4665 1228 4723 est,
1257 4674 1322 4713 eo
1348 4658 1489 4728 quod
1523 4660 1594 4715 ita
1638 4677 1735 4717 nos
1764 4677 1893 4717 con-

322 4747 517 4801 diderit
563 4748 722 4815 Deus,
762 4756 819 4802 ut
848 4749 1019 4815 ultra,
1066 4761 1259 4818 praeter
1304 4750 1445 4820 quod
1496 4752 1649 4807 nobis
1691 4754 1893 4809 revelat

319 4840 612 4905 scientiam,
644 4839 775 4893 nihil
806 4856 902 4894 nos
940 4840 1151 4908 adjuvet
1188 4849 1247 4894 ut
1288 4856 1346 4895 ea
1392 4857 1509 4911 qum
1547 4842 1784 4899 facienda
1810 4846 1893 4900 di-

318 4931 515 4985 scendo
544 4932 805 4995 novimus,
834 4932 992 4986 etiam
1033 4931 1297 4999 diligendo
1329 4932 1615 4998 faciamus;
1648 4943 1889 4991 naturam

317 5022 521 5076 scilicet
542 5029 700 5091 atque
723 5022 1013 5078 doctrinam
1044 5022 1355 5077 deﬁnientes
1385 5026 1748 5081 tantummodo
1769 5042 1892 5085 esse

315 5111 535 5180 gratiam
567 5112 661 5167 Dei
687 5121 742 5169 et
767 5113 1084 5183 adjutorium
1114 5121 1173 5168 ut
1201 5125 1344 5169 recte
1364 5114 1610 5186 justeque
1628 5118 1886 5175 vivamus.

316 5201 397 5255 Ad
438 5201 735 5258 habendam
780 5220 909 5259 vero
951 5207 1143 5259 bonam
1173 5206 1517 5275 voluntatem,
1550 5208 1639 5263 ubi
1669 5218 1750 5263 est
1786 5210 1889 5268 hoc

314 5292 487 5361 ipsum
534 5296 675 5365 quod
714 5296 855 5365 juste
903 5297 1148 5362 vivimus,
1185 5306 1240 5351 et
1285 5298 1398 5367 ipsa
1436 5300 1666 5354 charitas
1689 5316 1807 5370 quae
1834 5304 1887 5357 in

313 5384 559 5439 omnibus
588 5385 679 5439 Dei
701 5385 855 5441 donis
876 5386 946 5441 ita
967 5387 1285 5461 excellit,,ut
1308 5388 1465 5443 etiam
1493 5390 1632 5444 Deus
1658 5390 1797 5445 dicta
1820 5393 1889 5447 sit

312 5471 368 5544 (Ι
395 5472 552 5528 Joan.
573 5490 649 5541 Iv,
680 5475 759 5547 8),
786 5492 888 5546 qua
916 5492 1019 5532 una
1056 5476 1372 5546 adimpletur
1415 5479 1468 5533 in
1509 5480 1662 5534 nobis
1690 5481 1734 5535 si
1759 5482 1887 5552 quid

310 5564 505 5621 divinae
543 5568 673 5639 legis
715 5576 771 5623 et
812 5569 1186 5624 admonitionis
1233 5570 1533 5639 implemus,
1566 5572 1751 5625 nolunt
1787 5572 1887 5629 nos

309 5654 560 5712 divinitus
585 5659 840 5728 adjuvari,
871 5661 966 5715 sed
1009 5677 1104 5716 nos
1141 5662 1285 5730 ipsos
1311 5664 1492 5716 dicunt
1515 5664 1734 5718 arbitrio
1765 5681 1887 5733 pro-

311 5748 431 5817 prio
456 5749 608 5803 nobis
634 5750 700 5804 ad
726 5750 824 5805 ista
855 5751 1119 5806 sufﬁcere.
1150 5751 1263 5805 Non
1290 5752 1441 5807 vobis
1463 5753 1705 5807 videatur
1733 5770 1883 5809 error

310 5837 410 5894 iste
433 5838 738 5911 mediocris,
760 5840 993 5911 proﬁteri
1020 5855 1080 5898 se
1104 5842 1240 5898 velle
1264 5841 1599 5913 christianos,
1622 5859 1721 5900 nec
1743 5844 1878 5901 velle

1498 420 1977 489 EPISTOLARUM
2014 429 2288 489 CLASSIS
2326 430 2412 490 ΙΙΙ.

3490 438 3597 504 850

2022 548 2204 604 audire
2229 548 2524 619 apostolum
2549 546 2770 618 Christi,
2804 551 2894 624 qui
2936 566 3058 609 cum
3094 548 3336 622 dixisset,
3364 557 3599 619 Charitas

2021 640 2118 696 Dei
2146 642 2333 710 di/fusa
2368 653 2439 699 est
2481 646 2533 700 in
2573 645 2805 702 cordibus
2840 649 3055 714 nostris;
3081 666 3149 705 ne
3175 651 3452 721 quisquam
3477 667 3598 707 eam

2020 750 2079 792 se
2104 737 2304 795 habere
2348 741 2561 796 nonnisi
2604 757 2699 812 per
2734 744 3008 814 proprium
3051 753 3259 816 putaret
3297 747 3597 817 arbitrium,

2020 826 2579 901 conlinuo‘subjunxit,
2612 850 2699 903 per
2724 832 2974 905 Spiritum
3000 846 3229 891 sanctum
3251 838 3335 908 qui
3359 838 3507 893 datus
3526 847 3600 894 est

2017 920 2159 975 nobis
2190 921 2361 994 (Rom.
2385 941 2434 990 v,
2468 923 2545 997 5).
2577 925 2723 980 Hanc
2748 942 2869 982 esse
2898 943 3141 998 magnam
3169 929 3390 1000 gratiam
3416 930 3600 986 Salva-
3640 984 3643 986 _

2016 1014 2168 1077 toris,
2192 1015 2279 1084 qui
2309 1017 2602 1072 ascendens
2640 1019 2693 1072 in
2739 1019 2901 1073 altum
2928 1021 3210 1089 captivavit
3236 1022 3597 1091 captivitatem

2014 1113 2072 1159 et
2108 1105 2253 1161 dedit
2292 1106 2430 1162 dona
2478 1108 2782 1165 hominibus
2835 1111 3003 1181 (Psal.
3059 1131 3220 1182 van,
3252 1115 3340 1183 l9,
3370 1125 3417 1169 ct
3452 1116 3595 1186 Eph.

2014 1210 2088 1261 Iv,
2120 1196 2174 1268 7)
2205 1199 2442 1268 quisquis
2486 1201 2718 1256 nondum
2750 1204 3050 1272 conﬁtetur,
3074 1214 3339 1276 quantum
3359 1216 3412 1262 et
3437 1224 3594 1278 quam

2015 1286 2351 1343 exitiabilitcr
2374 1300 2531 1353 erret,
2557 1291 2822 1361 intelligis.

2085 1377 2309 1433 CAPUT
2349 1378 2411 1433 ll.
2438 1382 2580 1435 ——4.
2612 1381 2887 1448 Quomodo
2934 1401 3060 1454 ergo
3097 1401 3127 1440 a
3171 1386 3351 1454 vobis,
3406 1389 3597 1459 quibus

2014 1474 2212 1521 tantam
2240 1469 2573 1526 dilectionem
2600 1472 2876 1539 debemus,
2897 1474 3245 1532 admonendis
3275 1488 3327 1531 ut
3356 1480 3478 1533 talia
3507 1495 3598 1534 ca-
3634 1504 3637 1505 ν

2012 1557 2199 1623 vestis,
2223 1557 2559 1614 dissimulare
2587 1576 2886 1631 possemus,
2909 1578 3029 1618 cum
3048 1565 3356 1633 legissemus
3376 1567 3589 1633 librum,

2011 1661 2167 1716 quem
2218 1649 2290 1712 ad
2329 1659 2565 1706 sanctam
2608 1653 2993 1708 Demetriadem
3036 1656 3280 1725 quisnam
3319 1658 3595 1727 scripserit

2013 1735 2111 1809 (a),
2143 1740 2225 1794 vel
2266 1748 2443 1795 utrum
2484 1741 2550 1797 ad
2594 1758 2687 1797 vos
2725 1746 3043 1813 pervenerit,
3070 1747 3261 1802 vestiis
3299 1749 3475 1816 potius
3500 1765 3592 1803 re-

2010 1830 2222 1899 scriptis
2250 1847 2407 1887 nosse
2434 1833 2714 1889 volumus:
2741 1835 2791 1890 in
2822 1851 2927 1906 quo
2954 1836 3110 1903 libro,
3139 1837 3181 1890 si
3214 1837 3293 1892 fas
3318 1846 3418 1905 est,
3449 1839 3591 1910 legat

2010 1922 2159 1992 virgo
2183 1922 2376 1980 Christi
2419 1927 2559 1982 unde
2589 1928 2770 1983 credat
2795 1928 3107 1999 virginalem
3146 1945 3295 1985 suam
3338 1934 3591 1987 sanctita-

2009 2022 2138 2084 tem,
2170 2031 2460 2088 omnesque
2481 2020 2782 2090 spirituales
2810 2021 3041 2089 divitias,
3076 2023 3285 2077 nonnisi
3318 2039 3384 2079 ex
3414 2025 3591 2095 seipsa

2009 2108 2107 2163 sibi
2134 2124 2284 2176 esse;
2315 2118 2472 2181 atque
2501 2112 2591 2179 ita,
2623 2113 2926 2183 priusquam
2965 2114 3035 2168 sit
3070 2114 3376 2183 plenissime
3410 2116 3587 2185 beata,

1986 2200 2179 2257 ‘discat
2224 2204 2332 2258 Deo
2370 2218 2509 2271 esse,
2537 2205 2678 2274 quod
2718 2204 2877 2271 absit,
2905 2205 3129 2276 ingrata.
3158 2204 3328 2260 Verba
3354 2206 3495 2261 enim
3521 2205 3592 2262 ad

2008 2290 2154 2346 illam
2174 2293 2368 2363 scripta
2404 2294 2455 2347 in
2491 2294 2677 2350 eodem
2704 2294 2840 2350 libro
2867 2305 2991 2349 sunt
3030 2295 3129 2349 ista
3159 2312 3172 2346 :
3210 2293 3378 2349 Habes
3402 2311 3520 2366 ergo
3546 2302 3594 2349 et

2008 2380 2109 2446 hic,
2133 2380 2323 2451 inquit,
2354 2400 2442 2453 per
2474 2398 2587 2451 qua:
2613 2384 2789 2437 merito
2816 2385 3132 2455 praponaris
3168 2384 3319 2447 aliis;
3340 2384 3443 2437 imo
3473 2384 3595 2438 hinc

2007 2472 2203 2542 magis:
2228 2489 2347 2525 nam
2367 2473 2645 2544 corporalis
2666 2474 2899 2528 nobilitas
2918 2484 3066 2540 atque
3091 2473 3369 2545 opulentia,
3388 2483 3591 2529 tuorum

2006 2564 2349 2637 intelliguntur
2369 2582 2475 2621 esse
2493 2583 2592 2621 non
2620 2576 2737 2631 tua;
2754 2565 3046 2637 spirituales
3062 2582 3178 2622 vero
3192 2566 3391 2621 divitias
3416 2566 3590 2621 nullus

2008 2656 2093 2711 tibi
2117 2666 2298 2728 printer
2314 2666 2361 2712 te
2381 2661 2609 2728 conferre
2623 2658 2820 2728 poterit.
2844 2656 2911 2711 In
2935 2658 3013 2713 his
3034 2674 3152 2728 ergo
3164 2658 3286 2729 jure
3301 2656 3584 2722 laudanda,

2005 2748 2058 2803 in
2079 2750 2157 2813 his
2183 2749 2356 2803 merito
2379 2749 2573 2803 caeteris
2596 2748 2910 2819 praeferenda
2931 2765 3002 2815 es,
3030 2763 3145 2818 qua
3185 2749 3286 2802 nisi
3315 2762 3380 2803 ea:
3401 2756 3448 2802 te
3472 2747 3589 2803 etin

2007 2850 2176 2898 teesse
2202 2859 2301 2897 non
2321 2850 2528 2911 possunt
2562 2840 2751 2913 (Epist.
2785 2840 2852 2894 ad
2879 2839 3272 2907 Demetriadem,
3295 2856 3342 2895 c.
3375 2837 3495 2909 ll).

2075 2932 2128 2987 5.
2156 2930 2341 2987 Cernis
2370 2947 2559 3001 nempe
2598 2939 2793 3002 quanta
2830 2930 2883 2985 in
2913 2930 2997 2985 his
3020 2927 3198 2986 verbis
3230 2931 3300 2985 sit
3337 2928 3578 2985 cavenda

2006 3022 2285 3092 pernicies.
2311 3021 2442 3076 Nam
2472 3021 2652 3091 utique
2679 3020 2819 3092 quod
2846 3021 3048 3078 dictum
3076 3029 3179 3088 est,
3213 3019 3334 3075 Non
3366 3028 3580 3091 possunt

2006 3129 2110 3167 esse
2148 3113 2246 3167 ista
2286 3113 2415 3167 bona
2440 3113 2538 3166 nisi
2564 3113 2618 3167 in
2647 3122 2694 3167 te
2716 3155 2731 3179 ,
2759 3114 2959 3183 optime
2987 3122 3042 3169 et
3080 3112 3356 3169 verissime
3379 3112 3581 3167 dictum

2005 3211 2117 3265 est;
2145 3203 2245 3259 iste
2263 3203 2418 3273 plane
2440 3203 2590 3258 cibus
2615 3211 2732 3259 est:
2765 3204 2907 3274 quod
2935 3217 3063 3259 vero
3087 3203 3181 3270 ait,
3206 3202 3404 3257 nonnisi
3430 3218 3493 3257 ea:
3510 3211 3582 3267 te,

2005 3293 2108 3348 hoc
2149 3297 2366 3349 omnino
2393 3294 2539 3349 virus
2577 3302 2678 3350 est.
2712 3294 2863 3349 Absit
2904 3302 2963 3348 ut
2997 3294 3112 3348 haec
3148 3293 3374 3348 libenter
3402 3292 3588 3348 audiat

2007 3385 2159 3454 virgo
2182 3383 2379 3439 Christi
2403 3425 2417 3449 ,
2448 3400 2568 3454 qua:
2596 3384 2680 3454 pie
2708 3384 2953 3455 intelligit
2991 3384 3258 3455 propriam
3301 3390 3587 3454 pauperta-

2006 3483 2114 3530 tem
2140 3476 2319 3531 cordis
2347 3476 2579 3541 humani,
2607 3485 2661 3532 et
2690 3476 2810 3532 ideo
2844 3476 2953 3530 illic
2976 3476 3077 3531 nisi
3101 3475 3282 3546 sponsi
3310 3475 3394 3530 sui
3426 3474 3584 3531 donis

2004 3567 2174 3621 nescit
2188 3566 2385 3620 ornari.
2414 3566 2605 3621 Audiat
2620 3581 2747 3636 ergo
2765 3566 2938 3636 potius
2957 3566 3269 3636 Apostolum
3290 3565 3579 3631 dicentem,

2004 3657 2313 3728 Desponsavi
2343 3674 2427 3719 vos
2453 3660 2543 3712 uni
2572 3659 2697 3720 viro,
2722 3659 2964 3728 virginem
2983 3666 3174 3712 castam
3193 3656 3423 3711 exhibere
3441 3655 3585 3711 Chri-

2003 3759 2100 3804 sto.
2135 3747 2305 3803 Timeo
2325 3759 2493 3803 autem
2516 3765 2577 3802 ne
2600 3749 2725 3802 sicut
2750 3765 2954 3818 serpens
2984 3747 3146 3803 Evam
3168 3748 3367 3803 seduxit
3390 3749 3443 3801 in
3467 3763 3581 3801 ver-

2002 3841 2133 3893 satia
2153 3856 2244 3893 sua
2262 3882 2278 3907 ,
2305 3840 2378 3893 sic
2402 3848 2449 3893 et
2482 3849 2653 3893 vestrae
2676 3849 2864 3894 mentes
2888 3848 3277 3909 corrumpantur
3301 3855 3332 3893 a
3356 3839 3586 3891 castitate

2002 3947 2114 3999 qua:
2143 3940 2213 3985 est
2238 3932 2292 3984 in
2314 3930 2511 3983 Christo
2537 3928 2612 4000 (ll
2638 3928 2754 3984 Cor.
2790 3946 2867 3995 xi,
2899 3929 2956 3996 2,
2985 3928 3052 4000 '5)
3079 3946 3091 3983 :
3120 3938 3175 3983 et
3206 3938 3485 3997 propterea
3511 3927 3580 3981 de

2004 4021 2090 4075 his
2113 4036 2323 4090 quoque
2344 4021 2704 4089 spiritualibus
2727 4020 2949 4085 divitiis,
2980 4034 3085 4074 non
3117 4019 3275 4073 istum
3306 4019 3393 4088 qui
3419 4018 3578 4083 dicit,

2004 4111 2193 4165 Nullus
2214 4113 2299 4165 tibi
2325 4129 2409 4166 eus
2431 4122 2610 4181 praeter
2631 4122 2677 4165 te
2697 4116 2925 4180 conferre
2952 4119 3131 4181 potest,
3161 4119 3234 4176 et,
3257 4110 3355 4163 nisi
3380 4127 3441 4163 ea:
3468 4119 3579 4164 teet

2000 4201 2054 4253 in
2082 4211 2128 4254 te
2147 4218 2250 4255 esse
2274 4220 2375 4255 non
2403 4210 2643 4272 possunt;
2674 4202 2765 4256 sed
2792 4202 2937 4256 illum
2964 4201 3144 4256 audiat
3169 4201 3258 4271 qui
3285 4200 3431 4265 dicit,
3470 4200 3580 4255 Ha-

2001 4292 2168 4346 bemus
2209 4293 2497 4346 thesaurum
2523 4293 2673 4345 istum
2702 4293 2753 4345 in
2778 4294 2908 4346 vasis
2937 4292 3173 4361 fictilibus
3193 4333 3207 4357 ,
3233 4300 3288 4345 ut
3312 4292 3581 4347 eminentia

2000 4381 2193 4435 virtutis
2216 4382 2279 4435 sit
2311 4381 2422 4446 Dei,
2448 4391 2493 4435 et
2519 4399 2621 4435 non
2645 4399 2708 4435 ea;
2733 4382 2873 4435 nobis
2904 4380 3013 4454 (Id.
3042 4397 3113 4449 tv,
3142 4381 3212 4453 7).

2070 4472 2121 4525 6.
2155 4472 2228 4527 De
2250 4473 2361 4542 ipsa
2389 4488 2596 4542 quoque
2622 4488 2769 4527 saera
2796 4474 3119 4528 continentia
3140 4472 3401 4543 virginali,
3432 4473 3578 4543 quod

2000 4578 2103 4618 non
2132 4565 2230 4619 sibi
2260 4565 2328 4618 sit
2359 4580 2423 4619 ex
2452 4565 2661 4634 seipsa,
2698 4564 2791 4620 sed
2832 4565 2901 4621 sit
2945 4566 3037 4620 Dei
3078 4564 3296 4631 donum,
3333 4566 3577 4634 quamvis
3620 4620 3621 4623 η

1998 4654 2231 4711 credenti
2272 4657 2574 4725 volentique
2603 4657 2852 4711 collatum
2876 4696 2892 4723 ,
2925 4657 3173 4712 eumdem
3201 4656 3382 4711 audiat
3419 4672 3578 4711 vera-

1997 4760 2110 4799 eem
2159 4747 2408 4815 piumque
2445 4746 2715 4801 doctorem
2735 4788 2751 4809 ,
2783 4761 2870 4815 (ιω
2906 4761 3024 4800 cum
3055 4745 3177 4799 hinc
3216 4753 3426 4816 ageret,
3454 4744 3528 4799 ait
3558 4761 3573 4799 :

2006 4834 2195 4889 Vellem
2219 4852 2389 4890 omnes
2408 4852 2512 4890 esse
2529 4837 2656 4889 sicut
2684 4837 2961 4906 meipsum;
2985 4836 3075 4890 sed
3094 4838 3431 4906 unusquisque
3456 4851 3577 4906 pro-

1998 4926 2165 4995 prium
2206 4925 2391 4979 donum
2428 4924 2574 4978 habet
2610 4942 2640 4977 a
2680 4924 2788 4978 Deo
2808 4965 2824 4991 ,
2852 4926 2982 4979 alius
3014 4926 3122 5003 sic,
3153 4926 3284 4980 alius
3308 4934 3475 4995 autem
3503 4927 3575 4980 sic

1997 5015 2189 5088 (lCor.
2216 5031 2311 5082 vn,
2334 5016 2410 5085 7).
2431 5015 2622 5071 Audiat
2641 5016 2803 5071 etiam
2826 5017 3018 5085 ipsum,
3042 5032 3147 5072 non
3172 5025 3373 5071 tantum
3394 5032 3573 5084 suum,

1994 5107 2088 5163 sed
2115 5108 2380 5162 universae
2409 5107 2660 5161 Ecclesia:
2689 5107 2900 5161 unicum
2939 5122 3223 5177 sponsum,
3253 5107 3321 5163 de
3349 5108 3437 5161 tali
3478 5123 3575 5163 cas

1994 5200 2171 5254 stitate
2192 5207 2347 5268 atque
2371 5199 2669 5268 integritate
2689 5199 2950 5254 dicentem
2972 5241 2986 5263 ,
3016 5197 3138 5253 Non
3173 5215 3342 5254 omnes
3365 5200 3574 5270 capiunt

1993 5289 2192 5343 verbum
2213 5290 2325 5355 hoc,
2353 5290 2442 5344 sed
2464 5290 2645 5360 quibus
2669 5291 2845 5345 datum
2871 5292 2942 5346 est
2967 5290 3176 5363 (Matth.
3213 5307 3327 5359 lux,
3360 5291 3484 5364 ﬂ);
3515 5300 3575 5348 ut

1993 5380 2251 5449 intelligat
2273 5394 2340 5434 ex
2368 5395 2433 5435 eo
2457 5381 2598 5451 quod
2635 5382 2795 5437 habet
2824 5390 2928 5437 tam
2960 5398 3207 5454 magnum
3236 5385 3433 5440 bonum
3481 5393 3566 5440 at-

1991 5483 2095 5538 que
2115 5470 2444 5539 praeclarum,
2475 5486 2534 5527 se
2558 5473 2733 5542 potius
2762 5474 2872 5528 Deo
2908 5481 2964 5529 et
2982 5474 3207 5530 Domino
3234 5484 3418 5530 nostro
3441 5490 3570 5545 gra-

1992 5559 2091 5613 tias
2118 5574 2277 5629 agere
2303 5560 2519 5627 debere,
2544 5579 2702 5633 quam
2716 5564 3022 5635 cujusquam
3049 5566 3231 5633 verba,
3253 5565 3395 5637 quod
3425 5566 3567 5631 velut

2053 5670 2126 5742 (a_)
2145 5670 2388 5743 lie-lagjum
2403 5669 2511 5743 libri
2528 5674 2971 5743 hujusscriptprem
2989 5688 3101 5727 esse
3120 5678 3336 5743 agnoscit
3352 5678 3559 5743 Aegiis“

1989 5745 2081 5802 nus
2098 5734 2143 5802 in
2165 5731 2247 5780 lib.
2263 5731 2329 5783 de
2350 5731 2709 5802 gratiachi'isti,
2730 5731 3088 5802 c.2_2_getseqq.,
3102 5731 3363 5802 eidemque
3380 5731 3573 5791 (festus

2274 5795 2596 5859 Apologetico.
2618 5794 2782 5851 ExStat
2816 5797 2941 5850 liber
2969 5794 3179 5853 iste'ltic
3202 5802 3253 5851 in
3277 5794 3570 5864 Appennine,
