4086 6350
517 420 618 483 851

516 547 585 588 ex
613 531 785 604 seipsa
812 531 866 589 id
894 532 1117 602 habeat,
1136 538 1195 589 ut
1220 545 1328 589 non
1353 531 1594 587 dicamus
1621 526 1943 585 assentantis
1968 526 2103 582 adu-

515 624 725 691 latoria,
751 640 820 682 ne
839 624 910 682 de
936 626 1159 682 occultis
1197 625 1469 681 hominum
1499 634 1701 681 temere
1735 620 1977 694 judicare
2018 622 2101 679 vi-

514 717 759 787 deamur,
780 726 927 776 certe
949 717 1178 775 errantis
1200 717 1486 775 laudatoris
1507 717 1708 773 audire.
1730 716 1891 773 Omne
1907 719 2104 789 quippe

518 812 694 867 datum
718 813 985 884 optimum,
1007 820 1056 867 et
1081 828 1228 868 omne
1253 811 1445 866 donum
1472 813 1748 884 perfectum
1767 852 1782 877 ,
1815 811 1952 865 sicut
1974 810 2104 865 dicit

516 903 677 961 etiam
703 904 977 978 apostolus
1012 903 1272 973 Jacobus,
1305 903 1568 959 desursum
1596 914 1699 970 est,
1739 904 2042 959 descendens
2070 921 2103 958 a

514 990 678 1051 Patre
704 995 953 1050 luminum
989 993 1209 1068 (Jacobi
1244 1011 1284 1062 ι,
1324 993 1414 1066 17)
1447 1012 1461 1047 :
1497 995 1621 1049 hinc
1659 1010 1788 1066 ergo
1829 1004 1883 1050 et
1919 1004 2103 1051 sancta

516 1089 791 1159 virginitas
811 1130 827 1157 ,
849 1105 953 1159 qua
992 1098 1045 1145 te
1078 1086 1184 1143 ﬁlia
1212 1088 1476 1144 volentem
1501 1089 1925 1161 gaudentemque
1951 1089 2099 1158 vicit,

512 1192 641 1236 natu
668 1183 957 1252 posterior,
982 1190 1103 1237 actu
1126 1183 1292 1252 prior,
1318 1198 1516 1253 genere
1542 1198 1604 1240 ex
1637 1193 1689 1238 te
1709 1224 1722 1245 ,
1747 1182 1951 1238 honora
1978 1190 2101 1243 ante

513 1283 791 1343 teLmtate
824 1275 1193 1346 subsequens,
1224 1276 1505 1331 sanctitate
1535 1275 1841 1345 prtecedens
1866 1291 1880 1340 ;
1906 1275 1959 1328 in
1999 1290 2101 1345 qua

514 1367 676 1423 etiam
704 1377 849 1422 tuum
889 1382 1007 1423 esse
1043 1368 1207 1439 coepit
1234 1368 1373 1438 quod
1417 1369 1467 1421 in
1512 1378 1563 1423 te
1600 1383 1720 1424 esse
1758 1383 1862 1422 non
1908 1368 2097 1437 potuit.

512 1459 608 1516 Illa
629 1464 827 1532 quippe
849 1462 1133 1515 earnaliter
1158 1476 1262 1515 non
1293 1460 1489 1528 nupsit,
1522 1470 1579 1515 ut
1610 1477 1714 1515 non
1746 1470 1944 1515 tantum
1976 1462 2097 1529 sibi,

511 1550 608 1606 sed
638 1553 797 1607 etiam
835 1551 929 1607 tibi
969 1553 1104 1607 ultra
1143 1561 1195 1607 te
1235 1552 1581 1619 spiritualiter
1615 1565 1935 1622 augeretur:
1964 1569 2101 1623 quo-

510 1645 655 1699 niam
680 1654 732 1701 et
764 1654 817 1699 tu
848 1660 910 1702 ea
937 1646 1370 1717 compensatione
1397 1648 1572 1700 minor
1593 1647 1609 1678 ²
1640 1646 1725 1701 illa
1753 1662 1834 1712 es,
1863 1646 2000 1716 quod
2028 1646 2102 1702 ita

510 1735 740 1805 nupsisti
765 1745 824 1791 ut
852 1749 1179 1792 nasceretur.
1210 1738 1333 1792 ilzrc
1360 1739 1451 1792 Dci
1483 1738 1620 1793 dona
1662 1747 1814 1803 sunt,
1840 1748 1895 1794 et
1924 1750 2099 1795 Vt'Sll'a

510 1827 727 1898 quidem
748 1837 892 1891 sunt,
916 1827 1007 1884 sed
1040 1845 1143 1883 non
1169 1845 1234 1884 ex
1267 1829 1456 1885 vobis:
1488 1829 1695 1886 habetis
1718 1831 1860 1886 enim
1882 1830 2099 1887 thesau-

510 1932 631 1973 rum
664 1918 823 1974 istum
854 1919 904 1973 in
930 1920 1156 1975 terrenis
1174 1920 1489 1992 corporibus
1506 1964 1525 1986 ,
1547 1930 1603 1977 et
1629 1923 1801 1978 adhuc
1828 1922 2101 1991 iragilibus

511 2017 765 2083 tanquam
794 2011 846 2066 in
876 2012 1019 2068 vasis
1060 2012 1309 2068 ﬁctilibus
1330 2055 1347 2079 ,
1377 2024 1434 2069 ιιι
1460 2016 1745 2070 eminentia
1784 2015 1990 2070 virtutis
2030 2016 2103 2071 sit

510 2104 643 2171 Dei,
669 2112 723 2161 et
748 2120 855 2161 non
876 2121 942 2161 ex
966 2106 1137 2162 vobis.
1166 2106 1277 2163 Nec
1314 2108 1615 2175 miremini,
1648 2110 1767 2179 quia
1795 2109 2021 2164 dicimus
2046 2117 2103 2165 et

509 2206 690 2254 vestra
716 2213 857 2263 esse,
885 2208 940 2255 et
962 2215 1028 2256 ex
1054 2200 1203 2256 vobis
1223 2218 1327 2256 non
1345 2216 1467 2259 esse
1495 2221 1509 2257 :
1532 2218 1655 2256 nam
1678 2212 1735 2259 et
1759 2218 1949 2272 panem
1968 2216 2103 2272 quo—

510 2291 770 2347 tidianum
810 2293 1035 2349 dicimus
1064 2305 1335 2361 nostrum,
1368 2296 1463 2351 sed
1494 2306 1667 2352 tamen
1694 2295 1976 2363 addimus,
2015 2295 2105 2351 Ds

510 2385 656 2440 nobis
685 2384 837 2458 (Luc.
859 2402 936 2453 ιι,
964 2386 1040 2459 5),
1066 2405 1133 2443 ne
1162 2398 1376 2458 putetur
1397 2404 1517 2445 esse
1536 2405 1602 2445 ex
1626 2389 1796 2444 nobis.

577 2476 635 2533 Ἰ.
678 2477 912 2534 Proinde
954 2479 1096 2535 sicut
1128 2480 1384 2549 scriptum
1427 2488 1533 2546 est,
1571 2480 1698 2536 Sine
1734 2481 2105 2537 intentissima

507 2576 670 2636 uate,
698 2568 753 2625 in
795 2571 1028 2627 erunibus
1064 2572 1255 2643 gratias
1288 2573 1422 2644 agite
1459 2573 1476 2642 (
1493 2573 1515 2627 l
1545 2571 1724 2627 Thess.
1752 2589 1806 2637 v,
1836 2575 1923 2636 17,
1961 2574 2051 2643 18)
2081 2592 2107 2629 ετ

506 2664 674 2745 oratis
700 2667 845 2723 enim
862 2677 919 2722 ut
940 2678 1358 2741 perseveranter
1381 2679 1437 2725 et
1462 2670 1798 2740 proﬁcienter
1822 2669 2095 2736 habentis;

505 2758 711 2827 gratias
735 2760 925 2828 agitis,
957 2762 1080 2831 quia
1123 2777 1227 2818 non
1259 2778 1323 2818 ex
1351 2763 1505 2819 vobis
1545 2765 1770 2819 habetis.
1799 2764 1929 2832 Quis
1954 2764 2109 2819 enim-

505 2863 604 2904 vos
623 2850 697 2911 ab
718 2850 804 2905 illa
825 2867 891 2907 ex
922 2851 1092 2907 Adam
1118 2868 1295 2910 massa
1319 2856 1507 2910 mortis
1535 2856 1954 2927 perditionisque
1985 2856 2101 2911 dis-

508 2941 717 2996 cernit?
736 2941 935 2999 Nonne
951 2943 1043 2999 ille
1066 2944 1155 3016 qui
1194 2946 1341 3001 venit
1367 2962 1609 3017 quaerere
1632 2954 1689 3002 et
1710 2948 1920 3001 salvare
1956 2946 2099 3017 quod

504 3034 740 3103 perierat
767 3033 935 3105 (Luc.
963 3051 1090 3105 xix,
1125 3037 1275 3108 10)?
1319 3039 1398 3093 An
1436 3054 1565 3094 vero
1589 3039 1803 3108 quando
1842 3039 2103 3109 Apostolo

504 3123 718 3181 dicente
742 3127 970 3183 audierit
988 3127 1168 3193 homo,
1196 3129 1324 3195 Quis
1346 3131 1479 3184 enim
1504 3140 1553 3185 te
1576 3131 1848 3185 discernit?
1875 3144 2111 3199 ιέξδρθιιαιΔ

504 3230 666 3274 suros
696 3227 828 3285 'est,
870 3220 1015 3276 Bona
1056 3222 1305 3277 voluntas
1336 3238 1451 3278 mea
1474 3263 1491 3289 ,
1534 3217 1667 3277 ﬁdes
1709 3238 1827 3278 mea
1853 3264 1868 3287 ,
1894 3223 2101 3293 justiti:

503 3322 646 3375 mea,
679 3318 734 3366 et
775 3326 881 3365 non
915 3313 1172 3369 continuo
1199 3314 1340 3384 quod
1368 3313 1607 3383 sequitur
1634 3315 1928 3378 auditurus,
1962 3314 2100 3379 Quid

504 3402 641 3456 enim
666 3401 819 3459 habes
841 3406 975 3474 quod
1008 3421 1110 3460 non
1145 3406 1419 3477 accepisti?
1447 3402 1507 3461 Si
1534 3416 1702 3460 autem
1742 3415 1791 3460 et
1829 3407 2095 3477 acrepisti,

508 3492 633 3564 quid
656 3494 893 3564 gloriaris
919 3497 1065 3567 quasi
1085 3513 1185 3551 non
1205 3497 1456 3568 acceperis
1493 3496 1534 3565 (l
1565 3494 1683 3553 Cor.
1711 3512 1781 3561 tv,
1808 3498 1864 3568 7)
1885 3496 1910 3550 ἲ
1934 3496 2099 3551 Nolu-

508 3600 631 3639 mus
651 3601 780 3657 ergo
808 3597 870 3643 ut
893 3588 1043 3659 Vingo
1066 3604 1215 3644 sacra
1236 3588 1402 3654 ,cum
1444 3590 1591 3645 audit
1624 3592 1709 3644 vel
1742 3591 1896 3659 legit,
1928 3588 2100 3660 Spiri-

506 3674 676 3730 tuales
704 3678 905 3732 divitias
936 3681 1110 3733 nullus
1136 3682 1224 3733 tibi
1252 3691 1435 3750 praeter
1463 3692 1513 3735 te
1536 3682 1772 3751 conferre
1796 3683 1975 3751 poterit
2005 3697 2025 3736 :
2042 3682 2097 3736 in

504 3766 570 3821 iis
604 3767 726 3838 jure
752 3768 1041 3835 laudanda,
1071 3770 1125 3825 in
1152 3772 1216 3825 iis
1243 3772 1419 3826 merito
1448 3773 1641 3826 steteris
1679 3771 1995 3844 pra’ferenda
2020 3788 2091 3838 es,

509 3872 626 3928 quis
644 3859 744 3913 nisi
759 3875 824 3914 ea:
837 3868 886 3914 te
900 3870 950 3915 et
969 3861 1027 3915 in
1050 3870 1097 3916 te
1115 3877 1221 3916 esse
1235 3878 1335 3915 non
1363 3872 1567 3933 possunt
1584 3863 1859 3916 :nolumns
1880 3872 2097 3932 prorsus

505 3949 579 4005 ita
608 3951 867 4021 glorietur
900 3953 1051 4023 quasi
1090 3970 1195 4008 non
1232 3955 1515 4023 acceperit.
1563 3954 1712 4009 Dicat
1746 3953 1957 4023 quidem
1979 3994 1996 4018 ,
2026 3952 2095 4009 In

504 4059 587 4097 me
610 4053 745 4110 sunt,
774 4043 935 4111 Deus,
958 4056 1072 4100 vota
1091 4054 1198 4109 tua,
1214 4061 1329 4118 quae
1346 4046 1557 4101 reddam
1585 4046 1752 4100 laudis
1772 4047 1792 4077 '
1813 4046 1901 4099 tibi
1920 4043 2089 4116 (Psal.

505 4148 598 4201 ιν,
629 4136 717 4206 l2)
746 4152 760 4189 :
789 4137 883 4192 sed
908 4139 1031 4208 quia
1058 4138 1109 4193 in
1133 4138 1243 4204 illa,
1272 4154 1376 4193 non
1407 4138 1567 4194 etiam
1599 4154 1662 4194 ex
1690 4139 1797 4203 illa,
1828 4138 2093 4194 memine-

504 4227 575 4282 rit
601 4229 761 4283 etiam
796 4228 977 4286 dicere
999 4271 1015 4297 ,
1054 4229 1298 4294 Domine,
1328 4232 1383 4285 in
1411 4232 1666 4286 voluntate
1694 4241 1781 4286 tua
1816 4231 2094 4302 praestitisti

501 4320 675 4377 decori
698 4338 810 4376 meo
827 4324 1060 4378 virtutem
1082 4324 1251 4397 (Psal.
1280 4341 1433 4391 xxxx,
1457 4325 1514 4394 8)
1540 4344 1553 4379 :
1576 4326 1696 4396 quia
1714 4326 1813 4381 etsi
1840 4327 1998 4381 etiam
2025 4341 2091 4382 ex

504 4414 594 4468 illa
625 4424 842 4484 propter
866 4416 1140 4469 arbitrium
1177 4417 1449 4486 proprium
1477 4416 1592 4471 sine
1630 4432 1737 4486 quo
1767 4432 1871 4471 non
1900 4433 2090 4486 opera-

491 4517 630 4557 mur
662 4504 858 4558 bonum
882 4545 899 4569 ,
940 4520 1046 4558 non
1085 4512 1262 4560 tamen
1304 4507 1440 4559 sicut
1467 4506 1567 4560 iste
1605 4506 1759 4572 dixit,
1802 4508 2003 4560 nonnisi
2030 4524 2093 4562 ea:

501 4594 618 4648 illa.
644 4594 927 4664 Proprium
951 4595 1146 4666 quippe
1173 4595 1453 4651 arbitrium
1480 4597 1583 4651 nisi
1616 4599 1709 4652 Dei
1736 4600 1907 4668 gratia
1934 4598 2089 4666 juve-

503 4693 613 4752 tur,
641 4701 742 4741 nec
769 4687 883 4758 ipsa
920 4689 1058 4742 bona
1101 4690 1344 4744 voluntas
1377 4703 1497 4744 esse
1537 4689 1592 4742 in
1635 4690 1850 4743 nomine
1892 4698 2086 4760 potest.

504 4778 645 4835 Deus
670 4791 745 4835 est
767 4782 899 4836 enim
921 4823 936 4849 ,
966 4781 1134 4853 inquit
1153 4784 1459 4855 Apostolus,
1486 4784 1575 4854 qui
1597 4791 1835 4853 operatur
1860 4783 1911 4836 in
1955 4782 2090 4837 vobis

505 4880 555 4924 et
579 4871 722 4935 velle,
746 4880 794 4926 et
814 4874 1035 4945 Operati,
1063 4890 1155 4944 pro
1171 4873 1300 4927 bona
1317 4876 1567 4928 voluntate
1588 4874 1845 4946 (Philipp.
1874 4890 1932 4941 ιι,
1956 4873 2046 4949 l5)
2070 4890 2086 4931 :

504 4978 636 5030 non,
667 4964 805 5020 sicut
826 4965 911 5021 isti
940 4966 1195 5033 sentiunt,
1222 4968 1588 5023 tantummodo
1615 4968 1891 5023 scientiam
1931 4984 2087 5024 reve-

503 5055 683 5121 lando,
708 5066 768 5112 ut
787 5058 1089 5113 noverimus
1114 5059 1238 5129 quid
1262 5058 1436 5115 facere
1463 5059 1783 5125 debeamus;
1811 5060 1904 5114 sed
1928 5061 2087 5115 etiam

503 5149 815 5220 inspirando
838 5150 1148 5207 charitatem
1168 5190 1186 5219 ,
1213 5162 1277 5207 ut
1294 5167 1355 5208 ea
1381 5168 1500 5224 qua:
1527 5153 1781 5209 discendo
1808 5152 2082 5221 novimus,

504 5245 665 5300 etiam
696 5243 962 5315 diligendo
988 5242 1259 5302 faciamus.

574 5332 632 5393 8.
653 5334 784 5393 Nam
809 5337 989 5408 utique
1016 5346 1236 5394 naverat
1277 5338 1369 5394 ille
1407 5353 1565 5408 quam
1602 5352 1851 5408 magnum
1884 5336 2088 5394 bonum

503 5436 648 5485 esset
670 5429 996 5509 continentia
1020 5431 1109 5502 qui
1126 5429 1353 5495 dicebat,
1373 5428 1442 5485 Et
1464 5448 1578 5485 cum
1596 5432 1772 5486 scirent
1799 5432 1917 5503 quia
1942 5448 2087 5486 nemo

506 5530 666 5597 potest
694 5539 802 5579 esse
839 5522 1120 5589 continens,
1162 5523 1265 5579 nisi
1288 5521 1427 5578 Deus
1468 5523 1569 5577 det.
1594 5521 1710 5579 Non
1750 5524 1921 5577 solum
1960 5541 2087 5596 ergo

505 5605 707 5671 sciebat
735 5624 992 5689 quantum
1022 5622 1169 5673 etset
1194 5615 1297 5671 hoc
1316 5614 1534 5679 bonum,
1567 5624 1622 5672 et
1644 5630 1798 5685 quam
1826 5616 2090 5674 desidera-

563 5770 739 5845 ῒὶλὲῐον
761 5768 937 5845 ΜΨ·
1072 5764 1249 5845 βέθὲἓὲιέ
1268 5767 1348 5845 ³Ξί¹
1508 5777 1560 5845 st.
1574 5776 1712 5845 διεδ-,ν
1740 5770 1913 5821 minar-

562 5833 583 5864 ι
605 5827 741 5895 Μὰ,
759 5827 929 5903 laudes
948 5828 1050 5883 tibi.
1070 5838 1126 5883 At
1145 5827 1273 5895 llas,
1298 5829 1458 5886 laudis
1476 5833 1574 5899 tibi,
1589 5827 1729 5898 juxta
1746 5845 1961 5898 graecum
1983 5840 2091 5887 tox-

501 5905 587 5949 utn
608 5905 727 5957 us.
757 5894 975 5948 cum
993 5906 1097 5947 sou.

1713 413 1775 470 8.
1813 404 2184 475 AUGUSTIHI
2220 407 2531 469 ΕΡιεαοΡι

2094 5764 2145 5787 α.

2211 522 2390 581 biliter
2418 534 2561 581 esset
2591 524 3100 598 concupiscendum,
3125 541 3315 586 verum
3336 528 3506 587 etiam
3522 531 3669 604 quod
3693 535 3805 592 nisi

2210 617 2368 673 dante
2408 619 2517 675 Deo
2550 634 2674 675 esse
2701 636 2808 676 non
2836 630 3019 692 posset
3048 639 3061 677 :
3088 621 3345 679 docuerat
3370 624 3512 680 enim
3546 638 3671 682 etim
3710 641 3807 684 sa-

2208 710 2440 780 pientia;
2471 727 2595 767 nam
2629 712 2735 770 hoc
2762 714 2909 780 dicit,
2939 714 3009 769 Et
3045 714 3141 770 hoc
3179 717 3349 787 ipsum
3379 728 3487 773 «at
3512 716 3805 790 sapientia,

2211 806 2341 858 scire
2367 808 2513 877 cujus
2541 818 2667 863 esset
2686 808 2782 863 hoc
2806 810 3015 864 donum.
3041 809 3153 865 Nec
3178 813 3423 867 tamsaeei
3444 813 3664 869 scientia
3690 813 3810 870 suf-

2213 894 2373 962 fecit;
2408 897 2501 953 sed
2527 897 2604 953 ait
2629 916 2642 953 :
2670 898 2791 953 Adii
2818 900 3111 965 Dominum,
3134 911 3183 958 st
3205 902 3501 975 deprecatus
3525 921 3639 960 sum
3654 906 3807 962 illam

2206 988 2367 1063 (δερ.
2395 1007 2511 1059 vut,
2542 992 2655 1063 Si).
2678 992 2795 1048 Non
2820 995 2978 1064 igitur
2999 996 3364 1051 tantummodo
3388 995 3441 1051 in
3458 996 3562 1052 hoc
3582 1014 3681 1053 nos
3704 999 3804 1056 ad—

2203 1080 2351 1152 juvat
2376 1083 2533 1147 Deus,
2552 1093 2611 1139 ut
2631 1084 2859 1140 sciamus
2880 1086 3003 1156 quid
3026 1087 3397 1156 agendum-sit,
3426 1104 3614 1144 verum
3632 1091 3803 1147 etiarn

2206 1183 2267 1229 ut
2293 1174 2522 1229 antattdo
2545 1191 2765 1245 agamus
2790 1177 2932 1248 quod
2957 1177 3223 1233 discendo
3239 1178 3352 1248 jam
3380 1180 3601 1237 scimus.
3626 1180 3801 1239 Nemo

2204 1267 2388 1336 itaque
2434 1256 2607 1337 potsst
2641 1284 2763 1325 esse
2807 1286 2915 1325 non
2955 1271 3355 1337 solumsciens,
3400 1286 3587 1327 verum
3629 1276 3799 1330 etiam

2204 1360 2506 1423 continens,
2545 1362 2651 1417 nisi
2680 1363 2820 1418 Deus
2848 1362 2956 1418 det.
2987 1362 3142 1419 Unde
3164 1379 3289 1420 eum
3311 1363 3424 1435 jam
3460 1366 3550 1420 ille
3575 1365 3802 1425 Italiam

2203 1452 2504 1519 scientiam,
2533 1455 2848 1523 precabatur
2875 1464 2932 1510 ut
2959 1455 3183 1513 haberet
3206 1466 3262 1513 et
3302 1458 3711 1527 continentiam,
3740 1470 3802 1517 ut

2202 1552 2347 1599 esset
2366 1543 2524 1597 etiam
2551 1545 2605 1598 in
2632 1546 2726 1600 illo
2745 1547 2885 1615 quod
2907 1547 3110 1601 sciebat
3128 1548 3247 1615 quia
3276 1563 3382 1603 non
3409 1558 3549 1605 esset
3575 1566 3640 1604 ex
3664 1550 3795 1605 illo:

2203 1643 2297 1688 aut
2324 1634 2369 1690 si
2399 1645 2615 1705 propter
2640 1636 2863 1693 liberum
2900 1638 3176 1693 arbitritun
3197 1680 3212 1702 ,
3244 1642 3513 1709 proprium
3552 1641 3799 1710 aliquam.

2207 1734 2318 1780 tum
2345 1734 2399 1780 et
2422 1741 2487 1781 ex
2518 1727 2628 1791 illo,
2661 1734 2972 1783 nontamen
2995 1729 3097 1784 nisi
3120 1744 3188 1784 ex.
3216 1730 3335 1794 illo;
3363 1733 3485 1799 quia
3514 1747 3675 1787 nemo
3702 1747 3800 1802 po.

2204 1824 2305 1871 test
2334 1831 2453 1872 essc
2480 1820 2759 1874 continens
2777 1860 2795 1886 ,
2828 1820 2929 1874 nisi
2955 1820 3095 1875 Deus
3119 1820 3227 1875 det.
3257 1819 3361 1875 Iste
3387 1831 3565 1878 autem
3592 1822 3661 1880 do
3686 1825 3799 1894 sui.

2202 1907 2482 1963 ritualibus
2523 1910 2762 1978 divitiis,
2804 1913 2858 1967 in
2900 1912 3094 1983 quibus
3138 1922 3226 1969 est
3263 1914 3443 1984 utique
3489 1916 3650 1972 etiam
3680 1915 3796 1985 ipsa

2203 2007 2464 2063 luminosa
2496 2017 2553 2062 et
2575 2009 2815 2077 speciosa
2846 2009 3199 2077 continentia,
3230 2024 3333 2064 non
3359 2010 3453 2074 ait,
3483 2009 3539 2063 In
3566 2020 3618 2064 te
3640 2020 3697 2064 et
3720 2026 3794 2066 ex

2204 2107 2255 2154 te
2278 2115 2397 2155 esse
2426 2108 2647 2169 possunt
2672 2119 2683 2153 :
2712 2102 2805 2156 sed
2828 2102 2917 2166 ait,
2941 2102 3041 2157 nisi
3057 2118 3119 2157 ex
3138 2112 3186 2157 te
3204 2112 3249 2156 et
3277 2103 3329 2156 in
3355 2112 3402 2155 te
3421 2118 3528 2157 esse
3552 2119 3655 2157 non
3676 2119 3797 2172 pos-

2200 2204 2353 2259 sunt;
2384 2205 2437 2247 ut
2464 2195 2910 2264 quemadmodum
2937 2212 3042 2250 non
3072 2197 3125 2252 ei
3151 2205 3281 2251 sunt
3300 2196 3425 2251 alibi
3454 2197 3556 2251 nisi
3583 2198 3637 2250 in
3665 2197 3753 2251 illa
3771 2238 3790 2265 ,

2202 2285 2285 2340 sic
2324 2286 2372 2340 ei
2412 2298 2517 2341 non
2546 2286 2760 2342 aliunde
2788 2286 2887 2340 nisi
2912 2277 2975 2342 et
3005 2287 3103 2341 ilia
3134 2302 3256 2342 esse
3286 2302 3443 2356 posse
3477 2286 3789 2355 credantur,

2205 2385 2261 2432 et
2298 2376 2369 2432 ob
2408 2376 2511 2433 hoc
2552 2377 2737 2449 (quod
2776 2378 3063 2433 miserator
3105 2378 3362 2432 Dominus
3399 2392 3431 2431 a
3472 2378 3638 2433 corde
3675 2378 3796 2449 ejus

2202 2471 2438 2527 avertat!
2463 2470 2484 2542 )
2513 2470 2593 2526 sic
2614 2470 2885 2541 glorietur,
2915 2470 3073 2540 quasi
3090 2482 3194 2525 non
3219 2472 3505 2539 acceperit.

2273 2561 2500 2618 CAPUT
2538 2562 2629 2617 lll.
2659 2587 2732 2603 --
2758 2562 2813 2617 9.
2844 2562 2913 2616 Et
2936 2577 3035 2616 nos
3062 2560 3274 2630 quidem
3302 2563 3371 2617 de
3399 2569 3600 2615 sanetae
3627 2559 3795 2630 virgi-

2202 2656 2295 2711 nis
2313 2654 2597 2724 disciplina
2620 2664 2679 2710 et
2703 2654 3002 2711 hutnilitato
3030 2654 3316 2709 christiana
3336 2696 3353 2721 ,
3386 2655 3441 2709 in
3465 2668 3568 2723 qua
3593 2653 3796 2709 nutrita

2203 2759 2259 2805 et
2284 2749 2507 2804 educata
2530 2756 2634 2815 est,
2660 2747 2765 2805 hoc
2789 2748 3174 2813 existimamus,
3201 2746 3349 2817 quod
3370 2746 3461 2801 illa
3486 2746 3643 2801 verba
3662 2758 3797 2800 cum

2201 2842 2423 2911 legeret,
2455 2841 2499 2894 si
2528 2847 2703 2896 tamen
2730 2840 2877 2910 legit,
2911 2838 3202 2910 ingemuit,
3224 2850 3278 2893 et
3307 2848 3497 2907 pectus
3521 2836 3798 2891 humiliter

2207 2931 2423 2997 tutudit,
2445 2947 2508 2986 ac
2539 2931 2784 2988 fortassis
2807 2944 2859 2987 et
2885 2931 3048 2997 ﬂevit,
3078 2931 3473 3000 Dominamque
3493 2929 3585 2984 cui
3620 2928 3797 2983 diu“

2205 3034 2267 3079 et
2285 3038 2313 3076 a
2342 3038 2451 3092 quo
2474 3024 2799 3077 sanctiﬁcata
2822 3032 2907 3077 est
2936 3021 3168 3077 ﬁdenter
3193 3022 3415 3089 oravit,
3438 3029 3495 3075 ut
3520 3018 3796 3091 quomodo

2203 3114 2291 3170 illa
2318 3128 2428 3169 non
2449 3124 2573 3169 sunt
2596 3116 2756 3169 verba
2781 3114 2969 3183 ipsius,
2993 3114 3088 3169 sed
3116 3112 3358 3179 alterius,
3389 3112 3463 3166 ita
3483 3127 3593 3166 non
3618 3112 3689 3164 sit
3713 3118 3797 3165 ta-

2204 3205 2270 3261 lis
2290 3218 2347 3260 et
2366 3206 2501 3261 ﬁdes
2519 3206 2655 3275 ejus,
2687 3220 2789 3275 qua
2810 3220 2870 3259 se
2893 3204 3092 3275 aliquid
3123 3204 3323 3258 habere
3345 3203 3530 3257 credat
3547 3243 3565 3267 ,
3591 3201 3661 3255 de
3686 3213 3797 3273 quo

2201 3302 2254 3357 in
2285 3316 2345 3357 se
2373 3317 2483 3356 non
2517 3302 2568 3355 in
2610 3301 2840 3354 Domino
2878 3300 3152 3369 glorietur.
3191 3298 3322 3353 Nam
3362 3296 3531 3366 gloria
3574 3294 3795 3364 quidem

2202 3394 2329 3464 ejus
2347 3395 2399 3447 in
2422 3394 2533 3461 ipsa
2554 3400 2657 3458 est,
2689 3406 2795 3447 non
2826 3392 2882 3445 in
2897 3389 3076 3445 verbis
3095 3388 3305 3452 alienis,
3338 3388 3476 3441 sicut
3502 3384 3799 3455 Apo~toius

2202 3485 2331 3539 dicit
2356 3502 2372 3539 :
2403 3484 2545 3554 Opus
2570 3493 2909 3536 automatum:
2927 3481 3107 3551 probat
3130 3480 3492 3549 unusquistpts,
3523 3488 3570 3530 st
3596 3486 3714 3529 tunc
3738 3476 3796 3529 its

2200 3578 2466 3645 semetipso
2485 3576 2698 3647 gloriam
2724 3574 2942 3640 habebit,
2965 3583 3010 3627 et
3032 3589 3131 3626 non
3151 3573 3205 3626 in
3223 3572 3381 3625 altam
3399 3568 3592 3638 (ﬂutat.
3614 3582 3687 3630 γι,
3706 3567 3790 3637 4).

2201 3668 2307 3724 Sed
2334 3668 2475 3722 absit
2510 3678 2561 3722 ut
2601 3667 2768 3739 gloria
2802 3682 2896 3721 sua
2927 3666 3036 3735 ipsa
3063 3664 3165 3730 sit,
3208 3673 3263 3718 et
3291 3677 3396 3717 non
3426 3661 3517 3715 ille
3545 3662 3629 3714 cui
3654 3659 3797 3713 dici-

2202 3769 2315 3813 tur:
2340 3758 2515 3813 Gloria
2536 3776 2666 3824 tnea,
2698 3768 2745 3812 et
2770 3756 2999 3812 mltum
3018 3766 3168 3825 caput
3208 3769 3377 3808 meum
3397 3752 3566 3823 (Psal.
3595 3766 3675 3815 ιιι,
3695 3750 3791 3819 4)ῐ

2198 3850 2273 3905 ita
2303 3852 2497 3920 quippe
2524 3859 2606 3905 est
2634 3850 2687 3903 in
2714 3863 2775 3904 ea
2803 3848 3089 3903 salubriter
3129 3846 3294 3916 gloria
3322 3843 3467 3914 ejus,
3496 3858 3615 3897 cum
3648 3842 3795 3896 Dens

2198 3943 2290 4015 qui
2313 3944 2365 3997 in
2398 3944 2486 3998 illa
2512 3950 2615 4010 est,
2639 3947 2753 4012 ipse
2777 3948 2860 3997 est
2884 3941 3047 4012 gloria
3070 3940 3204 4009 ejus,
3229 3954 3257 3991 a
3285 3952 3392 4008 quo
3423 3937 3584 3991 habet
3608 3935 3788 3990 omnia

2200 4035 2340 4089 bona
2382 4036 2575 4106 quibus
2602 4042 2687 4090 est
2710 4035 2884 4098 bona;
2913 4040 2967 4087 et
2994 4030 3211 4085 habebit
3238 4030 3416 4084 omnia
3444 4028 3638 4099 quibus
3670 4041 3789 4081 tne-

2196 4126 2301 4181 lior
2322 4128 2443 4194 erit,
2460 4128 2512 4181 in
2530 4133 2783 4197 quantum
2806 4126 2863 4179 in
2887 4124 2985 4178 hac
3015 4125 3118 4177 vita
3142 4121 3332 4177 melior
3349 4135 3471 4175 esse
3492 4120 3711 4189 poterit;
3733 4124 3793 4174 et

2202 4221 2395 4291 quibus
2422 4218 2650 4290 perfecta
2679 4219 2801 4283 erit,
2829 4216 3042 4287 quando
3071 4214 3229 4269 interit
3250 4212 3429 4267 divina
3456 4212 3650 4281 gratia,
3679 4223 3789 4265 non

2200 4316 2434 4367 humana
2477 4310 2632 4365 laude
2670 4308 2924 4380 perfecta.
2962 4308 3018 4362 in
3053 4306 3277 4360 Domino
3302 4304 3444 4358 enim
3485 4301 3789 4356 laudabitur

2202 4406 2379 4459 anima
2404 4404 2520 4474 ejus
2546 4400 2719 4472 (Psal.
2745 4412 2935 4467 xxmt,
2955 4396 3036 4469 2),
3063 4397 3152 4467 qui
3177 4394 3388 4449 satiavit
3412 4394 3465 4448 in
3506 4392 3662 4447 bonis
3685 4391 3787 4445 de-

2202 4498 2454 4553 sideritnn
2497 4495 2613 4565 ejus
2642 4494 2814 4567 (Psal.
2839 4506 2929 4555 cu,
2955 4493 3045 4561 5);
3073 4490 3196 4560 quia
3221 4498 3275 4543 et
3317 4486 3427 4543 hoc
3458 4486 3786 4541 desiderium

2205 4590 2320 4658 ipse
2346 4585 2652 4657 inspiravit,
2685 4600 2754 4641 ne
2778 4585 2927 4654 virgo
2949 4582 3068 4653 ejus
3101 4581 3184 4636 sic
3209 4580 3262 4635 in
3286 4577 3471 4649 aliquo
3492 4578 3636 4633 bono
3664 4574 3787 4647 glo-

2193 4680 2366 4735 rietur
2387 4680 2536 4750 quasi
2564 4692 2673 4733 non
2698 4675 2978 4746 acceperit.

2269 4772 2360 4827 to.
2392 4772 2467 4826 De
2500 4774 2602 4825 hoc
2628 4784 2767 4841 ergo
2793 4770 2909 4837 ejus
2934 4764 3127 4821 aﬂ’eetu
3154 4770 3335 4818 utrum
3369 4773 3479 4817 non
3512 4757 3779 4824 lbllamur,

2194 4863 2320 4920 inde
2349 4876 2448 4917 nos
2485 4861 2569 4915 lite
2593 4862 2769 4932 potius
2813 4856 3159 4914 rescribendo
3182 4856 3459 4911 certiores.
3488 4851 3620 4907 Nam
3652 4848 3785 4905 illud

2196 4954 2398 5025 optime
2437 4951 2719 5015 novimus,
2747 4963 2869 5005 cum
2903 4947 3152 5003 omnibus
3193 4944 3388 5001 vestris
3420 4943 3654 4998 cultores
3686 4953 3787 4996 von

2193 5060 2315 5102 esse
2332 5054 2388 5101 et
2412 5044 2577 5099 fuisse
2598 5043 2881 5098 indiVide
2901 5040 3193 5095 Trinitatis.
3210 5036 3315 5095 Sed
3335 5052 3441 5092 non
3460 5035 3586 5090 hinc
3606 5033 3784 5089 solum

2192 5154 2348 5197 error
2371 5139 2634 5197 humanus
2657 5136 2865 5208 obrepit
2884 5176 2898 5198 ,
2928 5142 2987 5190 ut
3011 5132 3211 5204 aliquid
3236 5144 3395 5187 secus
3428 5128 3688 5184 sentiatur
3713 5125 3786 5182 de

2196 5232 2471 5289 individua
2501 5229 2779 5286 Trinitate.
2801 5228 2938 5283 Sunt
2970 5227 3112 5283 enim
3143 5235 3195 5280 et
3219 5224 3321 5280 alia
3351 5223 3403 5278 in
3426 5221 3618 5292 quibus
3656 5233 3785 5289 per-

2196 5323 2554 5381 niciosissime
2578 5329 2821 5387 emtor,
2846 5320 2983 5375 sicut
3010 5319 3111 5373 hoc
3134 5324 3217 5372 est
3233 5358 3248 5384 ,
3274 5314 3416 5371 unde
3437 5312 3634 5369 diutius
3674 5311 3787 5366 fore

2195 5427 2523 5488 tassequam
2545 5414 2676 5471 satis
2702 5421 2847 5469 esset
2869 5420 3067 5467 vestra
3092 5408 3233 5465 lldeii
3254 5416 3518 5477 castraque
3546 5403 3789 5481 pruden-

2199 5513 2287 5567 tiae
2337 5512 2390 5566 in
2441 5510 2541 5565 hac
2590 5507 2814 5578 epistola
2872 5504 3035 5561 locuti
3082 5517 3285 5558 sumus.
3329 5501 3642 5571 Quanquam
3690 5496 3787 5568 qui

2198 5602 2394 5658 bonum
2424 5600 2564 5673 quod
2584 5614 2653 5654 ex
2687 5598 2796 5652 Deo
2820 5603 2924 5665 est,
2950 5603 3106 5667 negat
3124 5608 3242 5650 esse
3267 5609 3337 5663 ex,
3356 5593 3483 5658 Deo,
3513 5589 3790 5645 nescimus

2196 5697 2280 5752 cui
2312 5697 2470 5751 faciat
2492 5693 2735 5763 iniuriam
2756 5691 2854 5747 nisi
2882 5691 3012 5758 Deo,
3034 5703 3097 5743 ac
3118 5703 3214 5759 per
3232 5688 3331 5742 hoc
3357 5684 3430 5740 illi
3458 5685 3640 5754 utique
3663 5680 3787 5736 Tri-

2203 5789 2353 5845 nitati
2384 5805 2398 5842 :
2426 5786 2564 5857 quod
2592 5785 2789 5839 malum
2816 5784 2955 5839 absit
2982 5799 3012 5837 a
3040 5780 3212 5849 vobis,
3236 5781 3367 5835 sicut
3396 5780 3585 5835 abesse
3608 5773 3789 5831 credi¢

2203 5883 2351 5953 mus!
2381 5880 2533 5940 Absit
2556 5880 2773 5937 omnino
2799 5888 2855 5937 ut
2882 5880 2991 5937 tale
3013 5873 3215 5951 aliquid
3240 5874 3294 5935 in
3325 5874 3539 5942 animo.
3559 5882 3673 5931 non
3698 5867 3789 5929 di-
