4120 6358
355 470 528 526 cimus
553 472 668 533 tuo,
699 465 786 522 vel
810 478 976 521 sacrae
993 463 1213 536 virginis
1237 463 1358 518 ﬁliae
1384 470 1518 530 tum,
1548 464 1640 518 sed
1667 463 1720 517 in
1749 462 1930 534 cujus-

351 576 513 634 quam
548 557 773 615 extremi
799 557 980 614 meriti
1002 553 1182 611 famuli
1217 554 1298 612 vel
1321 543 1539 634 inmitia:
1568 563 1755 607 vestrae
1798 551 1931 608 liber

354 654 456 709 iste
481 649 690 718 fecerit,
710 665 777 705 ex
805 663 912 720 quo
937 647 1189 703 nonnulla
1222 641 1379 702 verba
1404 659 1521 717 qua“:
1544 639 1748 699 facilius
1773 642 1930 700 intel-

351 745 443 816 ligi
468 751 684 814 possent
708 740 950 814 ponenda
976 738 1316 795 credidimus.

424 837 512 891 ti.
553 835 606 890 Si
635 843 810 888 autem
832 832 1136 902 diligentius
1172 827 1455 884 intendatis
1477 827 1636 882 etiam
1667 823 1753 880 illa
1773 866 1788 890 ,
1811 839 1930 895 qua:

352 929 422 984 ibi
452 927 663 982 videtur
687 926 828 979 velut
851 939 946 994 pro
968 923 1134 994 gratia
1163 922 1274 976 sive
1296 918 1564 990 adjutorio
1595 918 1684 973 Dei
1714 917 1928 985 dicere,

349 1024 426 1078 sic
453 1020 732 1076 invenietis
755 1018 1032 1089 ambigua,
1062 1025 1116 1070 ut
1137 1016 1340 1085 possint
1363 1012 1551 1069 referri
1570 1007 1659 1068 vel
1682 1010 1748 1066 ad
1779 1015 1932 1066 natu-

351 1131 485 1174 ram.
519 1114 601 1168 vel
631 1111 697 1166 ad
727 1111 1044 1177 doctrinam,
1065 1109 1150 1164 vel
1175 1109 1240 1162 ad
1281 1106 1648 1162 remissionem
1687 1111 1930 1174 peccato-

348 1222 485 1261 rum.
502 1205 630 1258 Nam
654 1212 706 1258 et
731 1202 880 1274 quod.
896 1210 1155 1271 coguntur
1169 1198 1430 1264 confiteri,
1449 1213 1600 1253 orare
1618 1212 1715 1250 nos
1733 1193 1930 1252 debere

351 1313 419 1352 ne
446 1297 704 1351 intremus
734 1295 787 1349 in
818 1293 1181 1356 tentationem,
1211 1299 1433 1360 possunt
1473 1287 1540 1342 ad
1576 1288 1675 1342 hoc
1707 1286 1924 1354 referre,

349 1398 408 1445 ut
438 1388 690 1443 hactenus
719 1401 816 1442 nos
841 1386 905 1440 ad
928 1385 977 1439 id
1005 1384 1358 1455 respondeant
1381 1379 1640 1451 adjuvari,
1666 1389 1926 1450 quatenus

349 1482 622 1538 orantibus
659 1489 817 1550 atque
862 1478 1190 1550 pulsantibus
1233 1473 1386 1531 nobis
1430 1473 1700 1544 aperiatur
1736 1470 1928 1526 intelli-

348 1575 524 1644 gentia
561 1572 820 1638 veritatis,
852 1571 940 1624 ubi
964 1571 1229 1624 discamus
1253 1567 1376 1638 quid
1400 1565 1576 1621 facere
1603 1565 1887 1618 debeamus
1906 1605 1922 1630 ,

349 1680 454 1720 non
478 1672 536 1718 ut
560 1664 699 1718 vires
738 1663 961 1732 accipiat
988 1662 1233 1716 voluntas
1258 1670 1460 1724 nostra,
1489 1656 1679 1728 quibus
1709 1654 1760 1709 id
1784 1653 1926 1732 quod

347 1756 604 1811 discimus
643 1755 916 1809 faciamus.
944 1753 1014 1807 Et
1037 1752 1176 1822 quod
1204 1752 1355 1805 nobis
1383 1750 1436 1804 in
1465 1749 1634 1820 gratia
1659 1747 1745 1802 vel
1771 1745 1924 1814 adju-

348 1850 484 1904 torio
535 1849 628 1902 Dei
673 1848 854 1902 dicunt
898 1847 1176 1901 Dominum
1220 1844 1488 1900 Christum
1533 1843 1670 1896 bene
1712 1840 1925 1894 vivendi

351 1941 676 2011 propositum
704 1941 1004 2009 exemplum
1031 1981 1047 2006 ,
1075 1937 1140 1993 ad
1166 1936 1405 1992 eamdem
1451 1934 1744 1988 doctrinam
1774 1947 1928 1986 revo-

349 2041 469 2087 cant
492 2049 506 2097 ;
535 2033 653 2102 quia
683 2032 884 2086 scilicet
910 2030 960 2084 in
983 2030 1099 2099 ejus
1121 2027 1364 2096 exemplo
1390 2026 1642 2080 discimus
1665 2021 1926 2094 quemad-

349 2122 563 2176 modum
595 2123 769 2175 vivere
794 2120 1120 2175 debeamus:
1158 2134 1262 2172 non
1292 2128 1466 2171 autem
1493 2115 1679 2170 volunt
1718 2112 1784 2167 ad
1824 2112 1926 2167 hoc

352 2230 448 2268 nos
470 2215 663 2283 juvari,
681 2225 737 2266 ut
757 2213 898 2284 quod
921 2212 1172 2268 discendo
1199 2209 1589 2283 cognoscimus,
1617 2206 1778 2264 etiam
1805 2206 1928 2263 dili-

350 2305 521 2376 gendo
539 2304 812 2358 faciamus.
1595 2371 1600 2376 _

421 2397 504 2453 i2.
534 2398 640 2452 Aut
679 2404 824 2452 certe
851 2397 906 2451 in
943 2395 1132 2452 eodem
1177 2394 1310 2450 libro
1350 2392 1582 2448 invenite
1613 2390 1812 2462 aliquid
1834 2431 1850 2455 ,
1877 2391 1927 2448 si

348 2491 569 2561 potestis
587 2531 604 2555 ,
635 2489 722 2544 tibi
752 2497 971 2558 excepta
1012 2498 1200 2543 natura
1220 2527 1234 2550 ,
1267 2495 1489 2554 excepto
1515 2483 1659 2554 quod
1683 2483 1750 2536 ad
1770 2497 1920 2537 eam-

349 2580 468 2636 dem
497 2590 733 2633 naturam
763 2579 990 2648 pertinet
1013 2578 1234 2634 arbitrio
1256 2576 1562 2642 voluntatis,
1593 2581 1812 2643 excepta
1841 2589 1928 2628 re-

348 2671 598 2725 mi~sione
617 2681 950 2742 peccatorum
973 2680 1026 2724 et
1046 2662 1368 2724 revelatione
1393 2667 1666 2732 doctrinae,
1693 2665 1802 2719 tale
1828 2663 1925 2719 Dei

352 2762 666 2831 adjutorium
691 2761 1023 2825 conﬁteatur,
1048 2762 1202 2830 quale
1217 2759 1610 2814 conﬁtetur'ille
1637 2758 1726 2828 qui
1757 2757 1922 2812 dixit:

355 2852 477 2910 Cum
507 2855 683 2909 scirem
712 2855 829 2927 quia
855 2871 1000 2908 neruo
1030 2861 1186 2924 potest
1218 2869 1323 2907 esse
1355 2851 1643 2912 continens,
1667 2850 1764 2902 nisi
1793 2849 1926 2903 Deus

351 2947 468 3011 det,
495 2955 540 3000 et
569 2947 663 3000 hoc
697 2946 859 3016 ipsum
889 2957 994 2998 erat
1025 2943 1320 3016 sapientiae,
1349 2942 1478 2997 scire
1510 2942 1655 3012 cujus
1684 2949 1808 2995 esset
1832 2939 1927 2993 hoc

352 3039 570 3102 dottam;
595 3039 700 3090 adii
728 3036 1002 3091 Dominum
1030 3045 1077 3090 et
1105 3037 1395 3106 deprecatus
1421 3051 1531 3089 sum
1556 3032 1720 3087 illum.
1744 3029 1928 3102 Neque

352 3128 491 3184 enim
524 3130 620 3181 iste
645 3136 734 3181 aut
763 3139 1013 3181 naturam.
1037 3125 1300 3196 precando
1329 3125 1541 3179 volebat
1559 3124 1802 3194 accipere
1823 3163 1837 3186 ,
1872 3122 1926 3177 in

353 3235 452 3289 qua
481 3220 724 3274 conditus
749 3228 893 3282 erat;
917 3227 1008 3272 aut
1033 3219 1100 3273 de
1133 3218 1357 3272 naturali
1388 3215 1678 3271 voluntatis
1705 3214 1927 3268 arbitrio

351 3311 654 3380 satagebat,
685 3324 804 3365 cum
847 3325 952 3380 quo
984 3309 1228 3364 conditus
1255 3317 1403 3374 erat;
1432 3316 1523 3361 aut
1559 3306 1926 3362 remissionem

350 3412 686 3471 peccatorum
713 3400 1080 3467 desiderabat,
1108 3401 1197 3470 qui
1225 3402 1399 3470 potius
1423 3398 1825 3464 continentiam,
1858 3411 1928 3452 ne

351 3501 614 3561 peccaret,
636 3492 892 3561 optabat;
911 3491 993 3545 vel
1020 3490 1144 3560 quid
1178 3489 1474 3546 faciendum
1500 3497 1644 3544 esset
1667 3489 1806 3542 scire
1835 3504 1928 3542 cu-

348 3582 544 3652 piebat,
585 3598 706 3637 cum
732 3583 840 3650 jam
874 3598 932 3636 se
976 3582 1117 3638 scire
1161 3581 1416 3636 fateretur
1454 3580 1609 3649 cujus
1637 3586 1782 3634 ess«.-t
1823 3576 1926 3634 hoc

348 3674 583 3729 donum:
625 3675 716 3730 sed
754 3677 932 3745 utique
973 3683 1144 3728 tantas
1183 3674 1467 3728 voluntatis
1505 3673 1681 3739 vires,
1720 3679 1924 3725 tantum

350 3766 648 3821 dilectionis
688 3767 935 3821 ardorem
964 3765 1175 3820 volebat
1213 3765 1454 3836 accipere
1484 3763 1683 3834 Spiritu
1710 3756 1923 3831 sapien-

347 3857 432 3911 tia:
455 3897 470 3921 ,
503 3859 589 3927 qui
620 3856 880 3912 sufliceret
907 3857 973 3911 ad
1001 3857 1316 3927 implendam
1346 3857 1760 3928 magnitudinem
1789 3871 1922 3910 cou-

348 3948 602 4003 tinentiac.
643 3945 698 4004 Si
730 3965 856 4018 ergo
887 3949 990 4003 tale
1011 3948 1210 4019 aliquid
1231 3949 1335 4003 illic
1356 3950 1591 4004 invenire
1622 3947 1918 4018 potueritis,

347 4039 639 4092 uberrimas
685 4037 880 4108 gratias
923 4052 1176 4107 agemus,
1202 4039 1246 4092 si
1285 4037 1626 4093 rescribendo
1652 4038 1922 4092 insinuare

345 4126 656 4197 dignemini.

418 4221 508 4274 13.
535 4219 673 4273 Satis
699 4217 840 4274 enim
876 4216 979 4272 dici
1005 4231 1109 4270 non
1144 4225 1319 4288 potest
1351 4222 1604 4284 quantum
1644 4215 1921 4285 cupiamus

343 4309 400 4364 in
433 4323 616 4362 eorum
647 4308 918 4362 hominum
950 4307 1181 4375 scriptis,
1221 4305 1308 4375 qui
1336 4311 1552 4374 propter
1577 4306 1922 4361 acrimoniam

341 4407 499 4468 atque
524 4397 820 4452 facundiam
841 4399 1088 4469 leguntur
1112 4413 1140 4449 a
1164 4395 1424 4466 plurimis,
1449 4405 1686 4465 apertam
1713 4397 1924 4453 confes-

346 4491 550 4544 sionem
579 4489 718 4544 illius
745 4491 928 4560 gratiae
954 4487 1196 4559 reperiri,
1220 4503 1376 4558 quam
1406 4487 1746 4544 vehementer
1773 4505 1920 4544 com-

343 4579 562 4634 mendat
586 4580 900 4649 Apostolus,
946 4579 1032 4649 qui
1069 4579 1228 4634 etiam
1257 4579 1420 4648 ipsius
1450 4594 1752 4634 mensuram
1795 4580 1920 4637 ﬁdei

347 4668 496 4741 (sine
524 4685 624 4738 qua
665 4667 990 4740 impossibile
1015 4677 1096 4723 est
1127 4670 1236 4724 Deo
1263 4669 1472 4740 placere
1495 4666 1678 4742 [Helm
1711 4687 1798 4738 ιι,
1827 4670 1912 4744 6],

340 4775 409 4815 ex
437 4777 538 4831 qua
561 4761 734 4830 justus
763 4762 889 4814 vivit
917 4759 1089 4834 [Rom.
1111 4777 1150 4826 ι,
1177 4758 1287 4834 17],
1318 4777 1434 4831 qua:
1461 4777 1556 4832 per
1579 4762 1917 4820 dilectionem

349 4866 589 4924 operatur
618 4855 812 4928 (Halat.
841 4873 892 4921 ν,
922 4854 998 4927 ti],
1030 4867 1151 4910 ante
1175 4871 1331 4926 quam
1358 4865 1412 4911 et
1431 4856 1545 4910 sine
1570 4871 1673 4928 qua
1697 4856 1916 4912 omnino

341 4948 480 5001 nulla
507 4948 814 5018 cujusquam
844 4949 992 5003 bona
1023 4964 1183 5018 opera
1213 4949 1562 5004 existimanda
1596 4959 1751 5016 sunt,
1783 4943 1917 5020 quo-

335 5037 481 5095 niam
511 5054 666 5093 omne
694 5040 833 5110 quod
870 5055 974 5096 non
1000 5049 1079 5094 est
1101 5055 1166 5096 ex
1197 5039 1298 5094 ﬁde
1330 5051 1597 5110 peccatum
1624 5050 1706 5096 est
1736 5040 1911 5114 [Rom.

342 5143 456 5194 11v,
479 5129 795 5202 23]).Deum
830 5130 957 5185 dicit
985 5133 1266 5203 unicuique
1295 5134 1540 5203 partitum
1562 5133 1669 5206 (Id.
1692 5151 1786 5194 xu.
1810 5137 1865 5208 3)
1894 5152 1910 5191 :

342 5235 442 5275 nec
462 5224 578 5276 sola
604 5222 924 5278 revelatione
965 5223 1199 5278 scientia:
1229 5239 1326 5279 nos
1355 5224 1608 5280 divinitus
1636 5227 1910 5298 adjuvari,

340 5321 398 5368 ut
444 5315 526 5383 pie
561 5314 808 5386 justeque
848 5318 1116 5385 vivamus,
1156 5333 1273 5389 quze
1317 5318 1436 5376 sine
1476 5321 1732 5376 cliaritate
1766 5321 1915 5378 inﬂat

339 5405 386 5476 (Ι
411 5404 530 5462 Cor.
563 5422 688 5469 Vtu,
717 5405 812 5480 i);
844 5425 1038 5464 verutu-
1058 5409 1217 5465 etiam
1255 5411 1601 5479 inspiratione
1637 5411 1910 5470 charitatis

335 5494 532 5566 ipsius,
566 5512 688 5569 qua:
726 5499 997 5569 plenitudo
1024 5499 1154 5570 legis
1189 5509 1272 5554 est
1312 5499 1484 5570 (Rom.
1512 5516 1607 5556 xut
1630 5541 1647 5568 ,
1680 5502 1770 5575 10)
1794 5545 1808 5569 ,
1855 5511 1912 5560 et

335 5601 455 5658 qua:
478 5602 573 5643 cor
595 5598 854 5655 nostrum,
873 5600 937 5652 ut
953 5591 1172 5647 scientia
1194 5607 1301 5647 non
1327 5593 1473 5647 inﬂet
1488 5635 1503 5658 ,
1528 5593 1774 5650 aedificat.
1803 5596 1911 5651 Sed

337 5675 512 5733 adhuc
539 5693 800 5750 nusquam
835 5681 940 5741 tale
978 5681 1177 5755 aliquid
1208 5681 1264 5739 in
1296 5697 1482 5740 eorum
1521 5685 1712 5742 litteris
1739 5687 1910 5758 potui-

333 5782 456 5831 inus
477 5769 738 5831 iureiure.

1553 349 2042 410 EPISTOLARUM.
2068 347 2344 407 CLASSIS
2381 348 2468 408 ιιι.

3516 351 3622 412 854

2112 463 2198 517 14.
2231 461 2461 518 Maxime
2480 455 2658 540 autem
2685 459 2788 518 hoc
2807 461 2869 540 in
2899 461 3003 518 isto
3030 462 3167 519 libro
3192 476 3312 521 esse
3337 463 3619 540 vellemus,

2039 569 2106 610 es
2135 571 2242 626 quo
2270 553 2544 625 descripta.
2575 537 2662 612 illa
2701 537 2865 612 verba
2886 552 3160 628 posuimus
3183 598 3200 626 ,
3235 555 3325 612 ubi
3364 537 3619 636 virginem

2037 645 2236 702 Christi
2265 646 2334 701 ita
2361 643 2584 703 laudans
2613 646 2862 719 tanquam
2886 647 3187 720 spiritual'es
3209 641 3420 704 divitias
3441 643 3620 704 'null'us

2035 737 2086 793 ei
2114 746 2306 808 prmter
2333 738 2501 808 ipsam
2544 735 2790 796 conferre
2815 740 3018 812 possit,
3056 733 3112 796 et
3134 749 3382 812 tanquam
3425 737 3526 795 ni'si
3550 739 3617 798 ei

2036 827 2152 898 ipsa
2190 844 2311 885 esse
2339 845 2445 884 non
2475 830 2712 900 possint,
2741 847 2847 887 non
2875 832 2992 888 vult
3014 844 3129 888 eam
3160 831 3212 887 in
3255 823 3478 888 Domino
3503 827 3617 904 'gl‘o-

2035 917 2183 985 riari,
2210 917 2305 974 sed
2329 921 2406 975 sic
2425 920 2640 993 gloriari
2667 923 2813 992 quasi
2836 940 2939 978 non
2961 921 3244 997 acceperit.
3272 921 3330 980 In
3355 933 3466 996 quo‘
3484 917 3620 981 libio

2035 1011 2276 1079 quamvis
2318 1027 2417 1066 nec
2457 1012 2623 1082 ipsius
2654 1029 2752 1068 nec
2795 1013 2898 1069 tuae
2927 1011 3257 1071 Reverentia:
3292 1015 3484 1070 nomen
3521 1031 3608 1070 ex-

2037 1101 2313 1170 presserit,
2347 1112 2522 1157 tamen
2547 1118 2576 1157 a
2601 1113 2770 1160 matre
2796 1105 3014 1176 virginis
3033 1115 3089 1161 ut
3108 1105 3174 1160 ad
3193 1122 3310 1162 eam
3338 1103 3614 1174 scriberet,

2035 1206 2065 1245 a
2097 1209 2154 1247 se
2181 1195 2500 1264 pustulatum
2530 1211 2649 1252 esse
2677 1207 3086 1254 commemorat.
3127 1197 3182 1254 ln
3224 1199 3450 1270 quadam
3488 1197 3617 1254 ve'ro

2035 1285 2257 1355 epistola
2286 1301 2378 1341 sua
2408 1287 2548 1343 idem
2571 1287 2836 1360 Pelagius,
2871 1291 2957 1345 ubi
2985 1299 3040 1346 et
3065 1308 3256 1346 nomen
3282 1307 3438 1346 suum
3463 1287 3617 1364 aper?-

2036 1378 2239 1433 tissime
2266 1379 2448 1450 ponit,
2481 1396 2580 1436 nec
2607 1397 2802 1437 nomen
2841 1397 3009 1437 sacrm
3037 1383 3256 1454 virginis
3284 1389 3458 1452 tacet,
3488 1373 3618 1440 dicit

2034 1467 2100 1524 ad
2128 1487 2246 1525 eam
2266 1487 2323 1526 se
2346 1473 2644 1542 scripsisse,
2667 1482 2720 1528 et
2744 1473 2980 1544 ejusdem
3009 1476 3086 1530 sui
3117 1477 3294 1546 cperis
3314 1473 3620 1532 testimonio

2035 1563 2258 1633 probare
2276 1563 2459 1618 nititur
2485 1580 2542 1619 se
2561 1565 2784 1636 gratiam
2817 1549 2907 1619 Dei
2939 1582 3095 1636 quam
3123 1567 3204 1622 vel
3229 1575 3402 1622 tacere
3427 1565 3508 1623 vel
3525 1582 3618 1622 ne-

2033 1668 2158 1723 gare
2186 1655 2458 1723 asseritur,
2491 1657 2825 1726 apertissime
2854 1657 3114 1712 conﬁteri.
3145 1657 3248 1713 Sed
3285 1667 3462 1712 utrmn
3505 1659 3619 1728 ipsc'

2032 1743 2102 1797 sit
2132 1743 2283 1811 liber,
2321 1745 2372 1798 in
2410 1762 2514 1816 quo
2539 1746 2604 1801 de
2629 1746 2991 1815 Spiritual'ibus
3008 1745 3312 1801 divitiisilla
3339 1747 3495 1802 verba
3523 1757 3619 1818 po-'-

2033 1833 2158 1898 suit,
2182 1835 2261 1888 vel
2281 1846 2454 1889 utrum
2477 1835 2540 1890 ad
2564 1846 2791 1891 vestram
2815 1837 3119 1907 pervenerit
3145 1837 3510 1902 Sanctitatem,
3533 1853 3618 1892 re-

2033 1925 2241 1995 scriptis
2257 1928 2446 1981 vestris
2470 1927 2694 1998 petimus
2717 1943 2812 1981 nos
2833 1928 3120 1996 dignemini
3149 1931 3318 1983 facere
3339 1929 3613 1984 certiores.

2402 2013 2731 2074 EPISTOLA
2771 2015 3082 2074 CLXXXIX
3109 2019 3243 2091 ‘(a).

2030 2106 2297 2181 Bonifacio
2335 2109 2388 2164 in
2430 2111 2610 2164 militia
2653 2113 2859 2166 merenti
2889 2112 3167 2182 prcescrilrit
3193 2113 3307 2167 vita:
3332 2113 3618 2181 rationem;

2104 2201 2368 2257 ostendcns
2410 2203 2566 2258 obiter
2613 2203 2764 2260 licere
2803 2204 3076 2260 christiano
3120 2223 3212 2275 pro
3252 2205 3454 2278 publica
3497 2223 3620 2277 pace

2102 2311 2248 2348 arma
2277 2305 2514 2350 tractare.

2033 2383 2260 2440 Domino
2301 2386 2528 2453 eximio,
2574 2393 2628 2442 et
2664 2387 2856 2442 merito
2886 2387 3078 2459 insigni
3122 2396 3280 2460 atque
3321 2389 3621 2446 honorabili

2105 2475 2212 2530 ﬁlio
2238 2475 2546 2544 BONII'ACIO,
2575 2478 2904 2534 Aucusrmus
2922 2519 2940 2546 ,
2970 2480 3020 2533 in
3048 2479 3275 2535 Domino
3301 2481 3542 2538 salutem.

2095 2565 2158 2620 ’1.
2188 2565 2304 2621 Jam
2348 2571 2725 2638 rescripseram
2773 2567 3030 2625 Charitati
3068 2578 3172 2627 tuae
3191 2613 3206 2638 ,
3233 2571 3327 2628 sed
3355 2588 3475 2628 cum
3502 2571 3621 2644 epi-

2034 2657 2185 2713 stoia:
2225 2657 2516 2729 dirigendae
2545 2663 2756 2715 occasio
2797 2647 3161 2732 quaereretur,
3208 2667 3515 2734 superve-uit
3540 2665 3621 2721 di-

2034 2747 2359 2804 lectissimus
2386 2748 2524 2804 ﬁIius
2545 2767 2695 2807 meus
2717 2750 2962 2819 Faustus,
2995 2768 3220 2824 pergens
3250 2755 3315 2809 ad
3342 2751 3622 2812 Eximieta-

2036 2847 2142 2894 tem
2161 2848 2324 2894 tuam.
2341 2839 2579 2907 Quicum
2599 2843 2740 2912 ipsas
2754 2843 2957 2899 litteras
2975 2846 3224 2915 quasjam
3242 2845 3496 2911 feceram,
3524 2863 3620 2904 ac-

2035 2930 2268 2998 cepisset
2286 2940 2390 2987 tuze
2407 2933 2796 2990 Benevolentize
2818 2934 3179 3005 perferendas,
3210 2938 3472 3009 suggessit
3491 2939 3621 2994 mihi

2036 3023 2261 3078 multum
2285 3033 2336 3080 te
2355 3023 2659 3082 desiderare
2686 3035 2741 3080 ut
2761 3026 2959 3098 aliquid
2978 3028 3070 3082 tibi
3095 3029 3380 3084 scriberem
3401 3030 3542 3100 quod
3569 3039 3623 3086 te

2035 3117 2262 3174 aediﬁcet
2289 3117 2357 3173 ad
2382 3119 2762 3191 sempiternam
2790 3120 3038 3187 salutem,
3070 3122 3222 3192 cujus
3259 3121 3350 3178 tibi
3379 3137 3503 3193 spes
3538 3131 3622 3179 est

2036 3210 2090 3264 in
2121 3209 2346 3266 Domino
2368 3222 2551 3267 nostro
2573 3212 2700 3268 Jesu
2727 3213 2960 3270 Christo.
2996 3215 3064 3270 Et
3090 3216 3330 3286 quamvis
3357 3215 3486 3270 mihi
3525 3231 3620 3272 oc-

2037 3311 2229 3370 cupato
2258 3311 2460 3357 tantum
2492 3305 2682 3358 institit
2708 3314 2763 3360 ut
2791 3306 2964 3362 facere
2994 3323 3098 3361 non
3121 3307 3389 3362 ditl'errem
3409 3349 3426 3374 ,
3452 3325 3622 3380 quan-

2037 3399 2149 3446 tum
2196 3393 2302 3448 scis
2339 3393 2479 3464 quod
2519 3403 2570 3449 te
2596 3394 2875 3451 sinceriter
2908 3397 3108 3466 diligat.
3159 3397 3452 3453 Festinanti
3493 3413 3622 3470 ergo

2035 3489 2096 3536 ut
2137 3498 2471 3539 occurrerem
2496 3525 2512 3551 ,
2558 3487 2720 3540 malui
2761 3486 3071 3543 festinanter
3116 3489 3313 3560 aliquid
3361 3491 3618 3560 scribere,

2035 3589 2192 3645 quam
2237 3576 2538 3648 religiosum
2590 3589 2736 3634 tuum
2781 3579 3106 3636 desiderium
3158 3583 3472 3649 retardare,
3523 3584 3620 3638 do-

2035 3667 2178 3722 mine
2197 3670 2422 3738 eximie,
2449 3679 2503 3725 et
2522 3673 2712 3726 merito
2737 3672 2956 3744 insignis
2983 3683 3143 3744 atque
3165 3675 3494 3730 hOnorabilis
3523 3677 3618 3730 ﬁli.

2105 3759 2161 3813 2.
2194 3757 2344 3827 Quod
2375 3777 2500 3832 ergo
2529 3763 2766 3818 breviter
2807 3779 3021 3834 possum
3048 3765 3256 3832 dicere,
3300 3763 3468 3837 Dilige
3507 3766 3620 3820 Do-

2033 3851 2227 3906 minum
2255 3851 2422 3907 Deum‘
2447 3863 2587 3908 tuum
2615 3856 2668 3910 in
2697 3866 2798 3911 toto
2826 3858 2978 3912 corde
3003 3868 3088 3912 tuo
3108 3899 3123 3926 ,
3168 3868 3214 3913 et
3237 3858 3290 3912 in
3318 3869 3422 3913 tota
3448 3861 3622 3914 anima

2033 3954 2142 4011 tua,
2174 3952 2220 3999 et
2245 3938 2297 3998 iu
2324 3953 2428 3999 tota
2451 3946 2631 4001 virtute
2667 3957 2790 4014 tua;
2817 3957 2872 4003 et
2895 3991 2908 4011 ,
2955 3950 3111 4021 dilige
3149 3951 3436 4020 proximum
3478 3961 3620 4005 tuum

2033 4043 2272 4105 tanquam
2297 4035 2512 4107 teipsum
2539 4052 2557 4090 :
2585 4036 2685 4091 hoc
2705 4047 2786 4093 est
2816 4039 2956 4094 enim
2987 4040 3208 4094 verbum
3237 4040 3375 4109 quod
3404 4041 3618 4097 brevia-

2029 4125 2107 4176 vit
2153 4123 2406 4179 Dominus
2435 4141 2596 4196 super
2636 4136 2828 4182 terram
2850 4169 2865 4194 ,
2905 4129 3087 4184 dicens
3118 4131 3169 4184 in
3198 4115 3516 4202 Evangelia,
3549 4131 3617 4188 In

2031 4212 2112 4266 Itis
2164 4212 2354 4268 duobus
2401 4217 2664 4288 prwceptis
2725 4227 2830 4272 tota
2879 4217 2962 4274 lea:
3018 4220 3198 4290 pendet
3249 4231 3295 4276 et
3342 4220 3618 4295 Propheta:
3691 4269 3715 4288 ,ρ

2033 4299 2244 4375 (Hattli.
2286 4321 2429 4371 χχιι,
2475 4307 2572 4371 57',
2621 4303 2722 4372 59,
2765 4303 2878 4381 40).
2927 4308 2984 4364 In
3023 4309 3123 4365 hac
3161 4327 3288 4383 ergo
3330 4313 3616 4371 dilectione
3695 4324 3709 4362 -'

2027 4394 2263 4464 quotidie
2294 4393 2490 4465 proﬁce
2512 4439 2527 4462 ,
2552 4406 2606 4453 et
2636 4400 2867 4468 orando,
2896 4411 2950 4457 et
2976 4401 3114 4458 bene
3135 4403 3375 4474 agendo,
3413 4416 3472 4460 ut
3495 4406 3614 4477 ipso

2027 4484 2313 4554 adjuvante
2347 4488 2436 4558 qui
2469 4487 2564 4543 tibi
2591 4505 2708 4544 eam
2740 4492 2992 4562 prmcepit
3031 4504 3190 4563 atque
3227 4489 3476 4559 dona's'it.
3508 4512 3612 4552 nu-

2027 4576 2217 4632 triatur
2257 4589 2311 4632 et
2351 4591 2583 4648 crescat,
2631 4581 2802 4640 donec
2832 4583 2948 4641 haec
2994 4595 3044 4642 te
3071 4585 3307 4658 perfecta
3350 4589 3609 4660 perﬁciat.

2026 4667 2143 4738 Ipsa
2172 4678 2254 4724 est
2291 4671 2432 4726 enim
2471 4671 2729 4742 Charitas,
2765 4692 2920 4746 qum,
2961 4676 3102 4733 sicut
3128 4679 3414 4748 Apostolus
3449 4681 3606 4747 dicit,

2025 4759 2213 4826 di/fusa
2240 4768 2310 4815 est
2339 4762 2392 4816 in
2415 4764 2648 4819 cordibus
2671 4767 2856 4819 nostris
2881 4784 2970 4837 per
2998 4762 3254 4838 Spiritum
3277 4781 3503 4824 sanctum
3522 4771 3610 4843 qui

2025 4851 2174 4905 datus
2192 4862 2266 4906 est
2293 4855 2436 4907 nobis
2465 4853 2639 4926 (Rom.
2669 4873 2725 4924 v,
2755 4857 2809 4929 5)
2839 4873 2852 4910 :
2885 4857 2998 4928 ipsa
3039 4868 3121 4915 est
3146 4861 3213 4917 de
3240 4878 3344 4932 qua
3373 4864 3497 4918 item
3528 4864 3609 4920 di-

2023 4943 2116 5009 cit,
2147 4939 2422 5000 Plenitudo
2443 4945 2567 5017 legis
2594 4948 2812 5004 charitas
2837 4947 2945 5020 (Id.
2968 4967 3082 5018 xut,
3112 4952 3199 5025 10)
3227 4970 3240 5006 :
3273 4954 3386 5022 ipsa
3412 4966 3493 5009 est
3512 4971 3606 5025 per

2023 5049 2180 5105 quam
2199 5035 2329 5090 ﬁdes
2347 5049 2626 5107 operatur;
2647 5040 2787 5097 unde
2811 5040 3001 5096 iterum
3024 5035 3172 5112 dicit,
3206 5039 3384 5114 Neque
3399 5047 3584 5100 circum

2023 5127 2147 5181 cisio
2172 5127 2444 5198 quidquam
2469 5127 2628 5199 valet,
2658 5149 2816 5204 neque
2841 5134 3175 5206 praputium;
3199 5135 3290 5191 sed
3322 5137 3450 5208 ﬁdes
3490 5155 3606 5212 qua

2021 5235 2112 5290 per
2135 5218 2449 5274 dilectionem
2469 5232 2706 5294 operatur
2728 5221 2922 5298 (Galat.
2948 5241 3011 5294 v,
3043 5225 3122 5300 6).

2090 5309 2146 5366 5.
2178 5311 2236 5366 In
2265 5310 2365 5367 hac
2393 5328 2519 5384 ergo
2557 5329 2746 5370 omnes
2772 5318 2943 5372 sancti
2987 5327 3163 5390 patres
3204 5321 3373 5378 nostri
3405 5319 3462 5378 et
3497 5323 3602 5378 Pa-

2019 5400 2265 5459 triarchaa
2291 5413 2346 5460 et
2373 5403 2652 5476 Propheta:
2687 5415 2742 5462 et
2768 5409 3008 5479 Apostoli
3038 5411 3354 5482 placuerunt
3381 5413 3511 5469 Deo.
3541 5409 3598 5470 lii

2019 5492 2121 5550 bac
2145 5510 2332 5552 omnes
2361 5497 2475 5553 veri
2498 5506 2759 5571 martyres
2786 5517 2952 5573 usque
2976 5502 3042 5558 ad
3072 5504 3381 5574 sanguinem
3409 5515 3596 5562 contra

2079 5607 2102 5626 ’
2132 5614 2354 5680 correcta
2390 5608 2450 5659 ad
2488 5623 2536 5659 a.
2564 5611 2647 5675 bg.
2673 5624 2718 5662 c.
2744 5624 2816 5664 cc.
2836 5612 2888 5663 ff.
2911 5627 2964 5678 gs
2991 5628 3074 5679 gr.
3095 5615 3138 5680 j.
3160 5614 3198 5668 ι.
3229 5629 3351 5669 ms.
3376 5615 3595 5670 dtmsh.

2017 5667 2145 5734 (illis
2161 5677 2197 5719 t.
2215 5670 2347 5734 duos
2365 5684 2438 5734 vc.
2461 5667 2665 5734 quatu'or
2686 5687 2734 5722 v.
2759 5681 2868 5725 ων.

2081 5731 2156 5806 (ei)
2179 5731 2304 5806 alias
2321 5732 2452 5806 illa:
2475 5731 2590 5796 qua
2630 5743 2796 5806 autem
2837 5736 3298 5802 tw'aawntmc'ih
3316 5740 3596 5806 Am

2017 5798 2098 5846 est
2117 5793 2166 5844 8.
2188 5795 2370 5858 Scripta.
2387 5793 2516 5850 circa
2533 5809 2614 5850 an.
2633 5796 2744 5848 418.
