4120 6358
487 503 759 562 diabolum
787 507 1158 566 certaverunt;
1188 504 1242 556 et
1259 496 1382 570 quia
1401 495 1457 553 in
1482 495 1562 553 eis
1579 508 1686 552 non
1709 494 1953 565 refriguit
1969 508 2072 550 nec

488 597 713 667 defecit,
745 596 867 653 ideo
890 597 1151 652 vicerunt.
1174 593 1232 648 In
1253 591 1354 647 hac
1377 604 1564 647 omnes
1587 588 1773 645 ﬁdeles
1797 587 1923 644 boni
1941 603 2074 659 quo-

491 689 623 745 tidie
647 687 963 760 proﬁciunt,
1012 685 1293 757 pervenire
1327 682 1604 755 cupientes
1627 696 1732 736 non
1759 680 1824 736 ad
1849 695 2071 750 regnum

487 779 814 845 mortalium,
843 777 938 833 sed
965 776 1032 832 ad
1059 791 1280 847 regnum
1309 775 1600 840 caelorum;
1633 789 1739 828 non
1765 771 1832 827 ad
1868 780 2074 841 tempo—

402 893 418 936 ,ι
483 873 654 930 ralem
675 915 690 941 ,
717 871 810 928 sed
830 871 894 926 ad
917 871 1293 941 sempiternam
1323 869 1718 933 hereditatem;
1751 882 1856 922 non
1887 866 1951 921 ad
1977 880 2072 920 au-

484 979 608 1020 rum
640 972 694 1021 et
718 973 1015 1036 argentum,
1044 962 1137 1018 sed
1165 962 1231 1018 ad
1261 961 1469 1017 divitias
1498 959 1926 1030 incorruptibiles
1955 959 2068 1014 An-

391 1051 394 1054 ’
483 1055 755 1128 gelorum;
788 1070 893 1110 non
920 1054 986 1110 ad
1013 1054 1188 1125 aliqua
1217 1053 1350 1108 bona
1379 1052 1535 1122 hujus
1561 1052 1769 1116 saeculi,
1798 1053 1849 1105 in
1878 1051 2069 1121 quibus

482 1161 605 1204 cum
639 1148 831 1203 timore
855 1147 1078 1210 vivitur,
1108 1161 1208 1201 nec
1240 1161 1302 1201 ea
1345 1145 1621 1216 quisquam
1669 1159 1849 1198 secum
1893 1150 2070 1214 potest

482 1242 692 1298 auferre
715 1241 841 1297 dum
873 1241 1116 1308 moritur,
1149 1240 1241 1296 sed
1270 1240 1336 1294 ad
1367 1239 1651 1294 videndum
1677 1239 1841 1294 Deum
1871 1255 1884 1290 :
1917 1237 2068 1306 cujus

481 1337 716 1392 suavitas
741 1345 795 1392 et
830 1335 1112 1391 delectatio
1146 1333 1352 1390 excedit
1376 1347 1587 1387 omnem
1617 1349 1721 1386 non
1759 1332 1930 1386 solum
1957 1340 2066 1386 ter-

482 1427 736 1482 restrium
755 1467 770 1493 ,
801 1442 984 1480 verum
1012 1426 1167 1480 etiam
1194 1423 1489 1481 caelestium
1519 1438 1800 1494 corporum
1829 1422 2066 1492 pulchri-

484 1517 760 1585 tudinem,
783 1517 995 1573 excedit
1034 1532 1247 1572 omnem
1275 1516 1522 1571 decorem
1577 1515 1871 1568 animarum
1901 1529 2066 1584 quan-

481 1611 727 1666 tumlibet
749 1611 1011 1681 iustarum
1041 1619 1202 1680 atque
1241 1617 1542 1664 sanctarum
1568 1625 1582 1672 ;
1609 1606 1816 1662 excedit
1852 1621 2065 1661 omnem

482 1703 716 1771 speciem
771 1716 1122 1770 supennorum
1179 1699 1502 1770 Angelorum
1555 1707 1713 1766 atque
1766 1696 2062 1762 Virtutum;

480 1794 691 1849 excedit
727 1794 980 1865 quidquid
1023 1794 1090 1850 de
1135 1794 1226 1848 illo
1251 1808 1356 1847 non
1399 1793 1570 1848 solum
1611 1792 1832 1859 dicitur,
1877 1807 2064 1847 verum

479 1885 641 1940 etiam
673 1887 952 1955 cogitatur.
983 1885 1163 1954 Neque
1184 1883 1321 1938 lianc
1345 1892 1452 1938 tam
1484 1899 1727 1953 magnam
1758 1883 2066 1952 promissio-

406 2017 409 2021 .
478 1991 636 2043 nem,
683 1977 804 2046 quia
840 1976 997 2031 valde
1031 1991 1220 2046 magna
1251 1983 1366 2040 est,
1417 1975 1536 2030 ideo
1563 1975 1924 2044 desperemus,
1969 1973 2065 2029 sed

478 2066 675 2135 potius,
705 2065 825 2136 quia
865 2065 1016 2120 valde
1045 2079 1271 2134 magnus
1297 2080 1412 2120 eam
1444 2064 1718 2134 promisit,
1751 2074 2065 2133 accepturos

477 2169 576 2210 nos
610 2170 730 2211 esse
756 2155 1038 2210 credamus
1069 2173 1082 2208 :
1123 2155 1260 2210 sicut
1298 2155 1438 2209 enim
1463 2153 1592 2208 dicit
1620 2154 1806 2208 beatus
1833 2153 2064 2208 Joannes

479 2247 783 2315 apostolus,
829 2245 958 2301 Filii
985 2245 1085 2302 Dei
1123 2264 1317 2316 sumus,
1336 2256 1383 2301 et
1426 2246 1648 2300 nondum
1675 2247 1913 2317 apparuit
1941 2245 2064 2317 quid

477 2336 665 2391 erimus
697 2353 714 2390 :
743 2338 928 2392 scimus
969 2339 1088 2408 quia
1143 2355 1256 2393 cum
1284 2339 1609 2410 apparuerit,
1640 2336 1828 2391 similes
1875 2337 1921 2390 ei
1961 2337 2062 2390 eri-

477 2441 610 2491 mus,
639 2428 877 2497 quoniam
901 2429 1176 2484 videbimus
1197 2446 1310 2484 eum
1339 2429 1486 2484 sicuti
1508 2436 1581 2482 est
1607 2426 1652 2498 (Ι
1672 2426 1830 2482 Ιοαη.
1871 2443 1949 2495 ιιι,
1979 2424 2058 2500 2).

545 2518 604 2574 4.
632 2517 752 2574 Noli
797 2520 1104 2576 existimare
1142 2521 1410 2576 neminem
1460 2519 1570 2575 Deo
1612 2519 1825 2589 placere
1866 2532 2060 2588 posse,

476 2611 566 2682 qui
593 2611 648 2667 in
687 2614 851 2668 armis
878 2613 1084 2669 bellicis
1109 2614 1320 2668 militat.
1352 2613 1410 2669 lu
1451 2611 1537 2668 his
1570 2619 1687 2667 erat
1713 2619 1927 2666 sanctus
1954 2610 2061 2665 Da-

477 2703 605 2772 vid,
646 2705 732 2761 cui
776 2706 1030 2763 Dominus
1062 2717 1164 2763 tam
1213 2722 1460 2777 magnum
1507 2705 1775 2776 perhibuit
1819 2705 2061 2760 testimo-

477 2795 622 2850 nium
654 2813 668 2849 :
700 2797 754 2852 in
799 2797 881 2852 his
915 2798 1075 2853 etiam
1106 2798 1320 2870 plurimi
1359 2798 1498 2853 illius
1527 2796 1783 2866 temporis
1810 2796 1959 2864 justi.
2003 2794 2062 2851 In

477 2883 563 2940 his
591 2897 705 2942 erat
730 2897 784 2943 et
812 2887 902 2943 ille
928 2888 1185 2944 Centurio
1213 2888 1303 2959 qui
1342 2887 1567 2942 Domino
1591 2887 1757 2952 dixit,
1802 2885 1922 2940 Non
1949 2902 2060 2940 sum

475 2977 662 3049 dignus
676 2989 730 3032 ut
749 2979 902 3034 intres
921 2979 1012 3035 sub
1038 2988 1221 3034 tectum
1241 2993 1440 3042 meum;
1468 2977 1556 3031 sed
1573 2987 1768 3030 tantum
1793 2976 1874 3030 dic
1891 2975 2056 3044 verbo,

477 3077 525 3122 et
549 3069 810 3123 sanabitur
834 3086 959 3139 puer
983 3086 1142 3123 meus.
1174 3067 1311 3122 Nam
1341 3078 1386 3122 et
1411 3084 1502 3138 ego
1529 3069 1677 3120 homo
1705 3083 1815 3120 sum
1846 3065 1935 3119 sub
1964 3082 2056 3134 pa-

478 3167 652 3213 testate
671 3160 966 3215 constitutus
983 3202 997 3227 ,
1031 3159 1216 3214 habens
1236 3159 1328 3214 sub
1351 3175 1430 3212 me
1457 3159 1667 3224 milites,
1697 3167 1741 3211 et
1767 3156 1877 3210 dico
1904 3157 2019 3211 huic
2041 3197 2057 3222 ,

489 3247 652 3315 Vade,
681 3260 727 3305 et
750 3251 922 3316 vadit;
949 3261 995 3306 et
1025 3251 1147 3318 alii,
1195 3249 1318 3304 Veni
1343 3291 1357 3316 ,
1399 3260 1446 3304 et
1473 3250 1641 3314 venit;
1669 3259 1714 3304 et
1741 3267 1880 3304 servo
1913 3267 2022 3304 meo
2042 3291 2058 3318 ,

487 3340 594 3396 Fac
617 3341 730 3408 hoc,
763 3353 812 3396 et
839 3345 959 3415 facit
987 3359 1007 3397 :
1034 3344 1100 3398 de
1129 3358 1234 3414 quo
1262 3352 1314 3398 et
1341 3343 1614 3406 Dominus,
1643 3342 1802 3396 Amen
1831 3343 1944 3396 dico
1970 3359 2060 3397 vo-

479 3431 576 3497 bis,
603 3451 703 3488 non
728 3435 896 3488 inveni
923 3443 1113 3488 tantam
1138 3433 1290 3504 ﬁdem
1315 3435 1369 3488 in
1407 3432 1573 3487 Israel
1596 3431 1807 3503 (Matth.
1840 3449 1933 3488 vui
1955 3476 1968 3499 ,
2000 3434 2062 3490 8-

481 3523 594 3594 10).
627 3523 683 3578 1η
710 3524 793 3579 his
819 3533 936 3580 erat
963 3533 1018 3580 et
1053 3525 1142 3580 ille
1167 3523 1445 3579 Cornelius
1470 3523 1535 3578 ad
1561 3540 1720 3595 quem
1747 3525 1940 3580 missus
1967 3536 2062 3580 an-‘

479 3614 632 3686 gelus
657 3613 819 3681 dixit,
851 3613 1083 3682 Corneli,
1114 3624 1330 3686 accepta:
1365 3625 1480 3670 sunt
1509 3615 1834 3686 eleemosyna:
1856 3625 1954 3669 tute
1973 3656 1988 3682 ,
2016 3624 2064 3670 et

475 3703 733 3760 exaudita:
771 3713 887 3760 sunt
931 3706 1180 3760 orationes
1223 3715 1324 3760 tua:
1349 3721 1368 3760 :
1395 3706 1485 3761 ubi
1530 3721 1650 3762 eum
1689 3706 1964 3761 admonuit
2004 3717 2064 3762 ut

478 3795 548 3852 ad
582 3797 796 3852 beatum
845 3797 1060 3853 Petrum
1117 3799 1414 3869 apostolum
1461 3799 1729 3867 mitteret,
1773 3807 1827 3854 et
1867 3799 1934 3854 ab
1971 3799 2064 3856 illo

477 3885 690 3954 audiret
727 3901 849 3956 qua:
887 3885 1062 3944 facere
1111 3888 1358 3955 deberet;
1402 3889 1468 3944 ad
1515 3905 1670 3960 quem
1721 3889 2061 3959 apostolum,

480 3983 541 4030 ut
568 3975 635 4031 ad
663 3991 786 4032 eum
829 3977 1076 4044 veniret,
1119 3979 1282 4035 etiam
1324 3979 1627 4051 religiosum
1661 3979 1886 4035 militem
1921 3981 2066 4037 misit

483 4065 620 4139 (Act.
643 4081 697 4132 x,
725 4067 871 4141 4-8).
898 4067 957 4124 ln
988 4069 1070 4124 his
1099 4079 1252 4125 erant
1288 4079 1343 4126 et
1385 4071 1457 4125 illi
1491 4073 1581 4141 qui
1607 4070 1906 4142 baptizandi
1941 4087 2063 4128 cum

484 4159 755 4214 venissent
775 4159 842 4215 ad
874 4159 1154 4227 Joannem,
1178 4170 1418 4217 sanctum
1450 4162 1658 4218 Domini
1680 4177 2063 4233 praecursorem

483 4255 539 4304 et
566 4249 796 4305 amicum
817 4253 1021 4320 sponsi,
1050 4251 1117 4307 de
1143 4267 1249 4322 quo
1277 4253 1532 4308 Dominus
1561 4253 1674 4323 ipse
1700 4253 1805 4319 ait,
1837 4252 1902 4308 In
1932 4255 2065 4309 natis

481 4339 751 4395 mulierum
788 4357 889 4396 non
922 4345 1141 4397 surrexit
1167 4345 1330 4415 major
1352 4343 1553 4399 Joanne
1588 4343 1820 4416 Baptista
1847 4345 2058 4419 (Matth.

483 4443 556 4493 xl,
590 4430 713 4499 ll),
750 4440 806 4486 et
832 4432 1168 4501 quaesiissent
1200 4433 1268 4488 ab
1300 4448 1365 4488 eo
1392 4434 1515 4504 quid
1541 4433 1811 4500 facerent;
1843 4450 2065 4504 respon-

481 4517 564 4572 dit
591 4519 668 4574 eis
685 4561 700 4585 ,
745 4519 1011 4576 Neminem
1034 4524 1383 4577 concusseritis
1407 4566 1422 4590 ,
1453 4524 1582 4578 nulli
1605 4525 1910 4578 calumniam
1933 4529 2066 4596 fece-

477 4611 628 4677 ritis;
653 4610 864 4682 su/ﬁciat
891 4613 1028 4668 vobis
1063 4614 1367 4683 stipendium
1409 4625 1623 4670 uestrum
1650 4615 1799 4687 (Luc.
1827 4633 1914 4684 ut,
1947 4616 2059 4687 M).

477 4701 598 4758 Non
628 4717 722 4759 eos
749 4705 929 4775 utique
968 4706 1068 4761 sub
1092 4707 1255 4762 armis
1286 4708 1512 4764 militare
1539 4708 1842 4778 prohibuit;
1872 4709 2063 4780 quibus

481 4809 638 4850 suum
667 4797 988 4868 stipendium
1017 4799 1262 4857 sufficere
1288 4801 1483 4856 debere
1508 4803 1779 4872 praecepit.

553 4889 609 4944 5.
637 4889 849 4960 Maioris
877 4892 1089 4962 quidem
1117 4893 1219 4948 loci
1250 4905 1372 4949 sunt
1394 4894 1534 4963 apud
1565 4894 1751 4960 Deum,
1785 4896 1874 4966 qui
1901 4893 2065 4950 omni-

481 4980 582 5036 bus
627 4982 743 5037 istis
801 4984 1150 5040 saecularibus
1209 4985 1505 5040 actionibus
1554 4984 1856 5055 derelictis,
1902 4988 2063 5042 etiam

477 5086 689 5130 summa
728 5077 1054 5132 continentia
1093 5078 1352 5134 castitatis
1393 5078 1442 5134 ei
1480 5079 1749 5145 serviunt;
1777 5080 1882 5135 Sed
1902 5097 2062 5135 unus-

478 5164 688 5234 quisque
706 5205 720 5232 ,
749 5166 888 5222 sicut
911 5167 1198 5238 Apostolus
1221 5167 1386 5234 dicit,
1418 5170 1678 5240 proprium
1702 5171 1888 5224 donum
1917 5170 2063 5224 habet

480 5270 514 5309 a
542 5254 696 5322 Deo;
727 5257 860 5313 alius
889 5259 961 5313 sic
983 5300 999 5327 ,
1039 5257 1170 5314 alius
1195 5267 1363 5314 autem
1402 5261 1473 5315 sic
1504 5261 1545 5333 (Ι
1565 5262 1680 5316 Cor.
1705 5279 1778 5317 vn
1797 5304 1812 5330 ,
1845 5262 1923 5332 7).
1954 5261 2062 5317 Alii

481 5361 612 5419 ergo
635 5362 733 5419 pro
769 5349 918 5405 vobis
945 5351 1146 5406 orando
1172 5361 1403 5422 pugnant
1425 5362 1610 5410 contra
1640 5355 1930 5410 invisibiles
1959 5355 2064 5410 ini-

480 5438 678 5504 micos;
706 5455 800 5494 vos
826 5456 921 5510 pro
939 5443 1016 5496 eis
1041 5443 1321 5513 pugnando
1349 5444 1602 5499 laboratis
1621 5456 1804 5501 contra
1825 5445 2064 5503 visibiles

486 5531 762 5589 barbaros.
795 5533 1007 5590 Utinam
1035 5551 1138 5590 una
1169 5536 1300 5592 fides
1323 5547 1466 5593 esset
1493 5539 1544 5592 in
1567 5539 1830 5605 omnibus,
1863 5541 1983 5610 quia
2013 5549 2068 5597 et

483 5624 666 5679 minus
694 5624 1058 5694 laboraretur,
1089 5636 1142 5682 et
1171 5626 1380 5683 facilius
1423 5628 1663 5683 diabolus
1701 5644 1822 5684 cum
1865 5632 2066 5702 angelis

480 5715 597 5770 suis
633 5716 970 5774 vinceretur!
1000 5717 1107 5774 Sed
1133 5719 1254 5790 quia
1300 5720 1352 5775 in
1391 5720 1492 5775 hoc
1515 5721 1708 5776 saaculo
1741 5736 1959 5778 necesse
1984 5733 2069 5779 est

486 5811 546 5860 ut
569 5805 715 5864 cives
741 5807 890 5880 regni
918 5809 1172 5866 calorum
1208 5810 1348 5867 inter
1383 5817 1620 5868 errantes
1643 5820 1698 5868 ct
1725 5811 1914 5884 impios
1952 5822 2066 5870 ten-

1721 377 1781 436 S.
1826 372 2190 436 AUGUSTINI
2225 370 2527 436 EPISGOPI

3659 387 3770 449 856

2185 493 2475 551 tationibus
2499 493 2784 568 agitentur,
2823 501 2882 554 ut
2921 507 3305 568 exerceantur,
3331 508 3386 558 et
3412 511 3660 577 tanquam
3706 510 3765 564 in

2178 582 2397 643 fornace
2422 587 2559 644 sicut
2586 603 2772 644 aurum
2799 590 3090 661 probentur
3116 593 3271 665 (Sap.
3303 611 3379 663 ιιι,
3409 595 3464 668 ϐ)
3487 639 3502 663 ,
3525 613 3634 654 non
3663 599 3766 656 de-

2178 677 2366 735 bemus
2404 689 2527 738 ante
2566 690 2778 754 tempus
2805 683 2946 740 velle
2972 700 3091 740 cum
3127 687 3256 743 solis
3287 690 3484 746 sanctis
3513 701 3568 746 et
3600 691 3764 762 iustis

2177 771 2376 838 vivere,
2407 785 2466 830 ut
2495 775 2598 831 hoc
2627 791 2724 831 suo
2753 785 2993 848 tempore
3019 795 3320 837 mereamur
3347 785 3614 855 accipere.

2245 861 2298 918 6.
2325 863 2436 919 Hoc
2459 881 2586 936 ergo
2612 866 2840 936 primum
2870 871 3064 941 cogita,
3091 872 3305 941 quando
3326 876 3550 931 armaris
3570 878 3636 932 ad
3664 895 3766 948 pug

2174 969 2350 1037 gnam,
2394 957 2518 1026 quia
2552 957 2720 1014 virtus
2764 967 2852 1014 tua
2894 962 3053 1016 etiam
3086 963 3197 1032 ipsa
3227 967 3518 1034 corporalis
3558 943 3784 1025 don-um.

2175 1045 2267 1100 Dei
2296 1055 2395 1102 est.
2426 1047 2515 1104 Sic
2553 1051 2696 1104 enim
2743 1052 2997 1122 cogitabis
3027 1053 3094 1108 de
3123 1055 3267 1109 dono
3313 1057 3404 1111 Dei
3435 1075 3539 1113 non
3581 1059 3762 1116 faccre

2173 1141 2358 1192 contra
2390 1139 2576 1194 Deum.
2608 1139 2763 1198 Fides
2790 1144 2931 1196 enim
2961 1143 3176 1214 quando
3207 1148 3530 1215 promittitur
3549 1191 3564 1215 ,
3593 1152 3759 1206 etiam

2173 1227 2312 1284 hosti
2365 1232 2622 1286 servanda
2677 1241 2760 1288 est
2812 1245 2995 1289 contra
3055 1252 3212 1306 quem
3266 1238 3464 1293 bellum
3516 1242 3754 1309 geritur;

2171 1329 2369 1390 quanto
2401 1323 2568 1394 magis
2597 1325 2768 1380 amico
2807 1341 2902 1396 pro
2941 1343 3046 1396 quo
3082 1331 3378 1398 pugnatur!
3428 1331 3615 1386 Pacem
3658 1333 3758 1388 ha-

2169 1411 2299 1467 bere
2329 1413 2486 1469 debet
2529 1417 2805 1484 voluntas,
2847 1418 3042 1475 bellum
3093 1421 3382 1476 necessitas
3409 1464 3424 1490 ,
3472 1433 3529 1476 ut
3566 1423 3762 1480 liberet

2172 1502 2314 1560 Deus
2339 1519 2369 1559 a
2397 1509 2711 1563 necessitate
2737 1551 2752 1574 ,
2781 1517 2835 1564 et
2866 1522 3147 1577 conservet
3187 1512 3238 1567 in
3271 1529 3420 1582 pace.
3464 1514 3578 1569 Non
3613 1517 3755 1572 enim

2170 1608 2272 1663 pax
2299 1597 2554 1666 quaeritur
2579 1607 2636 1653 ut
2664 1599 2862 1654 bellum
2895 1603 3177 1668 excitetur,
3210 1605 3304 1659 scd
3333 1607 3528 1660 bellum
3555 1610 3761 1677 geritur

2171 1695 2227 1741 ut
2257 1703 2358 1757 pax
2386 1691 2706 1760 acquiratur.
2731 1693 2862 1748 Esto
2879 1710 3007 1766 ergo
3029 1697 3188 1750 etiam
3211 1697 3461 1753 bellando
3481 1700 3756 1769 pacificus,

2170 1786 2228 1832 ut
2254 1793 2346 1834 eos
2383 1797 2517 1850 quos
2546 1798 2838 1855 expugnas,
2863 1786 2930 1840 ad
2970 1788 3116 1856 pacis
3163 1789 3447 1846 utilitatem
3493 1793 3758 1848 vincendo

2171 1870 2429 1939 perducas
2456 1891 2470 1928 :
2501 1873 2646 1928 Beati
2670 1878 2810 1930 enim
2842 1879 3064 1948 paciﬁci,
3092 1879 3167 1934 ait
3198 1880 3453 1938 Dominus
3473 1925 3488 1950 ,
3519 1889 3758 1953 quoniam

2168 1961 2268 2031 ipsi
2305 1963 2400 2031 lilii
2437 1964 2534 2018 Dei
2574 1965 2878 2020 vocabuntur
2917 1968 3127 2041 (Matth.
3160 1987 3220 2034 v,
3253 1971 3330 2040 9).
3368 1973 3423 2027 Si
3450 1983 3626 2028 autem
3651 1990 3758 2045 pax

2169 2051 2399 2110 humana
2435 2065 2543 2111 tam
2583 2057 2751 2113 dulcis
2776 2068 2860 2116 est
2900 2076 2995 2129 pro
3029 2063 3307 2132 temporali
3342 2065 3513 2118 salute
3551 2075 3756 2119 morta-

2169 2142 2318 2210 lium,
2347 2154 2544 2215 quanto
2563 2155 2647 2202 est
2673 2147 2882 2204 dulcior
2902 2165 3001 2220 pax
3028 2151 3203 2205 divina
3232 2167 3330 2222 pro
3359 2162 3555 2208 :eterna
3585 2156 3758 2211 salute

2167 2233 2532 2303 Angelorum!
2585 2237 2766 2308 Itaque
2819 2239 3026 2294 hostem
3086 2252 3408 2312 pugnantem
3463 2245 3756 2300 necessitas

2168 2326 2416 2393 perimat,
2455 2342 2560 2382 non
2593 2329 2855 2386 voluntas.
2885 2331 3032 2387 Sicut
3068 2333 3350 2388 rebellanti
3387 2343 3442 2389 et
3482 2337 3758 2393 resistenti

2167 2414 2419 2470 violentia
2473 2418 2730 2488 redditur,
2782 2421 2852 2476 ita
2891 2422 3031 2477 victo
3066 2424 3151 2478 vel
3189 2435 3344 2494 capto
3387 2426 3755 2482 misericordia

2161 2506 2272 2576 iam
2298 2509 2555 2578 debetur,
2584 2515 2816 2570 maxime
2851 2515 2906 2570 in
2945 2530 3051 2586 quo
3091 2516 3237 2587 pacis
3278 2519 3607 2587 perturbatio
3645 2535 3756 2576 non

2168 2599 2401 2655 timetur.

2238 2691 2290 2745 7.
2331 2692 2495 2749 Ornet
2531 2709 2708 2751 mores
2758 2704 2876 2752 tuos
2923 2697 3174 2768 pudicitia
3222 2698 3551 2770 coniugalis,
3593 2707 3754 2757 ornet

2166 2783 2425 2839 sobrietas
2466 2794 2522 2840 et
2560 2785 2885 2858 frugalitas:
2929 2789 3083 2846 valde
3130 2791 3272 2846 enim
3310 2801 3464 2861 turpe
3518 2802 3635 2858 est,
3690 2801 3752 2846 ut

2167 2891 2324 2946 quem
2354 2893 2461 2932 non
2503 2879 2671 2935 vincit
2717 2880 2908 2948 homo,
2943 2883 3117 2937 vincat
3159 2882 3358 2947 libido;
3417 2892 3471 2938 et
3499 2884 3755 2939 obruatur

2165 2968 2310 3035 vino,
2342 2970 2430 3040 qui
2460 2987 2566 3025 non
2594 2974 2824 3029 vincitur
2849 2975 3009 3030 ferro.
3045 2975 3253 3030 Divitiae
3273 2975 3560 3030 seculares
3584 2977 3626 3030 si
3656 2977 3754 3032 de--

2167 3074 2326 3129 sunt,
2377 3080 2482 3119 non
2515 3081 2611 3136 per
2636 3068 2774 3122 mala
2813 3083 2977 3138 opera
3002 3076 3308 3138 quaerantur
3345 3069 3397 3122 in
3440 3069 3674 3133 mundo;
3705 3068 3771 3126 si.

2164 3165 2344 3212 autem
2390 3157 2618 3225 adsunt,
2652 3175 2746 3230 per
2773 3159 2910 3214 bona
2955 3175 3117 3232 opera
3155 3170 3438 3216 serventur
3483 3161 3534 3215 in
3589 3161 3749 3217 celo.

2165 3247 2414 3303 Animum
2443 3250 2649 3305 virilem
2680 3261 2734 3306 et
2763 3251 3106 3316 christianum
3134 3268 3234 3308 nec
3262 3252 3494 3320 debent,
3519 3252 3562 3306 si
3592 3268 3751 3307 acce-

2165 3339 2333 3405 dunt,
2363 3342 2648 3409 extollere,
2679 3359 2776 3398 nec
2825 3344 3024 3400 debent
3069 3344 3342 3417 frangere,
3392 3345 3438 3401 si
3473 3347 3748 3400 recedunt.

2168 3431 2298 3486 Illud
2329 3433 2504 3503 potius
2531 3435 2823 3505 cogitemus
2851 3437 2989 3506 quod
3015 3437 3269 3492 Dominus
3296 3438 3388 3501 ait,
3419 3435 3518 3491 Ubi
3545 3448 3617 3490 est
3642 3437 3754 3491 the-

2168 3539 2351 3577 saurus
2394 3534 2528 3591 tuus,
2573 3526 2642 3578 ibi
2671 3527 2762 3580 erit
2800 3535 2846 3580 ct
2884 3543 2971 3580 cor
3003 3536 3143 3580 tuum
3186 3526 3397 3599 (Matth.
3429 3543 3501 3594 v1,
3523 3525 3654 3598 Si);
3696 3535 3753 3583 et

2167 3613 2348 3683 utique
2377 3628 2495 3669 cum
2536 3615 2780 3671 audimus
2815 3625 2872 3670 ut
2899 3631 2992 3672 cor
3037 3632 3246 3672 sursum
3292 3618 3614 3685 habeamus,
3643 3633 3750 3673 non

2168 3705 2494 3760 mendaciter
2520 3707 2843 3778 reSpondere
2871 3707 3146 3777 debemus,
3175 3709 3316 3780 quod
3349 3709 3490 3766 nosti
3515 3712 3636 3780 quia
3663 3725 3753 3765 re-

2168 3796 2513 3867 spondemus.

2240 3887 2296 3942 8.
2327 3888 2396 3942 Et
2417 3888 2467 3942 in
2497 3887 2579 3942 bis
2606 3889 2820 3959 quidem
2848 3889 2987 3946 bene
3011 3890 3309 3947 studiosum
3335 3900 3387 3948 te
3415 3906 3534 3948 esse
3553 3907 3752 3964 cogno-

2168 3977 2254 4044 vi,
2300 3987 2354 4032 et
2378 3976 2516 4032 fama
2547 3987 2632 4033 tua
2659 3979 2881 4034 multum
2905 3980 3161 4047 delector,
3214 3982 3543 4053 multumque
3572 3983 3665 4037 tibi
3696 3983 3753 4038 in

2169 4067 2397 4124 Domino
2435 4069 2690 4140 gratulor,
2745 4071 2817 4126 ita
2853 4080 2910 4125 ut
2947 4071 3062 4127 haec
3100 4071 3326 4142 epistola
3362 4074 3528 4142 magis
3555 4073 3648 4127 tibi
3680 4073 3754 4128 sit

2169 4159 2444 4230 speculum
2472 4159 2560 4214 ubi
2582 4161 2753 4231 qualis
2780 4161 2854 4216 sis
2876 4161 3079 4228 videas,
3108 4179 3267 4234 quam
3293 4163 3382 4219 ubi
3409 4164 3584 4220 discas
3621 4179 3754 4236 qua-

2168 4249 2234 4306 lis
2261 4265 2379 4306 esse
2418 4251 2614 4308 debeas
2647 4272 2660 4308 :
2692 4263 3054 4310 verumtamen
3098 4255 3351 4328 quidquid
3388 4259 3498 4313 sive
3547 4257 3600 4312 in
3647 4259 3753 4315 ista

2168 4342 2281 4396 sive
2308 4343 2360 4397 in
2389 4343 2676 4413 Scripturis
2704 4346 2902 4400 sanctis
2931 4346 3201 4400 inveneris
3219 4388 3234 4414 ,
3263 4347 3405 4417 quod
3436 4345 3529 4401 tibi
3552 4347 3617 4401 ad
3647 4347 3752 4402 bo-

2168 4446 2292 4486 nam
2325 4433 2488 4488 vitam
2540 4433 2712 4489 adhuc
2754 4435 2929 4490 minus
2973 4444 3056 4491 est
3081 4478 3096 4504 ,
3143 4437 3280 4490 insta
3324 4446 3385 4492 ut
3425 4439 3668 4508 acquiras
3697 4444 3754 4494 et

2169 4525 2372 4594 agendo
2393 4537 2446 4580 et
2464 4526 2699 4594 orando;
2727 4535 2782 4582 et
2801 4543 2866 4582 ex
2893 4528 2958 4582 iis
2980 4544 3095 4598 qua:
3116 4527 3280 4584 habes
3304 4531 3498 4600 gratias
3523 4545 3620 4600 age
3640 4531 3754 4587 Deo

2169 4624 2418 4686 tanquam
2450 4616 2578 4672 fonti
2609 4619 2854 4674 bonitatis
2882 4619 3021 4674 unde
3052 4620 3248 4688 habes;
3298 4630 3457 4691 atque
3495 4622 3548 4675 in
3573 4623 3751 4676 omni-

2167 4708 2267 4763 bus
2287 4709 2440 4763 bonis
2461 4711 2668 4764 actibus
2696 4711 2798 4764 tuis
2824 4710 2898 4765 illi
2923 4711 2990 4764 da
3017 4710 3330 4780 claritatem,
3363 4710 3456 4766 tibi
3482 4711 3754 4766 humilita-

2169 4811 2296 4858 tem.
2327 4802 2475 4858 Sicut
2501 4805 2641 4858 enim
2673 4804 2928 4874 scriptum
2958 4811 3060 4869 est,
3090 4803 3250 4857 Omne
3278 4804 3453 4857 datum
3479 4805 3726 4876 Optimum

2169 4902 2216 4946 ct
2243 4909 2390 4947 omne
2426 4894 2617 4946 donum
2643 4896 2922 4964 perfectum
2951 4893 3216 4948 desursum
3242 4902 3346 4961 est,
3374 4894 3676 4950 descendens
3719 4909 3754 4948 α

2171 4981 2328 5037 Patre
2357 4982 2603 5037 luminum
2630 4984 2837 5054 (Jacobi
2880 5001 2930 5050 ι,
2977 4985 3089 5055 17).
3121 4983 3616 5054 Quantumcumque
3657 4999 3754 5039 au-

2170 5083 2276 5130 tem
2307 5075 2358 5128 iu
2387 5075 2478 5129 Dei
2520 5084 2574 5130 et
2606 5076 2832 5145 proximi
2861 5075 3118 5132 charitate
3141 5085 3300 5146 atque
3329 5076 3383 5130 in
3410 5091 3535 5131 vera
3558 5077 3756 5146 pietate

2171 5166 2482 5237 profeceris,
2510 5166 2762 5236 quamdiu
2792 5166 2844 5220 in
2871 5165 2971 5222 hac
2991 5167 3099 5221 vita
3122 5167 3476 5234 conversaris,
3495 5167 3608 5221 sine
3631 5181 3756 5236 pec-

2170 5268 2289 5313 cato
2333 5267 2384 5313 te
2411 5272 2529 5313 esse
2574 5273 2684 5313 non
2721 5257 2908 5313 credas
2952 5275 2965 5311 :
3006 5257 3074 5313 de
3117 5257 3230 5328 ipsa
3257 5258 3452 5328 quippe
3481 5257 3668 5328 legitur
3699 5256 3754 5310 in

2171 5350 2389 5407 Litteris
2409 5351 2626 5416 sanctis,
2657 5347 2920 5422 Numquid
2948 5365 3050 5402 non
3080 5349 3284 5402 tentatio
3305 5357 3376 5402 est
3403 5347 3506 5400 vita
3531 5347 3758 5400 humana

2171 5460 2323 5516 super
2349 5452 2533 5497 terram
2560 5440 2700 5515 (Job.
2741 5457 2833 5507 vn,
2876 5440 2966 5512 l)?
2991 5439 3219 5495 Proinde
3245 5439 3494 5510 quoniam
3520 5451 3754 5506 semper,

2172 5536 2422 5607 quamdiu
2443 5551 2502 5589 es
2528 5535 2581 5588 in
2601 5535 2704 5590 hoc
2739 5548 2996 5603 corpore,
3026 5533 3385 5588 necessarium
3431 5541 3515 5586 est
3561 5531 3653 5584 tibi
3701 5531 3758 5584 in

2171 5628 2414 5681 oratione
2457 5625 2639 5679 dicere
2681 5623 2822 5693 quod
2868 5622 3123 5678 Dominus
3164 5621 3382 5687 docuit,
3426 5620 3636 5674 Dimitte
3659 5635 3757 5672 no-

2177 5721 2252 5774 bis
2281 5720 2448 5773 debita
2479 5727 2674 5784 nostra,
2719 5718 2847 5771 sicut
2893 5726 2942 5771 et
2982 5731 3073 5770 nos
3111 5715 3406 5769 dimittimus
3451 5711 3761 5766 debitoribus

2177 5815 2356 5870 nostris
2404 5811 2619 5885 (Matth.
2652 5827 2724 5878 vI,
2756 5809 2874 5881 12);
2921 5819 3192 5868 memento
3215 5811 3323 5866 cito
3349 5809 3664 5879 ignoscere,
3711 5806 3758 5863 si
