  <div class='ocr_page' id='page_1' title='image "/cluster/home/n/w/nwhite01/storage/ocr_20150623/33/hvd.32044015471451/434.png"; bbox 0 0 4120 6358; ppageno 0'>
   <div class='ocr_carea' id='block_1_1' title="bbox 337 402 444 466">
    <p class='ocr_par' dir='ltr' id='par_1_1' title="bbox 337 402 444 466">
     <span class='ocr_line' id='line_1_1' title="bbox 337 402 444 466; baseline -0.056 0"><span class='ocrx_word' id='word_1_1' title='bbox 337 402 444 466; x_wconf 79' lang='grc'><strong>85¹1</strong></span> 
     </span>
    </p>
   </div>
   <div class='ocr_carea' id='block_1_2' title="bbox 336 506 1929 586">
    <p class='ocr_par' dir='ltr' id='par_1_2' title="bbox 336 506 1929 586">
     <span class='ocr_line' id='line_1_2' title="bbox 336 506 1929 586; baseline -0.005 -13"><span class='ocrx_word' id='word_1_2' title='bbox 336 519 458 584; x_wconf 81' lang='lat' dir='ltr'><strong>quis</strong></span> <span class='ocrx_word' id='word_1_3' title='bbox 485 516 538 571; x_wconf 90' lang='lat' dir='ltr'><strong>in</strong></span> <span class='ocrx_word' id='word_1_4' title='bbox 565 521 620 571; x_wconf 92' lang='lat' dir='ltr'><strong>te</strong></span> <span class='ocrx_word' id='word_1_5' title='bbox 647 506 968 586; x_wconf 75' lang='lat' dir='ltr'><strong>peccaverit,</strong></span> <span class='ocrx_word' id='word_1_6' title='bbox 995 513 1049 566; x_wconf 89' lang='lat' dir='ltr'><strong>et</strong></span> <span class='ocrx_word' id='word_1_7' title='bbox 1070 522 1102 565; x_wconf 90' lang='lat' dir='ltr'><strong>a</strong></span> <span class='ocrx_word' id='word_1_8' title='bbox 1128 514 1182 565; x_wconf 87' lang='lat' dir='ltr'><strong>te</strong></span> <span class='ocrx_word' id='word_1_9' title='bbox 1203 506 1415 564; x_wconf 84' lang='lat' dir='ltr'><strong>veniam</strong></span> <span class='ocrx_word' id='word_1_10' title='bbox 1452 507 1839 577; x_wconf 90' lang='lat' dir='ltr'><strong>postulaverit,</strong></span> <span class='ocrx_word' id='word_1_11' title='bbox 1870 517 1929 565; x_wconf 92' lang='lat' dir='ltr'><strong>ut</strong></span> 
     </span>
    </p>
   </div>
   <div class='ocr_carea' id='block_1_3' title="bbox 338 600 1928 679">
    <p class='ocr_par' dir='ltr' id='par_1_3' title="bbox 338 600 1928 679">
     <span class='ocr_line' id='line_1_3' title="bbox 338 600 1928 679; baseline -0.006 -11"><span class='ocrx_word' id='word_1_12' title='bbox 338 610 602 668; x_wconf 74' lang='lat' dir='ltr'><strong>veraciter</strong></span> <span class='ocrx_word' id='word_1_13' title='bbox 634 606 807 679; x_wconf 90' lang='lat' dir='ltr'><strong>possis</strong></span> <span class='ocrx_word' id='word_1_14' title='bbox 830 618 1006 670; x_wconf 88' lang='lat' dir='ltr'><strong>orare,</strong></span> <span class='ocrx_word' id='word_1_15' title='bbox 1037 610 1091 659; x_wconf 89' lang='lat' dir='ltr'><strong>et</strong></span> <span class='ocrx_word' id='word_1_16' title='bbox 1121 601 1355 674; x_wconf 82' lang='lat' dir='ltr'><strong>peccatis</strong></span> <span class='ocrx_word' id='word_1_17' title='bbox 1383 600 1489 655; x_wconf 88' lang='lat' dir='ltr'><strong>tuis</strong></span> <span class='ocrx_word' id='word_1_18' title='bbox 1512 602 1723 656; x_wconf 82' lang='lat' dir='ltr'><strong>veniam</strong></span> <span class='ocrx_word' id='word_1_19' title='bbox 1750 601 1928 658; x_wconf 87' lang='lat' dir='ltr'><strong>valeas</strong></span> 
     </span>
    </p>
   </div>
   <div class='ocr_carea' id='block_1_4' title="bbox 336 693 1927 773">
    <p class='ocr_par' dir='ltr' id='par_1_4' title="bbox 336 693 1927 773">
     <span class='ocr_line' id='line_1_4' title="bbox 336 693 1927 773; baseline -0.007 -15"><span class='ocrx_word' id='word_1_20' title='bbox 336 703 647 773; x_wconf 83' lang='lat' dir='ltr'><strong>impetrare.</strong></span> <span class='ocrx_word' id='word_1_21' title='bbox 695 697 821 754; x_wconf 65' lang='lat' dir='ltr'><strong>Haac</strong></span> <span class='ocrx_word' id='word_1_22' title='bbox 877 693 1157 751; x_wconf 90' lang='lat' dir='ltr'><strong>Dilectioni</strong></span> <span class='ocrx_word' id='word_1_23' title='bbox 1201 693 1415 763; x_wconf 86' lang='lat' dir='ltr'><strong>quidem</strong></span> <span class='ocrx_word' id='word_1_24' title='bbox 1461 701 1567 747; x_wconf 70' lang='lat' dir='ltr'><strong>tua:</strong></span> <span class='ocrx_word' id='word_1_25' title='bbox 1614 693 1927 748; x_wconf 86' lang='lat' dir='ltr'><strong>festinanter</strong></span> 
     </span>
    </p>
   </div>
   <div class='ocr_carea' id='block_1_5' title="bbox 336 783 1921 861">
    <p class='ocr_par' dir='ltr' id='par_1_5' title="bbox 336 783 1921 861">
     <span class='ocr_line' id='line_1_5' title="bbox 336 783 1921 861; baseline -0.006 -15"><span class='ocrx_word' id='word_1_26' title='bbox 336 790 567 861; x_wconf 85' lang='lat' dir='ltr'><strong>scripsi,</strong></span> <span class='ocrx_word' id='word_1_27' title='bbox 612 788 863 859; x_wconf 89' lang='lat' dir='ltr'><strong>quoniam</strong></span> <span class='ocrx_word' id='word_1_28' title='bbox 909 802 998 842; x_wconf 92' lang='lat' dir='ltr'><strong>me</strong></span> <span class='ocrx_word' id='word_1_29' title='bbox 1038 785 1303 841; x_wconf 83' lang='lat' dir='ltr'><strong>festinatio</strong></span> <span class='ocrx_word' id='word_1_30' title='bbox 1351 783 1633 853; x_wconf 85' lang='lat' dir='ltr'><strong>perlatoris</strong></span> <span class='ocrx_word' id='word_1_31' title='bbox 1682 784 1921 853; x_wconf 84' lang='lat' dir='ltr'><strong>urgebat.</strong></span> 
     </span>
    </p>
   </div>
   <div class='ocr_carea' id='block_1_6' title="bbox 338 878 1924 955">
    <p class='ocr_par' dir='ltr' id='par_1_6' title="bbox 338 878 1924 955">
     <span class='ocr_line' id='line_1_6' title="bbox 338 878 1924 955; baseline -0.006 -13"><span class='ocrx_word' id='word_1_32' title='bbox 338 886 443 943; x_wconf 90' lang='lat' dir='ltr'><strong>Sed</strong></span> <span class='ocrx_word' id='word_1_33' title='bbox 473 886 585 940; x_wconf 90' lang='lat' dir='ltr'><strong>Deo</strong></span> <span class='ocrx_word' id='word_1_34' title='bbox 626 884 823 955; x_wconf 80' lang='lat' dir='ltr'><strong>gratias</strong></span> <span class='ocrx_word' id='word_1_35' title='bbox 874 897 1007 953; x_wconf 89' lang='lat' dir='ltr'><strong>ago,</strong></span> <span class='ocrx_word' id='word_1_36' title='bbox 1059 880 1307 951; x_wconf 91' lang='lat' dir='ltr'><strong>quoniam</strong></span> <span class='ocrx_word' id='word_1_37' title='bbox 1355 878 1497 934; x_wconf 90' lang='lat' dir='ltr'><strong>bono</strong></span> <span class='ocrx_word' id='word_1_38' title='bbox 1534 878 1801 933; x_wconf 88' lang='lat' dir='ltr'><strong>desiderio</strong></span> <span class='ocrx_word' id='word_1_39' title='bbox 1832 887 1924 933; x_wconf 92' lang='lat' dir='ltr'><strong>tuo</strong></span> 
     </span>
    </p>
   </div>
   <div class='ocr_carea' id='block_1_7' title="bbox 337 956 1923 1051">
    <p class='ocr_par' dir='ltr' id='par_1_7' title="bbox 337 956 1923 1051">
     <span class='ocr_line' id='line_1_7' title="bbox 337 956 1923 1051; baseline -0.006 -18"><span class='ocrx_word' id='word_1_40' title='bbox 337 956 794 1051; x_wconf 68' lang='lat' dir='ltr'><strong>qhalitercumque</strong></span> <span class='ocrx_word' id='word_1_41' title='bbox 836 990 944 1027; x_wconf 88' lang='lat' dir='ltr'><strong>non</strong></span> <span class='ocrx_word' id='word_1_42' title='bbox 988 971 1151 1027; x_wconf 80' lang='lat' dir='ltr'><strong>defui.</strong></span> <span class='ocrx_word' id='word_1_43' title='bbox 1194 972 1418 1040; x_wconf 87' lang='lat' dir='ltr'><strong>Semper</strong></span> <span class='ocrx_word' id='word_1_44' title='bbox 1458 980 1510 1025; x_wconf 88' lang='lat' dir='ltr'><strong>te</strong></span> <span class='ocrx_word' id='word_1_45' title='bbox 1561 969 1923 1023; x_wconf 85' lang='lat' dir='ltr'><strong>misericordia</strong></span> 
     </span>
    </p>
   </div>
   <div class='ocr_carea' id='block_1_8' title="bbox 336 1062 1971 1139">
    <p class='ocr_par' dir='ltr' id='par_1_8' title="bbox 336 1062 1971 1139">
     <span class='ocr_line' id='line_1_8' title="bbox 336 1062 1971 1139; baseline -0.005 -14"><span class='ocrx_word' id='word_1_46' title='bbox 336 1071 433 1125; x_wconf 89' lang='lat' dir='ltr'><strong>Dei</strong></span> <span class='ocrx_word' id='word_1_47' title='bbox 458 1074 719 1139; x_wconf 84' lang='lat' dir='ltr'><strong>protegat,</strong></span> <span class='ocrx_word' id='word_1_48' title='bbox 743 1067 958 1123; x_wconf 91' lang='lat' dir='ltr'><strong>domine</strong></span> <span class='ocrx_word' id='word_1_49' title='bbox 983 1066 1195 1133; x_wconf 79' lang='lat' dir='ltr'><strong>eximie,</strong></span> <span class='ocrx_word' id='word_1_50' title='bbox 1223 1073 1277 1121; x_wconf 90' lang='lat' dir='ltr'><strong>et</strong></span> <span class='ocrx_word' id='word_1_51' title='bbox 1303 1063 1494 1119; x_wconf 91' lang='lat' dir='ltr'><strong>merito</strong></span> <span class='ocrx_word' id='word_1_52' title='bbox 1521 1062 1737 1133; x_wconf 79' lang='lat' dir='ltr'><strong>insignis</strong></span> <span class='ocrx_word' id='word_1_53' title='bbox 1764 1070 1923 1131; x_wconf 87' lang='lat' dir='ltr'><strong>atque</strong></span> <span class='ocrx_word' id='word_1_54' title='bbox 1970 1132 1971 1135; x_wconf 18' lang='grc' dir='ltr'><strong>η</strong></span> 
     </span>
    </p>
   </div>
   <div class='ocr_carea' id='block_1_9' title="bbox 334 1158 1348 1246">
    <p class='ocr_par' dir='ltr' id='par_1_9' title="bbox 334 1158 1348 1246">
     <span class='ocr_line' id='line_1_9' title="bbox 334 1158 1348 1246; baseline -0.008 -30"><span class='ocrx_word' id='word_1_55' title='bbox 334 1160 664 1216; x_wconf 84' lang='lat' dir='ltr'><strong>honorabilis</strong></span> <span class='ocrx_word' id='word_1_56' title='bbox 688 1158 781 1213; x_wconf 84' lang='lat' dir='ltr'><strong>fili.</strong></span> <span class='ocrx_word' id='word_1_57' title='bbox 1295 1174 1348 1246; x_wconf 25' lang='grc' dir='ltr'><strong>,ο</strong></span> 
     </span>
    </p>
   </div>
   <div class='ocr_carea' id='block_1_10' title="bbox 802 1265 1458 1337">
    <p class='ocr_par' dir='ltr' id='par_1_10' title="bbox 802 1265 1458 1337">
     <span class='ocr_line' id='line_1_10' title="bbox 802 1265 1458 1337; baseline -0.005 -14"><span class='ocrx_word' id='word_1_58' title='bbox 802 1267 1135 1324; x_wconf 80' lang='lat' dir='ltr'><strong>EPISTULA</strong></span> <span class='ocrx_word' id='word_1_59' title='bbox 1161 1265 1295 1322; x_wconf 84' lang='lat' dir='ltr'><strong>cxc</strong></span> <span class='ocrx_word' id='word_1_60' title='bbox 1318 1268 1338 1291; x_wconf 66' lang='grc' dir='ltr'><strong><em>ο</em></strong></span> <span class='ocrx_word' id='word_1_61' title='bbox 1359 1267 1458 1337; x_wconf 85' lang='grc' dir='ltr'><strong>(α).</strong></span> 
     </span>
    </p>
   </div>
   <div class='ocr_carea' id='block_1_11' title="bbox 340 1376 1917 1456">
    <p class='ocr_par' dir='ltr' id='par_1_11' title="bbox 340 1376 1917 1456">
     <span class='ocr_line' id='line_1_11' title="bbox 340 1376 1917 1456; baseline -0.007 -16"><span class='ocrx_word' id='word_1_62' title='bbox 340 1384 529 1456; x_wconf 87' lang='lat' dir='ltr'><strong>Optato</strong></span> <span class='ocrx_word' id='word_1_63' title='bbox 567 1382 876 1436; x_wconf 74' lang='lat' dir='ltr'><strong>demonstrat</strong></span> <span class='ocrx_word' id='word_1_64' title='bbox 898 1379 1019 1450; x_wconf 89' lang='lat' dir='ltr'><strong>quid</strong></span> <span class='ocrx_word' id='word_1_65' title='bbox 1044 1379 1106 1432; x_wconf 88' lang='lat' dir='ltr'><strong>de</strong></span> <span class='ocrx_word' id='word_1_66' title='bbox 1148 1378 1331 1432; x_wconf 67' lang='lat' dir='ltr'><strong>animat</strong></span> <span class='ocrx_word' id='word_1_67' title='bbox 1371 1377 1564 1445; x_wconf 76' lang='lat' dir='ltr'><strong>origine</strong></span> <span class='ocrx_word' id='word_1_68' title='bbox 1600 1384 1789 1431; x_wconf 85' lang='lat' dir='ltr'><strong>certum</strong></span> <span class='ocrx_word' id='word_1_69' title='bbox 1831 1376 1917 1443; x_wconf 82' lang='lat' dir='ltr'><strong>sit,</strong></span> 
     </span>
    </p>
   </div>
   <div class='ocr_carea' id='block_1_12' title="bbox 406 1458 1921 1546">
    <p class='ocr_par' dir='ltr' id='par_1_12' title="bbox 406 1458 1921 1546">
     <span class='ocr_line' id='line_1_12' title="bbox 406 1458 1921 1546; baseline -0.006 -17"><span class='ocrx_word' id='word_1_70' title='bbox 406 1474 527 1546; x_wconf 86' lang='lat' dir='ltr'><strong>quid</strong></span> <span class='ocrx_word' id='word_1_71' title='bbox 571 1473 746 1527; x_wconf 85' lang='lat' dir='ltr'><strong>merito</strong></span> <span class='ocrx_word' id='word_1_72' title='bbox 776 1480 978 1525; x_wconf 86' lang='lat' dir='ltr'><strong>vocetur</strong></span> <span class='ocrx_word' id='word_1_73' title='bbox 1016 1470 1067 1523; x_wconf 89' lang='lat' dir='ltr'><strong>in</strong></span> <span class='ocrx_word' id='word_1_74' title='bbox 1093 1469 1332 1532; x_wconf 78' lang='lat' dir='ltr'><strong>dubiant,</strong></span> <span class='ocrx_word' id='word_1_75' title='bbox 1369 1458 1793 1538; x_wconf 63' lang='lat' dir='ltr'><strong>satag&#39;endumque</strong></span> <span class='ocrx_word' id='word_1_76' title='bbox 1816 1483 1921 1521; x_wconf 79' lang='lat' dir='ltr'><strong>esse</strong></span> 
     </span>
    </p>
   </div>
   <div class='ocr_carea' id='block_1_13' title="bbox 406 1560 1918 1636">
    <p class='ocr_par' dir='ltr' id='par_1_13' title="bbox 406 1560 1918 1636">
     <span class='ocr_line' id='line_1_13' title="bbox 406 1560 1918 1636; baseline -0.007 -14"><span class='ocrx_word' id='word_1_77' title='bbox 406 1569 503 1622; x_wconf 88' lang='lat' dir='ltr'><strong>hac</strong></span> <span class='ocrx_word' id='word_1_78' title='bbox 522 1566 576 1620; x_wconf 91' lang='lat' dir='ltr'><strong>in</strong></span> <span class='ocrx_word' id='word_1_79' title='bbox 598 1565 872 1636; x_wconf 65' lang='lat' dir='ltr'><strong>quastione</strong></span> <span class='ocrx_word' id='word_1_80' title='bbox 898 1572 952 1617; x_wconf 87' lang='lat' dir='ltr'><strong>ut</strong></span> <span class='ocrx_word' id='word_1_81' title='bbox 970 1563 1197 1616; x_wconf 78' lang='lat' dir='ltr'><strong>salva&#39;sit</strong></span> <span class='ocrx_word' id='word_1_82' title='bbox 1228 1561 1477 1631; x_wconf 79' lang='lat' dir='ltr'><strong>imprimis</strong></span> <span class='ocrx_word' id='word_1_83' title='bbox 1502 1560 1647 1628; x_wconf 83' lang='lat' dir='ltr'><strong>ﬁdes,</strong></span> <span class='ocrx_word' id='word_1_84' title='bbox 1672 1578 1771 1629; x_wconf 86' lang='lat' dir='ltr'><strong>qua</strong></span> <span class='ocrx_word' id='word_1_85' title='bbox 1805 1576 1918 1613; x_wconf 85' lang='lat' dir='ltr'><strong>cre-</strong></span> 
     </span>
    </p>
   </div>
   <div class='ocr_carea' id='block_1_14' title="bbox 402 1651 1917 1712">
    <p class='ocr_par' dir='ltr' id='par_1_14' title="bbox 402 1651 1917 1712">
     <span class='ocr_line' id='line_1_14' title="bbox 402 1651 1917 1712; baseline -0.007 0"><span class='ocrx_word' id='word_1_86' title='bbox 402 1659 574 1712; x_wconf 79' lang='lat' dir='ltr'><strong>dimus</strong></span> <span class='ocrx_word' id='word_1_87' title='bbox 603 1657 848 1711; x_wconf 83' lang='lat' dir='ltr'><strong>neminem</strong></span> <span class='ocrx_word' id='word_1_88' title='bbox 874 1654 1011 1708; x_wconf 87' lang='lat' dir='ltr'><strong>nasci</strong></span> <span class='ocrx_word' id='word_1_89' title='bbox 1039 1670 1100 1708; x_wconf 74' lang='lat' dir='ltr'><strong>ea:</strong></span> <span class='ocrx_word' id='word_1_90' title='bbox 1140 1653 1304 1705; x_wconf 87' lang='lat' dir='ltr'><strong>Adam</strong></span> <span class='ocrx_word' id='word_1_91' title='bbox 1347 1652 1444 1705; x_wconf 86' lang='lat' dir='ltr'><strong>nisi</strong></span> <span class='ocrx_word' id='word_1_92' title='bbox 1480 1652 1675 1704; x_wconf 87' lang='lat' dir='ltr'><strong>vinculo</strong></span> <span class='ocrx_word' id='word_1_93' title='bbox 1701 1651 1917 1703; x_wconf 83' lang='lat' dir='ltr'><strong>damna-</strong></span> 
     </span>
    </p>
   </div>
   <div class='ocr_carea' id='block_1_15' title="bbox 398 1742 1917 1821">
    <p class='ocr_par' dir='ltr' id='par_1_15' title="bbox 398 1742 1917 1821">
     <span class='ocr_line' id='line_1_15' title="bbox 398 1742 1917 1821; baseline -0.007 -16"><span class='ocrx_word' id='word_1_94' title='bbox 398 1750 556 1821; x_wconf 77' lang='lat' dir='ltr'><strong>tionis</strong></span> <span class='ocrx_word' id='word_1_95' title='bbox 581 1747 892 1813; x_wconf 81' lang='lat' dir='ltr'><strong>obstrictum,</strong></span> <span class='ocrx_word' id='word_1_96' title='bbox 942 1747 1282 1814; x_wconf 83' lang='lat' dir='ltr'><strong>neminemque</strong></span> <span class='ocrx_word' id='word_1_97' title='bbox 1309 1744 1426 1797; x_wconf 88' lang='lat' dir='ltr'><strong>inde</strong></span> <span class='ocrx_word' id='word_1_98' title='bbox 1453 1742 1653 1796; x_wconf 86' lang='lat' dir='ltr'><strong>liberari</strong></span> <span class='ocrx_word' id='word_1_99' title='bbox 1695 1742 1791 1797; x_wconf 85' lang='lat' dir='ltr'><strong>nisi</strong></span> <span class='ocrx_word' id='word_1_100' title='bbox 1834 1758 1917 1796; x_wconf 86' lang='lat' dir='ltr'><strong>re-</strong></span> 
     </span>
    </p>
   </div>
   <div class='ocr_carea' id='block_1_16' title="bbox 405 1837 1066 1910">
    <p class='ocr_par' dir='ltr' id='par_1_16' title="bbox 405 1837 1066 1910">
     <span class='ocr_line' id='line_1_16' title="bbox 405 1837 1066 1910; baseline -0.008 -15"><span class='ocrx_word' id='word_1_101' title='bbox 405 1839 659 1896; x_wconf 80' lang='lat' dir='ltr'><strong>nascendo</strong></span> <span class='ocrx_word' id='word_1_102' title='bbox 684 1855 773 1910; x_wconf 82' lang='lat' dir='ltr'><strong>per</strong></span> <span class='ocrx_word' id='word_1_103' title='bbox 791 1837 1066 1892; x_wconf 79' lang='lat' dir='ltr'><strong>Christum.</strong></span> 
     </span>
    </p>
   </div>
   <div class='ocr_carea' id='block_1_17' title="bbox 335 1946 1915 2019">
    <p class='ocr_par' dir='ltr' id='par_1_17' title="bbox 335 1946 1915 2019">
     <span class='ocr_line' id='line_1_17' title="bbox 335 1946 1915 2019; baseline -0.008 -7"><span class='ocrx_word' id='word_1_104' title='bbox 335 1955 561 2012; x_wconf 91' lang='lat' dir='ltr'><strong>Domino</strong></span> <span class='ocrx_word' id='word_1_105' title='bbox 587 1952 917 2019; x_wconf 85' lang='lat' dir='ltr'><strong>beatissimo,</strong></span> <span class='ocrx_word' id='word_1_106' title='bbox 950 1959 1003 2006; x_wconf 90' lang='lat' dir='ltr'><strong>et</strong></span> <span class='ocrx_word' id='word_1_107' title='bbox 1032 1950 1237 2004; x_wconf 88' lang='lat' dir='ltr'><strong>sincera</strong></span> <span class='ocrx_word' id='word_1_108' title='bbox 1264 1947 1546 2003; x_wconf 89' lang='lat' dir='ltr'><strong>dilectione</strong></span> <span class='ocrx_word' id='word_1_109' title='bbox 1576 1946 1915 2001; x_wconf 89' lang='lat' dir='ltr'><strong>desiderabili</strong></span> 
     </span>
    </p>
   </div>
   <div class='ocr_carea' id='block_1_18' title="bbox 403 2037 1913 2113">
    <p class='ocr_par' dir='ltr' id='par_1_18' title="bbox 403 2037 1913 2113">
     <span class='ocr_line' id='line_1_18' title="bbox 403 2037 1913 2113; baseline -0.006 -13"><span class='ocrx_word' id='word_1_110' title='bbox 403 2044 554 2100; x_wconf 79' lang='lat' dir='ltr'><strong>fratri</strong></span> <span class='ocrx_word' id='word_1_111' title='bbox 587 2054 640 2099; x_wconf 92' lang='lat' dir='ltr'><strong>et</strong></span> <span class='ocrx_word' id='word_1_112' title='bbox 669 2045 984 2113; x_wconf 88' lang='lat' dir='ltr'><strong>coepiscopo</strong></span> <span class='ocrx_word' id='word_1_113' title='bbox 1024 2041 1259 2107; x_wconf 73' lang='grc' dir='ltr'><strong>ΟινιΑτο,</strong></span> <span class='ocrx_word' id='word_1_114' title='bbox 1302 2041 1652 2104; x_wconf 72' lang='lat' dir='ltr'><strong>AUGUSTINUS,</strong></span> <span class='ocrx_word' id='word_1_115' title='bbox 1706 2037 1758 2091; x_wconf 92' lang='lat' dir='ltr'><strong>in</strong></span> <span class='ocrx_word' id='word_1_116' title='bbox 1809 2037 1913 2091; x_wconf 86' lang='lat' dir='ltr'><strong>Do-</strong></span> 
     </span>
    </p>
   </div>
   <div class='ocr_carea' id='block_1_19' title="bbox 403 2140 828 2194">
    <p class='ocr_par' dir='ltr' id='par_1_19' title="bbox 403 2140 828 2194">
     <span class='ocr_line' id='line_1_19' title="bbox 403 2140 828 2194; baseline -0.009 0"><span class='ocrx_word' id='word_1_117' title='bbox 403 2144 552 2194; x_wconf 89' lang='lat' dir='ltr'><strong>mino</strong></span> <span class='ocrx_word' id='word_1_118' title='bbox 581 2140 828 2194; x_wconf 82' lang='lat' dir='ltr'><strong>salutem.</strong></span> 
     </span>
    </p>
   </div>
   <div class='ocr_carea' id='block_1_20' title="bbox 405 2244 1918 2315">
    <p class='ocr_par' dir='ltr' id='par_1_20' title="bbox 405 2244 1918 2315">
     <span class='ocr_line' id='line_1_20' title="bbox 405 2244 1918 2315; baseline -0.005 -8"><span class='ocrx_word' id='word_1_119' title='bbox 405 2250 629 2308; x_wconf 86' lang='lat' dir='ltr'><strong>CAPUT</strong></span> <span class='ocrx_word' id='word_1_120' title='bbox 669 2249 952 2307; x_wconf 77' lang='lat' dir='ltr'><strong>PRIMUM.</strong></span> <span class='ocrx_word' id='word_1_121' title='bbox 988 2279 1059 2291; x_wconf 89' lang='lat'>—</span> <span class='ocrx_word' id='word_1_122' title='bbox 1094 2250 1145 2305; x_wconf 82' lang='grc'><strong>1.</strong></span> <span class='ocrx_word' id='word_1_123' title='bbox 1187 2248 1436 2315; x_wconf 87' lang='lat' dir='ltr'><strong>Quamvis</strong></span> <span class='ocrx_word' id='word_1_124' title='bbox 1475 2255 1577 2301; x_wconf 62' lang='lat' dir='ltr'><strong>tua:</strong></span> <span class='ocrx_word' id='word_1_125' title='bbox 1614 2244 1918 2301; x_wconf 84' lang='lat' dir='ltr'><strong>Sanctitatis</strong></span> 
     </span>
    </p>
   </div>
   <div class='ocr_carea' id='block_1_21' title="bbox 334 2338 1918 2427">
    <p class='ocr_par' dir='ltr' id='par_1_21' title="bbox 334 2338 1918 2427">
     <span class='ocr_line' id='line_1_21' title="bbox 334 2338 1918 2427; baseline -0.005 -30"><span class='ocrx_word' id='word_1_126' title='bbox 334 2344 507 2398; x_wconf 87' lang='lat' dir='ltr'><strong>nullas</strong></span> <span class='ocrx_word' id='word_1_127' title='bbox 541 2343 606 2397; x_wconf 89' lang='lat' dir='ltr'><strong>ad</strong></span> <span class='ocrx_word' id='word_1_128' title='bbox 639 2359 723 2397; x_wconf 90' lang='lat' dir='ltr'><strong>me</strong></span> <span class='ocrx_word' id='word_1_129' title='bbox 767 2344 938 2411; x_wconf 87' lang='lat' dir='ltr'><strong>ipsum</strong></span> <span class='ocrx_word' id='word_1_130' title='bbox 966 2339 1116 2396; x_wconf 86' lang='lat' dir='ltr'><strong>datas</strong></span> <span class='ocrx_word' id='word_1_131' title='bbox 1145 2339 1439 2427; x_wconf 64' lang='lat' dir='ltr'><strong>acceperim</strong></span> <span class='ocrx_word' id='word_1_132' title='bbox 1469 2338 1697 2398; x_wconf 85' lang='lat' dir='ltr'><strong>litteras;</strong></span> <span class='ocrx_word' id='word_1_133' title='bbox 1742 2346 1918 2391; x_wconf 87' lang='lat' dir='ltr'><strong>tamen</strong></span> 
     </span>
    </p>
   </div>
   <div class='ocr_carea' id='block_1_22' title="bbox 334 2426 1916 2504">
    <p class='ocr_par' dir='ltr' id='par_1_22' title="bbox 334 2426 1916 2504">
     <span class='ocr_line' id='line_1_22' title="bbox 334 2426 1916 2504; baseline -0.005 -17"><span class='ocrx_word' id='word_1_134' title='bbox 334 2434 455 2504; x_wconf 89' lang='lat' dir='ltr'><strong>quia</strong></span> <span class='ocrx_word' id='word_1_135' title='bbox 501 2434 601 2487; x_wconf 67' lang='lat' dir='ltr'><strong>illa:</strong></span> <span class='ocrx_word' id='word_1_136' title='bbox 628 2448 758 2502; x_wconf 90' lang='lat' dir='ltr'><strong>quas</strong></span> <span class='ocrx_word' id='word_1_137' title='bbox 786 2430 852 2486; x_wconf 88' lang='lat' dir='ltr'><strong>ad</strong></span> <span class='ocrx_word' id='word_1_138' title='bbox 894 2426 1257 2485; x_wconf 77' lang='lat' dir='ltr'><strong>Mauritaniam</strong></span> <span class='ocrx_word' id='word_1_139' title='bbox 1288 2426 1665 2483; x_wconf 66' lang='lat' dir='ltr'><strong>Cursarienscm</strong></span> <span class='ocrx_word' id='word_1_140' title='bbox 1705 2426 1916 2492; x_wconf 88' lang='lat' dir='ltr'><strong>misisti,</strong></span> 
     </span>
    </p>
   </div>
   <div class='ocr_carea' id='block_1_23' title="bbox 334 2519 1920 2595">
    <p class='ocr_par' dir='ltr' id='par_1_23' title="bbox 334 2519 1920 2595">
     <span class='ocr_line' id='line_1_23' title="bbox 334 2519 1920 2595; baseline -0.006 -14"><span class='ocrx_word' id='word_1_141' title='bbox 334 2540 423 2581; x_wconf 90' lang='lat' dir='ltr'><strong>me</strong></span> <span class='ocrx_word' id='word_1_142' title='bbox 461 2524 601 2595; x_wconf 91' lang='lat' dir='ltr'><strong>apud</strong></span> <span class='ocrx_word' id='word_1_143' title='bbox 638 2523 935 2580; x_wconf 79' lang='lat' dir='ltr'><strong>Caesaream</strong></span> <span class='ocrx_word' id='word_1_144' title='bbox 969 2532 1229 2594; x_wconf 66' lang='lat' dir='ltr'><strong>praesente</strong></span> <span class='ocrx_word' id='word_1_145' title='bbox 1261 2528 1540 2586; x_wconf 85' lang='lat' dir='ltr'><strong>venerunt,</strong></span> <span class='ocrx_word' id='word_1_146' title='bbox 1566 2535 1672 2590; x_wconf 90' lang='lat' dir='ltr'><strong>quo</strong></span> <span class='ocrx_word' id='word_1_147' title='bbox 1699 2535 1796 2573; x_wconf 90' lang='lat' dir='ltr'><strong>nos</strong></span> <span class='ocrx_word' id='word_1_148' title='bbox 1834 2519 1920 2572; x_wconf 88' lang='lat' dir='ltr'><strong>in-</strong></span> 
     </span>
    </p>
   </div>
   <div class='ocr_carea' id='block_1_24' title="bbox 330 2609 1921 2686">
    <p class='ocr_par' dir='ltr' id='par_1_24' title="bbox 330 2609 1921 2686">
     <span class='ocr_line' id='line_1_24' title="bbox 330 2609 1921 2686; baseline -0.003 -17"><span class='ocrx_word' id='word_1_149' title='bbox 330 2615 513 2686; x_wconf 86' lang='lat' dir='ltr'><strong>juncta</strong></span> <span class='ocrx_word' id='word_1_150' title='bbox 569 2616 722 2669; x_wconf 90' lang='lat' dir='ltr'><strong>nobis</strong></span> <span class='ocrx_word' id='word_1_151' title='bbox 767 2630 797 2668; x_wconf 89' lang='lat' dir='ltr'><strong>a</strong></span> <span class='ocrx_word' id='word_1_152' title='bbox 840 2613 1130 2669; x_wconf 90' lang='lat' dir='ltr'><strong>venerabili</strong></span> <span class='ocrx_word' id='word_1_153' title='bbox 1176 2628 1308 2683; x_wconf 89' lang='lat' dir='ltr'><strong>papa</strong></span> <span class='ocrx_word' id='word_1_154' title='bbox 1352 2611 1563 2668; x_wconf 86' lang='lat' dir='ltr'><strong>Zosimo</strong></span> <span class='ocrx_word' id='word_1_155' title='bbox 1615 2609 1921 2680; x_wconf 69' lang='lat' dir='ltr'><strong>apostolica:</strong></span> 
     </span>
    </p>
   </div>
   <div class='ocr_carea' id='block_1_25' title="bbox 334 2700 1921 2776">
    <p class='ocr_par' dir='ltr' id='par_1_25' title="bbox 334 2700 1921 2776">
     <span class='ocr_line' id='line_1_25' title="bbox 334 2700 1921 2776; baseline -0.004 -15"><span class='ocrx_word' id='word_1_156' title='bbox 334 2706 491 2762; x_wconf 83' lang='lat' dir='ltr'><strong>Sedis</strong></span> <span class='ocrx_word' id='word_1_157' title='bbox 520 2708 772 2776; x_wconf 90' lang='lat' dir='ltr'><strong>episc0po</strong></span> <span class='ocrx_word' id='word_1_158' title='bbox 796 2706 1155 2761; x_wconf 85' lang='lat' dir='ltr'><strong>ecclesiastica</strong></span> <span class='ocrx_word' id='word_1_159' title='bbox 1204 2705 1493 2760; x_wconf 85' lang='lat' dir='ltr'><strong>necessitas</strong></span> <span class='ocrx_word' id='word_1_160' title='bbox 1534 2711 1766 2757; x_wconf 89' lang='lat' dir='ltr'><strong>traxerat</strong></span> <span class='ocrx_word' id='word_1_161' title='bbox 1796 2719 1809 2755; x_wconf 92' lang='lat'><strong>:</strong></span> <span class='ocrx_word' id='word_1_162' title='bbox 1842 2700 1921 2756; x_wconf 82' lang='lat' dir='ltr'><strong>fa-</strong></span> 
     </span>
    </p>
   </div>
   <div class='ocr_carea' id='block_1_26' title="bbox 332 2795 1917 2868">
    <p class='ocr_par' dir='ltr' id='par_1_26' title="bbox 332 2795 1917 2868">
     <span class='ocr_line' id='line_1_26' title="bbox 332 2795 1917 2868; baseline -0.003 -16"><span class='ocrx_word' id='word_1_163' title='bbox 332 2807 477 2853; x_wconf 89' lang='lat' dir='ltr'><strong>ctum</strong></span> <span class='ocrx_word' id='word_1_164' title='bbox 506 2807 590 2852; x_wconf 89' lang='lat' dir='ltr'><strong>est</strong></span> <span class='ocrx_word' id='word_1_165' title='bbox 617 2809 675 2852; x_wconf 88' lang='lat' dir='ltr'><strong>ttt</strong></span> <span class='ocrx_word' id='word_1_166' title='bbox 704 2813 765 2852; x_wconf 89' lang='lat' dir='ltr'><strong>ea</strong></span> <span class='ocrx_word' id='word_1_167' title='bbox 792 2813 909 2867; x_wconf 65' lang='lat' dir='ltr'><strong>quae</strong></span> <span class='ocrx_word' id='word_1_168' title='bbox 935 2798 1215 2868; x_wconf 88' lang='lat' dir='ltr'><strong>scripsisti,</strong></span> <span class='ocrx_word' id='word_1_169' title='bbox 1239 2798 1396 2851; x_wconf 90' lang='lat' dir='ltr'><strong>etiam</strong></span> <span class='ocrx_word' id='word_1_170' title='bbox 1428 2795 1540 2866; x_wconf 89' lang='lat' dir='ltr'><strong>ipse</strong></span> <span class='ocrx_word' id='word_1_171' title='bbox 1568 2795 1917 2864; x_wconf 73' lang='lat' dir='ltr'><strong>perlegeram,</strong></span> 
     </span>
    </p>
   </div>
   <div class='ocr_carea' id='block_1_27' title="bbox 336 2886 1919 2958">
    <p class='ocr_par' dir='ltr' id='par_1_27' title="bbox 336 2886 1919 2958">
     <span class='ocr_line' id='line_1_27' title="bbox 336 2886 1919 2958; baseline -0.002 -16"><span class='ocrx_word' id='word_1_172' title='bbox 336 2888 580 2944; x_wconf 86' lang='lat' dir='ltr'><strong>tradente</strong></span> <span class='ocrx_word' id='word_1_173' title='bbox 623 2888 751 2942; x_wconf 92' lang='lat' dir='ltr'><strong>mihi</strong></span> <span class='ocrx_word' id='word_1_174' title='bbox 788 2889 1029 2943; x_wconf 79' lang='lat' dir='ltr'><strong>eamdem</strong></span> <span class='ocrx_word' id='word_1_175' title='bbox 1075 2888 1351 2958; x_wconf 89' lang='lat' dir='ltr'><strong>epistolam</strong></span> <span class='ocrx_word' id='word_1_176' title='bbox 1386 2899 1525 2941; x_wconf 88' lang='lat' dir='ltr'><strong>tuam</strong></span> <span class='ocrx_word' id='word_1_177' title='bbox 1584 2886 1779 2939; x_wconf 85' lang='lat' dir='ltr'><strong>famulo</strong></span> <span class='ocrx_word' id='word_1_178' title='bbox 1827 2886 1919 2940; x_wconf 89' lang='lat' dir='ltr'><strong>Dei</strong></span> 
     </span>
    </p>
   </div>
   <div class='ocr_carea' id='block_1_28' title="bbox 332 2978 1916 3046">
    <p class='ocr_par' dir='ltr' id='par_1_28' title="bbox 332 2978 1916 3046">
     <span class='ocr_line' id='line_1_28' title="bbox 332 2978 1916 3046; baseline -0.004 -10"><span class='ocrx_word' id='word_1_179' title='bbox 332 2990 519 3036; x_wconf 81' lang='lat' dir='ltr'><strong>sancto</strong></span> <span class='ocrx_word' id='word_1_180' title='bbox 548 2982 772 3046; x_wconf 87' lang='lat' dir='ltr'><strong>Renato,</strong></span> <span class='ocrx_word' id='word_1_181' title='bbox 812 2982 863 3036; x_wconf 93' lang='lat' dir='ltr'><strong>in</strong></span> <span class='ocrx_word' id='word_1_182' title='bbox 904 2981 1116 3035; x_wconf 88' lang='lat' dir='ltr'><strong>Christo</strong></span> <span class='ocrx_word' id='word_1_183' title='bbox 1155 2982 1306 3035; x_wconf 87' lang='lat' dir='ltr'><strong>nobis</strong></span> <span class='ocrx_word' id='word_1_184' title='bbox 1357 2981 1520 3034; x_wconf 82' lang='lat' dir='ltr'><strong>fratre</strong></span> <span class='ocrx_word' id='word_1_185' title='bbox 1564 2978 1916 3043; x_wconf 87' lang='lat' dir='ltr'><strong>charissimo;</strong></span> 
     </span>
    </p>
   </div>
   <div class='ocr_carea' id='block_1_29' title="bbox 334 3071 1921 3141">
    <p class='ocr_par' dir='ltr' id='par_1_29' title="bbox 334 3071 1921 3141">
     <span class='ocr_line' id='line_1_29' title="bbox 334 3071 1921 3141; baseline -0.001 -18"><span class='ocrx_word' id='word_1_186' title='bbox 334 3086 442 3141; x_wconf 89' lang='lat' dir='ltr'><strong>quo</strong></span> <span class='ocrx_word' id='word_1_187' title='bbox 468 3083 699 3140; x_wconf 89' lang='lat' dir='ltr'><strong>petente,</strong></span> <span class='ocrx_word' id='word_1_188' title='bbox 733 3081 785 3126; x_wconf 90' lang='lat' dir='ltr'><strong>et</strong></span> <span class='ocrx_word' id='word_1_189' title='bbox 816 3071 942 3124; x_wconf 91' lang='lat' dir='ltr'><strong>mihi</strong></span> <span class='ocrx_word' id='word_1_190' title='bbox 990 3072 1114 3126; x_wconf 90' lang='lat' dir='ltr'><strong>licet</strong></span> <span class='ocrx_word' id='word_1_191' title='bbox 1152 3072 1268 3124; x_wconf 89' lang='lat' dir='ltr'><strong>aliis</strong></span> <span class='ocrx_word' id='word_1_192' title='bbox 1296 3078 1553 3140; x_wconf 79' lang='lat' dir='ltr'><strong>occupato</strong></span> <span class='ocrx_word' id='word_1_193' title='bbox 1578 3071 1921 3124; x_wconf 87' lang='lat' dir='ltr'><strong>vehementer</strong></span> 
     </span>
    </p>
   </div>
   <div class='ocr_carea' id='block_1_30' title="bbox 335 3160 1924 3231">
    <p class='ocr_par' dir='ltr' id='par_1_30' title="bbox 335 3160 1924 3231">
     <span class='ocr_line' id='line_1_30' title="bbox 335 3160 1924 3231; baseline -0.003 -14"><span class='ocrx_word' id='word_1_194' title='bbox 335 3162 587 3228; x_wconf 85' lang='lat' dir='ltr'><strong>instante,</strong></span> <span class='ocrx_word' id='word_1_195' title='bbox 616 3163 681 3221; x_wconf 86' lang='lat' dir='ltr'><strong>ad</strong></span> <span class='ocrx_word' id='word_1_196' title='bbox 710 3178 771 3216; x_wconf 90' lang='lat' dir='ltr'><strong>ca</strong></span> <span class='ocrx_word' id='word_1_197' title='bbox 798 3177 912 3216; x_wconf 90' lang='lat' dir='ltr'><strong>sum</strong></span> <span class='ocrx_word' id='word_1_198' title='bbox 954 3161 1277 3231; x_wconf 77' lang='lat' dir='ltr'><strong>respondere</strong></span> <span class='ocrx_word' id='word_1_199' title='bbox 1316 3161 1642 3231; x_wconf 82' lang='lat' dir='ltr'><strong>compulsus.</strong></span> <span class='ocrx_word' id='word_1_200' title='bbox 1684 3160 1924 3214; x_wconf 73' lang='lat' dir='ltr'><strong>Accessit</strong></span> 
     </span>
    </p>
   </div>
   <div class='ocr_carea' id='block_1_31' title="bbox 335 3251 1920 3308">
    <p class='ocr_par' dir='ltr' id='par_1_31' title="bbox 335 3251 1920 3308">
     <span class='ocr_line' id='line_1_31' title="bbox 335 3251 1920 3308; baseline -0.001 -1"><span class='ocrx_word' id='word_1_201' title='bbox 335 3253 441 3308; x_wconf 91' lang='lat' dir='ltr'><strong>huc</strong></span> <span class='ocrx_word' id='word_1_202' title='bbox 462 3254 620 3307; x_wconf 83' lang='lat' dir='ltr'><strong>ctiam</strong></span> <span class='ocrx_word' id='word_1_203' title='bbox 647 3254 865 3308; x_wconf 84' lang='lat' dir='ltr'><strong>alterius</strong></span> <span class='ocrx_word' id='word_1_204' title='bbox 904 3254 1071 3308; x_wconf 85' lang='lat' dir='ltr'><strong>sancti</strong></span> <span class='ocrx_word' id='word_1_205' title='bbox 1118 3263 1171 3307; x_wconf 92' lang='lat' dir='ltr'><strong>et</strong></span> <span class='ocrx_word' id='word_1_206' title='bbox 1199 3268 1318 3306; x_wconf 89' lang='lat' dir='ltr'><strong>cum</strong></span> <span class='ocrx_word' id='word_1_207' title='bbox 1348 3253 1526 3307; x_wconf 90' lang='lat' dir='ltr'><strong>debito</strong></span> <span class='ocrx_word' id='word_1_208' title='bbox 1570 3251 1771 3306; x_wconf 85' lang='lat' dir='ltr'><strong>honore</strong></span> <span class='ocrx_word' id='word_1_209' title='bbox 1820 3267 1920 3305; x_wconf 87' lang='lat' dir='ltr'><strong>no-</strong></span> 
     </span>
    </p>
   </div>
   <div class='ocr_carea' id='block_1_32' title="bbox 335 3342 1914 3413">
    <p class='ocr_par' dir='ltr' id='par_1_32' title="bbox 335 3342 1914 3413">
     <span class='ocr_line' id='line_1_32' title="bbox 335 3342 1914 3413; baseline -0.003 -14"><span class='ocrx_word' id='word_1_210' title='bbox 335 3345 571 3399; x_wconf 86' lang='lat' dir='ltr'><strong>minandi</strong></span> <span class='ocrx_word' id='word_1_211' title='bbox 603 3344 782 3399; x_wconf 83' lang='lat' dir='ltr'><strong>fratris</strong></span> <span class='ocrx_word' id='word_1_212' title='bbox 813 3344 1000 3409; x_wconf 89' lang='lat' dir='ltr'><strong>nostri,</strong></span> <span class='ocrx_word' id='word_1_213' title='bbox 1038 3354 1091 3398; x_wconf 86' lang='lat' dir='ltr'><strong>et</strong></span> <span class='ocrx_word' id='word_1_214' title='bbox 1114 3353 1369 3413; x_wconf 85' lang='lat' dir='ltr'><strong>quantum</strong></span> <span class='ocrx_word' id='word_1_215' title='bbox 1414 3345 1481 3397; x_wconf 89' lang='lat' dir='ltr'><strong>ab</strong></span> <span class='ocrx_word' id='word_1_216' title='bbox 1525 3343 1614 3397; x_wconf 92' lang='lat' dir='ltr'><strong>illo</strong></span> <span class='ocrx_word' id='word_1_217' title='bbox 1658 3342 1914 3410; x_wconf 87' lang='lat' dir='ltr'><strong>comperi,</strong></span> 
     </span>
    </p>
   </div>
   <div class='ocr_carea' id='block_1_33' title="bbox 336 3433 1922 3505">
    <p class='ocr_par' dir='ltr' id='par_1_33' title="bbox 336 3433 1922 3505">
     <span class='ocr_line' id='line_1_33' title="bbox 336 3433 1922 3505; baseline -0.004 -12"><span class='ocrx_word' id='word_1_218' title='bbox 336 3438 625 3493; x_wconf 84' lang='lat' dir='ltr'><strong>necessarii</strong></span> <span class='ocrx_word' id='word_1_219' title='bbox 655 3438 726 3491; x_wconf 90' lang='lat' dir='ltr'><strong>tui</strong></span> <span class='ocrx_word' id='word_1_220' title='bbox 766 3437 1014 3491; x_wconf 84' lang='lat' dir='ltr'><strong>Muressis</strong></span> <span class='ocrx_word' id='word_1_221' title='bbox 1037 3437 1078 3503; x_wconf 75' lang='grc' dir='ltr'><strong>ί,</strong></span> <span class='ocrx_word' id='word_1_222' title='bbox 1105 3452 1226 3491; x_wconf 91' lang='lat' dir='ltr'><strong>cum</strong></span> <span class='ocrx_word' id='word_1_223' title='bbox 1272 3436 1326 3489; x_wconf 88' lang='lat' dir='ltr'><strong>in</strong></span> <span class='ocrx_word' id='word_1_224' title='bbox 1370 3451 1527 3505; x_wconf 81' lang='lat' dir='ltr'><strong>snpra</strong></span> <span class='ocrx_word' id='word_1_225' title='bbox 1556 3436 1697 3488; x_wconf 92' lang='lat' dir='ltr'><strong>dicto</strong></span> <span class='ocrx_word' id='word_1_226' title='bbox 1726 3433 1922 3504; x_wconf 90' lang='lat' dir='ltr'><strong>oppido</strong></span> 
     </span>
    </p>
   </div>
   <div class='ocr_carea' id='block_1_34' title="bbox 335 3523 1923 3597">
    <p class='ocr_par' dir='ltr' id='par_1_34' title="bbox 335 3523 1923 3597">
     <span class='ocr_line' id='line_1_34' title="bbox 335 3523 1923 3597; baseline -0.004 -15"><span class='ocrx_word' id='word_1_227' title='bbox 335 3542 749 3590; x_wconf 81' lang='lat' dir='ltr'><strong>remoraremur,</strong></span> <span class='ocrx_word' id='word_1_228' title='bbox 794 3528 1083 3593; x_wconf 88' lang='lat' dir='ltr'><strong>adventus;</strong></span> <span class='ocrx_word' id='word_1_229' title='bbox 1112 3528 1201 3597; x_wconf 92' lang='lat' dir='ltr'><strong>qui</strong></span> <span class='ocrx_word' id='word_1_230' title='bbox 1241 3526 1367 3580; x_wconf 91' lang='lat' dir='ltr'><strong>mihi</strong></span> <span class='ocrx_word' id='word_1_231' title='bbox 1415 3526 1594 3580; x_wconf 90' lang='lat' dir='ltr'><strong>retulit</strong></span> <span class='ocrx_word' id='word_1_232' title='bbox 1621 3526 1779 3579; x_wconf 87' lang='lat' dir='ltr'><strong>etiam</strong></span> <span class='ocrx_word' id='word_1_233' title='bbox 1821 3523 1923 3578; x_wconf 90' lang='lat' dir='ltr'><strong>sibi</strong></span> 
     </span>
    </p>
   </div>
   <div class='ocr_carea' id='block_1_35' title="bbox 336 3615 1923 3693">
    <p class='ocr_par' dir='ltr' id='par_1_35' title="bbox 336 3615 1923 3693">
     <span class='ocr_line' id='line_1_35' title="bbox 336 3615 1923 3693; baseline -0.001 -20"><span class='ocrx_word' id='word_1_234' title='bbox 336 3620 529 3675; x_wconf 90' lang='lat' dir='ltr'><strong>missas</strong></span> <span class='ocrx_word' id='word_1_235' title='bbox 560 3620 626 3675; x_wconf 89' lang='lat' dir='ltr'><strong>de</strong></span> <span class='ocrx_word' id='word_1_236' title='bbox 657 3621 756 3675; x_wconf 92' lang='lat' dir='ltr'><strong>hac</strong></span> <span class='ocrx_word' id='word_1_237' title='bbox 784 3636 843 3674; x_wconf 89' lang='lat' dir='ltr'><strong>re</strong></span> <span class='ocrx_word' id='word_1_238' title='bbox 872 3620 1075 3675; x_wconf 88' lang='lat' dir='ltr'><strong>litteras</strong></span> <span class='ocrx_word' id='word_1_239' title='bbox 1101 3618 1468 3674; x_wconf 83' lang='lat' dir='ltr'><strong>Venerationis</strong></span> <span class='ocrx_word' id='word_1_240' title='bbox 1500 3626 1618 3682; x_wconf 70' lang='lat' dir='ltr'><strong>ture,</strong></span> <span class='ocrx_word' id='word_1_241' title='bbox 1650 3627 1703 3672; x_wconf 93' lang='lat' dir='ltr'><strong>et</strong></span> <span class='ocrx_word' id='word_1_242' title='bbox 1748 3632 1839 3693; x_wconf 80' lang='lat' dir='ltr'><strong>me</strong></span> <span class='ocrx_word' id='word_1_243' title='bbox 1856 3615 1923 3671; x_wconf 90' lang='lat' dir='ltr'><strong>de</strong></span> 
     </span>
    </p>
   </div>
   <div class='ocr_carea' id='block_1_36' title="bbox 337 3696 1917 3782">
    <p class='ocr_par' dir='ltr' id='par_1_36' title="bbox 337 3696 1917 3782">
     <span class='ocr_line' id='line_1_36' title="bbox 337 3696 1917 3782; baseline -0.001 -16"><span class='ocrx_word' id='word_1_244' title='bbox 337 3711 439 3766; x_wconf 86' lang='lat' dir='ltr'><strong>hac</strong></span> <span class='ocrx_word' id='word_1_245' title='bbox 469 3713 580 3782; x_wconf 88' lang='lat' dir='ltr'><strong>ipsa</strong></span> <span class='ocrx_word' id='word_1_246' title='bbox 609 3713 900 3782; x_wconf 71' lang='lat' dir='ltr'><strong>qumstione</strong></span> <span class='ocrx_word' id='word_1_247' title='bbox 919 3713 1202 3779; x_wconf 90' lang='lat' dir='ltr'><strong>consuluit,</strong></span> <span class='ocrx_word' id='word_1_248' title='bbox 1237 3720 1294 3765; x_wconf 92' lang='lat' dir='ltr'><strong>ut</strong></span> <span class='ocrx_word' id='word_1_249' title='bbox 1321 3711 1448 3781; x_wconf 90' lang='lat' dir='ltr'><strong>quid</strong></span> <span class='ocrx_word' id='word_1_250' title='bbox 1492 3711 1614 3766; x_wconf 89' lang='lat' dir='ltr'><strong>inde</strong></span> <span class='ocrx_word' id='word_1_251' title='bbox 1644 3696 1917 3777; x_wconf 87' lang='lat' dir='ltr'><strong>sentirem,</strong></span> 
     </span>
    </p>
   </div>
   <div class='ocr_carea' id='block_1_37' title="bbox 334 3803 1918 3873">
    <p class='ocr_par' dir='ltr' id='par_1_37' title="bbox 334 3803 1918 3873">
     <span class='ocr_line' id='line_1_37' title="bbox 334 3803 1918 3873; baseline -0.001 -14"><span class='ocrx_word' id='word_1_252' title='bbox 334 3805 425 3859; x_wconf 86' lang='lat' dir='ltr'><strong>vel</strong></span> <span class='ocrx_word' id='word_1_253' title='bbox 449 3806 584 3861; x_wconf 88' lang='lat' dir='ltr'><strong>meis</strong></span> <span class='ocrx_word' id='word_1_254' title='bbox 602 3807 683 3861; x_wconf 90' lang='lat' dir='ltr'><strong>vel</strong></span> <span class='ocrx_word' id='word_1_255' title='bbox 705 3806 813 3860; x_wconf 93' lang='lat' dir='ltr'><strong>suis</strong></span> <span class='ocrx_word' id='word_1_256' title='bbox 843 3806 1116 3873; x_wconf 87' lang='lat' dir='ltr'><strong>rescriptis</strong></span> <span class='ocrx_word' id='word_1_257' title='bbox 1157 3804 1221 3859; x_wconf 91' lang='lat' dir='ltr'><strong>ad</strong></span> <span class='ocrx_word' id='word_1_258' title='bbox 1267 3813 1319 3859; x_wconf 92' lang='lat' dir='ltr'><strong>te</strong></span> <span class='ocrx_word' id='word_1_259' title='bbox 1370 3804 1566 3858; x_wconf 84' lang='lat' dir='ltr'><strong>faceret</strong></span> <span class='ocrx_word' id='word_1_260' title='bbox 1594 3803 1872 3873; x_wconf 87' lang='lat' dir='ltr'><strong>pervenire</strong></span> <span class='ocrx_word' id='word_1_261' title='bbox 1904 3821 1918 3857; x_wconf 91' lang='lat'>:</span> 
     </span>
    </p>
   </div>
   <div class='ocr_carea' id='block_1_38' title="bbox 338 3895 1924 3966">
    <p class='ocr_par' dir='ltr' id='par_1_38' title="bbox 338 3895 1924 3966">
     <span class='ocr_line' id='line_1_38' title="bbox 338 3895 1924 3966; baseline -0.002 -15"><span class='ocrx_word' id='word_1_262' title='bbox 338 3895 527 3951; x_wconf 88' lang='lat' dir='ltr'><strong>Utrum</strong></span> <span class='ocrx_word' id='word_1_263' title='bbox 550 3898 752 3952; x_wconf 89' lang='lat' dir='ltr'><strong>scilicet</strong></span> <span class='ocrx_word' id='word_1_264' title='bbox 769 3900 958 3951; x_wconf 77' lang='lat' dir='ltr'><strong>anima:</strong></span> <span class='ocrx_word' id='word_1_265' title='bbox 985 3906 1041 3951; x_wconf 91' lang='lat' dir='ltr'><strong>ut</strong></span> <span class='ocrx_word' id='word_1_266' title='bbox 1060 3912 1283 3966; x_wconf 88' lang='lat' dir='ltr'><strong>corpora</strong></span> <span class='ocrx_word' id='word_1_267' title='bbox 1310 3896 1686 3966; x_wconf 87' lang='lat' dir='ltr'><strong>propagatione</strong></span> <span class='ocrx_word' id='word_1_268' title='bbox 1702 3911 1924 3951; x_wconf 88' lang='lat' dir='ltr'><strong>nascan-</strong></span> 
     </span>
    </p>
   </div>
   <div class='ocr_carea' id='block_1_39' title="bbox 335 3989 1918 4059">
    <p class='ocr_par' dir='ltr' id='par_1_39' title="bbox 335 3989 1918 4059">
     <span class='ocr_line' id='line_1_39' title="bbox 335 3989 1918 4059; baseline 0.001 -16"><span class='ocrx_word' id='word_1_269' title='bbox 335 3998 443 4053; x_wconf 90' lang='lat' dir='ltr'><strong>tur,</strong></span> <span class='ocrx_word' id='word_1_270' title='bbox 477 3991 687 4059; x_wconf 88' lang='lat' dir='ltr'><strong>sintque</strong></span> <span class='ocrx_word' id='word_1_271' title='bbox 711 4005 777 4044; x_wconf 80' lang='lat' dir='ltr'><strong>ex</strong></span> <span class='ocrx_word' id='word_1_272' title='bbox 804 3990 891 4043; x_wconf 87' lang='lat' dir='ltr'><strong>illa</strong></span> <span class='ocrx_word' id='word_1_273' title='bbox 924 4005 1025 4043; x_wconf 89' lang='lat' dir='ltr'><strong>una</strong></span> <span class='ocrx_word' id='word_1_274' title='bbox 1052 4006 1167 4058; x_wconf 67' lang='lat' dir='ltr'><strong>quae</strong></span> <span class='ocrx_word' id='word_1_275' title='bbox 1194 3990 1366 4058; x_wconf 91' lang='lat' dir='ltr'><strong>primo</strong></span> <span class='ocrx_word' id='word_1_276' title='bbox 1388 3989 1587 4042; x_wconf 86' lang='lat' dir='ltr'><strong>homini</strong></span> <span class='ocrx_word' id='word_1_277' title='bbox 1604 3999 1778 4045; x_wconf 89' lang='lat' dir='ltr'><strong>creata</strong></span> <span class='ocrx_word' id='word_1_278' title='bbox 1804 3999 1918 4057; x_wconf 89' lang='lat' dir='ltr'><strong>est;</strong></span> 
     </span>
    </p>
   </div>
   <div class='ocr_carea' id='block_1_40' title="bbox 334 4078 1921 4161">
    <p class='ocr_par' dir='ltr' id='par_1_40' title="bbox 334 4078 1921 4161">
     <span class='ocr_line' id='line_1_40' title="bbox 334 4078 1921 4161; baseline 0.001 -30"><span class='ocrx_word' id='word_1_279' title='bbox 334 4092 404 4132; x_wconf 86' lang='lat' dir='ltr'><strong>an</strong></span> <span class='ocrx_word' id='word_1_280' title='bbox 429 4078 649 4134; x_wconf 87' lang='lat' dir='ltr'><strong>Creator</strong></span> <span class='ocrx_word' id='word_1_281' title='bbox 678 4081 1032 4147; x_wconf 90' lang='lat' dir='ltr'><strong>omnipotens,</strong></span> <span class='ocrx_word' id='word_1_282' title='bbox 1053 4078 1143 4146; x_wconf 89' lang='lat' dir='ltr'><strong>qui</strong></span> <span class='ocrx_word' id='word_1_283' title='bbox 1172 4078 1351 4147; x_wconf 89' lang='lat' dir='ltr'><strong>utique</strong></span> <span class='ocrx_word' id='word_1_284' title='bbox 1376 4094 1543 4147; x_wconf 90' lang='lat' dir='ltr'><strong>usque</strong></span> <span class='ocrx_word' id='word_1_285' title='bbox 1573 4095 1713 4161; x_wconf 77' lang='lat' dir='ltr'><strong>nunc</strong></span> <span class='ocrx_word' id='word_1_286' title='bbox 1735 4096 1921 4149; x_wconf 88' lang='lat' dir='ltr'><strong>opera-</strong></span> 
     </span>
    </p>
   </div>
   <div class='ocr_carea' id='block_1_41' title="bbox 334 4167 1922 4239">
    <p class='ocr_par' dir='ltr' id='par_1_41' title="bbox 334 4167 1922 4239">
     <span class='ocr_line' id='line_1_41' title="bbox 334 4167 1922 4239; baseline 0.002 -17"><span class='ocrx_word' id='word_1_287' title='bbox 334 4178 443 4237; x_wconf 89' lang='lat' dir='ltr'><strong>tur,</strong></span> <span class='ocrx_word' id='word_1_288' title='bbox 466 4171 581 4224; x_wconf 88' lang='lat' dir='ltr'><strong>sine</strong></span> <span class='ocrx_word' id='word_1_289' title='bbox 611 4170 715 4223; x_wconf 88' lang='lat' dir='ltr'><strong>ulia</strong></span> <span class='ocrx_word' id='word_1_290' title='bbox 742 4169 1120 4239; x_wconf 87' lang='lat' dir='ltr'><strong>pr0pagatione</strong></span> <span class='ocrx_word' id='word_1_291' title='bbox 1168 4183 1333 4222; x_wconf 82' lang='lat' dir='ltr'><strong>novas</strong></span> <span class='ocrx_word' id='word_1_292' title='bbox 1360 4167 1521 4223; x_wconf 90' lang='lat' dir='ltr'><strong>faciat</strong></span> <span class='ocrx_word' id='word_1_293' title='bbox 1547 4169 1767 4239; x_wconf 80' lang='lat' dir='ltr'><strong>singulis</strong></span> <span class='ocrx_word' id='word_1_294' title='bbox 1797 4186 1922 4239; x_wconf 88' lang='lat' dir='ltr'><strong>pro-</strong></span> 
     </span>
    </p>
   </div>
   <div class='ocr_carea' id='block_1_42' title="bbox 329 4260 499 4329">
    <p class='ocr_par' dir='ltr' id='par_1_42' title="bbox 329 4260 499 4329">
     <span class='ocr_line' id='line_1_42' title="bbox 329 4260 499 4329; baseline -0.012 -16"><span class='ocrx_word' id='word_1_295' title='bbox 329 4260 499 4329; x_wconf 76' lang='lat' dir='ltr'><strong>prius.</strong></span> 
     </span>
    </p>
   </div>
   <div class='ocr_carea' id='block_1_43' title="bbox 405 4348 1923 4419">
    <p class='ocr_par' dir='ltr' id='par_1_43' title="bbox 405 4348 1923 4419">
     <span class='ocr_line' id='line_1_43' title="bbox 405 4348 1923 4419; baseline 0.001 -16"><span class='ocrx_word' id='word_1_296' title='bbox 405 4350 461 4404; x_wconf 76' lang='lat'><strong>2.</strong></span> <span class='ocrx_word' id='word_1_297' title='bbox 505 4348 580 4404; x_wconf 90' lang='lat' dir='ltr'><strong>De</strong></span> <span class='ocrx_word' id='word_1_298' title='bbox 605 4363 709 4419; x_wconf 87' lang='lat' dir='ltr'><strong>qua</strong></span> <span class='ocrx_word' id='word_1_299' title='bbox 730 4364 789 4405; x_wconf 91' lang='lat' dir='ltr'><strong>re</strong></span> <span class='ocrx_word' id='word_1_300' title='bbox 809 4358 1092 4419; x_wconf 88' lang='lat' dir='ltr'><strong>antequam</strong></span> <span class='ocrx_word' id='word_1_301' title='bbox 1121 4349 1317 4418; x_wconf 85' lang='lat' dir='ltr'><strong>aliquid</strong></span> <span class='ocrx_word' id='word_1_302' title='bbox 1357 4349 1671 4403; x_wconf 84' lang='lat' dir='ltr'><strong>admoneam</strong></span> <span class='ocrx_word' id='word_1_303' title='bbox 1700 4351 1923 4405; x_wconf 90' lang='lat' dir='ltr'><strong>sinceri-</strong></span> 
     </span>
    </p>
   </div>
   <div class='ocr_carea' id='block_1_44' title="bbox 327 4439 1921 4508">
    <p class='ocr_par' dir='ltr' id='par_1_44' title="bbox 327 4439 1921 4508">
     <span class='ocr_line' id='line_1_44' title="bbox 327 4439 1921 4508; baseline -0.001 -13"><span class='ocrx_word' id='word_1_304' title='bbox 327 4448 497 4496; x_wconf 78' lang='lat' dir='ltr'><strong>tatem</strong></span> <span class='ocrx_word' id='word_1_305' title='bbox 533 4447 700 4507; x_wconf 89' lang='lat' dir='ltr'><strong>tuam,</strong></span> <span class='ocrx_word' id='word_1_306' title='bbox 729 4441 865 4494; x_wconf 90' lang='lat' dir='ltr'><strong>scire</strong></span> <span class='ocrx_word' id='word_1_307' title='bbox 893 4449 944 4494; x_wconf 90' lang='lat' dir='ltr'><strong>te</strong></span> <span class='ocrx_word' id='word_1_308' title='bbox 965 4439 1084 4495; x_wconf 92' lang='lat' dir='ltr'><strong>volo</strong></span> <span class='ocrx_word' id='word_1_309' title='bbox 1106 4440 1159 4493; x_wconf 90' lang='lat' dir='ltr'><strong>in</strong></span> <span class='ocrx_word' id='word_1_310' title='bbox 1186 4448 1289 4492; x_wconf 83' lang='lat' dir='ltr'><strong>tam</strong></span> <span class='ocrx_word' id='word_1_311' title='bbox 1309 4440 1487 4494; x_wconf 85' lang='lat' dir='ltr'><strong>multis</strong></span> <span class='ocrx_word' id='word_1_312' title='bbox 1502 4440 1770 4508; x_wconf 85' lang='lat' dir='ltr'><strong>opusculis</strong></span> <span class='ocrx_word' id='word_1_313' title='bbox 1790 4442 1921 4495; x_wconf 87' lang='lat' dir='ltr'><strong>meis</strong></span> 
     </span>
    </p>
   </div>
   <div class='ocr_carea' id='block_1_45' title="bbox 331 4529 1918 4600">
    <p class='ocr_par' dir='ltr' id='par_1_45' title="bbox 331 4529 1918 4600">
     <span class='ocr_line' id='line_1_45' title="bbox 331 4529 1918 4600; baseline 0 -15"><span class='ocrx_word' id='word_1_314' title='bbox 331 4545 605 4598; x_wconf 84' lang='lat' dir='ltr'><strong>nunquam</strong></span> <span class='ocrx_word' id='word_1_315' title='bbox 631 4546 716 4585; x_wconf 89' lang='lat' dir='ltr'><strong>me</strong></span> <span class='ocrx_word' id='word_1_316' title='bbox 737 4529 899 4585; x_wconf 87' lang='lat' dir='ltr'><strong>fuisse</strong></span> <span class='ocrx_word' id='word_1_317' title='bbox 921 4546 1106 4584; x_wconf 91' lang='lat' dir='ltr'><strong>ausum</strong></span> <span class='ocrx_word' id='word_1_318' title='bbox 1129 4531 1194 4584; x_wconf 90' lang='lat' dir='ltr'><strong>de</strong></span> <span class='ocrx_word' id='word_1_319' title='bbox 1217 4530 1316 4584; x_wconf 88' lang='lat' dir='ltr'><strong>hac</strong></span> <span class='ocrx_word' id='word_1_320' title='bbox 1331 4532 1623 4600; x_wconf 57' lang='lat' dir='ltr'><strong>quaestione</strong></span> <span class='ocrx_word' id='word_1_321' title='bbox 1649 4532 1918 4586; x_wconf 80' lang='lat' dir='ltr'><strong>definitam</strong></span> 
     </span>
    </p>
   </div>
   <div class='ocr_carea' id='block_1_46' title="bbox 328 4619 1920 4690">
    <p class='ocr_par' dir='ltr' id='par_1_46' title="bbox 328 4619 1920 4690">
     <span class='ocr_line' id='line_1_46' title="bbox 328 4619 1920 4690; baseline 0.004 -19"><span class='ocrx_word' id='word_1_322' title='bbox 328 4619 574 4690; x_wconf 76' lang='lat' dir='ltr'><strong>proferre</strong></span> <span class='ocrx_word' id='word_1_323' title='bbox 594 4620 928 4685; x_wconf 88' lang='lat' dir='ltr'><strong>sententiam,</strong></span> <span class='ocrx_word' id='word_1_324' title='bbox 956 4629 1011 4674; x_wconf 92' lang='lat' dir='ltr'><strong>et</strong></span> <span class='ocrx_word' id='word_1_325' title='bbox 1034 4619 1370 4690; x_wconf 89' lang='lat' dir='ltr'><strong>impudenter</strong></span> <span class='ocrx_word' id='word_1_326' title='bbox 1392 4622 1589 4674; x_wconf 82' lang='lat' dir='ltr'><strong>referre</strong></span> <span class='ocrx_word' id='word_1_327' title='bbox 1632 4623 1681 4676; x_wconf 95' lang='lat' dir='ltr'><strong>in</strong></span> <span class='ocrx_word' id='word_1_328' title='bbox 1719 4623 1920 4678; x_wconf 89' lang='lat' dir='ltr'><strong>litteras</strong></span> 
     </span>
    </p>
   </div>
   <div class='ocr_carea' id='block_1_47' title="bbox 330 4707 1918 4779">
    <p class='ocr_par' dir='ltr' id='par_1_47' title="bbox 330 4707 1918 4779">
     <span class='ocr_line' id='line_1_47' title="bbox 330 4707 1918 4779; baseline 0.004 -19"><span class='ocrx_word' id='word_1_329' title='bbox 330 4707 402 4761; x_wconf 84' lang='lat' dir='ltr'><strong>ad</strong></span> <span class='ocrx_word' id='word_1_330' title='bbox 425 4709 557 4763; x_wconf 89' lang='lat' dir='ltr'><strong>alios</strong></span> <span class='ocrx_word' id='word_1_331' title='bbox 587 4707 970 4774; x_wconf 82' lang='lat' dir='ltr'><strong>informandus,</strong></span> <span class='ocrx_word' id='word_1_332' title='bbox 999 4710 1140 4779; x_wconf 92' lang='lat' dir='ltr'><strong>quod</strong></span> <span class='ocrx_word' id='word_1_333' title='bbox 1181 4709 1322 4778; x_wconf 89' lang='lat' dir='ltr'><strong>apud</strong></span> <span class='ocrx_word' id='word_1_334' title='bbox 1370 4725 1456 4764; x_wconf 91' lang='lat' dir='ltr'><strong>me</strong></span> <span class='ocrx_word' id='word_1_335' title='bbox 1503 4726 1607 4764; x_wconf 92' lang='lat' dir='ltr'><strong>non</strong></span> <span class='ocrx_word' id='word_1_336' title='bbox 1638 4713 1795 4766; x_wconf 84' lang='lat' dir='ltr'><strong>fuerit</strong></span> <span class='ocrx_word' id='word_1_337' title='bbox 1822 4728 1918 4767; x_wconf 84' lang='lat' dir='ltr'><strong>ex-</strong></span> 
     </span>
    </p>
   </div>
   <div class='ocr_carea' id='block_1_48' title="bbox 332 4797 1919 4871">
    <p class='ocr_par' dir='ltr' id='par_1_48' title="bbox 332 4797 1919 4871">
     <span class='ocr_line' id='line_1_48' title="bbox 332 4797 1919 4871; baseline 0.004 -20"><span class='ocrx_word' id='word_1_338' title='bbox 332 4797 611 4869; x_wconf 79' lang='lat' dir='ltr'><strong>plicatum.</strong></span> <span class='ocrx_word' id='word_1_339' title='bbox 639 4798 872 4865; x_wconf 88' lang='lat' dir='ltr'><strong>Quarum</strong></span> <span class='ocrx_word' id='word_1_340' title='bbox 895 4808 1071 4854; x_wconf 90' lang='lat' dir='ltr'><strong>autem</strong></span> <span class='ocrx_word' id='word_1_341' title='bbox 1099 4815 1277 4855; x_wconf 91' lang='lat' dir='ltr'><strong>rerum</strong></span> <span class='ocrx_word' id='word_1_342' title='bbox 1298 4810 1458 4871; x_wconf 88' lang='lat' dir='ltr'><strong>atque</strong></span> <span class='ocrx_word' id='word_1_343' title='bbox 1483 4816 1761 4856; x_wconf 84' lang='lat' dir='ltr'><strong>causarum</strong></span> <span class='ocrx_word' id='word_1_344' title='bbox 1789 4819 1919 4858; x_wconf 91' lang='lat' dir='ltr'><strong>con-</strong></span> 
     </span>
    </p>
   </div>
   <div class='ocr_carea' id='block_1_49' title="bbox 330 4888 1915 4961">
    <p class='ocr_par' dir='ltr' id='par_1_49' title="bbox 330 4888 1915 4961">
     <span class='ocr_line' id='line_1_49' title="bbox 330 4888 1915 4961; baseline 0.006 -18"><span class='ocrx_word' id='word_1_345' title='bbox 330 4888 657 4945; x_wconf 88' lang='lat' dir='ltr'><strong>sideratione</strong></span> <span class='ocrx_word' id='word_1_346' title='bbox 698 4907 1037 4961; x_wconf 88' lang='lat' dir='ltr'><strong>permovear,</strong></span> <span class='ocrx_word' id='word_1_347' title='bbox 1080 4901 1138 4945; x_wconf 92' lang='lat' dir='ltr'><strong>ut</strong></span> <span class='ocrx_word' id='word_1_348' title='bbox 1182 4892 1234 4946; x_wconf 88' lang='lat' dir='ltr'><strong>in</strong></span> <span class='ocrx_word' id='word_1_349' title='bbox 1286 4904 1527 4948; x_wconf 91' lang='lat' dir='ltr'><strong>neutram</strong></span> <span class='ocrx_word' id='word_1_350' title='bbox 1567 4898 1915 4953; x_wconf 89' lang='lat' dir='ltr'><strong>assertionem</strong></span> 
     </span>
    </p>
   </div>
   <div class='ocr_carea' id='block_1_50' title="bbox 330 4980 1917 5057">
    <p class='ocr_par' dir='ltr' id='par_1_50' title="bbox 330 4980 1917 5057">
     <span class='ocr_line' id='line_1_50' title="bbox 330 4980 1917 5057; baseline 0.006 -24"><span class='ocrx_word' id='word_1_351' title='bbox 330 4993 486 5035; x_wconf 88' lang='lat' dir='ltr'><strong>meus</strong></span> <span class='ocrx_word' id='word_1_352' title='bbox 512 4980 797 5036; x_wconf 86' lang='lat' dir='ltr'><strong>inclinetur</strong></span> <span class='ocrx_word' id='word_1_353' title='bbox 819 4996 1093 5047; x_wconf 75' lang='lat' dir='ltr'><strong>assensus,</strong></span> <span class='ocrx_word' id='word_1_354' title='bbox 1127 4983 1219 5037; x_wconf 89' lang='lat' dir='ltr'><strong>sed</strong></span> <span class='ocrx_word' id='word_1_355' title='bbox 1256 4984 1430 5039; x_wconf 91' lang='lat' dir='ltr'><strong>adhuc</strong></span> <span class='ocrx_word' id='word_1_356' title='bbox 1473 4986 1611 5040; x_wconf 89' lang='lat' dir='ltr'><strong>inter</strong></span> <span class='ocrx_word' id='word_1_357' title='bbox 1639 4996 1917 5057; x_wconf 88' lang='lat' dir='ltr'><strong>utramque</strong></span> 
     </span>
    </p>
   </div>
   <div class='ocr_carea' id='block_1_51' title="bbox 331 5068 1914 5145">
    <p class='ocr_par' dir='ltr' id='par_1_51' title="bbox 331 5068 1914 5145">
     <span class='ocr_line' id='line_1_51' title="bbox 331 5068 1914 5145; baseline 0.006 -22"><span class='ocrx_word' id='word_1_358' title='bbox 331 5068 649 5140; x_wconf 73' lang='lat' dir='ltr'><strong>disceptent,</strong></span> <span class='ocrx_word' id='word_1_359' title='bbox 675 5071 833 5126; x_wconf 90' lang='lat' dir='ltr'><strong>nimis</strong></span> <span class='ocrx_word' id='word_1_360' title='bbox 856 5073 1069 5141; x_wconf 88' lang='lat' dir='ltr'><strong>longum</strong></span> <span class='ocrx_word' id='word_1_361' title='bbox 1093 5081 1174 5127; x_wconf 90' lang='lat' dir='ltr'><strong>est</strong></span> <span class='ocrx_word' id='word_1_362' title='bbox 1203 5073 1300 5127; x_wconf 92' lang='lat' dir='ltr'><strong>hac</strong></span> <span class='ocrx_word' id='word_1_363' title='bbox 1327 5075 1550 5143; x_wconf 86' lang='lat' dir='ltr'><strong>epistola</strong></span> <span class='ocrx_word' id='word_1_364' title='bbox 1580 5091 1914 5145; x_wconf 77' lang='lat' dir='ltr'><strong>expromere;</strong></span> 
     </span>
    </p>
   </div>
   <div class='ocr_carea' id='block_1_52' title="bbox 331 5161 1918 5236">
    <p class='ocr_par' dir='ltr' id='par_1_52' title="bbox 331 5161 1918 5236">
     <span class='ocr_line' id='line_1_52' title="bbox 331 5161 1918 5236; baseline 0.005 -21"><span class='ocrx_word' id='word_1_365' title='bbox 331 5172 439 5215; x_wconf 80' lang='lat' dir='ltr'><strong>nec</strong></span> <span class='ocrx_word' id='word_1_366' title='bbox 470 5167 577 5213; x_wconf 82' lang='lat' dir='ltr'><strong>tam</strong></span> <span class='ocrx_word' id='word_1_367' title='bbox 627 5162 1005 5226; x_wconf 78' lang='lat' dir='ltr'><strong>necessarium,</strong></span> <span class='ocrx_word' id='word_1_368' title='bbox 1047 5171 1104 5216; x_wconf 91' lang='lat' dir='ltr'><strong>ut</strong></span> <span class='ocrx_word' id='word_1_369' title='bbox 1139 5161 1241 5216; x_wconf 90' lang='lat' dir='ltr'><strong>hoc</strong></span> <span class='ocrx_word' id='word_1_370' title='bbox 1270 5164 1468 5217; x_wconf 92' lang='lat' dir='ltr'><strong>omisso</strong></span> <span class='ocrx_word' id='word_1_371' title='bbox 1509 5180 1612 5219; x_wconf 88' lang='lat' dir='ltr'><strong>non</strong></span> <span class='ocrx_word' id='word_1_372' title='bbox 1642 5169 1810 5236; x_wconf 89' lang='lat' dir='ltr'><strong>possit</strong></span> <span class='ocrx_word' id='word_1_373' title='bbox 1850 5167 1918 5223; x_wconf 89' lang='lat' dir='ltr'><strong>de</strong></span> 
     </span>
    </p>
   </div>
   <div class='ocr_carea' id='block_1_53' title="bbox 332 5249 1918 5325">
    <p class='ocr_par' dir='ltr' id='par_1_53' title="bbox 332 5249 1918 5325">
     <span class='ocr_line' id='line_1_53' title="bbox 332 5249 1918 5325; baseline 0.007 -21"><span class='ocrx_word' id='word_1_374' title='bbox 332 5249 437 5307; x_wconf 80' lang='lat' dir='ltr'><strong>hac</strong></span> <span class='ocrx_word' id='word_1_375' title='bbox 461 5253 752 5323; x_wconf 58' lang='lat' dir='ltr'><strong>quastione</strong></span> <span class='ocrx_word' id='word_1_376' title='bbox 790 5253 931 5324; x_wconf 89' lang='lat' dir='ltr'><strong>quod</strong></span> <span class='ocrx_word' id='word_1_377' title='bbox 970 5254 1099 5308; x_wconf 87' lang='lat' dir='ltr'><strong>satis</strong></span> <span class='ocrx_word' id='word_1_378' title='bbox 1147 5262 1230 5310; x_wconf 90' lang='lat' dir='ltr'><strong>est</strong></span> <span class='ocrx_word' id='word_1_379' title='bbox 1264 5255 1543 5325; x_wconf 89' lang='lat' dir='ltr'><strong>disputari,</strong></span> <span class='ocrx_word' id='word_1_380' title='bbox 1580 5260 1679 5313; x_wconf 84' lang='lat' dir='ltr'><strong>etsi</strong></span> <span class='ocrx_word' id='word_1_381' title='bbox 1712 5276 1816 5314; x_wconf 91' lang='lat' dir='ltr'><strong>non</strong></span> <span class='ocrx_word' id='word_1_382' title='bbox 1851 5261 1918 5316; x_wconf 90' lang='lat' dir='ltr'><strong>ad</strong></span> 
     </span>
    </p>
   </div>
   <div class='ocr_carea' id='block_1_54' title="bbox 397 5409 1920 5481">
    <p class='ocr_par' dir='ltr' id='par_1_54' title="bbox 397 5409 1920 5481">
     <span class='ocr_line' id='line_1_54' title="bbox 397 5409 1920 5481; baseline 0.006 -24"><span class='ocrx_word' id='word_1_383' title='bbox 397 5409 418 5442; x_wconf 80' lang='grc' dir='ltr'><strong>ι</strong></span> <span class='ocrx_word' id='word_1_384' title='bbox 434 5414 564 5460; x_wconf 88' lang='lat' dir='ltr'><strong>Unus</strong></span> <span class='ocrx_word' id='word_1_385' title='bbox 585 5422 632 5461; x_wconf 90' lang='lat' dir='ltr'><strong>e.</strong></span> <span class='ocrx_word' id='word_1_386' title='bbox 650 5411 942 5481; x_wconf 58' lang='lat' dir='ltr'><strong>t&#39;atic._p_tss.,</strong></span> <span class='ocrx_word' id='word_1_387' title='bbox 968 5410 1249 5481; x_wconf 59' lang='lat' dir='ltr'><strong>Maurensis.</strong></span> <span class='ocrx_word' id='word_1_388' title='bbox 1268 5411 1399 5481; x_wconf 79' lang='lat' dir='ltr'><strong>Alter</strong></span> <span class='ocrx_word' id='word_1_389' title='bbox 1423 5420 1523 5462; x_wconf 84' lang='lat' dir='ltr'><strong>vat.</strong></span> <span class='ocrx_word' id='word_1_390' title='bbox 1550 5419 1602 5464; x_wconf 88' lang='lat' dir='ltr'><strong>et</strong></span> <span class='ocrx_word' id='word_1_391' title='bbox 1622 5414 1781 5466; x_wconf 88' lang='lat' dir='ltr'><strong>Gallic.</strong></span> <span class='ocrx_word' id='word_1_392' title='bbox 1802 5430 1920 5481; x_wconf 84' lang='lat' dir='ltr'><strong>qua-</strong></span> 
     </span>
    </p>
   </div>
   <div class='ocr_carea' id='block_1_55' title="bbox 327 5472 1408 5534">
    <p class='ocr_par' dir='ltr' id='par_1_55' title="bbox 327 5472 1408 5534">
     <span class='ocr_line' id='line_1_55' title="bbox 327 5472 1408 5534; baseline 0.002 -13"><span class='ocrx_word' id='word_1_393' title='bbox 327 5478 464 5531; x_wconf 69' lang='lat' dir='ltr'><strong>tuor,</strong></span> <span class='ocrx_word' id='word_1_394' title='bbox 486 5472 734 5523; x_wconf 75' lang='lat' dir='ltr'><strong>Muremis.</strong></span> <span class='ocrx_word' id='word_1_395' title='bbox 759 5473 846 5522; x_wconf 85' lang='lat' dir='ltr'><strong>Alii</strong></span> <span class='ocrx_word' id='word_1_396' title='bbox 863 5474 960 5523; x_wconf 91' lang='lat' dir='ltr'><strong>duo</strong></span> <span class='ocrx_word' id='word_1_397' title='bbox 979 5472 1160 5534; x_wconf 88' lang='lat' dir='ltr'><strong>Gallic.,</strong></span> <span class='ocrx_word' id='word_1_398' title='bbox 1185 5472 1408 5524; x_wconf 83' lang='lat' dir='ltr'><strong>Murusis.</strong></span> 
     </span>
    </p>
   </div>
   <div class='ocr_carea' id='block_1_56' title="bbox 395 5551 1915 5618">
    <p class='ocr_par' dir='ltr' id='par_1_56' title="bbox 395 5551 1915 5618">
     <span class='ocr_line' id='line_1_56' title="bbox 395 5551 1915 5618; baseline 0.008 -19"><span class='ocrx_word' id='word_1_399' title='bbox 395 5551 417 5569; x_wconf 82' lang='lat'><strong><em>‘</em></strong></span> <span class='ocrx_word' id='word_1_400' title='bbox 451 5554 569 5602; x_wconf 83' lang='lat' dir='ltr'><strong>Huic</strong></span> <span class='ocrx_word' id='word_1_401' title='bbox 591 5552 924 5618; x_wconf 69' lang='lat' dir='ltr'><strong>emaculandtc</strong></span> <span class='ocrx_word' id='word_1_402' title='bbox 935 5554 1135 5618; x_wconf 85' lang='lat' dir='ltr'><strong>adhibiti</strong></span> <span class='ocrx_word' id='word_1_403' title='bbox 1148 5561 1261 5604; x_wconf 89' lang='lat' dir='ltr'><strong>sunt</strong></span> <span class='ocrx_word' id='word_1_404' title='bbox 1281 5569 1330 5618; x_wconf 88' lang='lat' dir='ltr'><strong>a.</strong></span> <span class='ocrx_word' id='word_1_405' title='bbox 1354 5556 1438 5618; x_wconf 88' lang='lat' dir='ltr'><strong>bg.</strong></span> <span class='ocrx_word' id='word_1_406' title='bbox 1463 5556 1531 5605; x_wconf 90' lang='lat' dir='ltr'><strong>bl.</strong></span> <span class='ocrx_word' id='word_1_407' title='bbox 1557 5557 1641 5607; x_wconf 90' lang='lat' dir='ltr'><strong>bn.</strong></span> <span class='ocrx_word' id='word_1_408' title='bbox 1674 5572 1718 5607; x_wconf 92' lang='lat' dir='ltr'><strong>c.</strong></span> <span class='ocrx_word' id='word_1_409' title='bbox 1742 5572 1811 5609; x_wconf 86' lang='lat' dir='ltr'><strong>oc.</strong></span> <span class='ocrx_word' id='word_1_410' title='bbox 1837 5561 1915 5612; x_wconf 91' lang='lat' dir='ltr'><strong>cb.</strong></span> 
     </span>
    </p>
   </div>
   <div class='ocr_carea' id='block_1_57' title="bbox 326 5610 1919 5685">
    <p class='ocr_par' dir='ltr' id='par_1_57' title="bbox 326 5610 1919 5685">
     <span class='ocr_line' id='line_1_57' title="bbox 326 5610 1919 5685; baseline 0.007 -23"><span class='ocrx_word' id='word_1_411' title='bbox 326 5610 386 5662; x_wconf 69' lang='lat'><strong>8.</strong></span> <span class='ocrx_word' id='word_1_412' title='bbox 412 5627 463 5685; x_wconf 83' lang='lat' dir='ltr'><strong>g.</strong></span> <span class='ocrx_word' id='word_1_413' title='bbox 488 5628 570 5685; x_wconf 72' lang='lat' dir='ltr'><strong>gg.</strong></span> <span class='ocrx_word' id='word_1_414' title='bbox 594 5628 811 5685; x_wconf 19' lang='lat' dir='ltr'><strong>gv._n.ir.</strong></span> <span class='ocrx_word' id='word_1_415' title='bbox 832 5630 873 5665; x_wconf 92' lang='lat' dir='ltr'><strong>s.</strong></span> <span class='ocrx_word' id='word_1_416' title='bbox 899 5616 992 5664; x_wconf 91' lang='lat' dir='ltr'><strong>duo</strong></span> <span class='ocrx_word' id='word_1_417' title='bbox 1015 5630 1062 5664; x_wconf 86' lang='lat' dir='ltr'><strong>e.</strong></span> <span class='ocrx_word' id='word_1_418' title='bbox 1087 5616 1183 5665; x_wconf 90' lang='lat' dir='ltr'><strong>duo</strong></span> <span class='ocrx_word' id='word_1_419' title='bbox 1204 5618 1279 5665; x_wconf 89' lang='lat' dir='ltr'><strong>sb.</strong></span> <span class='ocrx_word' id='word_1_420' title='bbox 1305 5610 1461 5667; x_wconf 59' lang='lat' dir='ltr'><strong>duo&#39;t.</strong></span> <span class='ocrx_word' id='word_1_421' title='bbox 1486 5619 1582 5668; x_wconf 90' lang='lat' dir='ltr'><strong>duo</strong></span> <span class='ocrx_word' id='word_1_422' title='bbox 1606 5634 1677 5668; x_wconf 81' lang='lat' dir='ltr'><strong>vc.</strong></span> <span class='ocrx_word' id='word_1_423' title='bbox 1703 5610 1919 5685; x_wconf 83' lang='lat' dir='ltr'><strong>quinque</strong></span> 
     </span>
    </p>
   </div>
   <div class='ocr_carea' id='block_1_58' title="bbox 332 5678 860 5726">
    <p class='ocr_par' dir='ltr' id='par_1_58' title="bbox 332 5678 860 5726">
     <span class='ocr_line' id='line_1_58' title="bbox 332 5678 860 5726; baseline 0.006 -4"><span class='ocrx_word' id='word_1_424' title='bbox 332 5685 383 5723; x_wconf 67' lang='grc' dir='ltr'><strong>η.</strong></span> <span class='ocrx_word' id='word_1_425' title='bbox 406 5683 506 5724; x_wconf 79' lang='lat' dir='ltr'><strong>Am.</strong></span> <span class='ocrx_word' id='word_1_426' title='bbox 533 5678 640 5725; x_wconf 83' lang='lat' dir='ltr'><strong>Bad.</strong></span> <span class='ocrx_word' id='word_1_427' title='bbox 661 5682 732 5725; x_wconf 83' lang='lat' dir='ltr'><strong>Er.</strong></span> <span class='ocrx_word' id='word_1_428' title='bbox 753 5684 860 5726; x_wconf 74' lang='grc' dir='ltr'><strong>ιον.</strong></span> 
     </span>
    </p>
   </div>
   <div class='ocr_carea' id='block_1_59' title="bbox 398 5757 1917 5831">
    <p class='ocr_par' dir='ltr' id='par_1_59' title="bbox 398 5757 1917 5831">
     <span class='ocr_line' id='line_1_59' title="bbox 398 5757 1917 5831; baseline 0.011 -26"><span class='ocrx_word' id='word_1_429' title='bbox 398 5757 473 5831; x_wconf 56' lang='lat' dir='ltr'><strong>te)</strong></span> <span class='ocrx_word' id='word_1_430' title='bbox 506 5758 631 5831; x_wconf 46' lang='lat' dir='ltr'><strong>alias</strong></span> <span class='ocrx_word' id='word_1_431' title='bbox 654 5760 740 5831; x_wconf 63' lang='lat'><strong>157</strong></span> <span class='ocrx_word' id='word_1_432' title='bbox 766 5774 779 5809; x_wconf 85' lang='lat'><strong>:</strong></span> <span class='ocrx_word' id='word_1_433' title='bbox 804 5774 915 5831; x_wconf 75' lang='lat' dir='ltr'><strong>quae</strong></span> <span class='ocrx_word' id='word_1_434' title='bbox 958 5770 1139 5831; x_wconf 57' lang='lat' dir='ltr'><strong>autent</strong></span> <span class='ocrx_word' id='word_1_435' title='bbox 1166 5763 1256 5811; x_wconf 88' lang='grc'><strong>190</strong></span> <span class='ocrx_word' id='word_1_436' title='bbox 1280 5771 1403 5831; x_wconf 77' lang='lat' dir='ltr'><strong>erat,</strong></span> <span class='ocrx_word' id='word_1_437' title='bbox 1417 5777 1552 5831; x_wconf 75' lang='lat' dir='ltr'><strong>pune</strong></span> <span class='ocrx_word' id='word_1_438' title='bbox 1571 5767 1622 5817; x_wconf 88' lang='lat' dir='ltr'><strong>in</strong></span> <span class='ocrx_word' id='word_1_439' title='bbox 1644 5769 1917 5831; x_wconf 79' lang='lat' dir='ltr'><strong>Appendice</strong></span> 
     </span>
    </p>
   </div>
   <div class='ocr_carea' id='block_1_60' title="bbox 327 5824 1459 5886">
    <p class='ocr_par' dir='ltr' id='par_1_60' title="bbox 327 5824 1459 5886">
     <span class='ocr_line' id='line_1_60' title="bbox 327 5824 1459 5886; baseline 0.005 -16"><span class='ocrx_word' id='word_1_440' title='bbox 327 5824 415 5871; x_wconf 71' lang='lat' dir='ltr'><strong>est</strong></span> <span class='ocrx_word' id='word_1_441' title='bbox 438 5824 488 5871; x_wconf 85' lang='lat'><strong>9.</strong></span> <span class='ocrx_word' id='word_1_442' title='bbox 524 5824 702 5885; x_wconf 83' lang='lat' dir='ltr'><strong>Scripta</strong></span> <span class='ocrx_word' id='word_1_443' title='bbox 723 5824 867 5885; x_wconf 84' lang='lat' dir='ltr'><strong>paulo</strong></span> <span class='ocrx_word' id='word_1_444' title='bbox 888 5832 994 5886; x_wconf 83' lang='lat' dir='ltr'><strong>post</strong></span> <span class='ocrx_word' id='word_1_445' title='bbox 1014 5825 1228 5876; x_wconf 84' lang='lat' dir='ltr'><strong>medium</strong></span> <span class='ocrx_word' id='word_1_446' title='bbox 1249 5838 1328 5876; x_wconf 89' lang='lat' dir='ltr'><strong>an.</strong></span> <span class='ocrx_word' id='word_1_447' title='bbox 1352 5826 1459 5876; x_wconf 78' lang='grc'><strong>418.</strong></span> 
     </span>
    </p>
   </div>
   <div class='ocr_carea' id='block_1_61' title="bbox 1545 378 2460 449">
    <p class='ocr_par' dir='ltr' id='par_1_61' title="bbox 1545 378 2460 449">
     <span class='ocr_line' id='line_1_61' title="bbox 1545 378 2460 449; baseline -0.007 0"><span class='ocrx_word' id='word_1_448' title='bbox 1545 382 2024 449; x_wconf 78' lang='lat' dir='ltr'><strong>EPISTULARUM</strong></span> <span class='ocrx_word' id='word_1_449' title='bbox 2059 378 2335 445; x_wconf 78' lang='lat' dir='ltr'><strong>CLASSIS</strong></span> <span class='ocrx_word' id='word_1_450' title='bbox 2369 384 2460 446; x_wconf 75' lang='lat' dir='ltr'><strong>lii.</strong></span> 
     </span>
    </p>
   </div>
   <div class='ocr_carea' id='block_1_62' title="bbox 2039 491 3621 575">
    <p class='ocr_par' dir='ltr' id='par_1_62' title="bbox 2039 491 3621 575">
     <span class='ocr_line' id='line_1_62' title="bbox 2039 491 3621 575; baseline 0.011 -21"><span class='ocrx_word' id='word_1_451' title='bbox 2039 500 2379 557; x_wconf 87' lang='lat' dir='ltr'><strong>auferendam</strong></span> <span class='ocrx_word' id='word_1_452' title='bbox 2400 500 2812 575; x_wconf 85' lang='lat' dir='ltr'><strong>cunctationem,</strong></span> <span class='ocrx_word' id='word_1_453' title='bbox 2854 491 3020 563; x_wconf 32' lang='lat' dir='ltr'><strong>certe-</strong></span> <span class='ocrx_word' id='word_1_454' title='bbox 3040 505 3108 565; x_wconf 89' lang='lat' dir='ltr'><strong>ad</strong></span> <span class='ocrx_word' id='word_1_455' title='bbox 3146 494 3434 569; x_wconf 83' lang='lat' dir='ltr'><strong>cavendam</strong></span> <span class='ocrx_word' id='word_1_456' title='bbox 3460 521 3621 571; x_wconf 81' lang='lat' dir='ltr'><strong>temo-</strong></span> 
     </span>
    </p>
   </div>
   <div class='ocr_carea' id='block_1_63' title="bbox 2034 596 2265 651">
    <p class='ocr_par' dir='ltr' id='par_1_63' title="bbox 2034 596 2265 651">
     <span class='ocr_line' id='line_1_63' title="bbox 2034 596 2265 651; baseline -0.013 0"><span class='ocrx_word' id='word_1_457' title='bbox 2034 596 2265 651; x_wconf 83' lang='lat' dir='ltr'><strong>ritatem.</strong></span> 
     </span>
    </p>
   </div>
   <div class='ocr_carea' id='block_1_64' title="bbox 2103 687 3615 754">
    <p class='ocr_par' dir='ltr' id='par_1_64' title="bbox 2103 687 3615 754">
     <span class='ocr_line' id='line_1_64' title="bbox 2103 687 3615 754; baseline 0.007 -11"><span class='ocrx_word' id='word_1_458' title='bbox 2103 688 2156 743; x_wconf 77' lang='lat'><strong>5.</strong></span> <span class='ocrx_word' id='word_1_459' title='bbox 2198 687 2328 742; x_wconf 84' lang='lat' dir='ltr'><strong>Illud</strong></span> <span class='ocrx_word' id='word_1_460' title='bbox 2353 689 2494 745; x_wconf 89' lang='lat' dir='ltr'><strong>enim</strong></span> <span class='ocrx_word' id='word_1_461' title='bbox 2524 690 2611 746; x_wconf 91' lang='lat' dir='ltr'><strong>ubi</strong></span> <span class='ocrx_word' id='word_1_462' title='bbox 2637 690 2720 746; x_wconf 90' lang='lat' dir='ltr'><strong>vel</strong></span> <span class='ocrx_word' id='word_1_463' title='bbox 2750 692 2980 750; x_wconf 77' lang='lat' dir='ltr'><strong>maxime</strong></span> <span class='ocrx_word' id='word_1_464' title='bbox 3006 692 3138 751; x_wconf 82' lang='lat' dir='ltr'><strong>fides</strong></span> <span class='ocrx_word' id='word_1_465' title='bbox 3168 695 3455 754; x_wconf 88' lang='lat' dir='ltr'><strong>christiana</strong></span> <span class='ocrx_word' id='word_1_466' title='bbox 3486 712 3615 754; x_wconf 90' lang='lat' dir='ltr'><strong>con-</strong></span> 
     </span>
    </p>
   </div>
   <div class='ocr_carea' id='block_1_65' title="bbox 2031 781 3622 858">
    <p class='ocr_par' dir='ltr' id='par_1_65' title="bbox 2031 781 3622 858">
     <span class='ocr_line' id='line_1_65' title="bbox 2031 781 3622 858; baseline 0.006 -22"><span class='ocrx_word' id='word_1_467' title='bbox 2031 781 2188 847; x_wconf 89' lang='lat' dir='ltr'><strong>sistit,</strong></span> <span class='ocrx_word' id='word_1_468' title='bbox 2221 783 2361 852; x_wconf 90' lang='lat' dir='ltr'><strong>quod</strong></span> <span class='ocrx_word' id='word_1_469' title='bbox 2397 783 2498 838; x_wconf 89' lang='lat' dir='ltr'><strong>Per</strong></span> <span class='ocrx_word' id='word_1_470' title='bbox 2522 784 2771 839; x_wconf 86' lang='lat' dir='ltr'><strong>hominem</strong></span> <span class='ocrx_word' id='word_1_471' title='bbox 2795 804 2930 841; x_wconf 85' lang='lat' dir='ltr'><strong>mors</strong></span> <span class='ocrx_word' id='word_1_472' title='bbox 2977 798 3023 841; x_wconf 89' lang='lat' dir='ltr'><strong>et</strong></span> <span class='ocrx_word' id='word_1_473' title='bbox 3062 806 3149 858; x_wconf 83' lang='lat' dir='ltr'><strong>per</strong></span> <span class='ocrx_word' id='word_1_474' title='bbox 3174 789 3425 843; x_wconf 86' lang='lat' dir='ltr'><strong>hominem</strong></span> <span class='ocrx_word' id='word_1_475' title='bbox 3450 806 3622 845; x_wconf 85' lang='lat' dir='ltr'><strong>resur-</strong></span> 
     </span>
    </p>
   </div>
   <div class='ocr_carea' id='block_1_66' title="bbox 2029 874 3615 952">
    <p class='ocr_par' dir='ltr' id='par_1_66' title="bbox 2029 874 3615 952">
     <span class='ocr_line' id='line_1_66' title="bbox 2029 874 3615 952; baseline 0.007 -26"><span class='ocrx_word' id='word_1_476' title='bbox 2029 874 2180 927; x_wconf 81' lang='lat' dir='ltr'><strong>rectio</strong></span> <span class='ocrx_word' id='word_1_477' title='bbox 2198 884 2507 929; x_wconf 86' lang='lat' dir='ltr'><strong>mortuorum</strong></span> <span class='ocrx_word' id='word_1_478' title='bbox 2526 877 2684 930; x_wconf 85' lang='lat' dir='ltr'><strong>:sicut</strong></span> <span class='ocrx_word' id='word_1_479' title='bbox 2708 879 2838 931; x_wconf 64' lang='lat' dir='ltr'><strong>enin:</strong></span> <span class='ocrx_word' id='word_1_480' title='bbox 2856 880 2910 933; x_wconf 88' lang='lat' dir='ltr'><strong>in</strong></span> <span class='ocrx_word' id='word_1_481' title='bbox 2935 878 3098 934; x_wconf 82' lang='lat' dir='ltr'><strong>Adam</strong></span> <span class='ocrx_word' id='word_1_482' title='bbox 3122 898 3291 935; x_wconf 83' lang='lat' dir='ltr'><strong>omnes</strong></span> <span class='ocrx_word' id='word_1_483' title='bbox 3313 884 3615 952; x_wconf 88' lang='lat' dir='ltr'><strong>moriuntur,</strong></span> 
     </span>
    </p>
   </div>
   <div class='ocr_carea' id='block_1_67' title="bbox 2028 968 3615 1046">
    <p class='ocr_par' dir='ltr' id='par_1_67' title="bbox 2028 968 3615 1046">
     <span class='ocr_line' id='line_1_67' title="bbox 2028 968 3615 1046; baseline 0.006 -25"><span class='ocrx_word' id='word_1_484' title='bbox 2028 968 2101 1021; x_wconf 89' lang='lat' dir='ltr'><strong>ita</strong></span> <span class='ocrx_word' id='word_1_485' title='bbox 2123 978 2169 1022; x_wconf 86' lang='lat' dir='ltr'><strong>et</strong></span> <span class='ocrx_word' id='word_1_486' title='bbox 2194 970 2245 1022; x_wconf 90' lang='lat' dir='ltr'><strong>in</strong></span> <span class='ocrx_word' id='word_1_487' title='bbox 2271 969 2467 1024; x_wconf 85' lang='lat' dir='ltr'><strong>Christo</strong></span> <span class='ocrx_word' id='word_1_488' title='bbox 2494 988 2662 1025; x_wconf 90' lang='lat' dir='ltr'><strong>omnes</strong></span> <span class='ocrx_word' id='word_1_489' title='bbox 2684 973 3061 1040; x_wconf 80' lang='lat' dir='ltr'><strong>viviﬁcabuntur</strong></span> <span class='ocrx_word' id='word_1_490' title='bbox 3088 973 3131 1044; x_wconf 89' lang='grc' dir='ltr'>(Ι</span> <span class='ocrx_word' id='word_1_491' title='bbox 3148 974 3262 1029; x_wconf 88' lang='lat' dir='ltr'><strong>Cor.</strong></span> <span class='ocrx_word' id='word_1_492' title='bbox 3285 991 3375 1041; x_wconf 81' lang='lat' dir='ltr'><strong>xv,</strong></span> <span class='ocrx_word' id='word_1_493' title='bbox 3392 976 3480 1044; x_wconf 65' lang='lat'><strong>21,</strong></span> <span class='ocrx_word' id='word_1_494' title='bbox 3499 976 3615 1046; x_wconf 72' lang='lat'><strong>22);</strong></span> 
     </span>
    </p>
   </div>
   <div class='ocr_carea' id='block_1_68' title="bbox 2028 1059 3620 1132">
    <p class='ocr_par' dir='ltr' id='par_1_68' title="bbox 2028 1059 3620 1132">
     <span class='ocr_line' id='line_1_68' title="bbox 2028 1059 3620 1132; baseline 0.005 -17"><span class='ocrx_word' id='word_1_495' title='bbox 2028 1069 2076 1115; x_wconf 86' lang='lat' dir='ltr'><strong>el</strong></span> <span class='ocrx_word' id='word_1_496' title='bbox 2106 1062 2245 1130; x_wconf 91' lang='lat' dir='ltr'><strong>quod</strong></span> <span class='ocrx_word' id='word_1_497' title='bbox 2272 1059 2375 1115; x_wconf 88' lang='lat' dir='ltr'><strong>Per</strong></span> <span class='ocrx_word' id='word_1_498' title='bbox 2398 1079 2551 1116; x_wconf 87' lang='lat' dir='ltr'><strong>unum</strong></span> <span class='ocrx_word' id='word_1_499' title='bbox 2568 1063 2815 1117; x_wconf 87' lang='lat' dir='ltr'><strong>hominem</strong></span> <span class='ocrx_word' id='word_1_500' title='bbox 2864 1075 3117 1132; x_wconf 78' lang='lat' dir='ltr'><strong>peccatum</strong></span> <span class='ocrx_word' id='word_1_501' title='bbox 3154 1066 3206 1119; x_wconf 87' lang='lat' dir='ltr'><strong>in</strong></span> <span class='ocrx_word' id='word_1_502' title='bbox 3227 1066 3358 1120; x_wconf 85' lang='lat' dir='ltr'><strong>hunc</strong></span> <span class='ocrx_word' id='word_1_503' title='bbox 3380 1070 3620 1123; x_wconf 86' lang='lat' dir='ltr'><strong>mundum</strong></span> 
     </span>
    </p>
   </div>
   <div class='ocr_carea' id='block_1_69' title="bbox 2028 1151 3618 1223">
    <p class='ocr_par' dir='ltr' id='par_1_69' title="bbox 2028 1151 3618 1223">
     <span class='ocr_line' id='line_1_69' title="bbox 2028 1151 3618 1223; baseline 0.006 -19"><span class='ocrx_word' id='word_1_504' title='bbox 2028 1151 2249 1219; x_wconf 84' lang='lat' dir='ltr'><strong>intravit,</strong></span> <span class='ocrx_word' id='word_1_505' title='bbox 2282 1162 2329 1207; x_wconf 92' lang='lat' dir='ltr'><strong>et</strong></span> <span class='ocrx_word' id='word_1_506' title='bbox 2351 1171 2438 1221; x_wconf 82' lang='lat' dir='ltr'><strong>per</strong></span> <span class='ocrx_word' id='word_1_507' title='bbox 2460 1165 2717 1223; x_wconf 87' lang='lat' dir='ltr'><strong>peccatum</strong></span> <span class='ocrx_word' id='word_1_508' title='bbox 2745 1171 2880 1209; x_wconf 86' lang='lat' dir='ltr'><strong>mors</strong></span> <span class='ocrx_word' id='word_1_509' title='bbox 2913 1172 2930 1209; x_wconf 90' lang='lat'><strong><em>:</em></strong></span> <span class='ocrx_word' id='word_1_510' title='bbox 2955 1167 3000 1210; x_wconf 89' lang='lat' dir='ltr'><strong>et</strong></span> <span class='ocrx_word' id='word_1_511' title='bbox 3020 1158 3092 1210; x_wconf 87' lang='lat' dir='ltr'><strong>ita</strong></span> <span class='ocrx_word' id='word_1_512' title='bbox 3115 1158 3168 1210; x_wconf 90' lang='lat' dir='ltr'><strong>in</strong></span> <span class='ocrx_word' id='word_1_513' title='bbox 3191 1174 3360 1211; x_wconf 84' lang='lat' dir='ltr'><strong>omnes</strong></span> <span class='ocrx_word' id='word_1_514' title='bbox 3392 1159 3618 1215; x_wconf 83' lang='lat' dir='ltr'><strong>homines</strong></span> 
     </span>
    </p>
   </div>
   <div class='ocr_carea' id='block_1_70' title="bbox 2028 1246 3616 1319">
    <p class='ocr_par' dir='ltr' id='par_1_70' title="bbox 2028 1246 3616 1319">
     <span class='ocr_line' id='line_1_70' title="bbox 2028 1246 3616 1319; baseline 0.005 -23"><span class='ocrx_word' id='word_1_515' title='bbox 2028 1261 2163 1297; x_wconf 89' lang='lat' dir='ltr'><strong>mors</strong></span> <span class='ocrx_word' id='word_1_516' title='bbox 2189 1246 2477 1315; x_wconf 82' lang='lat' dir='ltr'><strong>pertransiit</strong></span> <span class='ocrx_word' id='word_1_517' title='bbox 2498 1246 2550 1299; x_wconf 90' lang='lat' dir='ltr'><strong>in</strong></span> <span class='ocrx_word' id='word_1_518' title='bbox 2575 1263 2671 1315; x_wconf 86' lang='lat' dir='ltr'><strong>quo</strong></span> <span class='ocrx_word' id='word_1_519' title='bbox 2696 1263 2865 1301; x_wconf 87' lang='lat' dir='ltr'><strong>omnes</strong></span> <span class='ocrx_word' id='word_1_520' title='bbox 2892 1261 3215 1318; x_wconf 85' lang='lat' dir='ltr'><strong>peccaverunt</strong></span> <span class='ocrx_word' id='word_1_521' title='bbox 3238 1266 3255 1313; x_wconf 88' lang='lat'><strong>,&#39;</strong></span> <span class='ocrx_word' id='word_1_522' title='bbox 3279 1250 3491 1319; x_wconf 85' lang='lat' dir='ltr'><strong>etquod</strong></span> <span class='ocrx_word' id='word_1_523' title='bbox 3518 1250 3616 1304; x_wconf 78' lang='lat' dir='ltr'><strong>Ju-</strong></span> 
     </span>
    </p>
   </div>
   <div class='ocr_carea' id='block_1_71' title="bbox 2028 1336 3621 1411">
    <p class='ocr_par' dir='ltr' id='par_1_71' title="bbox 2028 1336 3621 1411">
     <span class='ocr_line' id='line_1_71' title="bbox 2028 1336 3621 1411; baseline 0.004 -24"><span class='ocrx_word' id='word_1_524' title='bbox 2028 1336 2217 1389; x_wconf 88' lang='lat' dir='ltr'><strong>dicium</strong></span> <span class='ocrx_word' id='word_1_525' title='bbox 2247 1337 2447 1406; x_wconf 84' lang='lat' dir='ltr'><strong>quidem</strong></span> <span class='ocrx_word' id='word_1_526' title='bbox 2474 1354 2537 1391; x_wconf 78' lang='lat' dir='ltr'><strong>ea:</strong></span> <span class='ocrx_word' id='word_1_527' title='bbox 2575 1354 2674 1391; x_wconf 89' lang='lat' dir='ltr'><strong>uno</strong></span> <span class='ocrx_word' id='word_1_528' title='bbox 2703 1339 2756 1391; x_wconf 89' lang='lat' dir='ltr'><strong>in</strong></span> <span class='ocrx_word' id='word_1_529' title='bbox 2800 1340 3263 1394; x_wconf 83' lang='lat' dir='ltr'><strong>condemnationem</strong></span> <span class='ocrx_word' id='word_1_530' title='bbox 3293 1356 3312 1394; x_wconf 89' lang='lat'><em>:</em></span> <span class='ocrx_word' id='word_1_531' title='bbox 3341 1341 3505 1411; x_wconf 90' lang='lat' dir='ltr'><strong>gratia</strong></span> <span class='ocrx_word' id='word_1_532' title='bbox 3529 1357 3621 1394; x_wconf 87' lang='lat' dir='ltr'><strong>au-</strong></span> 
     </span>
    </p>
   </div>
   <div class='ocr_carea' id='block_1_72' title="bbox 2028 1430 3619 1502">
    <p class='ocr_par' dir='ltr' id='par_1_72' title="bbox 2028 1430 3619 1502">
     <span class='ocr_line' id='line_1_72' title="bbox 2028 1430 3619 1502; baseline 0.004 -20"><span class='ocrx_word' id='word_1_533' title='bbox 2028 1437 2125 1483; x_wconf 86' lang='lat' dir='ltr'><strong>tent</strong></span> <span class='ocrx_word' id='word_1_534' title='bbox 2150 1446 2212 1484; x_wconf 78' lang='lat' dir='ltr'><strong>ea:</strong></span> <span class='ocrx_word' id='word_1_535' title='bbox 2240 1430 2413 1485; x_wconf 81' lang='lat' dir='ltr'><strong>multis</strong></span> <span class='ocrx_word' id='word_1_536' title='bbox 2448 1432 2642 1485; x_wconf 84' lang='lat' dir='ltr'><strong>delictis</strong></span> <span class='ocrx_word' id='word_1_537' title='bbox 2688 1432 2739 1484; x_wconf 87' lang='lat' dir='ltr'><strong>in</strong></span> <span class='ocrx_word' id='word_1_538' title='bbox 2772 1433 3191 1502; x_wconf 83' lang='lat' dir='ltr'><strong>justiﬁcationem</strong></span> <span class='ocrx_word' id='word_1_539' title='bbox 3216 1435 3329 1488; x_wconf 75' lang='lat' dir='ltr'><strong>vita:</strong></span> <span class='ocrx_word' id='word_1_540' title='bbox 3346 1449 3366 1498; x_wconf 81' lang='lat'><strong>,°</strong></span> <span class='ocrx_word' id='word_1_541' title='bbox 3395 1442 3449 1488; x_wconf 90' lang='lat' dir='ltr'><strong>et</strong></span> <span class='ocrx_word' id='word_1_542' title='bbox 3477 1432 3619 1502; x_wconf 88' lang='lat' dir='ltr'><strong>quod</strong></span> 
     </span>
    </p>
   </div>
   <div class='ocr_carea' id='block_1_73' title="bbox 2027 1519 3621 1577">
    <p class='ocr_par' dir='ltr' id='par_1_73' title="bbox 2027 1519 3621 1577">
     <span class='ocr_line' id='line_1_73' title="bbox 2027 1519 3621 1577; baseline 0.003 -4"><span class='ocrx_word' id='word_1_543' title='bbox 2027 1519 2132 1574; x_wconf 89' lang='lat' dir='ltr'><strong>Per</strong></span> <span class='ocrx_word' id='word_1_544' title='bbox 2160 1521 2311 1575; x_wconf 86' lang='lat' dir='ltr'><strong>unius</strong></span> <span class='ocrx_word' id='word_1_545' title='bbox 2341 1521 2576 1575; x_wconf 84' lang='lat' dir='ltr'><strong>delictum</strong></span> <span class='ocrx_word' id='word_1_546' title='bbox 2612 1523 2662 1575; x_wconf 91' lang='lat' dir='ltr'><strong>in</strong></span> <span class='ocrx_word' id='word_1_547' title='bbox 2693 1539 2862 1575; x_wconf 87' lang='lat' dir='ltr'><strong>omnes</strong></span> <span class='ocrx_word' id='word_1_548' title='bbox 2885 1523 3110 1577; x_wconf 89' lang='lat' dir='ltr'><strong>homines</strong></span> <span class='ocrx_word' id='word_1_549' title='bbox 3149 1523 3215 1575; x_wconf 91' lang='lat' dir='ltr'><strong>ad</strong></span> <span class='ocrx_word' id='word_1_550' title='bbox 3244 1524 3621 1577; x_wconf 83' lang='lat' dir='ltr'><strong>condemnatio-</strong></span> 
     </span>
    </p>
   </div>
   <div class='ocr_carea' id='block_1_74' title="bbox 2030 1614 3618 1691">
    <p class='ocr_par' dir='ltr' id='par_1_74' title="bbox 2030 1614 3618 1691">
     <span class='ocr_line' id='line_1_74' title="bbox 2030 1614 3618 1691; baseline 0.003 -25"><span class='ocrx_word' id='word_1_551' title='bbox 2030 1629 2164 1681; x_wconf 87' lang='lat' dir='ltr'><strong>nem,</strong></span> <span class='ocrx_word' id='word_1_552' title='bbox 2195 1623 2241 1667; x_wconf 89' lang='lat' dir='ltr'><strong>et</strong></span> <span class='ocrx_word' id='word_1_553' title='bbox 2286 1631 2373 1683; x_wconf 89' lang='lat' dir='ltr'><strong>per</strong></span> <span class='ocrx_word' id='word_1_554' title='bbox 2396 1614 2545 1667; x_wconf 86' lang='lat' dir='ltr'><strong>unius</strong></span> <span class='ocrx_word' id='word_1_555' title='bbox 2573 1615 2991 1685; x_wconf 81' lang='lat' dir='ltr'><strong>justiﬁcationcm</strong></span> <span class='ocrx_word' id='word_1_556' title='bbox 3022 1615 3074 1668; x_wconf 86' lang='lat' dir='ltr'><strong>in</strong></span> <span class='ocrx_word' id='word_1_557' title='bbox 3110 1632 3280 1691; x_wconf 76' lang='lat' dir='ltr'><strong>omnes</strong></span> <span class='ocrx_word' id='word_1_558' title='bbox 3315 1617 3538 1669; x_wconf 87' lang='lat' dir='ltr'><strong>homines</strong></span> <span class='ocrx_word' id='word_1_559' title='bbox 3564 1615 3618 1670; x_wconf 85' lang='lat' dir='ltr'><strong>in</strong></span> 
     </span>
    </p>
   </div>
   <div class='ocr_carea' id='block_1_75' title="bbox 2016 1704 3617 1777">
    <p class='ocr_par' dir='ltr' id='par_1_75' title="bbox 2016 1704 3617 1777">
     <span class='ocr_line' id='line_1_75' title="bbox 2016 1704 3617 1777; baseline 0.002 -20"><span class='ocrx_word' id='word_1_560' title='bbox 2016 1705 2432 1775; x_wconf 81' lang='lat' dir='ltr'><strong>justiﬁcationem</strong></span> <span class='ocrx_word' id='word_1_561' title='bbox 2459 1706 2572 1759; x_wconf 68' lang='lat' dir='ltr'><strong>vita:</strong></span> <span class='ocrx_word' id='word_1_562' title='bbox 2599 1706 2790 1776; x_wconf 84' lang='lat' dir='ltr'><strong>(Rom.</strong></span> <span class='ocrx_word' id='word_1_563' title='bbox 2817 1722 2873 1773; x_wconf 88' lang='lat' dir='ltr'><strong>v,</strong></span> <span class='ocrx_word' id='word_1_564' title='bbox 2917 1704 2986 1759; x_wconf 71' lang='grc' dir='ltr'>η</span> <span class='ocrx_word' id='word_1_565' title='bbox 3006 1748 3021 1773; x_wconf 88' lang='grc'><em>,</em></span> <span class='ocrx_word' id='word_1_566' title='bbox 3051 1706 3117 1761; x_wconf 83' lang='grc'>16</span> <span class='ocrx_word' id='word_1_567' title='bbox 3136 1748 3153 1773; x_wconf 87' lang='grc'>,</span> <span class='ocrx_word' id='word_1_568' title='bbox 3185 1707 3289 1777; x_wconf 84' lang='grc'><strong>18)</strong></span> <span class='ocrx_word' id='word_1_569' title='bbox 3323 1724 3337 1759; x_wconf 89' lang='lat'><strong>:</strong></span> <span class='ocrx_word' id='word_1_570' title='bbox 3366 1717 3420 1762; x_wconf 89' lang='lat' dir='ltr'><strong>et</strong></span> <span class='ocrx_word' id='word_1_571' title='bbox 3445 1708 3488 1761; x_wconf 89' lang='lat' dir='ltr'><strong>si</strong></span> <span class='ocrx_word' id='word_1_572' title='bbox 3514 1721 3617 1777; x_wconf 86' lang='lat' dir='ltr'><strong>qua</strong></span> 
     </span>
    </p>
   </div>
   <div class='ocr_carea' id='block_1_76' title="bbox 2027 1798 3611 1864">
    <p class='ocr_par' dir='ltr' id='par_1_76' title="bbox 2027 1798 3611 1864">
     <span class='ocr_line' id='line_1_76' title="bbox 2027 1798 3611 1864; baseline 0 -13"><span class='ocrx_word' id='word_1_573' title='bbox 2027 1798 2128 1851; x_wconf 88' lang='lat' dir='ltr'><strong>alia</strong></span> <span class='ocrx_word' id='word_1_574' title='bbox 2168 1798 2472 1852; x_wconf 89' lang='lat' dir='ltr'><strong>testimonia</strong></span> <span class='ocrx_word' id='word_1_575' title='bbox 2513 1798 2787 1853; x_wconf 88' lang='lat' dir='ltr'><strong>declarant</strong></span> <span class='ocrx_word' id='word_1_576' title='bbox 2832 1799 3097 1853; x_wconf 89' lang='lat' dir='ltr'><strong>neminem</strong></span> <span class='ocrx_word' id='word_1_577' title='bbox 3139 1799 3282 1852; x_wconf 89' lang='lat' dir='ltr'><strong>nasci</strong></span> <span class='ocrx_word' id='word_1_578' title='bbox 3311 1814 3380 1852; x_wconf 79' lang='lat' dir='ltr'><strong>ex</strong></span> <span class='ocrx_word' id='word_1_579' title='bbox 3419 1798 3611 1864; x_wconf 87' lang='lat' dir='ltr'><strong>Adam,</strong></span> 
     </span>
    </p>
   </div>
   <div class='ocr_carea' id='block_1_77' title="bbox 2015 1888 3613 1953">
    <p class='ocr_par' dir='ltr' id='par_1_77' title="bbox 2015 1888 3613 1953">
     <span class='ocr_line' id='line_1_77' title="bbox 2015 1888 3613 1953; baseline 0 -12"><span class='ocrx_word' id='word_1_580' title='bbox 2015 1888 2131 1950; x_wconf 76' lang='grc' dir='ltr'>,ιιἰεί</span> <span class='ocrx_word' id='word_1_581' title='bbox 2158 1889 2369 1943; x_wconf 90' lang='lat' dir='ltr'><strong>vinculo</strong></span> <span class='ocrx_word' id='word_1_582' title='bbox 2390 1889 2564 1943; x_wconf 89' lang='lat' dir='ltr'><strong>delicti</strong></span> <span class='ocrx_word' id='word_1_583' title='bbox 2595 1897 2647 1943; x_wconf 89' lang='lat' dir='ltr'><strong>et</strong></span> <span class='ocrx_word' id='word_1_584' title='bbox 2676 1889 3029 1943; x_wconf 88' lang='lat' dir='ltr'><strong>damnationis</strong></span> <span class='ocrx_word' id='word_1_585' title='bbox 3058 1889 3389 1953; x_wconf 88' lang='lat' dir='ltr'><strong>obstrictum,</strong></span> <span class='ocrx_word' id='word_1_586' title='bbox 3438 1889 3613 1943; x_wconf 84' lang='lat' dir='ltr'><strong>nemi-</strong></span> 
     </span>
    </p>
   </div>
   <div class='ocr_carea' id='block_1_78' title="bbox 2026 1980 3611 2051">
    <p class='ocr_par' dir='ltr' id='par_1_78' title="bbox 2026 1980 3611 2051">
     <span class='ocr_line' id='line_1_78' title="bbox 2026 1980 3611 2051; baseline 0.001 -18"><span class='ocrx_word' id='word_1_587' title='bbox 2026 1994 2255 2049; x_wconf 87' lang='lat' dir='ltr'><strong>nemque</strong></span> <span class='ocrx_word' id='word_1_588' title='bbox 2283 1980 2404 2035; x_wconf 91' lang='lat' dir='ltr'><strong>inde</strong></span> <span class='ocrx_word' id='word_1_589' title='bbox 2431 1981 2647 2035; x_wconf 90' lang='lat' dir='ltr'><strong>liberari</strong></span> <span class='ocrx_word' id='word_1_590' title='bbox 2676 1982 2775 2035; x_wconf 89' lang='lat' dir='ltr'><strong>nisi</strong></span> <span class='ocrx_word' id='word_1_591' title='bbox 2804 1982 3132 2036; x_wconf 90' lang='lat' dir='ltr'><strong>renascendo</strong></span> <span class='ocrx_word' id='word_1_592' title='bbox 3177 1997 3271 2051; x_wconf 89' lang='lat' dir='ltr'><strong>per</strong></span> <span class='ocrx_word' id='word_1_593' title='bbox 3302 1981 3567 2035; x_wconf 87' lang='lat' dir='ltr'><strong>Christum</strong></span> <span class='ocrx_word' id='word_1_594' title='bbox 3595 1999 3611 2048; x_wconf 89' lang='lat'><strong>;</strong></span> 
     </span>
    </p>
   </div>
   <div class='ocr_carea' id='block_1_79' title="bbox 2026 2072 3605 2142">
    <p class='ocr_par' dir='ltr' id='par_1_79' title="bbox 2026 2072 3605 2142">
     <span class='ocr_line' id='line_1_79' title="bbox 2026 2072 3605 2142; baseline 0.002 -18"><span class='ocrx_word' id='word_1_595' title='bbox 2026 2078 2132 2125; x_wconf 87' lang='lat' dir='ltr'><strong>tam</strong></span> <span class='ocrx_word' id='word_1_596' title='bbox 2161 2072 2471 2127; x_wconf 89' lang='lat' dir='ltr'><strong>inconcusse</strong></span> <span class='ocrx_word' id='word_1_597' title='bbox 2497 2082 2677 2127; x_wconf 90' lang='lat' dir='ltr'><strong>tenere</strong></span> <span class='ocrx_word' id='word_1_598' title='bbox 2701 2074 2977 2140; x_wconf 89' lang='lat' dir='ltr'><strong>debemus,</strong></span> <span class='ocrx_word' id='word_1_599' title='bbox 3010 2083 3066 2127; x_wconf 92' lang='lat' dir='ltr'><strong>ut</strong></span> <span class='ocrx_word' id='word_1_600' title='bbox 3098 2074 3329 2127; x_wconf 90' lang='lat' dir='ltr'><strong>sciamus</strong></span> <span class='ocrx_word' id='word_1_601' title='bbox 3357 2087 3477 2128; x_wconf 90' lang='lat' dir='ltr'><strong>eum</strong></span> <span class='ocrx_word' id='word_1_602' title='bbox 3514 2072 3605 2142; x_wconf 91' lang='lat' dir='ltr'><strong>qui</strong></span> 
     </span>
    </p>
   </div>
   <div class='ocr_carea' id='block_1_80' title="bbox 2027 2159 3614 2233">
    <p class='ocr_par' dir='ltr' id='par_1_80' title="bbox 2027 2159 3614 2233">
     <span class='ocr_line' id='line_1_80' title="bbox 2027 2159 3614 2233; baseline 0.003 -20"><span class='ocrx_word' id='word_1_603' title='bbox 2027 2159 2129 2216; x_wconf 90' lang='lat' dir='ltr'><strong>hoc</strong></span> <span class='ocrx_word' id='word_1_604' title='bbox 2158 2163 2449 2233; x_wconf 90' lang='lat' dir='ltr'><strong>negaverit,</strong></span> <span class='ocrx_word' id='word_1_605' title='bbox 2482 2163 2627 2217; x_wconf 90' lang='lat' dir='ltr'><strong>nullo</strong></span> <span class='ocrx_word' id='word_1_606' title='bbox 2653 2162 2812 2217; x_wconf 90' lang='lat' dir='ltr'><strong>modo</strong></span> <span class='ocrx_word' id='word_1_607' title='bbox 2854 2163 2921 2217; x_wconf 91' lang='lat' dir='ltr'><strong>ad</strong></span> <span class='ocrx_word' id='word_1_608' title='bbox 2957 2160 3151 2217; x_wconf 86' lang='lat' dir='ltr'><strong>Christi</strong></span> <span class='ocrx_word' id='word_1_609' title='bbox 3202 2163 3381 2229; x_wconf 79' lang='lat' dir='ltr'><strong>fidem,</strong></span> <span class='ocrx_word' id='word_1_610' title='bbox 3443 2171 3498 2217; x_wconf 90' lang='lat' dir='ltr'><strong>et</strong></span> <span class='ocrx_word' id='word_1_611' title='bbox 3548 2161 3614 2217; x_wconf 91' lang='lat' dir='ltr'><strong>ad</strong></span> 
     </span>
    </p>
   </div>
   <div class='ocr_carea' id='block_1_81' title="bbox 2027 2252 3613 2323">
    <p class='ocr_par' dir='ltr' id='par_1_81' title="bbox 2027 2252 3613 2323">
     <span class='ocr_line' id='line_1_81' title="bbox 2027 2252 3613 2323; baseline 0 -16"><span class='ocrx_word' id='word_1_612' title='bbox 2027 2267 2144 2307; x_wconf 91' lang='lat' dir='ltr'><strong>eam</strong></span> <span class='ocrx_word' id='word_1_613' title='bbox 2171 2269 2288 2323; x_wconf 84' lang='lat' dir='ltr'><strong>quae</strong></span> <span class='ocrx_word' id='word_1_614' title='bbox 2318 2269 2410 2323; x_wconf 86' lang='lat' dir='ltr'><strong>per</strong></span> <span class='ocrx_word' id='word_1_615' title='bbox 2432 2253 2700 2308; x_wconf 86' lang='lat' dir='ltr'><strong>Christum</strong></span> <span class='ocrx_word' id='word_1_616' title='bbox 2727 2254 2882 2308; x_wconf 89' lang='lat' dir='ltr'><strong>datur</strong></span> <span class='ocrx_word' id='word_1_617' title='bbox 2920 2253 3126 2323; x_wconf 91' lang='lat' dir='ltr'><strong>pusillis</strong></span> <span class='ocrx_word' id='word_1_618' title='bbox 3153 2260 3206 2307; x_wconf 92' lang='lat' dir='ltr'><strong>et</strong></span> <span class='ocrx_word' id='word_1_619' title='bbox 3250 2252 3479 2323; x_wconf 88' lang='lat' dir='ltr'><strong>magnis,</strong></span> <span class='ocrx_word' id='word_1_620' title='bbox 3521 2252 3613 2307; x_wconf 90' lang='lat' dir='ltr'><strong>Dei</strong></span> 
     </span>
    </p>
   </div>
   <div class='ocr_carea' id='block_1_82' title="bbox 2024 2343 3613 2414">
    <p class='ocr_par' dir='ltr' id='par_1_82' title="bbox 2024 2343 3613 2414">
     <span class='ocr_line' id='line_1_82' title="bbox 2024 2343 3613 2414; baseline 0.001 -17"><span class='ocrx_word' id='word_1_621' title='bbox 2024 2346 2247 2414; x_wconf 84' lang='lat' dir='ltr'><strong>gratiam</strong></span> <span class='ocrx_word' id='word_1_622' title='bbox 2277 2346 2565 2414; x_wconf 90' lang='lat' dir='ltr'><strong>pertinere.</strong></span> <span class='ocrx_word' id='word_1_623' title='bbox 2598 2345 2749 2400; x_wconf 89' lang='lat' dir='ltr'><strong>Unde</strong></span> <span class='ocrx_word' id='word_1_624' title='bbox 2776 2345 2821 2399; x_wconf 90' lang='lat' dir='ltr'><strong>si</strong></span> <span class='ocrx_word' id='word_1_625' title='bbox 2860 2345 3008 2413; x_wconf 84' lang='lat' dir='ltr'><strong>origo</strong></span> <span class='ocrx_word' id='word_1_626' title='bbox 3039 2344 3229 2399; x_wconf 70' lang='lat' dir='ltr'><strong>anima:</strong></span> <span class='ocrx_word' id='word_1_627' title='bbox 3256 2345 3437 2411; x_wconf 90' lang='lat' dir='ltr'><strong>lateat,</strong></span> <span class='ocrx_word' id='word_1_628' title='bbox 3487 2343 3613 2399; x_wconf 92' lang='lat' dir='ltr'><strong>dum</strong></span> 
     </span>
    </p>
   </div>
   <div class='ocr_carea' id='block_1_83' title="bbox 2026 2436 3614 2506">
    <p class='ocr_par' dir='ltr' id='par_1_83' title="bbox 2026 2436 3614 2506">
     <span class='ocr_line' id='line_1_83' title="bbox 2026 2436 3614 2506; baseline 0 -17"><span class='ocrx_word' id='word_1_629' title='bbox 2026 2443 2201 2489; x_wconf 87' lang='lat' dir='ltr'><strong>tamen</strong></span> <span class='ocrx_word' id='word_1_630' title='bbox 2234 2436 2529 2505; x_wconf 90' lang='lat' dir='ltr'><strong>redemptio</strong></span> <span class='ocrx_word' id='word_1_631' title='bbox 2559 2437 2776 2502; x_wconf 70' lang='lat' dir='ltr'><strong>clareat,</strong></span> <span class='ocrx_word' id='word_1_632' title='bbox 2812 2436 3102 2506; x_wconf 89' lang='lat' dir='ltr'><strong>periculum</strong></span> <span class='ocrx_word' id='word_1_633' title='bbox 3132 2452 3236 2490; x_wconf 91' lang='lat' dir='ltr'><strong>non</strong></span> <span class='ocrx_word' id='word_1_634' title='bbox 3268 2445 3349 2490; x_wconf 90' lang='lat' dir='ltr'><strong>est</strong></span> <span class='ocrx_word' id='word_1_635' title='bbox 3380 2454 3393 2490; x_wconf 90' lang='lat'>:</span> <span class='ocrx_word' id='word_1_636' title='bbox 3441 2449 3614 2506; x_wconf 87' lang='lat' dir='ltr'><strong>neque</strong></span> 
     </span>
    </p>
   </div>
   <div class='ocr_carea' id='block_1_84' title="bbox 2025 2525 3615 2593">
    <p class='ocr_par' dir='ltr' id='par_1_84' title="bbox 2025 2525 3615 2593">
     <span class='ocr_line' id='line_1_84' title="bbox 2025 2525 3615 2593; baseline -0.001 -12"><span class='ocrx_word' id='word_1_637' title='bbox 2025 2526 2165 2581; x_wconf 88' lang='lat' dir='ltr'><strong>enim</strong></span> <span class='ocrx_word' id='word_1_638' title='bbox 2192 2527 2247 2579; x_wconf 92' lang='lat' dir='ltr'><strong>in</strong></span> <span class='ocrx_word' id='word_1_639' title='bbox 2276 2526 2542 2582; x_wconf 89' lang='lat' dir='ltr'><strong>Christum</strong></span> <span class='ocrx_word' id='word_1_640' title='bbox 2572 2526 2835 2581; x_wconf 90' lang='lat' dir='ltr'><strong>credimus</strong></span> <span class='ocrx_word' id='word_1_641' title='bbox 2869 2536 2926 2580; x_wconf 91' lang='lat' dir='ltr'><strong>ut</strong></span> <span class='ocrx_word' id='word_1_642' title='bbox 2969 2540 3266 2593; x_wconf 86' lang='lat' dir='ltr'><strong>nascamur,</strong></span> <span class='ocrx_word' id='word_1_643' title='bbox 3320 2525 3414 2581; x_wconf 88' lang='lat' dir='ltr'><strong>sed</strong></span> <span class='ocrx_word' id='word_1_644' title='bbox 3446 2535 3502 2580; x_wconf 93' lang='lat' dir='ltr'><strong>ut</strong></span> <span class='ocrx_word' id='word_1_645' title='bbox 3531 2541 3615 2580; x_wconf 89' lang='lat' dir='ltr'><strong>re-</strong></span> 
     </span>
    </p>
   </div>
   <div class='ocr_carea' id='block_1_85' title="bbox 2026 2615 3288 2686">
    <p class='ocr_par' dir='ltr' id='par_1_85' title="bbox 2026 2615 3288 2686">
     <span class='ocr_line' id='line_1_85' title="bbox 2026 2615 3288 2686; baseline -0.002 -15"><span class='ocrx_word' id='word_1_646' title='bbox 2026 2631 2330 2682; x_wconf 86' lang='lat' dir='ltr'><strong>nascamur,</strong></span> <span class='ocrx_word' id='word_1_647' title='bbox 2361 2617 2855 2686; x_wconf 88' lang='lat' dir='ltr'><strong>quomodocumque</strong></span> <span class='ocrx_word' id='word_1_648' title='bbox 2882 2616 2991 2671; x_wconf 89' lang='lat' dir='ltr'><strong>nati</strong></span> <span class='ocrx_word' id='word_1_649' title='bbox 3013 2615 3288 2670; x_wconf 85' lang='lat' dir='ltr'><strong>fuerimus.</strong></span> 
     </span>
    </p>
   </div>
   <div class='ocr_carea' id='block_1_86' title="bbox 2094 2704 3615 2775">
    <p class='ocr_par' dir='ltr' id='par_1_86' title="bbox 2094 2704 3615 2775">
     <span class='ocr_line' id='line_1_86' title="bbox 2094 2704 3615 2775; baseline 0 -15"><span class='ocrx_word' id='word_1_650' title='bbox 2094 2707 2151 2760; x_wconf 77' lang='grc'><strong>4.</strong></span> <span class='ocrx_word' id='word_1_651' title='bbox 2193 2706 2461 2762; x_wconf 86' lang='lat' dir='ltr'><strong>Hactenus</strong></span> <span class='ocrx_word' id='word_1_652' title='bbox 2516 2718 2692 2761; x_wconf 87' lang='lat' dir='ltr'><strong>autem</strong></span> <span class='ocrx_word' id='word_1_653' title='bbox 2740 2706 2964 2760; x_wconf 91' lang='lat' dir='ltr'><strong>dicimus</strong></span> <span class='ocrx_word' id='word_1_654' title='bbox 3007 2706 3121 2760; x_wconf 89' lang='lat' dir='ltr'><strong>sine</strong></span> <span class='ocrx_word' id='word_1_655' title='bbox 3163 2704 3398 2775; x_wconf 89' lang='lat' dir='ltr'><strong>periculo</strong></span> <span class='ocrx_word' id='word_1_656' title='bbox 3449 2705 3615 2760; x_wconf 86' lang='lat' dir='ltr'><strong>latere</strong></span> 
     </span>
    </p>
   </div>
   <div class='ocr_carea' id='block_1_87' title="bbox 2025 2797 3614 2875">
    <p class='ocr_par' dir='ltr' id='par_1_87' title="bbox 2025 2797 3614 2875">
     <span class='ocr_line' id='line_1_87' title="bbox 2025 2797 3614 2875; baseline 0.001 -23"><span class='ocrx_word' id='word_1_657' title='bbox 2025 2797 2216 2852; x_wconf 72' lang='lat' dir='ltr'><strong>animm</strong></span> <span class='ocrx_word' id='word_1_658' title='bbox 2244 2799 2523 2868; x_wconf 82' lang='lat' dir='ltr'><strong>originem,</strong></span> <span class='ocrx_word' id='word_1_659' title='bbox 2558 2808 2615 2853; x_wconf 90' lang='lat' dir='ltr'><strong>ut</strong></span> <span class='ocrx_word' id='word_1_660' title='bbox 2644 2813 2746 2853; x_wconf 91' lang='lat' dir='ltr'><strong>non</strong></span> <span class='ocrx_word' id='word_1_661' title='bbox 2771 2806 2947 2853; x_wconf 89' lang='lat' dir='ltr'><strong>tamen</strong></span> <span class='ocrx_word' id='word_1_662' title='bbox 2974 2814 3092 2853; x_wconf 90' lang='lat' dir='ltr'><strong>eam</strong></span> <span class='ocrx_word' id='word_1_663' title='bbox 3123 2806 3326 2875; x_wconf 85' lang='lat' dir='ltr'><strong>partem</strong></span> <span class='ocrx_word' id='word_1_664' title='bbox 3360 2798 3451 2853; x_wconf 90' lang='lat' dir='ltr'><strong>Dei</strong></span> <span class='ocrx_word' id='word_1_665' title='bbox 3492 2813 3614 2853; x_wconf 88' lang='lat' dir='ltr'><strong>esse</strong></span> 
     </span>
    </p>
   </div>
   <div class='ocr_carea' id='block_1_88' title="bbox 2027 2889 3613 2956">
    <p class='ocr_par' dir='ltr' id='par_1_88' title="bbox 2027 2889 3613 2956">
     <span class='ocr_line' id='line_1_88' title="bbox 2027 2889 3613 2956; baseline 0.001 -13"><span class='ocrx_word' id='word_1_666' title='bbox 2027 2890 2327 2954; x_wconf 86' lang='lat' dir='ltr'><strong>credamus,</strong></span> <span class='ocrx_word' id='word_1_667' title='bbox 2362 2891 2454 2944; x_wconf 89' lang='lat' dir='ltr'><strong>sed</strong></span> <span class='ocrx_word' id='word_1_668' title='bbox 2477 2899 2796 2945; x_wconf 90' lang='lat' dir='ltr'><strong>creaturam.</strong></span> <span class='ocrx_word' id='word_1_669' title='bbox 2823 2890 2933 2944; x_wconf 88' lang='lat' dir='ltr'><strong>Nec</strong></span> <span class='ocrx_word' id='word_1_670' title='bbox 2957 2890 3027 2944; x_wconf 89' lang='lat' dir='ltr'><strong>de</strong></span> <span class='ocrx_word' id='word_1_671' title='bbox 3057 2891 3166 2944; x_wconf 91' lang='lat' dir='ltr'><strong>Deo</strong></span> <span class='ocrx_word' id='word_1_672' title='bbox 3196 2900 3396 2956; x_wconf 88' lang='lat' dir='ltr'><strong>natam,</strong></span> <span class='ocrx_word' id='word_1_673' title='bbox 3423 2890 3516 2944; x_wconf 90' lang='lat' dir='ltr'><strong>sed</strong></span> <span class='ocrx_word' id='word_1_674' title='bbox 3545 2889 3613 2945; x_wconf 92' lang='lat' dir='ltr'><strong>ab</strong></span> 
     </span>
    </p>
   </div>
   <div class='ocr_carea' id='block_1_89' title="bbox 2027 2980 3613 3052">
    <p class='ocr_par' dir='ltr' id='par_1_89' title="bbox 2027 2980 3613 3052">
     <span class='ocr_line' id='line_1_89' title="bbox 2027 2980 3613 3052; baseline -0.001 -16"><span class='ocrx_word' id='word_1_675' title='bbox 2027 2983 2117 3037; x_wconf 90' lang='lat' dir='ltr'><strong>illo</strong></span> <span class='ocrx_word' id='word_1_676' title='bbox 2149 2983 2357 3046; x_wconf 85' lang='lat' dir='ltr'><strong>factam,</strong></span> <span class='ocrx_word' id='word_1_677' title='bbox 2391 2994 2548 3052; x_wconf 89' lang='lat' dir='ltr'><strong>atque</strong></span> <span class='ocrx_word' id='word_1_678' title='bbox 2598 2983 2647 3036; x_wconf 91' lang='lat' dir='ltr'><strong>in</strong></span> <span class='ocrx_word' id='word_1_679' title='bbox 2677 2983 2791 3052; x_wconf 86' lang='lat' dir='ltr'><strong>ejus</strong></span> <span class='ocrx_word' id='word_1_680' title='bbox 2818 2998 2982 3051; x_wconf 83' lang='lat' dir='ltr'><strong>genus</strong></span> <span class='ocrx_word' id='word_1_681' title='bbox 3007 2981 3357 3051; x_wconf 82' lang='lat' dir='ltr'><strong>ad0ptandam</strong></span> <span class='ocrx_word' id='word_1_682' title='bbox 3386 2980 3613 3035; x_wconf 85' lang='lat' dir='ltr'><strong>mirabili</strong></span> 
     </span>
    </p>
   </div>
   <div class='ocr_carea' id='block_1_90' title="bbox 2027 3070 3611 3142">
    <p class='ocr_par' dir='ltr' id='par_1_90' title="bbox 2027 3070 3611 3142">
     <span class='ocr_line' id='line_1_90' title="bbox 2027 3070 3611 3142; baseline -0.001 -17"><span class='ocrx_word' id='word_1_683' title='bbox 2027 3071 2329 3141; x_wconf 82' lang='lat' dir='ltr'><strong>dignatione</strong></span> <span class='ocrx_word' id='word_1_684' title='bbox 2354 3074 2552 3142; x_wconf 66' lang='lat' dir='ltr'><strong>gratiae,</strong></span> <span class='ocrx_word' id='word_1_685' title='bbox 2577 3089 2678 3126; x_wconf 88' lang='lat' dir='ltr'><strong>non</strong></span> <span class='ocrx_word' id='word_1_686' title='bbox 2694 3073 2843 3142; x_wconf 87' lang='lat' dir='ltr'><strong>parili</strong></span> <span class='ocrx_word' id='word_1_687' title='bbox 2864 3071 3115 3141; x_wconf 85' lang='lat' dir='ltr'><strong>dignitate</strong></span> <span class='ocrx_word' id='word_1_688' title='bbox 3136 3080 3354 3125; x_wconf 67' lang='lat' dir='ltr'><strong>naturas.</strong></span> <span class='ocrx_word' id='word_1_689' title='bbox 3371 3070 3478 3125; x_wconf 83' lang='lat' dir='ltr'><strong>Nec</strong></span> <span class='ocrx_word' id='word_1_690' title='bbox 3497 3086 3611 3125; x_wconf 87' lang='lat' dir='ltr'><strong>cam</strong></span> 
     </span>
    </p>
   </div>
   <div class='ocr_carea' id='block_1_91' title="bbox 2026 3160 3615 3231">
    <p class='ocr_par' dir='ltr' id='par_1_91' title="bbox 2026 3160 3615 3231">
     <span class='ocr_line' id='line_1_91' title="bbox 2026 3160 3615 3231; baseline 0.001 -16"><span class='ocrx_word' id='word_1_691' title='bbox 2026 3176 2219 3231; x_wconf 88' lang='lat' dir='ltr'><strong>corpus</strong></span> <span class='ocrx_word' id='word_1_692' title='bbox 2243 3176 2379 3227; x_wconf 86' lang='lat' dir='ltr'><strong>esse,</strong></span> <span class='ocrx_word' id='word_1_693' title='bbox 2409 3163 2500 3217; x_wconf 90' lang='lat' dir='ltr'><strong>sed</strong></span> <span class='ocrx_word' id='word_1_694' title='bbox 2532 3163 2804 3231; x_wconf 87' lang='lat' dir='ltr'><strong>spiritum;</strong></span> <span class='ocrx_word' id='word_1_695' title='bbox 2839 3178 2941 3216; x_wconf 90' lang='lat' dir='ltr'><strong>non</strong></span> <span class='ocrx_word' id='word_1_696' title='bbox 2964 3160 3269 3217; x_wconf 88' lang='lat' dir='ltr'><strong>Creatorem</strong></span> <span class='ocrx_word' id='word_1_697' title='bbox 3295 3162 3496 3231; x_wconf 85' lang='lat' dir='ltr'><strong>utique,</strong></span> <span class='ocrx_word' id='word_1_698' title='bbox 3521 3160 3615 3216; x_wconf 90' lang='lat' dir='ltr'><strong>scd</strong></span> 
     </span>
    </p>
   </div>
   <div class='ocr_carea' id='block_1_92' title="bbox 2026 3251 3616 3323">
    <p class='ocr_par' dir='ltr' id='par_1_92' title="bbox 2026 3251 3616 3323">
     <span class='ocr_line' id='line_1_92' title="bbox 2026 3251 3616 3323; baseline -0.001 -16"><span class='ocrx_word' id='word_1_699' title='bbox 2026 3262 2283 3307; x_wconf 87' lang='lat' dir='ltr'><strong>creatum.</strong></span> <span class='ocrx_word' id='word_1_700' title='bbox 2312 3253 2420 3307; x_wconf 86' lang='lat' dir='ltr'><strong>Nec</strong></span> <span class='ocrx_word' id='word_1_701' title='bbox 2456 3254 2574 3308; x_wconf 91' lang='lat' dir='ltr'><strong>ideo</strong></span> <span class='ocrx_word' id='word_1_702' title='bbox 2610 3254 2819 3308; x_wconf 85' lang='lat' dir='ltr'><strong>venisse</strong></span> <span class='ocrx_word' id='word_1_703' title='bbox 2847 3253 2899 3306; x_wconf 94' lang='lat' dir='ltr'><strong>in</strong></span> <span class='ocrx_word' id='word_1_704' title='bbox 2926 3252 3028 3307; x_wconf 91' lang='lat' dir='ltr'><strong>hoc</strong></span> <span class='ocrx_word' id='word_1_705' title='bbox 3053 3267 3247 3322; x_wconf 88' lang='lat' dir='ltr'><strong>corpus</strong></span> <span class='ocrx_word' id='word_1_706' title='bbox 3275 3251 3616 3323; x_wconf 88' lang='lat' dir='ltr'><strong>corruptibile</strong></span> 
     </span>
    </p>
   </div>
   <div class='ocr_carea' id='block_1_93' title="bbox 2027 3341 3616 3413">
    <p class='ocr_par' dir='ltr' id='par_1_93' title="bbox 2027 3341 3616 3413">
     <span class='ocr_line' id='line_1_93' title="bbox 2027 3341 3616 3413; baseline 0.001 -17"><span class='ocrx_word' id='word_1_707' title='bbox 2027 3357 2133 3411; x_wconf 90' lang='lat' dir='ltr'><strong>quo</strong></span> <span class='ocrx_word' id='word_1_708' title='bbox 2158 3350 2425 3413; x_wconf 82' lang='lat' dir='ltr'><strong>gravatur,</strong></span> <span class='ocrx_word' id='word_1_709' title='bbox 2459 3343 2601 3412; x_wconf 90' lang='lat' dir='ltr'><strong>quod</strong></span> <span class='ocrx_word' id='word_1_710' title='bbox 2628 3343 2692 3397; x_wconf 92' lang='lat' dir='ltr'><strong>ad</strong></span> <span class='ocrx_word' id='word_1_711' title='bbox 2722 3342 2849 3396; x_wconf 92' lang='lat' dir='ltr'><strong>illud</strong></span> <span class='ocrx_word' id='word_1_712' title='bbox 2891 3358 3006 3397; x_wconf 81' lang='lat' dir='ltr'><strong>eam</strong></span> <span class='ocrx_word' id='word_1_713' title='bbox 3038 3343 3158 3397; x_wconf 72' lang='lat' dir='ltr'><strong>vitae</strong></span> <span class='ocrx_word' id='word_1_714' title='bbox 3208 3343 3261 3396; x_wconf 91' lang='lat' dir='ltr'><strong>in</strong></span> <span class='ocrx_word' id='word_1_715' title='bbox 3310 3341 3616 3397; x_wconf 74' lang='lat' dir='ltr'><strong>ctelestibus</strong></span> 
     </span>
    </p>
   </div>
   <div class='ocr_carea' id='block_1_94' title="bbox 2026 3432 3616 3504">
    <p class='ocr_par' dir='ltr' id='par_1_94' title="bbox 2026 3432 3616 3504">
     <span class='ocr_line' id='line_1_94' title="bbox 2026 3432 3616 3504; baseline -0.001 -16"><span class='ocrx_word' id='word_1_716' title='bbox 2026 3433 2110 3488; x_wconf 89' lang='lat' dir='ltr'><strong>vel</strong></span> <span class='ocrx_word' id='word_1_717' title='bbox 2138 3435 2189 3487; x_wconf 91' lang='lat' dir='ltr'><strong>in</strong></span> <span class='ocrx_word' id='word_1_718' title='bbox 2217 3434 2540 3504; x_wconf 78' lang='lat' dir='ltr'><strong>quibuslibet</strong></span> <span class='ocrx_word' id='word_1_719' title='bbox 2585 3435 2702 3488; x_wconf 89' lang='lat' dir='ltr'><strong>aliis</strong></span> <span class='ocrx_word' id='word_1_720' title='bbox 2754 3434 2993 3503; x_wconf 85' lang='lat' dir='ltr'><strong>partibus</strong></span> <span class='ocrx_word' id='word_1_721' title='bbox 3044 3432 3227 3487; x_wconf 91' lang='lat' dir='ltr'><strong>mundi</strong></span> <span class='ocrx_word' id='word_1_722' title='bbox 3274 3442 3429 3487; x_wconf 87' lang='lat' dir='ltr'><strong>antea</strong></span> <span class='ocrx_word' id='word_1_723' title='bbox 3477 3432 3616 3487; x_wconf 85' lang='lat' dir='ltr'><strong>male</strong></span> 
     </span>
    </p>
   </div>
   <div class='ocr_carea' id='block_1_95' title="bbox 2027 3523 3615 3593">
    <p class='ocr_par' dir='ltr' id='par_1_95' title="bbox 2027 3523 3615 3593">
     <span class='ocr_line' id='line_1_95' title="bbox 2027 3523 3615 3593; baseline -0.001 -14"><span class='ocrx_word' id='word_1_724' title='bbox 2027 3532 2189 3593; x_wconf 68' lang='lat' dir='ltr'><strong>gestre</strong></span> <span class='ocrx_word' id='word_1_725' title='bbox 2216 3524 2405 3578; x_wconf 85' lang='lat' dir='ltr'><strong>merita</strong></span> <span class='ocrx_word' id='word_1_726' title='bbox 2429 3525 2798 3593; x_wconf 89' lang='lat' dir='ltr'><strong>compulerint.</strong></span> <span class='ocrx_word' id='word_1_727' title='bbox 2844 3523 3085 3578; x_wconf 85' lang='lat' dir='ltr'><strong>Nondum</strong></span> <span class='ocrx_word' id='word_1_728' title='bbox 3118 3524 3260 3578; x_wconf 90' lang='lat' dir='ltr'><strong>enim</strong></span> <span class='ocrx_word' id='word_1_729' title='bbox 3291 3530 3445 3579; x_wconf 89' lang='lat' dir='ltr'><strong>natos</strong></span> <span class='ocrx_word' id='word_1_730' title='bbox 3468 3523 3615 3593; x_wconf 87' lang='lat' dir='ltr'><strong>Apo-</strong></span> 
     </span>
    </p>
   </div>
   <div class='ocr_carea' id='block_1_96' title="bbox 2027 3613 3615 3686">
    <p class='ocr_par' dir='ltr' id='par_1_96' title="bbox 2027 3613 3615 3686">
     <span class='ocr_line' id='line_1_96' title="bbox 2027 3613 3615 3686; baseline -0.001 -16"><span class='ocrx_word' id='word_1_731' title='bbox 2027 3618 2215 3681; x_wconf 91' lang='lat' dir='ltr'><strong>stolus,</strong></span> <span class='ocrx_word' id='word_1_732' title='bbox 2256 3632 2377 3671; x_wconf 90' lang='lat' dir='ltr'><strong>cum</strong></span> <span class='ocrx_word' id='word_1_733' title='bbox 2421 3618 2488 3672; x_wconf 88' lang='lat' dir='ltr'><strong>de</strong></span> <span class='ocrx_word' id='word_1_734' title='bbox 2534 3617 2789 3672; x_wconf 71' lang='lat' dir='ltr'><strong>Rebecca:</strong></span> <span class='ocrx_word' id='word_1_735' title='bbox 2833 3617 3057 3685; x_wconf 84' lang='lat' dir='ltr'><strong>geminis</strong></span> <span class='ocrx_word' id='word_1_736' title='bbox 3104 3616 3430 3686; x_wconf 88' lang='lat' dir='ltr'><strong>loqueretur,</strong></span> <span class='ocrx_word' id='word_1_737' title='bbox 3483 3613 3615 3668; x_wconf 91' lang='lat' dir='ltr'><strong>nihil</strong></span> 
     </span>
    </p>
   </div>
   <div class='ocr_carea' id='block_1_97' title="bbox 2027 3707 3612 3781">
    <p class='ocr_par' dir='ltr' id='par_1_97' title="bbox 2027 3707 3612 3781">
     <span class='ocr_line' id='line_1_97' title="bbox 2027 3707 3612 3781; baseline -0.002 -17"><span class='ocrx_word' id='word_1_738' title='bbox 2027 3711 2201 3781; x_wconf 90' lang='lat' dir='ltr'><strong>egisse</strong></span> <span class='ocrx_word' id='word_1_739' title='bbox 2229 3710 2355 3765; x_wconf 91' lang='lat' dir='ltr'><strong>dicit</strong></span> <span class='ocrx_word' id='word_1_740' title='bbox 2381 3710 2503 3765; x_wconf 92' lang='lat' dir='ltr'><strong>boni</strong></span> <span class='ocrx_word' id='word_1_741' title='bbox 2531 3712 2609 3765; x_wconf 86' lang='lat' dir='ltr'><strong>vel</strong></span> <span class='ocrx_word' id='word_1_742' title='bbox 2634 3711 2791 3772; x_wconf 87' lang='lat' dir='ltr'><strong>mali;</strong></span> <span class='ocrx_word' id='word_1_743' title='bbox 2820 3718 2876 3763; x_wconf 89' lang='lat' dir='ltr'><strong>ut</strong></span> <span class='ocrx_word' id='word_1_744' title='bbox 2902 3724 3004 3762; x_wconf 90' lang='lat' dir='ltr'><strong>non</strong></span> <span class='ocrx_word' id='word_1_745' title='bbox 3033 3725 3099 3763; x_wconf 83' lang='lat' dir='ltr'><strong>ex</strong></span> <span class='ocrx_word' id='word_1_746' title='bbox 3119 3709 3388 3778; x_wconf 84' lang='lat' dir='ltr'><strong>Operibus,</strong></span> <span class='ocrx_word' id='word_1_747' title='bbox 3421 3707 3612 3777; x_wconf 90' lang='lat' dir='ltr'><strong>quibus</strong></span> 
     </span>
    </p>
   </div>
   <div class='ocr_carea' id='block_1_98' title="bbox 2027 3799 3615 3871">
    <p class='ocr_par' dir='ltr' id='par_1_98' title="bbox 2027 3799 3615 3871">
     <span class='ocr_line' id='line_1_98' title="bbox 2027 3799 3615 3871; baseline -0.001 -16"><span class='ocrx_word' id='word_1_748' title='bbox 2027 3802 2187 3855; x_wconf 89' lang='lat' dir='ltr'><strong>nullis</strong></span> <span class='ocrx_word' id='word_1_749' title='bbox 2215 3802 2351 3856; x_wconf 90' lang='lat' dir='ltr'><strong>alter</strong></span> <span class='ocrx_word' id='word_1_750' title='bbox 2381 3801 2803 3871; x_wconf 77' lang='lat' dir='ltr'><strong>distinguebatur</strong></span> <span class='ocrx_word' id='word_1_751' title='bbox 2842 3799 2909 3854; x_wconf 89' lang='lat' dir='ltr'><strong>ab</strong></span> <span class='ocrx_word' id='word_1_752' title='bbox 2946 3800 3130 3865; x_wconf 92' lang='lat' dir='ltr'><strong>altero,</strong></span> <span class='ocrx_word' id='word_1_753' title='bbox 3165 3800 3260 3855; x_wconf 92' lang='lat' dir='ltr'><strong>sed</strong></span> <span class='ocrx_word' id='word_1_754' title='bbox 3293 3815 3359 3853; x_wconf 78' lang='lat' dir='ltr'><strong>ex</strong></span> <span class='ocrx_word' id='word_1_755' title='bbox 3392 3806 3615 3853; x_wconf 85' lang='lat' dir='ltr'><strong>vocante</strong></span> 
     </span>
    </p>
   </div>
   <div class='ocr_carea' id='block_1_99' title="bbox 2026 3892 3613 3968">
    <p class='ocr_par' dir='ltr' id='par_1_99' title="bbox 2026 3892 3613 3968">
     <span class='ocr_line' id='line_1_99' title="bbox 2026 3892 3613 3968; baseline -0.001 -19"><span class='ocrx_word' id='word_1_756' title='bbox 2026 3895 2311 3962; x_wconf 83' lang='lat' dir='ltr'><strong>diceretur,</strong></span> <span class='ocrx_word' id='word_1_757' title='bbox 2340 3896 2533 3950; x_wconf 91' lang='lat' dir='ltr'><strong>minori</strong></span> <span class='ocrx_word' id='word_1_758' title='bbox 2562 3895 2883 3950; x_wconf 89' lang='lat' dir='ltr'><strong>serviturum</strong></span> <span class='ocrx_word' id='word_1_759' title='bbox 2912 3910 3033 3950; x_wconf 90' lang='lat' dir='ltr'><strong>esse</strong></span> <span class='ocrx_word' id='word_1_760' title='bbox 3062 3894 3322 3965; x_wconf 84' lang='lat' dir='ltr'><strong>majorem</strong></span> <span class='ocrx_word' id='word_1_761' title='bbox 3356 3892 3486 3968; x_wconf 89' lang='lat' dir='ltr'><strong>(Id.</strong></span> <span class='ocrx_word' id='word_1_762' title='bbox 3535 3910 3613 3960; x_wconf 78' lang='lat' dir='ltr'><strong>rx,</strong></span> 
     </span>
    </p>
   </div>
   <div class='ocr_carea' id='block_1_100' title="bbox 2028 3986 2238 4055">
    <p class='ocr_par' dir='ltr' id='par_1_100' title="bbox 2028 3986 2238 4055">
     <span class='ocr_line' id='line_1_100' title="bbox 2028 3986 2238 4055; baseline -0.01 -16"><span class='ocrx_word' id='word_1_763' title='bbox 2028 3986 2238 4055; x_wconf 80' lang='lat' dir='ltr'><strong>tt-ts).</strong></span> 
     </span>
    </p>
   </div>
   <div class='ocr_carea' id='block_1_101' title="bbox 2097 4072 3604 4143">
    <p class='ocr_par' dir='ltr' id='par_1_101' title="bbox 2097 4072 3604 4143">
     <span class='ocr_line' id='line_1_101' title="bbox 2097 4072 3604 4143; baseline 0 -15"><span class='ocrx_word' id='word_1_764' title='bbox 2097 4074 2320 4129; x_wconf 87' lang='lat' dir='ltr'><strong>CAPUT</strong></span> <span class='ocrx_word' id='word_1_765' title='bbox 2357 4072 2420 4128; x_wconf 86' lang='lat' dir='ltr'><strong>ll.</strong></span> <span class='ocrx_word' id='word_1_766' title='bbox 2447 4104 2516 4114; x_wconf 97' lang='lat'>—</span> <span class='ocrx_word' id='word_1_767' title='bbox 2544 4074 2597 4128; x_wconf 83' lang='lat'><strong>5.</strong></span> <span class='ocrx_word' id='word_1_768' title='bbox 2623 4073 2714 4128; x_wconf 84' lang='lat' dir='ltr'><strong>His</strong></span> <span class='ocrx_word' id='word_1_769' title='bbox 2740 4074 2898 4143; x_wconf 90' lang='lat' dir='ltr'><strong>igitur</strong></span> <span class='ocrx_word' id='word_1_770' title='bbox 2936 4072 3240 4127; x_wconf 85' lang='lat' dir='ltr'><strong>firmissime</strong></span> <span class='ocrx_word' id='word_1_771' title='bbox 3272 4072 3604 4138; x_wconf 89' lang='lat' dir='ltr'><strong>constitutis,</strong></span> 
     </span>
    </p>
   </div>
   <div class='ocr_carea' id='block_1_102' title="bbox 2025 4163 3605 4234">
    <p class='ocr_par' dir='ltr' id='par_1_102' title="bbox 2025 4163 3605 4234">
     <span class='ocr_line' id='line_1_102' title="bbox 2025 4163 3605 4234; baseline 0 -17"><span class='ocrx_word' id='word_1_772' title='bbox 2025 4163 2070 4217; x_wconf 92' lang='lat' dir='ltr'><strong>si</strong></span> <span class='ocrx_word' id='word_1_773' title='bbox 2094 4172 2199 4217; x_wconf 88' lang='lat' dir='ltr'><strong>tam</strong></span> <span class='ocrx_word' id='word_1_774' title='bbox 2222 4164 2553 4217; x_wconf 89' lang='lat' dir='ltr'><strong>reconditum</strong></span> <span class='ocrx_word' id='word_1_775' title='bbox 2593 4175 2752 4233; x_wconf 87' lang='lat' dir='ltr'><strong>atque</strong></span> <span class='ocrx_word' id='word_1_776' title='bbox 2777 4164 3014 4218; x_wconf 90' lang='lat' dir='ltr'><strong>additum</strong></span> <span class='ocrx_word' id='word_1_777' title='bbox 3043 4174 3122 4218; x_wconf 89' lang='lat' dir='ltr'><strong>est</strong></span> <span class='ocrx_word' id='word_1_778' title='bbox 3148 4164 3199 4217; x_wconf 93' lang='lat' dir='ltr'><strong>in</strong></span> <span class='ocrx_word' id='word_1_779' title='bbox 3227 4165 3450 4219; x_wconf 90' lang='lat' dir='ltr'><strong>occultis</strong></span> <span class='ocrx_word' id='word_1_780' title='bbox 3480 4179 3605 4234; x_wconf 87' lang='lat' dir='ltr'><strong>ope-</strong></span> 
     </span>
    </p>
   </div>
   <div class='ocr_carea' id='block_1_103' title="bbox 2026 4255 3615 4323">
    <p class='ocr_par' dir='ltr' id='par_1_103' title="bbox 2026 4255 3615 4323">
     <span class='ocr_line' id='line_1_103' title="bbox 2026 4255 3615 4323; baseline 0.003 -14"><span class='ocrx_word' id='word_1_781' title='bbox 2026 4255 2173 4309; x_wconf 88' lang='lat' dir='ltr'><strong>ribus</strong></span> <span class='ocrx_word' id='word_1_782' title='bbox 2205 4255 2297 4309; x_wconf 85' lang='lat' dir='ltr'><strong>Dei</strong></span> <span class='ocrx_word' id='word_1_783' title='bbox 2323 4296 2338 4320; x_wconf 97' lang='lat'><strong>,</strong></span> <span class='ocrx_word' id='word_1_784' title='bbox 2362 4263 2419 4308; x_wconf 92' lang='lat' dir='ltr'><strong>ut</strong></span> <span class='ocrx_word' id='word_1_785' title='bbox 2453 4271 2550 4319; x_wconf 86' lang='lat' dir='ltr'><strong>nec</strong></span> <span class='ocrx_word' id='word_1_786' title='bbox 2589 4255 2976 4323; x_wconf 87' lang='lat' dir='ltr'><strong>Seripturarum</strong></span> <span class='ocrx_word' id='word_1_787' title='bbox 3004 4256 3299 4311; x_wconf 87' lang='lat' dir='ltr'><strong>divinarum</strong></span> <span class='ocrx_word' id='word_1_788' title='bbox 3332 4258 3615 4314; x_wconf 88' lang='lat' dir='ltr'><strong>manifesto</strong></span> 
     </span>
    </p>
   </div>
   <div class='ocr_carea' id='block_1_104' title="bbox 2026 4342 3613 4416">
    <p class='ocr_par' dir='ltr' id='par_1_104' title="bbox 2026 4342 3613 4416">
     <span class='ocr_line' id='line_1_104' title="bbox 2026 4342 3613 4416; baseline 0.003 -17"><span class='ocrx_word' id='word_1_789' title='bbox 2026 4345 2239 4414; x_wconf 89' lang='lat' dir='ltr'><strong>eloquio</strong></span> <span class='ocrx_word' id='word_1_790' title='bbox 2281 4342 2616 4412; x_wconf 77' lang='lat' dir='ltr'><strong>declarethr,</strong></span> <span class='ocrx_word' id='word_1_791' title='bbox 2660 4356 2837 4399; x_wconf 90' lang='lat' dir='ltr'><strong>utrum</strong></span> <span class='ocrx_word' id='word_1_792' title='bbox 2870 4357 3149 4416; x_wconf 88' lang='lat' dir='ltr'><strong>propterea</strong></span> <span class='ocrx_word' id='word_1_793' title='bbox 3188 4348 3319 4402; x_wconf 91' lang='lat' dir='ltr'><strong>nihil</strong></span> <span class='ocrx_word' id='word_1_794' title='bbox 3363 4348 3489 4404; x_wconf 89' lang='lat' dir='ltr'><strong>boni</strong></span> <span class='ocrx_word' id='word_1_795' title='bbox 3530 4350 3613 4405; x_wconf 89' lang='lat' dir='ltr'><strong>vel</strong></span> 
     </span>
    </p>
   </div>
   <div class='ocr_carea' id='block_1_105' title="bbox 2027 4434 3610 4508">
    <p class='ocr_par' dir='ltr' id='par_1_105' title="bbox 2027 4434 3610 4508">
     <span class='ocr_line' id='line_1_105' title="bbox 2027 4434 3610 4508; baseline 0.005 -21"><span class='ocrx_word' id='word_1_796' title='bbox 2027 4436 2149 4488; x_wconf 86' lang='lat' dir='ltr'><strong>mali</strong></span> <span class='ocrx_word' id='word_1_797' title='bbox 2181 4434 2415 4489; x_wconf 92' lang='lat' dir='ltr'><strong>nondum</strong></span> <span class='ocrx_word' id='word_1_798' title='bbox 2447 4436 2554 4489; x_wconf 91' lang='lat' dir='ltr'><strong>nati</strong></span> <span class='ocrx_word' id='word_1_799' title='bbox 2585 4436 2757 4505; x_wconf 87' lang='lat' dir='ltr'><strong>egisse</strong></span> <span class='ocrx_word' id='word_1_800' title='bbox 2784 4436 3035 4491; x_wconf 91' lang='lat' dir='ltr'><strong>credendi</strong></span> <span class='ocrx_word' id='word_1_801' title='bbox 3072 4438 3208 4501; x_wconf 90' lang='lat' dir='ltr'><strong>sint,</strong></span> <span class='ocrx_word' id='word_1_802' title='bbox 3249 4438 3370 4508; x_wconf 90' lang='lat' dir='ltr'><strong>quia</strong></span> <span class='ocrx_word' id='word_1_803' title='bbox 3414 4453 3519 4493; x_wconf 90' lang='lat' dir='ltr'><strong>non</strong></span> <span class='ocrx_word' id='word_1_804' title='bbox 3546 4454 3610 4495; x_wconf 81' lang='lat' dir='ltr'><strong>ex</strong></span> 
     </span>
    </p>
   </div>
   <div class='ocr_carea' id='block_1_106' title="bbox 2026 4525 3610 4596">
    <p class='ocr_par' dir='ltr' id='par_1_106' title="bbox 2026 4525 3610 4596">
     <span class='ocr_line' id='line_1_106' title="bbox 2026 4525 3610 4596; baseline 0.003 -18"><span class='ocrx_word' id='word_1_805' title='bbox 2026 4525 2142 4579; x_wconf 90' lang='lat' dir='ltr'><strong>aliis</strong></span> <span class='ocrx_word' id='word_1_806' title='bbox 2172 4537 2512 4596; x_wconf 80' lang='lat' dir='ltr'><strong>propagatas,</strong></span> <span class='ocrx_word' id='word_1_807' title='bbox 2555 4527 2649 4581; x_wconf 91' lang='lat' dir='ltr'><strong>sed</strong></span> <span class='ocrx_word' id='word_1_808' title='bbox 2690 4542 2813 4581; x_wconf 86' lang='lat' dir='ltr'><strong>mox</strong></span> <span class='ocrx_word' id='word_1_809' title='bbox 2857 4542 2925 4582; x_wconf 82' lang='lat' dir='ltr'><strong>ex</strong></span> <span class='ocrx_word' id='word_1_810' title='bbox 2972 4526 3137 4581; x_wconf 90' lang='lat' dir='ltr'><strong>nihilo</strong></span> <span class='ocrx_word' id='word_1_811' title='bbox 3164 4538 3369 4583; x_wconf 86' lang='lat' dir='ltr'><strong>creatas</strong></span> <span class='ocrx_word' id='word_1_812' title='bbox 3404 4529 3610 4584; x_wconf 88' lang='lat' dir='ltr'><strong>animas</strong></span> 
     </span>
    </p>
   </div>
   <div class='ocr_carea' id='block_1_107' title="bbox 2026 4618 3603 4691">
    <p class='ocr_par' dir='ltr' id='par_1_107' title="bbox 2026 4618 3603 4691">
     <span class='ocr_line' id='line_1_107' title="bbox 2026 4618 3603 4691; baseline 0.003 -19"><span class='ocrx_word' id='word_1_813' title='bbox 2026 4618 2214 4687; x_wconf 89' lang='lat' dir='ltr'><strong>singuli</strong></span> <span class='ocrx_word' id='word_1_814' title='bbox 2242 4620 2541 4689; x_wconf 88' lang='lat' dir='ltr'><strong>accipiunt;</strong></span> <span class='ocrx_word' id='word_1_815' title='bbox 2569 4636 2635 4673; x_wconf 91' lang='lat' dir='ltr'><strong>an</strong></span> <span class='ocrx_word' id='word_1_816' title='bbox 2664 4620 2789 4690; x_wconf 89' lang='lat' dir='ltr'><strong>quia</strong></span> <span class='ocrx_word' id='word_1_817' title='bbox 2826 4635 2944 4674; x_wconf 93' lang='lat' dir='ltr'><strong>cum</strong></span> <span class='ocrx_word' id='word_1_818' title='bbox 2979 4628 3161 4676; x_wconf 88' lang='lat' dir='ltr'><strong>essent</strong></span> <span class='ocrx_word' id='word_1_819' title='bbox 3193 4620 3522 4691; x_wconf 88' lang='lat' dir='ltr'><strong>originaliter</strong></span> <span class='ocrx_word' id='word_1_820' title='bbox 3548 4621 3603 4676; x_wconf 90' lang='lat' dir='ltr'><strong>iu</strong></span> 
     </span>
    </p>
   </div>
   <div class='ocr_carea' id='block_1_108' title="bbox 2025 4711 3609 4783">
    <p class='ocr_par' dir='ltr' id='par_1_108' title="bbox 2025 4711 3609 4783">
     <span class='ocr_line' id='line_1_108' title="bbox 2025 4711 3609 4783; baseline 0.004 -21"><span class='ocrx_word' id='word_1_821' title='bbox 2025 4711 2352 4780; x_wconf 84' lang='lat' dir='ltr'><strong>parentibus,</strong></span> <span class='ocrx_word' id='word_1_822' title='bbox 2376 4712 2549 4767; x_wconf 90' lang='lat' dir='ltr'><strong>adhuc</strong></span> <span class='ocrx_word' id='word_1_823' title='bbox 2576 4712 2675 4780; x_wconf 85' lang='lat' dir='ltr'><strong>ipsi</strong></span> <span class='ocrx_word' id='word_1_824' title='bbox 2704 4713 2832 4766; x_wconf 90' lang='lat' dir='ltr'><strong>nulli</strong></span> <span class='ocrx_word' id='word_1_825' title='bbox 2858 4724 3011 4767; x_wconf 89' lang='lat' dir='ltr'><strong>erant</strong></span> <span class='ocrx_word' id='word_1_826' title='bbox 3031 4713 3119 4782; x_wconf 90' lang='lat' dir='ltr'><strong>qui</strong></span> <span class='ocrx_word' id='word_1_827' title='bbox 3147 4727 3271 4768; x_wconf 90' lang='lat' dir='ltr'><strong>suas</strong></span> <span class='ocrx_word' id='word_1_828' title='bbox 3294 4724 3349 4769; x_wconf 89' lang='lat' dir='ltr'><strong>et</strong></span> <span class='ocrx_word' id='word_1_829' title='bbox 3370 4713 3609 4783; x_wconf 90' lang='lat' dir='ltr'><strong>proprias</strong></span> 
     </span>
    </p>
   </div>
   <div class='ocr_carea' id='block_1_109' title="bbox 2024 4804 3609 4877">
    <p class='ocr_par' dir='ltr' id='par_1_109' title="bbox 2024 4804 3609 4877">
     <span class='ocr_line' id='line_1_109' title="bbox 2024 4804 3609 4877; baseline 0.004 -21"><span class='ocrx_word' id='word_1_830' title='bbox 2024 4804 2158 4859; x_wconf 90' lang='lat' dir='ltr'><strong>vitas</strong></span> <span class='ocrx_word' id='word_1_831' title='bbox 2184 4813 2402 4874; x_wconf 88' lang='lat' dir='ltr'><strong>agerent</strong></span> <span class='ocrx_word' id='word_1_832' title='bbox 2434 4823 2445 4857; x_wconf 89' lang='lat'>:</span> <span class='ocrx_word' id='word_1_833' title='bbox 2476 4806 2559 4858; x_wconf 79' lang='lat' dir='ltr'><strong>illa</strong></span> <span class='ocrx_word' id='word_1_834' title='bbox 2590 4814 2769 4860; x_wconf 86' lang='lat' dir='ltr'><strong>tamen</strong></span> <span class='ocrx_word' id='word_1_835' title='bbox 2790 4806 2859 4859; x_wconf 91' lang='lat' dir='ltr'><strong>sit</strong></span> <span class='ocrx_word' id='word_1_836' title='bbox 2883 4806 3013 4861; x_wconf 83' lang='lat' dir='ltr'><strong>fides</strong></span> <span class='ocrx_word' id='word_1_837' title='bbox 3032 4807 3197 4872; x_wconf 90' lang='lat' dir='ltr'><strong>salva,</strong></span> <span class='ocrx_word' id='word_1_838' title='bbox 3220 4822 3320 4877; x_wconf 91' lang='lat' dir='ltr'><strong>qua</strong></span> <span class='ocrx_word' id='word_1_839' title='bbox 3342 4806 3609 4862; x_wconf 88' lang='lat' dir='ltr'><strong>credimus</strong></span> 
     </span>
    </p>
   </div>
   <div class='ocr_carea' id='block_1_110' title="bbox 2026 4895 3610 4967">
    <p class='ocr_par' dir='ltr' id='par_1_110' title="bbox 2026 4895 3610 4967">
     <span class='ocr_line' id='line_1_110' title="bbox 2026 4895 3610 4967; baseline 0.001 -18"><span class='ocrx_word' id='word_1_840' title='bbox 2026 4896 2229 4949; x_wconf 91' lang='lat' dir='ltr'><strong>nullum</strong></span> <span class='ocrx_word' id='word_1_841' title='bbox 2261 4895 2553 4960; x_wconf 89' lang='lat' dir='ltr'><strong>hominum,</strong></span> <span class='ocrx_word' id='word_1_842' title='bbox 2589 4896 2699 4949; x_wconf 91' lang='lat' dir='ltr'><strong>sive</strong></span> <span class='ocrx_word' id='word_1_843' title='bbox 2728 4896 2944 4963; x_wconf 92' lang='lat' dir='ltr'><strong>majoris</strong></span> <span class='ocrx_word' id='word_1_844' title='bbox 2965 4936 2979 4961; x_wconf 96' lang='lat'><strong>,</strong></span> <span class='ocrx_word' id='word_1_845' title='bbox 3012 4896 3125 4951; x_wconf 87' lang='lat' dir='ltr'><strong>sive</strong></span> <span class='ocrx_word' id='word_1_846' title='bbox 3154 4896 3387 4966; x_wconf 65' lang='lat' dir='ltr'><strong>parvulae</strong></span> <span class='ocrx_word' id='word_1_847' title='bbox 3424 4913 3610 4967; x_wconf 87' lang='lat' dir='ltr'><strong>quam-</strong></span> 
     </span>
    </p>
   </div>
   <div class='ocr_carea' id='block_1_111' title="bbox 2026 4986 3609 5058">
    <p class='ocr_par' dir='ltr' id='par_1_111' title="bbox 2026 4986 3609 5058">
     <span class='ocr_line' id='line_1_111' title="bbox 2026 4986 3609 5058; baseline 0.003 -18"><span class='ocrx_word' id='word_1_848' title='bbox 2026 4986 2155 5041; x_wconf 90' lang='lat' dir='ltr'><strong>libet</strong></span> <span class='ocrx_word' id='word_1_849' title='bbox 2178 4997 2231 5041; x_wconf 91' lang='lat' dir='ltr'><strong>et</strong></span> <span class='ocrx_word' id='word_1_850' title='bbox 2251 4987 2479 5041; x_wconf 83' lang='lat' dir='ltr'><strong>recentis</strong></span> <span class='ocrx_word' id='word_1_851' title='bbox 2510 4987 2710 5052; x_wconf 83' lang='lat' dir='ltr'><strong>aetatis,</strong></span> <span class='ocrx_word' id='word_1_852' title='bbox 2760 4986 2974 5041; x_wconf 88' lang='lat' dir='ltr'><strong>liberari</strong></span> <span class='ocrx_word' id='word_1_853' title='bbox 3014 5002 3046 5042; x_wconf 91' lang='lat' dir='ltr'><strong>a</strong></span> <span class='ocrx_word' id='word_1_854' title='bbox 3083 4988 3395 5058; x_wconf 86' lang='lat' dir='ltr'><strong>contagione</strong></span> <span class='ocrx_word' id='word_1_855' title='bbox 3420 4988 3609 5045; x_wconf 92' lang='lat' dir='ltr'><strong>mortis</strong></span> 
     </span>
    </p>
   </div>
   <div class='ocr_carea' id='block_1_112' title="bbox 2023 5078 3608 5149">
    <p class='ocr_par' dir='ltr' id='par_1_112' title="bbox 2023 5078 3608 5149">
     <span class='ocr_line' id='line_1_112' title="bbox 2023 5078 3608 5149; baseline 0.003 -18"><span class='ocrx_word' id='word_1_856' title='bbox 2023 5079 2254 5148; x_wconf 66' lang='lat' dir='ltr'><strong>antiqua:</strong></span> <span class='ocrx_word' id='word_1_857' title='bbox 2283 5086 2337 5133; x_wconf 93' lang='lat' dir='ltr'><strong>et</strong></span> <span class='ocrx_word' id='word_1_858' title='bbox 2380 5078 2705 5148; x_wconf 89' lang='lat' dir='ltr'><strong>obligatione</strong></span> <span class='ocrx_word' id='word_1_859' title='bbox 2740 5079 2942 5148; x_wconf 88' lang='lat' dir='ltr'><strong>peccati</strong></span> <span class='ocrx_word' id='word_1_860' title='bbox 2972 5079 3112 5149; x_wconf 89' lang='lat' dir='ltr'><strong>quod</strong></span> <span class='ocrx_word' id='word_1_861' title='bbox 3141 5081 3307 5149; x_wconf 88' lang='lat' dir='ltr'><strong>prima</strong></span> <span class='ocrx_word' id='word_1_862' title='bbox 3335 5081 3608 5137; x_wconf 84' lang='lat' dir='ltr'><strong>nativitate</strong></span> 
     </span>
    </p>
   </div>
   <div class='ocr_carea' id='block_1_113' title="bbox 2023 5170 3607 5239">
    <p class='ocr_par' dir='ltr' id='par_1_113' title="bbox 2023 5170 3607 5239">
     <span class='ocr_line' id='line_1_113' title="bbox 2023 5170 3607 5239; baseline 0.004 -16"><span class='ocrx_word' id='word_1_863' title='bbox 2023 5170 2316 5236; x_wconf 83' lang='lat' dir='ltr'><strong>contraxit,</strong></span> <span class='ocrx_word' id='word_1_864' title='bbox 2351 5170 2450 5224; x_wconf 91' lang='lat' dir='ltr'><strong>nisi</strong></span> <span class='ocrx_word' id='word_1_865' title='bbox 2489 5185 2584 5239; x_wconf 88' lang='lat' dir='ltr'><strong>per</strong></span> <span class='ocrx_word' id='word_1_866' title='bbox 2615 5186 2777 5224; x_wconf 87' lang='lat' dir='ltr'><strong>ttntuu</strong></span> <span class='ocrx_word' id='word_1_867' title='bbox 2816 5171 3172 5227; x_wconf 88' lang='lat' dir='ltr'><strong>mediatorem</strong></span> <span class='ocrx_word' id='word_1_868' title='bbox 3209 5172 3302 5228; x_wconf 89' lang='lat' dir='ltr'><strong>Dei</strong></span> <span class='ocrx_word' id='word_1_869' title='bbox 3342 5180 3397 5228; x_wconf 88' lang='lat' dir='ltr'><strong>et</strong></span> <span class='ocrx_word' id='word_1_870' title='bbox 3437 5173 3607 5230; x_wconf 83' lang='lat' dir='ltr'><strong>homi-</strong></span> 
     </span>
    </p>
   </div>
   <div class='ocr_carea' id='block_1_114' title="bbox 2024 5260 3392 5338">
    <p class='ocr_par' dir='ltr' id='par_1_114' title="bbox 2024 5260 3392 5338">
     <span class='ocr_line' id='line_1_114' title="bbox 2024 5260 3392 5338; baseline 0.002 -23"><span class='ocrx_word' id='word_1_871' title='bbox 2024 5277 2170 5325; x_wconf 89' lang='lat' dir='ltr'><strong>num,</strong></span> <span class='ocrx_word' id='word_1_872' title='bbox 2210 5261 2477 5315; x_wconf 91' lang='lat' dir='ltr'><strong>hominem</strong></span> <span class='ocrx_word' id='word_1_873' title='bbox 2506 5260 2776 5316; x_wconf 89' lang='lat' dir='ltr'><strong>Christum</strong></span> <span class='ocrx_word' id='word_1_874' title='bbox 2799 5261 2980 5317; x_wconf 86' lang='lat' dir='ltr'><strong>Jesum</strong></span> <span class='ocrx_word' id='word_1_875' title='bbox 3010 5263 3053 5335; x_wconf 88' lang='lat' dir='ltr'><strong>(l</strong></span> <span class='ocrx_word' id='word_1_876' title='bbox 3081 5263 3209 5318; x_wconf 86' lang='lat' dir='ltr'><strong>Tim.</strong></span> <span class='ocrx_word' id='word_1_877' title='bbox 3238 5281 3293 5330; x_wconf 88' lang='grc' dir='ltr'>ιι,</span> <span class='ocrx_word' id='word_1_878' title='bbox 3317 5266 3392 5338; x_wconf 86' lang='lat'><strong>5).</strong></span> 
     </span>
    </p>
   </div>
   <div class='ocr_carea' id='block_1_115' title="bbox 2094 5354 3604 5430">
    <p class='ocr_par' dir='ltr' id='par_1_115' title="bbox 2094 5354 3604 5430">
     <span class='ocr_line' id='line_1_115' title="bbox 2094 5354 3604 5430; baseline 0.006 -22"><span class='ocrx_word' id='word_1_879' title='bbox 2094 5354 2148 5408; x_wconf 89' lang='lat'><strong>6.</strong></span> <span class='ocrx_word' id='word_1_880' title='bbox 2176 5354 2336 5423; x_wconf 89' lang='lat' dir='ltr'><strong>Cujus</strong></span> <span class='ocrx_word' id='word_1_881' title='bbox 2364 5355 2594 5410; x_wconf 89' lang='lat' dir='ltr'><strong>hominis</strong></span> <span class='ocrx_word' id='word_1_882' title='bbox 2618 5356 2965 5427; x_wconf 89' lang='lat' dir='ltr'><strong>ejusdemque</strong></span> <span class='ocrx_word' id='word_1_883' title='bbox 2986 5357 3080 5413; x_wconf 91' lang='lat' dir='ltr'><strong>Dei</strong></span> <span class='ocrx_word' id='word_1_884' title='bbox 3106 5359 3452 5415; x_wconf 87' lang='lat' dir='ltr'><strong>saluberrima</strong></span> <span class='ocrx_word' id='word_1_885' title='bbox 3479 5360 3604 5430; x_wconf 83' lang='lat' dir='ltr'><strong>fide,</strong></span> 
     </span>
    </p>
   </div>
   <div class='ocr_carea' id='block_1_116' title="bbox 2025 5443 3605 5520">
    <p class='ocr_par' dir='ltr' id='par_1_116' title="bbox 2025 5443 3605 5520">
     <span class='ocr_line' id='line_1_116' title="bbox 2025 5443 3605 5520; baseline 0.004 -22"><span class='ocrx_word' id='word_1_886' title='bbox 2025 5444 2185 5498; x_wconf 82' lang='lat' dir='ltr'><strong>etiam</strong></span> <span class='ocrx_word' id='word_1_887' title='bbox 2217 5443 2290 5496; x_wconf 92' lang='lat' dir='ltr'><strong>illi</strong></span> <span class='ocrx_word' id='word_1_888' title='bbox 2318 5443 2448 5513; x_wconf 90' lang='lat' dir='ltr'><strong>justi</strong></span> <span class='ocrx_word' id='word_1_889' title='bbox 2476 5446 2609 5499; x_wconf 89' lang='lat' dir='ltr'><strong>salvi</strong></span> <span class='ocrx_word' id='word_1_890' title='bbox 2640 5446 2759 5500; x_wconf 85' lang='lat' dir='ltr'><strong>facti</strong></span> <span class='ocrx_word' id='word_1_891' title='bbox 2783 5455 2939 5513; x_wconf 89' lang='lat' dir='ltr'><strong>sunt,</strong></span> <span class='ocrx_word' id='word_1_892' title='bbox 2972 5448 3099 5517; x_wconf 92' lang='lat' dir='ltr'><strong>qui,</strong></span> <span class='ocrx_word' id='word_1_893' title='bbox 3128 5448 3429 5520; x_wconf 90' lang='lat' dir='ltr'><strong>priusquam</strong></span> <span class='ocrx_word' id='word_1_894' title='bbox 3456 5451 3605 5505; x_wconf 56' lang='lat' dir='ltr'><strong>venia</strong></span> 
     </span>
    </p>
   </div>
   <div class='ocr_carea' id='block_1_117' title="bbox 2024 5537 3604 5603">
    <p class='ocr_par' dir='ltr' id='par_1_117' title="bbox 2024 5537 3604 5603">
     <span class='ocr_line' id='line_1_117' title="bbox 2024 5537 3604 5603; baseline 0.004 -11"><span class='ocrx_word' id='word_1_895' title='bbox 2024 5550 2105 5592; x_wconf 88' lang='lat' dir='ltr'><strong>ret</strong></span> <span class='ocrx_word' id='word_1_896' title='bbox 2130 5538 2182 5589; x_wconf 91' lang='lat' dir='ltr'><strong>in</strong></span> <span class='ocrx_word' id='word_1_897' title='bbox 2213 5552 2377 5591; x_wconf 90' lang='lat' dir='ltr'><strong>carne</strong></span> <span class='ocrx_word' id='word_1_898' title='bbox 2400 5538 2440 5603; x_wconf 72' lang='grc' dir='ltr'><strong>ί,</strong></span> <span class='ocrx_word' id='word_1_899' title='bbox 2465 5537 2810 5592; x_wconf 87' lang='lat' dir='ltr'><strong>crediderunt</strong></span> <span class='ocrx_word' id='word_1_900' title='bbox 2830 5539 2880 5591; x_wconf 91' lang='lat' dir='ltr'><strong>in</strong></span> <span class='ocrx_word' id='word_1_901' title='bbox 2903 5554 3063 5593; x_wconf 88' lang='lat' dir='ltr'><strong>carne</strong></span> <span class='ocrx_word' id='word_1_902' title='bbox 3086 5551 3381 5595; x_wconf 90' lang='lat' dir='ltr'><strong>venturum.</strong></span> <span class='ocrx_word' id='word_1_903' title='bbox 3403 5541 3604 5598; x_wconf 87' lang='lat' dir='ltr'><strong>Eadem</strong></span> 
     </span>
    </p>
   </div>
   <div class='ocr_carea' id='block_1_118' title="bbox 2024 5627 3603 5702">
    <p class='ocr_par' dir='ltr' id='par_1_118' title="bbox 2024 5627 3603 5702">
     <span class='ocr_line' id='line_1_118' title="bbox 2024 5627 3603 5702; baseline 0.005 -21"><span class='ocrx_word' id='word_1_904' title='bbox 2024 5643 2252 5695; x_wconf 88' lang='lat' dir='ltr'><strong>namque</strong></span> <span class='ocrx_word' id='word_1_905' title='bbox 2285 5627 2415 5681; x_wconf 82' lang='lat' dir='ltr'><strong>fides</strong></span> <span class='ocrx_word' id='word_1_906' title='bbox 2463 5637 2546 5682; x_wconf 90' lang='lat' dir='ltr'><strong>est</strong></span> <span class='ocrx_word' id='word_1_907' title='bbox 2574 5638 2627 5681; x_wconf 90' lang='lat' dir='ltr'><strong>et</strong></span> <span class='ocrx_word' id='word_1_908' title='bbox 2656 5636 2834 5681; x_wconf 85' lang='lat' dir='ltr'><strong>nostra</strong></span> <span class='ocrx_word' id='word_1_909' title='bbox 2867 5638 2921 5683; x_wconf 92' lang='lat' dir='ltr'><strong>et</strong></span> <span class='ocrx_word' id='word_1_910' title='bbox 2948 5629 3158 5684; x_wconf 90' lang='lat' dir='ltr'><strong>illorum</strong></span> <span class='ocrx_word' id='word_1_911' title='bbox 3178 5672 3192 5697; x_wconf 94' lang='lat'><strong>,</strong></span> <span class='ocrx_word' id='word_1_912' title='bbox 3225 5634 3471 5702; x_wconf 87' lang='lat' dir='ltr'><strong>quoniam</strong></span> <span class='ocrx_word' id='word_1_913' title='bbox 3503 5633 3603 5690; x_wconf 87' lang='lat' dir='ltr'><strong>hoc</strong></span> 
     </span>
    </p>
   </div>
   <div class='ocr_carea' id='block_1_119' title="bbox 2025 5719 3602 5791">
    <p class='ocr_par' dir='ltr' id='par_1_119' title="bbox 2025 5719 3602 5791">
     <span class='ocr_line' id='line_1_119' title="bbox 2025 5719 3602 5791; baseline 0.008 -18"><span class='ocrx_word' id='word_1_914' title='bbox 2025 5720 2099 5774; x_wconf 88' lang='lat' dir='ltr'><strong>illi</strong></span> <span class='ocrx_word' id='word_1_915' title='bbox 2126 5719 2468 5774; x_wconf 88' lang='lat' dir='ltr'><strong>crediderunt</strong></span> <span class='ocrx_word' id='word_1_916' title='bbox 2495 5720 2753 5788; x_wconf 86' lang='lat' dir='ltr'><strong>futurum,</strong></span> <span class='ocrx_word' id='word_1_917' title='bbox 2785 5722 2925 5791; x_wconf 92' lang='lat' dir='ltr'><strong>quod</strong></span> <span class='ocrx_word' id='word_1_918' title='bbox 2955 5738 3053 5778; x_wconf 89' lang='lat' dir='ltr'><strong>nos</strong></span> <span class='ocrx_word' id='word_1_919' title='bbox 3077 5724 3341 5782; x_wconf 88' lang='lat' dir='ltr'><strong>credimus</strong></span> <span class='ocrx_word' id='word_1_920' title='bbox 3367 5728 3602 5788; x_wconf 85' lang='lat' dir='ltr'><strong>factum:</strong></span> 
     </span>
    </p>
   </div>
   <div class='ocr_carea' id='block_1_120' title="bbox 2093 5833 3311 5901">
    <p class='ocr_par' dir='ltr' id='par_1_120' title="bbox 2093 5833 3311 5901">
     <span class='ocr_line' id='line_1_120' title="bbox 2093 5833 3311 5901; baseline 0.007 -18"><span class='ocrx_word' id='word_1_921' title='bbox 2093 5836 2109 5866; x_wconf 75' lang='grc' dir='ltr'><strong>ι</strong></span> <span class='ocrx_word' id='word_1_922' title='bbox 2143 5840 2248 5884; x_wconf 79' lang='lat' dir='ltr'><strong>Mss.</strong></span> <span class='ocrx_word' id='word_1_923' title='bbox 2274 5833 2496 5898; x_wconf 90' lang='lat' dir='ltr'><strong>plerique</strong></span> <span class='ocrx_word' id='word_1_924' title='bbox 2518 5843 2794 5887; x_wconf 86' lang='lat' dir='ltr'><strong>constanter</strong></span> <span class='ocrx_word' id='word_1_925' title='bbox 2812 5835 3011 5901; x_wconf 86' lang='lat' dir='ltr'><strong>habent,</strong></span> <span class='ocrx_word' id='word_1_926' title='bbox 3030 5836 3082 5890; x_wconf 91' lang='lat' dir='ltr'><strong>in</strong></span> <span class='ocrx_word' id='word_1_927' title='bbox 3098 5850 3311 5893; x_wconf 74' lang='lat' dir='ltr'><strong>cm.</strong></span> 
     </span>
    </p>
   </div>
  </div>
