4120 6358
489 322 614 390 εει

491 442 630 498 unde
653 439 786 498 dicit
808 441 1079 512 apostolus
1102 439 1300 498 Paulus
1314 483 1330 510 ,
1361 440 1615 498 Habentes
1640 450 1814 496 autem
1833 447 2063 497 eumdem

494 529 748 600 Spiritum
773 533 930 601 fidei,
957 533 1227 588 secundum
1263 532 1397 602 quod
1427 533 1666 602 scriptum
1690 543 1794 597 est,
1831 533 2064 599 Credidi,

500 635 703 693 prapter
721 623 855 692 quod
876 624 1069 677 locutus
1087 640 1220 690 sum,
1242 633 1286 676 et
1313 639 1402 676 nos
1425 623 1690 686 credimus,
1713 633 1915 693 prapter
1932 623 2064 690 quod

498 723 544 767 et
564 714 813 783 loquimur
846 713 907 785 (ll
934 713 1049 767 Cor.
1081 729 1156 780 tv,
1188 714 1298 782 15).
1325 713 1379 768 Si
1401 729 1528 784 ergo
1547 715 1790 769 eumdem
1811 716 2065 784 Spiritum

499 805 625 860 ﬁdei
646 815 698 860 et
723 807 794 860 illi
823 805 1085 860 habebant
1103 805 1192 876 qui
1218 816 1498 861 venturum
1526 808 1577 860 in
1607 822 1768 862 carne
1795 808 2064 861 Christum

497 898 936 968 praenuntiarunt,
963 912 1119 966 quem
1146 897 1302 951 etiam
1329 897 1405 951 illi
1430 897 1518 967 qui
1544 913 1664 952 eum
1692 898 1899 952 venisse
1926 913 2064 950 nun-

493 989 723 1053 tiarunt;
771 998 1099 1043 sacramenta
1138 1003 1257 1044 esse
1298 997 1579 1058 potuerunt
1621 1004 1718 1059 pro
1765 998 2064 1058 temporum

493 1079 800 1135 diversitate
827 1080 1032 1135 diversa
1057 1123 1072 1145 ,
1101 1080 1167 1134 ad
1194 1081 1445 1135 unitatem
1473 1088 1647 1134 tamen
1678 1080 1914 1150 ejusdem
1943 1079 2065 1134 ﬁdei

496 1172 910 1227 concordissime
949 1173 1294 1228 recurrentia.
1336 1173 1600 1242 Scriptum
1631 1183 1712 1228 est
1750 1173 1805 1226 in
1848 1172 2063 1226 Actibus

494 1261 908 1332 Apostolorum,
946 1261 1194 1331 loquente
1237 1264 1477 1333 apostolo
1517 1264 1673 1316 Petro
1705 1279 1718 1315 :
1755 1261 1907 1314 Nune
1947 1277 2062 1332 ergo

495 1352 615 1421 quid
645 1353 841 1406 tentatis
863 1351 1026 1405 Deum
1053 1354 1304 1425 imponere
1321 1355 1506 1424 jugum
1524 1371 1678 1423 supra
1700 1353 1881 1406 collum
1909 1352 2060 1404 disci-

439 1504 444 1509 _
495 1443 729 1513 pulcrum
748 1485 762 1508 ,
793 1444 926 1511 quod
961 1461 1118 1513 neque
1145 1455 1310 1514 patres
1344 1445 1528 1508 nostri,
1568 1461 1724 1515 neque
1749 1461 1838 1496 nos
1867 1454 2066 1513 portare

427 1519 447 1558 ’θ
495 1534 782 1604 potuimus?
813 1532 918 1587 Sed
942 1551 1030 1604 per
1058 1536 1269 1604 gratiam
1301 1533 1505 1587 Domini
1542 1533 1669 1587 Jesu
1699 1535 1944 1587 credimus
1973 1549 2064 1587 nos

434 1613 445 1694 ᾗ
494 1623 659 1678 salvos
701 1623 850 1692 ﬁeri,
889 1624 1306 1694 quemadmodum
1346 1635 1393 1678 et
1429 1625 1506 1676 illi
1534 1625 1668 1694 (Act.
1700 1641 1786 1690 xv,
1820 1624 1906 1689 10,
1949 1623 2060 1694 11).

492 1713 549 1770 Si
578 1730 704 1784 ergo
733 1724 785 1769 et
814 1714 908 1780 illi,
938 1715 987 1768 id
1015 1724 1114 1783 est,
1144 1724 1336 1785 patres,
1367 1725 1578 1785 portare
1601 1715 1783 1786 jugum
1820 1716 1948 1786 legis
1977 1731 2065 1770 ve-

496 1803 622 1858 teris
645 1820 748 1858 non
775 1805 1026 1870 valentes,
1054 1821 1147 1876 per
1171 1806 1390 1874 gratiam
1421 1807 1622 1860 Domini
1657 1805 1780 1860 Jesu
1807 1807 1982 1860 salvos
2005 1821 2063 1862 se

493 1891 606 1947 ﬁeri
636 1893 1012 1959 crediderunt;
1066 1894 1400 1949 manifestum
1441 1905 1523 1951 est
1559 1896 1697 1966 quod
1747 1897 1859 1950 hzec
1896 1897 2060 1966 gratia

493 1986 651 2040 etiam
697 1988 940 2056 antiquos
982 1988 1153 2057 justos
1201 1990 1379 2043 vivere
1423 1987 1548 2043 fecit
1594 2006 1659 2044 ex
1706 1990 1811 2045 ﬁde
1845 2007 1857 2043 :
1890 1989 2062 2059 justus

491 2075 634 2130 enim
665 2092 728 2130 ex
761 2075 860 2131 ﬁde
891 2079 1017 2132 vivit
1042 2075 1264 2151 (Hebae.
1298 2096 1332 2133 ιι
1359 2121 1373 2145 ,
1402 2081 1481 2151 4).

564 2166 618 2221 7.
661 2166 769 2222 Lex
797 2179 974 2224 autem
1003 2171 1317 2225 subintravit
1358 2183 1412 2226 ut
1442 2172 1734 2229 abundaret
1770 2173 2058 2239 delictum;

491 2262 550 2310 ut
575 2258 1028 2325 superabundat'et
1053 2262 1216 2328 gratia
1250 2259 1420 2333 (Rom.
1446 2279 1508 2328 v,
1531 2262 1653 2330 20),
1685 2279 1951 2332 perquam
1981 2280 2064 2316 sa-

493 2359 711 2402 naretur
753 2349 930 2403 delicti
973 2351 1312 2406 abundantia.
1354 2354 1408 2407 Si
1453 2355 1592 2408 enim
1638 2355 1755 2408 data
1797 2367 1939 2410 esset
1981 2357 2061 2411 lex

492 2454 611 2508 quae
637 2439 902 2495 viviﬁcare
930 2451 1144 2509 posset,
1173 2443 1391 2497 omnino
1430 2461 1496 2499 ex
1529 2447 1641 2514 lege
1675 2457 1816 2501 esset
1841 2447 2058 2515 justitia.

494 2529 588 2583 (lui
616 2539 786 2585 tamen
825 2532 961 2586 bono
996 2533 1104 2587 Lex
1133 2535 1252 2588 data
1293 2536 1360 2589 sit
1389 2535 1436 2602 ί,
1471 2549 1853 2607 consequenter
1881 2539 2064 2607 adjun-

492 2621 569 2674 xit
610 2621 833 2676 dicens:
871 2622 974 2677 Sed
1015 2627 1255 2679 conclusit
1297 2626 1563 2694 Scriptura
1612 2632 1779 2682 omnia
1825 2629 1914 2683 sub
1951 2647 2064 2700 pec-

493 2721 604 2765 cato
622 2754 636 2778 ,
667 2722 721 2766 ut
747 2715 1008 2781 promissio
1040 2733 1101 2769 ea:
1128 2717 1229 2784 ﬁde
1253 2717 1378 2770 Jesu
1409 2719 1592 2772 Christi
1619 2721 1823 2772 daretur
1860 2722 2065 2774 creden-

494 2803 621 2857 tibus
652 2803 846 2870 (Galat.
880 2821 954 2868 Ill,
985 2807 1048 2860 ΩΙ
1078 2848 1092 2867 ,
1121 2808 1237 2879 29.).
1280 2809 1456 2862 Danda
1488 2812 1659 2879 itaque
1700 2810 1870 2865 fuerat
1915 2812 2021 2865 Lex
2046 2854 2060 2878 ,

493 2907 611 2962 qute
643 2893 970 2948 t'nanii'estius
995 2896 1091 2949 sibi
1121 2896 1290 2965 ipsum
1319 2899 1624 2954 ostenderet
1651 2900 1917 2954 hominem
1939 2943 1952 2967 ,
1999 2919 2064 2956 ne

495 2985 753 3054 superbus
781 2987 986 3041 animus
1013 2988 1274 3044 humanus
1297 3005 1325 3041 a
1352 2991 1529 3060 seipso
1564 3007 1620 3045 se
1663 3007 1816 3060 posse
1842 3007 1959 3047 esse
1981 2993 2065 3061 ju-

495 3083 633 3131 stum
667 3086 902 3146 putaret,
932 3089 986 3133 et
1015 3080 1261 3150 ignorans
1289 3079 1379 3135 Dei
1401 3083 1657 3149 justitiam
1683 3125 1696 3147 ,
1745 3083 1796 3137 id
1839 3093 1919 3138 est
1947 3099 2065 3153 qua:

494 3165 696 3221 homini
722 3184 785 3223 ex
816 3169 924 3223 Deo
949 3181 1048 3236 est,
1077 3181 1130 3226 et
1152 3188 1301 3226 suam
1329 3175 1512 3228 volens
1539 3175 1883 3240 constituere,
1910 3175 1961 3228 id
1984 3183 2067 3230 est

493 3258 644 3326 quasi
668 3258 780 3312 suis
809 3257 1008 3314 viribuS
1037 3270 1261 3330 partam,
1293 3261 1514 3330 justitire
1546 3263 1637 3317 Dei
1663 3264 1933 3332 subjectus
1960 3280 2064 3318 non

493 3347 645 3405 ﬁeret
666 3348 838 3421 (Rom.
859 3368 915 3417 ι,
937 3352 1016 3423 5).
1039 3352 1327 3422 Oportebat
1347 3355 1520 3424 itaque
1541 3365 1598 3410 ut
1621 3355 1798 3410 addito
1820 3357 2066 3413 mandato

492 3443 646 3514 cujus
672 3461 770 3500 vox
800 3454 920 3511 est,
957 3445 1073 3499 Non
1117 3447 1432 3518 concupisces
1460 3447 1649 3520 (Exod.
1683 3465 1772 3514 xx,
1809 3447 1894 3514 l7)
1923 3490 1938 3515 ,
1978 3465 2069 3503 su-

492 3536 661 3605 perho
701 3536 964 3605 peccaturi
996 3538 1154 3591 etiam
1196 3539 1644 3606 prtet'aricatiouis
1672 3540 1872 3594 crimen
1910 3555 2064 3595 acce—

499 3627 679 3694 deret;
715 3637 874 3698 atque
913 3630 981 3684 ita
1030 3629 1214 3698 gratia:
1254 3631 1566 3685 medicinam
1611 3647 1716 3686 non
1751 3641 1932 3686 sanata
1972 3647 2066 3704 per

495 3717 715 3789 Legem,
742 3719 835 3774 sed
864 3720 1102 3773 convicta
1129 3718 1407 3774 inﬁrmitas
1431 3731 1713 3793 qumreret.

483 3824 489 3832 ‘
565 3809 618 3865 8.
648 3809 904 3878 Proinde,
947 3826 1067 3866 cum
1096 3827 1280 3866 omnes
1301 3812 1426 3880 justi
1449 3853 1464 3879 ,
1506 3813 1606 3867 hoc
1629 3821 1710 3867 est
1731 3828 1944 3868 veraces
1973 3813 2066 3869 Dei

497 3901 761 3967 cultores,
785 3902 897 3957 sive
922 3912 1042 3956 ante
1067 3893 1480 3958 incarnationem
1498 3945 1512 3971 ,
1542 3906 1652 3959 sive
1679 3915 1798 3976 post
1823 3907 2065 3961 incarna-

495 3990 696 4046 tionem
721 3989 949 4059 Christi,
979 4008 1077 4048 nec
1101 3993 1357 4061 vixerint,
1392 4009 1492 4050 nec
1516 3997 1718 4060 vivant,
1745 3997 1846 4050 nisi
1870 4012 1933 4051 ex
1964 3996 2066 4052 ﬁde

496 4082 876 4140 incarnationis
915 4084 1141 4154 Christi,
1191 4086 1244 4140 in
1289 4102 1395 4158 quo
1432 4095 1514 4142 est
1555 4091 1734 4157 gratia:
1765 4089 2068 4158 plenitudo;

494 4173 733 4244 profecto
762 4175 901 4245 quod
931 4178 1182 4246 scriptum
1223 4186 1333 4244 est,
1384 4176 1504 4232 Non
1554 4194 1671 4234 esse
1713 4181 1854 4233 aliud
1890 4198 2068 4235 nomen

496 4265 584 4319 sub
608 4265 730 4320 caelo
749 4307 766 4333 ,
791 4267 844 4320 in
867 4284 963 4336 ψιο
987 4278 1211 4338 oporteat
1235 4269 1399 4323 salvos
1425 4269 1537 4337 fieri
1563 4287 1651 4324 nos
1685 4271 1818 4342 (Act.
1841 4288 1912 4335 ιν,
1939 4274 2027 4343 l9.)
2046 4315 2061 4340 ,

497 4369 564 4410 ex
593 4355 682 4410 illo
711 4365 949 4426 tempore
975 4358 1121 4411 valet
1141 4358 1206 4412 ad
1232 4359 1537 4412 saltandum
1566 4376 1732 4430 genus
1760 4360 2063 4430 humanum,

498 4460 564 4499 ex
588 4462 693 4514 quo
721 4446 773 4501 in
801 4446 968 4502 Adam
1006 4449 1242 4502 vitiatum
1273 4457 1356 4504 est
1393 4466 1558 4521 genus
1586 4451 1890 4508 humanum.
1925 4453 2068 4510 Sicut

499 4535 630 4588 enim
655 4536 708 4589 in
734 4535 898 4589 Adam
923 4555 1092 4591 omnes
1118 4540 1416 4605 moriuntur,
1446 4543 1516 4595 ita
1539 4551 1584 4595 et
1608 4543 1661 4596 in
1681 4542 1876 4599 Christo
1901 4563 2070 4602 omnes

499 4623 898 4693 viviﬁcabuntur.
942 4627 1072 4694 Quia
1103 4628 1237 4683 sicut
1265 4628 1318 4683 in
1346 4647 1507 4700 regno
1547 4635 1730 4687 mortis
1768 4651 1925 4689 nemo
1953 4637 2068 4693 sine

501 4715 693 4782 Adam,
723 4717 793 4771 ita
820 4718 871 4772 in
897 4733 1060 4788 regno
1081 4721 1202 4774 vita:
1228 4737 1385 4777 nemo
1414 4723 1527 4777 sine
1553 4723 1780 4780 Christo.
1811 4725 1956 4796 Sicut
1976 4743 2070 4796 per

502 4806 669 4862 Adam
709 4821 894 4864 omnes
938 4809 1146 4880 injusti,
1189 4809 1260 4865 ita
1307 4828 1400 4880 per
1425 4811 1692 4866 Christum
1724 4831 1906 4870 omnes
1939 4816 2068 4885 justi

499 4898 762 4978 homines.
794 4901 941 4957 Sicut
985 4919 1080 4972 per
1119 4903 1285 4958 Adam
1325 4919 1509 4958 omnes
1549 4907 1798 4962 mortales
1828 4908 1876 4961 in
1917 4924 2071 4978 ptena

500 4973 623 5048 facti
649 5003 771 5048 sunt
797 4994 889 5048 ﬁlii
919 4994 1095 5048 stcculi
1117 5036 1132 5061 ,
1161 4995 1229 5049 ita
1255 5004 1308 5049 et
1338 5012 1430 5065 per
1453 4996 1720 5053 Christum
1760 4973 1943 5055 omnes
1971 5000 2071 5054 im-

499 5085 750 5140 mortales
780 5084 831 5138 in
854 5085 1020 5155 gratia
1053 5083 1183 5138 ﬁunt
1206 5085 1293 5138 ﬁlii
1321 5085 1433 5140 Dei.

571 5173 791 5230 CAPUT
831 5173 917 5228 lll.
957 5204 1027 5215 —
1067 5173 1121 5230 9.
1164 5174 1271 5229 Cur
1303 5187 1479 5231 autem
1513 5186 1760 5234 creentur
1791 5179 1949 5235 etiam
1997 5181 2070 5236 illi

500 5280 633 5336 quos
653 5265 873 5320 Creator
899 5264 1162 5336 przescivit
1186 5266 1207 5298 ³
1233 5267 1298 5320 ad
1327 5267 1716 5324 damnationem
1743 5287 1846 5325 non
1869 5271 1933 5326 ad
1953 5287 2072 5342 gra-

501 5359 626 5412 tiam
668 5357 964 5430 pertinere,
1007 5358 1192 5413 beatus
1227 5360 1511 5430 Apostolus
1543 5372 1686 5418 tanto
1723 5367 2070 5424 succinctiore

504 5448 788 5515 brevitate,
833 5457 1030 5521 quanto
1067 5450 1272 5522 majore
1321 5455 1630 5510 auctoritate
1672 5469 2068 5515 commemorat.

571 5642 588 5675 ι
622 5641 695 5692 sic
708 5650 816 5706 MS.
841 5640 1008 5706 plin-es
1039 5641 1253 5694 melioris
1273 5651 1418 5705 noue,
1455 5658 1642 5695 necnon
1673 5648 1780 5697 Bad.
1806 5657 1905 5701 Am.
1925 5659 1978 5703 et
1996 5659 2070 5704 Er.

507 5711 687 5756 At'tm.
706 5703 854 5755 habet
876 5717 890 5754 :
910 5703 1005 5764 Qui
1018 5712 1173 5768 tamen
1195 5719 1343 5768 quare
1367 5703 1462 5757 Lex
1483 5706 1601 5757 bona
1617 5707 1730 5758 data
1751 5711 1828 5761 sit.

572 5768 593 5800 ³
609 5768 874 5822 Victorinus
892 5767 1244 5833 codex..voluit.
1263 5775 1423 5822 Germ.
1439 5777 1492 5821 et
1510 5773 1670 5835 (λοι-δη
1688 5771 1828 5825 nouit.

2067 5894 2130 5902 ..-

1719 328 1778 388 ει
1815 324 2193 387 ΔΗΕῊΞἜῙΜ·
2217 322 2520 385 ΕΡιείὶοΡι

3648 336 3776 399 εω

2177 439 2350 494 Deum
2374 440 2515 496 enim
2556 437 2682 496 dicit
2707 438 2972 496 volentem
2997 443 3254 498 ostendere
3275 445 3406 500 iram
3426 487 3441 512 ,
3471 455 3518 503 et
3542 454 3756 506 annon.-

2167 540 2330 585 strare
2353 533 2625 601 potentiam
2646 550 2788 586 suam
2808 575 2835 600 ,1
2854 535 3096 590 attulisse
3118 540 3168 590 in
3187 543 3345 593 multa
3375 529 3612 609 patientia
3635 561 3759 599 uasa

2166 621 2281 687 im,
2307 639 2419 692 qua:
2445 626 2664 694 perfecta
2688 634 2803 678 sunt
2832 625 2882 678 in
2906 626 3235 694 perditionem
3255 671 3270 696 ,
3300 641 3346 684 et
3368 641 3419 684 ut
3449 643 3595 688 notas
3613 640 3755 706 face-

2168 723 2240 766 ret
2272 713 2472 767 divitias
2501 716 2674 784 gloria:
2701 732 2807 770 sate
2846 717 2896 770 in
2929 734 3044 772 vasa
3071 721 3463 788 misericordia;
3484 743 3638 795 quem
3667 743 3760 783 su-

2169 803 2347 872 perius
2375 804 2579 858 dixerat
2609 815 2851 874 tanquam
2882 808 3098 877 ﬁgulum
3149 811 3246 864 luti
3287 829 3350 866 ea:
3383 817 3556 869 eadem
3587 833 3762 874 massa

2168 895 2333 963 facere
2348 893 2492 947 aliud
2509 913 2592 950 vas
2611 898 2662 949 in
2688 896 2948 967 honorem,
2969 900 3111 952 aliud
3131 903 3183 954 in
3206 906 3556 958 contumeliam
3578 907 3792 978 (Rom..

2165 996 2218 1037 tx
2239 1025 2253 1050 ,
2285 983 2386 1050 22,
2431 983 2543 1056 2l).
2592 986 2777 1042 Merito
2802 998 2978 1044 autem
3008 991 3276 1047 videretur
3301 996 3548 1063 injustum
3569 1035 3588 1062 ι
3611 997 3759 1068 quod

2168 1075 2298 1128 ﬁunt
2323 1091 2445 1128 vasa
2475 1077 2567 1130 ira:
2597 1077 2663 1131 ad
2696 1078 3043 1156 perditionem
3066 1123 3080 1147 ,
3105 1083 3148 1136 si
3177 1101 3279 1138 non
3309 1094 3451 1140 esset
3487 1088 3598 1156 ipsa
3632 1091 3760 1144 uni-

2167 1179 2316 1217 versa
2347 1181 2409 1218 ex
2437 1166 2604 1220 Adam
2640 1141 3106 1225 massa‘damnata.
3136 1173 3284 1241 Quod
3313 1193 3442 1244 ergo
3473 1141 3600 1231 ﬁunt
3628 1179 3755 1236 indo
3845 1184 3858 1192 '

2168 1254 2435 1306 nascendo
2484 1270 2609 1309 vasa
2668 1257 2789 1325 iras,
2836 1260 3068 1328 pertinet
3106 1263 3174 1316 ad
3216 1263 3447 1320 debitam
3495 1283 3750 1336 ptenam:

2168 1338 2308 1413 quod
2357 1354 2532 1399 autem
2584 1347 2714 1401 ﬁunt
2773 1353 3104 1407 renascendi)
3154 1369 3288 1409 vasa:
3331 1358 3760 1427 misericordia,

2167 1436 2394 1504 pertinet
2411 1437 2475 1490 ad
2500 1438 2780 1492 indebitam
2808 1443 3049 1509 gantiam.

2239 1527 2326 1579 ﬁl;
2355 1526 2596 1582 Ostendit
2619 1544 2745 1597 ergo
2772 1530 2910 1584 Deus
2940 1532 3279 1600 iram'suam;
3307 1539 3618 1608 nontutique
3635 1543 3757 1595 ani.

2165 1615 2238 1670 mi
2269 1618 2714 1685 perturbationem
2738 1659 2754 1684 ,
2783 1622 2918 1676 sicut
2943 1632 3025 1677 est
3048 1639 3167 1693 qua:
3193 1626 3270 1679 ira
3297 1626 3756 1685 hominisntmcuu

2165 1715 2342 1774 patur,
2372 1707 2464 1762 sed
2487 1708 2683 1777 justam
2712 1710 2984 1782 ﬁxamque-
2999 1713 3324 1782 vindictamr
3346 1718 3474 1786 quia
3493 1719 3562 1773 de
3582 1723 3753 1791 stirpe

2169 1794 2540 1852 inobedientite
2570 1799 2782 1853 ducitur
2813 1818 3043 1872 propago
3070 1807 3273 1873 peccati
3302 1815 3458 1877 atque
3485 1812 3748 1879 supplicii.

2167 1883 2233 1939 Et
2262 1886 2409 1940 homo
2432 1898 2577 1942 natus
2617 1906 2678 1943 ea:
2705 1893 2950 1960 muliere,
2968 1895 3106 1948 sicut
3129 1896 3180 1950 in
3207 1896 3342 1951 libro
3369 1898 3468 1952 Job
3495 1902 3760 1970 scriptum

2165 1987 2266 2040 est,
2293 1978 2449 2032 brevis
2474 1992 2544 2033 est
2573 1983 2689 2036 vitta
2709 1993 2753 2035 et
2781 1984 2956 2055 plenus
2974 1987 3249 2042 iracundia:
3273 1990 3411 2060 (Job.
3440 2007 3548 2056 XIV,
3573 1993 3625 2058 1,
3648 2011 3748 2048 sea.

2165 2067 2354 2138 LXX).
2387 2071 2509 2138 Ejus
2535 2075 2676 2126 enim
2716 2075 2792 2128 rei
2834 2093 2924 2130 vas
2955 2088 3073 2146 est,
3103 2095 3205 2147 qua
3249 2081 3436 2148 plenus
3463 2091 3545 2137 est
3569 2103 3581 2137 :
3609 2085 3752 2140 unde

2165 2158 2258 2213 ira:
2288 2176 2408 2214 vasa
2437 2162 2702 2218 dicuntur.
2749 2165 2991 2221 Ostendit
3020 2177 3073 2222 et
3103 2171 3390 2238 potentiam
3437 2190 3584 2228 suam
3604 2216 3618 2239 ,
3647 2190 3752 2245 qua

2167 2248 2303 2304 bene
2333 2252 2490 2304 etiam
2517 2255 2678 2307 utitur
2705 2256 2887 2322 malis,
2919 2259 3083 2311 multa
3122 2259 3224 2314 illis
3254 2262 3508 2316 naturalia
3535 2272 3588 2319 et
3612 2277 3752 2319 tem-

2166 2342 2367 2410 poralia
2408 2343 2541 2396 bona
2574 2344 2834 2414 largiens,
2867 2362 3156 2417 eorumque
3197 2352 3451 2405 malitiam
3494 2353 3560 2408 ad
3599 2371 3755 2410 exer-

2166 2435 2365 2488 cendos
2395 2444 2447 2488 et
2491 2439 2885 2506 comparatione
2927 2439 3287 2496 admonendus
3333 2443 3501 2498 bonos
3541 2460 3755 2500 accomo

2166 2525 2422 2590 modans,
2458 2534 2516 2580 ut
2544 2528 2594 2580 in
2625 2528 2703 2582 eis
2728 2529 2934 2584 discant
2960 2545 3116 2600 agere
3151 2533 3346 2602 gratias
3376 2534 3483 2589 Deo
3507 2536 3646 2604 quod
3684 2537 3753 2592 ab

2165 2615 2244 2670 eis
2265 2657 2278 2679 ,
2307 2630 2409 2668 non
2434 2617 2542 2668 suis
2569 2619 2798 2683 meritis,
2829 2634 2947 2688 qua:
2972 2620 3024 2674 in
3055 2621 3236 2675 eadem
3265 2635 3437 2677 massa
3470 2627 3613 2693 paria
3636 2625 3754 2680 fue-

2166 2715 2290 2761 runt
2339 2709 2377 2774 ί,
2430 2707 2522 2763 sed
2569 2709 2707 2764 illius
2751 2711 3093 2767 miseratione
3135 2711 3353 2768 discreti
3399 2722 3536 2768 sunt.
3595 2716 3750 2783 Quod

2166 2801 2394 2854 maxime
2437 2811 2654 2868 apparet
2701 2802 2754 2855 in
2796 2805 3062 2873 parvulis,
3104 2805 3171 2860 de
3211 2806 3441 2874 quibus,
3484 2822 3599 2860 cum
3648 2823 3748 2878 per

2168 2893 2362 2946 Christi
2393 2894 2612 2961 gratiam
2643 2906 3010 2962 renascuntur,
3035 2904 3088 2950 et
3115 2897 3267 2950 istam
3289 2898 3448 2950 vitam
3479 2899 3530 2952 in
3559 2897 3645 2952 illa
3673 2907 3751 2954 te-

2168 3001 2295 3039 nera
2322 2995 2474 3040 aetate
2501 2984 2742 3040 ﬁnientes
2769 2987 2819 3040 in
2845 2996 3096 3042 :eternam
3130 2996 3404 3043 transeunt
3429 2999 3480 3042 et
3508 2991 3747 3058 beatam,

2167 3075 2272 3130 dici
2303 3091 2406 3129 non
2439 3085 2612 3145 potest
2641 3076 2779 3146 quod
2825 3078 2994 3132 libero
3037 3077 3412 3132 discernuntur
3436 3079 3660 3135 arbitrio
3683 3081 3752 3136 ab

2169 3167 2286 3221 aliis
2317 3165 2604 3220 infantibus
2647 3167 2733 3237 qui
2776 3168 2891 3222 sine
2933 3168 3032 3223 hac
3069 3171 3236 3238 gratia
3287 3170 3338 3223 iu
3369 3170 3532 3239 ipsius
3559 3183 3760 3226 massa!

2171 3258 2507 3314 damnatione
2533 3259 2848 3313 moriuntur.

2249 3351 2336 3405 ll.
2367 3349 2422 3405 Si
2450 3359 2624 3404 autem
2652 3349 2704 3402 hi
2732 3351 2829 3403 soli
2855 3357 3165 3406 crearentur
3206 3365 3272 3404 ex
3293 3350 3488 3417 Adam,
3519 3352 3610 3422 qui
3650 3367 3740 3408 es-

2169 3451 2286 3496 sent
2317 3457 2408 3511 per
2428 3444 2646 3512 gratiam
2679 3441 2950 3496 recreandi
2972 3482 2987 3508 ,
3021 3449 3075 3496 et
3102 3452 3293 3511 praeter
3318 3443 3436 3497 illos
3455 3446 3541 3514 qui
3565 3445 3616 3498 in
3645 3445 3741 3500 Dei

2169 3533 2304 3588 ﬁlios
2340 3533 2682 3602 adoptantur,
2718 3535 2848 3588 nulli
2876 3535 2964 3587 alii
3010 3535 3249 3588 homines
3280 3546 3637 3603 nascerentur,
3669 3537 3750 3591 la-

2168 3637 2302 3683 teret
2327 3627 2638 3682 beneﬁcium
2671 3628 2810 3697 quod
2835 3629 3125 3684 donaretur
3151 3629 3406 3700 indignis;
3440 3631 3562 3700 quia
3593 3631 3750 3688 nullis

2168 3725 2235 3775 ex
2273 3721 2456 3774 eadem
2484 3721 2767 3774 damnabili
2796 3721 2960 3790 stirpe
2986 3723 3317 3776 venientibus
3361 3724 3593 3777 debitum
3621 3739 3753 3794 sup-

2167 3809 2380 3878 plicium
2412 3810 2739 3864 redderetur.
2771 3809 2904 3864 Cum
2935 3826 3061 3865 vero
3082 3813 3255 3866 attulit
3283 3813 3334 3867 in
3358 3815 3518 3868 multa
3546 3817 3754 3883 patien-

2169 3901 2238 3953 tia
2264 3915 2388 3954 vasa
2426 3901 2517 3954 irae
2542 3942 2556 3965 ,
2595 3913 2714 3971 qua:
2743 3903 2971 3970 perfecta
3004 3910 3126 3956 sunt
3151 3903 3202 3956 in
3232 3903 3610 3971 perditionem,
3638 3919 3749 3960 non

2169 3992 2340 4048 solum
2365 3993 2593 4048 ostendit
2627 3995 2757 4047 iram
2785 4001 2838 4049 et
2865 3994 3248 4050 demonstravit
3278 3998 3564 4065 potentiam
3594 4013 3746 4052 suam

2171 4082 2498 4137 redhibendo
2526 4083 2832 4150 vindictam,
2867 4093 2918 4138 et
2945 4085 3078 4139 bene
3103 4085 3300 4139 utendo
3326 4101 3430 4140 non
3460 4087 3630 4152 bonis,
3651 4086 3759 4141 sed‘

2169 4173 2325 4228 etiam
2349 4184 2499 4227 notas
2527 4172 2648 4228 fecit
2673 4174 2878 4228 divitias
2903 4175 3086 4244 glorise
3133 4190 3242 4229 sum
3289 4176 3341 4230 in
3381 4192 3505 4230 vasa
3537 4177 3747 4230 miseri-

2169 4263 2381 4317 cordiae.
2408 4263 2480 4318 Ita
2512 4264 2653 4318 enim
2682 4263 2806 4334 quid
2836 4273 3114 4332 praestetur
3137 4265 3234 4319 sibi
3256 4265 3381 4319 dicit
3409 4266 3570 4335 gratis
3598 4266 3749 4334 iusti-

2171 4352 2389 4417 ﬁcatus,
2419 4354 2542 4406 dum
2585 4369 2688 4407 non
2719 4367 2814 4408 suo
2841 4355 3062 4418 merito,
3104 4355 3197 4408 sed
3238 4355 3402 4424 gloria
3439 4356 3748 4424 largissimzn

2169 4445 2264 4499 Dei
2309 4445 2686 4499 misericordia:
2727 4445 3042 4500 discernitur
3082 4460 3110 4497 a
3151 4446 3433 4515 damnato,
3479 4461 3598 4502 eum
3641 4461 3748 4518 quo

2170 4535 2357 4591 eadem
2381 4535 2580 4604 justitia
2613 4536 2784 4590 fuerat
2819 4544 2873 4590 et
2902 4536 3014 4605 ipse
3041 4535 3394 4590 damnandus.

2239 4625 2327 4681 1'2.
2357 4625 2484 4678 Tum
2513 4626 2704 4680 multos
2728 4635 2902 4680 autem
2945 4627 3174 4681 creando
3218 4627 3359 4682 nasci
3382 4626 3581 4692 voluit,
3611 4642 3748 4697 quos

2170 4717 2234 4771 ad
2265 4733 2411 4772 suam
2432 4719 2650 4787 gratiam
2679 4733 2783 4771 non
2817 4719 3084 4787 pertinere
3113 4719 3400 4788 praescivit,
3430 4729 3487 4774 ut
3509 4721 3756 4774 multith

2170 4807 2292 4863 diue
2322 4807 2719 4876 incomparabili
2749 4809 2924 4877 plures
2965 4810 3070 4863 sint
3104 4810 3204 4864 illis
3239 4825 3370 4880 quos
3400 4811 3450 4864 iu
3487 4813 3567 4864 sui
3599 4812 3749 4881 regni

2169 4899 2390 4968 gloriam
2420 4899 2551 4952 ﬁlios
2574 4899 2942 4970 promissionis
2969 4901 3344 4970 praedestinare
3369 4903 3610 4972 dignatus
3627 4911 3745 4970 est;

2171 4999 2228 5042 ut
2266 4987 2423 5042 etiam
2469 4988 2581 5056 ipsa
2631 4989 2950 5058 rejectorum
2995 4989 3328 5045 multitudine
3356 4994 3744 5060 ostenderetur,

2171 5094 2327 5150 quam
2355 5079 2545 5132 nullius
2576 5080 2827 5134 momenti
2848 5081 2917 5134 sit
2943 5079 3080 5149 apud
3110 5080 3270 5133 Deum
3292 5080 3491 5149 justum
3521 5093 3748 5151 quanta-

2173 5169 2299 5223 libet
2342 5168 2693 5223 numerositas
2731 5169 3027 5240 justissime
3056 5169 3443 5224 damnatorum.
3477 5173 3648 5241 Atque
3690 5180 3750 5227 ut

2174 5261 2298 5315 hinc
2324 5275 2534 5329 quoque
2571 5261 2864 5330 intelligant
2897 5261 2982 5331 qui
3010 5276 3074 5316 ex
3101 5260 3215 5331 ipsa
3239 5261 3574 5316 damnatione
3607 5263 3752 5318 redi-

2174 5362 2410 5418 muntur,
2457 5351 2560 5407 hoc
2606 5353 2764 5408 fuisse
2805 5353 3041 5408 debitum
3086 5367 3277 5409 massas
3325 5352 3401 5408 illi
3452 5354 3746 5423 universae,

2174 5450 2313 5520 quod
2345 5458 2450 5504 tam
2476 5465 2679 5520 magnae
2709 5452 2845 5519 parti
2871 5453 2990 5520 ejus
3016 5453 3280 5507 redditum
3304 5461 3612 5518 cernerent,
3638 5465 3763 5506 non-

2176 5543 2344 5596 solum
2372 5543 2422 5595 in
2449 5543 2529 5596 eis
2548 5541 2639 5612 qui
2665 5542 2904 5611 originali
2933 5552 3149 5612 peccato
3176 5545 3343 5599 multa
3368 5545 3578 5599 addunt
3594 5543 3752 5597 make

2240 5657 2255 5727 ἔ
2295 5663 2423 5727 Unus
2445 5663 2546 5704 vat.
2579 5655 2733 5705 codex
2755 5669 2782 5727 _:_
2801 5652 2890 5715 oui
2911 5655 2962 5727 in
2986 5659 3166 5727 eadem
3187 5671 3345 5727 massa
3374 5671 3515 5727 pares

2178 5715 2306 5766 Alter
2331 5726 2448 5776 \‘at.,
2474 5729 2638 5783 quin...
2657 5715 2854 5780 pariter,
2878 5719 3117 5783 etesia,
3290 5715 3554 5783 sed
3570 5717 3753 5772 melius

2306 5777 2632 5842 quamplurcs,
2654 5777 2800 5842 ἐμω..
2821 5777 3002 5844 paria;
3015 5777 3222 5844 scilicet.
3240 5777 3436 5836 mea.
