4120 6358
419 455 709 513 voluntatis
736 449 991 516 arbitrio,
1027 462 1211 505 verum
1249 448 1407 505 etiam
1449 447 1505 503 in
1531 454 1638 503 tam
1667 449 1845 505 multis
1872 464 1994 519 par-

418 547 669 617 vulisqui
711 541 1073 600 tantummodo
1098 541 1310 595 vinculo
1352 539 1548 610 peccati
1588 539 1856 609 originalis
1898 539 1993 593 ob-

418 640 625 704 stricti,
657 639 774 693 sine
795 636 961 707 gratia
987 632 1288 688 Mediatoris
1314 648 1377 688 ex
1403 631 1503 686 hac
1543 629 1661 685 luce
1693 632 1988 703 rapiuntur.

416 731 556 788 Tota
594 731 788 801 quippe
814 731 911 782 ista
941 741 1123 782 massa
1147 726 1304 796 justas
1346 723 1696 779 damnationis
1732 724 1994 793 reciperet

417 822 673 888 debitum,
689 820 789 875 nisi
814 835 882 876 ex
897 834 958 875 ea
988 818 1185 874 faceret
1202 833 1305 871 non
1323 818 1490 871 solum
1505 815 1699 886 justus,
1716 814 1810 869 sed
1829 816 1990 871 etiam

415 916 724 970 misericors
766 912 958 983 figulus
999 912 1100 965 alia
1147 926 1268 965 vasa
1309 910 1362 964 in
1403 910 1659 965 honorem
1697 909 1988 965 secundum

415 1004 669 1076 gratiam,
713 1020 817 1058 non
858 1002 1148 1057 secundum
1186 1001 1451 1065 debitum;
1495 1001 1618 1055 dum
1665 1010 1716 1056 et
1759 1000 1988 1070 parvulis

413 1095 686 1160 subvenit,
716 1108 938 1163 quorum
970 1093 1107 1145 nulla
1149 1094 1335 1147 merita
1374 1091 1476 1146 dici
1515 1100 1763 1163 possunt,
1790 1100 1841 1145 et
1870 1107 1985 1146 ma-

406 1186 553 1258 jores
591 1186 881 1256 praevenit,
921 1194 978 1239 ut
1017 1184 1212 1239 habere
1249 1184 1421 1254 aliqua
1462 1185 1646 1237 merita
1678 1183 1896 1252 possint.

482 1278 704 1335 CAPUT
734 1275 823 1331 IV.
852 1306 923 1316 —
966 1275 1211 1341 15.‘Qu;e
1240 1290 1357 1328 cum
1408 1274 1476 1327 ita
1521 1274 1655 1338 sint,
1688 1275 1731 1327 si
1762 1272 1985 1327 aSsertio

410 1379 497 1426 tua
529 1386 632 1423 non
657 1385 720 1423 eo
747 1367 947 1427 tendit.
983 1376 1035 1422 ul
1075 1383 1236 1422 novas
1268 1368 1470 1421 animas
1496 1366 1640 1419 dicas
1668 1374 1877 1435 propter
1899 1366 1982 1418 in-

408 1463 708 1518 nocentiam
738 1460 980 1514 novitatis
1007 1475 1116 1515 sum
1134 1502 1150 1525 ,
1183 1469 1463 1529 antequam
1485 1459 1549 1512 ad
1576 1459 1893 1526 peccandum
1921 1458 1985 1511 li-

404 1555 536 1612 bero
574 1562 789 1609 utantur
821 1552 1072 1618 arbitrio,
1103 1550 1426 1605 damnationi
1454 1549 1693 1617 originali
1724 1548 1981 1603 obnoxias

403 1659 524 1701 esse
568 1659 673 1698 non
721 1658 907 1713 posse;
954 1642 1183 1697 sedeas
1224 1641 1329 1696 ﬁde
1374 1640 1631 1695 catholica
1674 1639 1977 1705 conﬁteris,

406 1736 615 1792 etiamsi
656 1734 707 1788 in
738 1734 826 1787 illa
858 1742 1036 1787 tenera
1067 1740 1222 1787 tetate
1251 1732 1318 1787 de
1359 1747 1581 1800 corpore
1625 1731 1883 1796 exierint,
1926 1730 1978 1785 in

402 1827 795 1887 damnationem
826 1826 1133 1895 perditionis
1157 1826 1321 1879 ituras
1340 1864 1358 1890 ,
1386 1822 1485 1877 nisi
1516 1823 1856 1877 Sacramento
1880 1821 1980 1875 Me-

401 1919 646 1985 diatoris,
691 1921 780 1990 qui
824 1921 970 1975 venit
1009 1933 1248 1988 quaerere
1290 1928 1344 1972 et
1385 1918 1588 1971 salvum
1634 1914 1807 1969 facere
1837 1916 1978 1986 quod

398 2013 629 2084 perierat
655 2012 805 2083 (Luc.
832 2029 951 2080 xix,
1000 2010 1126 2083 10),
1158 2012 1447 2064 liberentur
1474 2026 1487 2062 :
1516 2025 1693 2079 qumre
1722 2010 1847 2074 ubi,
1891 2009 1977 2065 vel

398 2104 572 2173 unde,
607 2105 691 2160 vel
715 2106 925 2174 quando
954 2103 1581 2173 cmperintdamnationis
1609 2104 1849 2157 meritum
1879 2103 1976 2158 ha-

396 2192 565 2261 bere,
595 2196 639 2250 si
667 2212 817 2250 nova:
844 2204 1007 2261 sunt,
1053 2196 1123 2249 ita
1161 2210 1290 2251 sane
1332 2203 1390 2249 ut
1433 2196 1594 2248 Deum
1626 2210 1730 2248 non
1777 2193 1972 2261 facias,

396 2299 496 2340 nec
534 2285 765 2355 aliquam
801 2296 1040 2340 naturam
1078 2300 1237 2355 quam
1276 2300 1380 2339 non
1408 2285 1642 2340 condidit
1680 2286 1847 2351 Deus,
1890 2286 1974 2341 vel

396 2376 598 2444 peccati
626 2392 807 2430 earum
830 2377 913 2431 vel
934 2376 1271 2430 innocentum
1296 2376 1648 2430 damnationis
1679 2385 1969 2431 auctorem.

398 2465 465 2518 Et
488 2466 532 2519 si
560 2465 823 2520 inveneris
851 2466 993 2536 quod
1019 2476 1068 2520 te
1095 2482 1333 2535 quaerere
1361 2466 1608 2520 admonui
1631 2507 1649 2534 ,
1684 2466 1825 2536 quod
1861 2466 1975 2534 ipse

397 2558 600 2623 adhuc,
642 2559 830 2626 fateor,
861 2574 966 2615 non
1007 2560 1181 2614 ant'lli
1202 2601 1217 2628 ,
1247 2559 1470 2614 defende
1500 2570 1753 2630 quantum
1784 2569 1979 2630 potes,

393 2657 552 2718 atque
618 2665 797 2705 assere
858 2651 1149 2704 animarum
1214 2651 1487 2707 infantium
1538 2651 1797 2721 ejusmodi
1854 2668 1974 2708 esse

395 2740 717 2805 novitatem,
763 2750 819 2795 ut
854 2742 996 2796 nulla
1029 2744 1400 2812 propagatione
1428 2744 1687 2797 ducantur
1706 2760 1732 2809 ;.
1769 2755 1825 2799 et
1870 2762 1969 2799 no-

393 2826 596 2883 biscum
638 2831 778 2901 quod
824 2831 1089 2888 inveneris
1139 2832 1370 2888 fraterna
1409 2834 1690 2890 dilectione
1730 2850 1971 2892 commu-

393 2933 529 2973 nica.

471 3012 558 3066 14.
599 3010 655 3066 Si
702 3022 878 3067 autem
919 3029 1023 3068 non
1074 3015 1339 3070 inveneris
1382 3032 1543 3084 quare
1581 3017 1663 3073 vel
1702 3019 1971 3086 quomodo

399 3100 527 3155 ﬁant
549 3116 739 3156 anima!
768 3102 1041 3157 infantium
1064 3107 1419 3174 peccatrices,
1452 3118 1506 3161 et
1539 3108 1669 3161 nihil
1701 3109 1750 3161 in
1780 3110 1970 3179 seipsis

396 3189 651 3247 habentes
682 3183 923 3261 malitiae,
964 3211 995 3249 a
1035 3212 1140 3266 quo
1163 3209 1418 3267 cogantur
1453 3214 1523 3253 ex
1562 3200 1725 3253 Adam
1759 3200 1971 3257 trahere

394 3282 534 3337 unde
581 3284 917 3350 damnentur,
945 3302 1063 3340 cum
1103 3303 1193 3341 eas
1236 3289 1422 3343 credas
1460 3305 1562 3342 non
1593 3307 1654 3343 ex
1686 3291 1774 3344 illa
1802 3292 1969 3359 prima

392 3373 691 3440 peccatrice
733 3386 1078 3445 propagatae,
1112 3377 1206 3432 sed
1236 3393 1398 3432 novas
1422 3390 1577 3449 atque
1607 3380 1843 3434 insontes
1884 3383 1965 3437 in-

391 3461 532 3516 cludi
558 3478 716 3519 carne
747 3468 945 3535 peccati
968 3483 981 3530 ;
1012 3482 1110 3521 nec
1133 3468 1207 3521 sic
1226 3468 1335 3538 jam
1368 3478 1567 3525 temere
1595 3470 1647 3523 in
1668 3471 1824 3525 aliam
1847 3487 1971 3528 sen-

390 3553 609 3608 tentiam
638 3564 721 3608 tua
762 3554 1072 3611 deﬂectatur
1100 3560 1369 3625 assensio,
1409 3570 1465 3614 ut
1492 3576 1584 3616 eas
1622 3576 1686 3615 ex
1731 3563 1818 3616 illa
1866 3578 1977 3618 una.

392 3642 580 3698 credas
627 3646 961 3717 propagando
993 3649 1227 3715 traduci;
1276 3666 1343 3705 ne
1389 3650 1521 3706 forte
1566 3653 1701 3706 alius
1730 3652 1968 3710 invenire

390 3733 554 3801 possit
577 3735 716 3804 quod
763 3736 875 3805 ipse
916 3754 1019 3791 non
1066 3742 1268 3808 possis,
1308 3750 1399 3795 aut
1425 3742 1705 3812 aliquando
1733 3744 1967 3801 invenias

388 3822 528 3889 quod
559 3839 699 3879 nunc
727 3841 828 3879 non
858 3826 1109 3895 potueris.
1142 3828 1273 3882 Nam
1316 3839 1368 3884 et
1413 3832 1487 3884 illi
1526 3833 1617 3901 qui
1659 3833 1862 3888 animas
1898 3850 1968 3890 ex

388 3928 493 3975 una
536 3917 814 3987 propagari
858 3929 1135 3985 asserunt,
1179 3936 1337 3988 quam
1380 3923 1519 3976 Deus
1563 3925 1733 3991 primo
1764 3925 1965 3981 homini

386 4003 572 4069 dedit,
601 4015 758 4075 atque
800 4006 871 4060 ita
901 4023 990 4061 eas
1018 4024 1085 4062 ex
1132 4011 1435 4077 parentibus
1481 4012 1617 4065 trahi
1664 4014 1878 4080 dicunt,
1920 4016 1977 4071 si.

384 4094 701 4151 Tertulliani
749 4098 1050 4166 opinionem
1096 4108 1406 4168 sequuntur,
1448 4101 1685 4171 profecto
1722 4118 1813 4157 eas
1855 4120 1962 4160 non

388 4186 606 4254 spiritus
625 4226 640 4252 ,
669 4187 762 4241 sed
786 4202 1007 4257 corpora
1038 4203 1153 4243 esse
1176 4189 1533 4255 contendunt,
1563 4199 1615 4244 et
1643 4194 1965 4262 corpulentis

386 4276 680 4332 seminibus
706 4278 897 4332 exoriri
934 4297 946 4331 :
978 4294 1085 4349 quo
1128 4280 1427 4348 perversius
1454 4280 1577 4350 quid
1607 4282 1710 4336 dici
1754 4284 1963 4352 potest?

384 4363 569 4434 Neque
610 4366 712 4421 hoc
750 4366 1129 4423 Tertullianum
1176 4370 1464 4424 somniasse
1508 4371 1804 4427 mirandum
1844 4384 1962 4443 est,

385 4456 474 4524 qui
504 4457 661 4510 etiam
688 4457 856 4526 ipsum
878 4469 1174 4515 creatorem
1197 4461 1360 4515 Deum
1386 4477 1490 4517 non
1510 4478 1628 4518 esse
1647 4464 1751 4519 nisi
1768 4479 1967 4535 corpus

390 4545 634 4615 opinatur
660 4546 759 4617 (a).

458 4639 543 4692 15.
571 4640 682 4705 Qua
712 4639 975 4695 dementia
1004 4642 1212 4711 repulsa
1253 4657 1282 4695 a
1321 4643 1480 4698 corde
1513 4652 1670 4714 atque
1697 4661 1789 4701 ore
1816 4646 1961 4703 chri-

386 4731 556 4786 stiano
574 4772 591 4799 ,
616 4733 852 4803 quisquis
879 4735 1107 4789 animam
1126 4776 1142 4801 ,
1169 4736 1321 4790 sicuti
1349 4746 1454 4802 est,
1488 4752 1594 4792 non
1624 4754 1743 4794 esse
1768 4754 1960 4809 corpus

385 4822 477 4878 sed
519 4825 761 4894 spiritum
796 4825 1098 4893 conﬁtetur,
1123 4835 1176 4881 et
1216 4834 1394 4882 tamen
1427 4829 1478 4881 in
1510 4828 1646 4883 ﬁlios
1672 4846 1736 4884 ex
1764 4845 1959 4899 paren-

385 4914 530 4971 tibus
567 4915 725 4982 duei;
758 4918 808 4971 in
833 4932 900 4973 eo
923 4918 1133 4988 quidem
1160 4918 1317 4972 nullis
1345 4927 1644 4975 coarctatur
1667 4921 1920 4989 angustiis
1937 4961 1955 4990 ,

391 5006 533 5077 quod
559 5023 746 5063 omnes
773 5009 997 5075 animas,
1020 5010 1177 5063 etiam
1209 5011 1546 5079 parvulorum
1566 5052 1581 5079 ,
1613 5027 1745 5081 quos
1775 5013 1959 5069 Eccle—

387 5098 465 5153 sia
510 5116 617 5155 non
656 5101 833 5171 utique
874 5102 928 5157 in
965 5103 1146 5157 falsam
1166 5143 1182 5169 ,
1212 5102 1306 5158 sed
1336 5104 1386 5158 iu
1416 5121 1593 5160 veram
1624 5118 1956 5175 peccatorum

384 5190 754 5249 remissionem
801 5195 1063 5264 baptizat,
1106 5210 1229 5250 vera
1273 5196 1405 5250 ﬁdes
1446 5198 1695 5265 pnedicat
1744 5200 1958 5257 trahere

386 5282 644 5352 originale
673 5294 941 5354 peccatum
985 5287 1194 5355 propria
1238 5286 1392 5355 primi
1434 5288 1663 5344 hominis
1690 5291 1959 5350 voluntate

385 5374 726 5429 commissum
746 5417 761 5441 ,
785 5383 838 5430 et
862 5374 913 5429 in
940 5391 1123 5431 omnes
1152 5385 1397 5446 posteros
1420 5381 1757 5449 generatione
1783 5391 1958 5438 trans-

384 5464 646 5530 missum,
689 5466 801 5523 sola
844 5468 1242 5539 regeneratione
1285 5470 1655 5539 purgandum:
1700 5476 1793 5527 sed
1834 5489 1956 5528 cum

387 5556 715 5613 considerari
743 5567 799 5614 et
826 5559 1131 5629 pertractari
1169 5562 1389 5629 cmperit
1425 5562 1548 5631 quid
1586 5562 1811 5628 dicatur,
1853 5564 1955 5617 mi-

382 5692 1022 5822 ὼξὲητὲιὲὲίὴξιϋῒὲοὲἰ
1064 5698 1314 5761 Praxeam,
1333 5707 1380 5747 c.
1401 5696 1450 5747 7‘.
1474 5694 1591 5748 vide
1634 5705 1751 5761 aug.
1785 5692 1871 5747 lib.
1897 5694 1958 5748 10

1584 333 2068 394 ΕΡΙΒΤΟΜΕΗΕ
2094 334 2363 394 αιΑεδῐε
2396 335 2484 395 ΠΙ.

3561 344 3677 405 868

2097 466 2214 507 rum
2240 450 2286 505 si
2312 451 2447 507 ullus
2484 464 2671 510 sensus
2709 453 3108 525 comprehendit
3147 454 3415 515 humanus
3435 472 3664 529 quonam

2096 542 2256 596 modo
2284 550 2531 613 tanquam
2563 544 2773 601 lucerna
2800 545 2867 601 de
2892 546 3105 602 lucerna
3124 548 3442 605 accendatur
3469 558 3523 605 et
3550 549 3666 607 sine

2094 632 2415 689 detrimento
2443 635 2659 690 alterius
2683 636 2815 691 alter
2844 636 2964 691 inde
2987 638 3120 709 ignis
3140 638 3358 707 existat,
3385 640 3461 695 sic
3488 641 3666 697 anima

2093 721 2161 780 de
2191 725 2362 780 anima
2395 727 2625 796 parentis
2650 728 2736 782 ﬁat
2763 726 2815 782 in
2846 730 3011 798 prole,
3033 730 3117 785 vel
3147 730 3448 786 traducatur
3468 732 3520 785 in
3544 746 3667 801 pro-

2092 813 2232 881 lem;
2262 825 2438 872 utrum
2484 819 2851 888 incorporeum
2897 834 3081 875 semen
3126 823 3350 887 animae,
3399 836 3492 875 sua
3536 836 3666 892 qua-

2091 900 2210 960 dam
2240 906 2256 938 ¹
2287 909 2489 962 occulta
2519 916 2571 963 et
2598 910 2843 964 invisibili
2869 910 2952 964 via
2979 925 3218 967 seorsum
3247 928 3312 967 ex
3350 921 3499 982 patre
3538 892 3675 967 cur:

2090 1006 2171 1050 rat
2195 998 2244 1050 in
2277 1009 2496 1052 matrem
2523 1016 2641 1054 cum
2669 1001 2723 1055 ﬁt
2750 1010 3035 1071 conceptus
3060 1004 3112 1056 in
3140 1004 3364 1070 femina;
3393 1019 3457 1057 an
3476 1044 3491 1069 ,
3520 1005 3667 1074 quod.

2088 1098 2167 1141 est
2195 1088 2582 1155 incredibilius,
2614 1092 2666 1144 in
2694 1094 2901 1147 semine
2920 1094 3159 1162 corporis
3182 1094 3356 1148 lateat.
3398 1090 3528 1147 Cum
3561 1110 3659 1169 au-

2088 1183 2193 1232 tem
2223 1178 2389 1233 ﬁuunt
2414 1181 2557 1234 irrita
2580 1183 2693 1237 sine
2715 1184 2833 1238 ullis
2857 1186 3197 1255 conceptihus
3227 1186 3428 1241 semina
3446 1227 3461 1250 ,
3486 1196 3661 1241 utrum

2087 1281 2266 1322 semen
2292 1273 2483 1324 anima:
2509 1287 2614 1325 non
2653 1272 2810 1327 simul
2856 1280 3007 1329 exeat
3028 1316 3045 1343 ,
3071 1291 3136 1329 an
3161 1290 3365 1330 summa
3392 1276 3663 1333 celeritate

2086 1368 2242 1426 atque
2270 1369 2448 1414 atomo
2473 1362 2724 1430 temporis
2751 1363 2886 1418 unde
2923 1365 3123 1420 exierat
3160 1376 3427 1435 recurrat,
3470 1382 3537 1420 an
3571 1382 3662 1437 pe-

2085 1457 2197 1502 reat
2227 1467 2239 1503 :
2272 1457 2324 1504 et
2358 1450 2401 1504 si
2432 1453 2601 1522 perit,
2626 1454 2891 1522 quomodo
2918 1454 3030 1525 ipsa
3056 1456 3206 1525 cujus
3233 1457 3455 1511 mortale
3478 1473 3660 1513 semen

2084 1547 2195 1605 est,
2229 1540 2540 1598 immortalis
2575 1556 2655 1599 est
2690 1547 2893 1613 anima;
2926 1562 2993 1601 an
3035 1548 3487 1606 immortalitatem
3531 1559 3658 1605 tunc

2083 1631 2305 1700 accipit,
2354 1634 2563 1703 quando
2608 1634 2866 1691 formatur
2913 1646 2968 1692 ut
3006 1639 3181 1707 vivat,
3227 1640 3362 1695 sicut
3400 1640 3658 1710 justitiam

2082 1721 2291 1793 quando
2330 1723 2584 1780 formatur
2611 1737 2671 1781 ut
2710 1730 2896 1797 sapiat.
2943 1728 3007 1783 Et
3050 1745 3157 1800 quo
3186 1739 3340 1800 pacto
3369 1747 3485 1786 eam
3517 1732 3657 1787 Deus

2081 1811 2243 1881 ﬁngat
2282 1815 2331 1868 in
2364 1816 2605 1883 homine,
2636 1821 2841 1874 etiamsi
2868 1821 3039 1874 anima
3064 1821 3389 1877 scminaliter
3416 1821 3657 1879 trahatur

2080 1917 2142 1957 ex
2170 1905 2342 1958 anima
2363 1948 2378 1972 ,
2423 1908 2558 1963 sient
2588 1909 2734 1979 ﬁngit
2769 1911 2819 1963 in
2854 1912 3064 1966 homine
3092 1914 3335 1982 corporis
3377 1913 3614 1969 membra
3634 1956 3655 1984 ,

2081 1998 2318 2064 quamvis
2356 2014 2546 2068 corpus
2588 2002 2912 2057 seminaliter
2938 2006 3174 2058 trahatur
3200 2022 3264 2059 ex
3307 2020 3551 2075 corpore.
3598 2006 3655 2063 Si

2079 2087 2217 2141 enim
2250 2105 2352 2143 non
2379 2091 2534 2145 etiam
2563 2094 2847 2162 Spiritualis
2872 2106 3112 2150 creatura
3143 2098 3424 2166 fingeretur
3448 2114 3477 2151 a
3508 2099 3653 2169 Deo,

2079 2195 2183 2234 non
2207 2183 2457 2252 scriptum
2484 2194 2653 2253 esset,
2685 2186 2783 2252 Qui
2805 2188 2950 2257 ﬁngit
2969 2189 3201 2258 spiritum
3224 2190 3437 2244 hominis
3464 2190 3516 2244 in
3544 2191 3654 2261 ipso

2082 2270 2261 2342 (Zaclt.
2292 2290 2396 2340 xu,
2431 2276 2485 2346 1)
2515 2294 2529 2330 :
2567 2288 2621 2331 et
2661 2278 2713 2331 in
2750 2294 2814 2332 eo
2839 2279 2979 2347 quod
3013 2279 3222 2348 legitur,
3257 2279 3356 2344 Qui
3383 2280 3527 2348 ﬁngit
3550 2282 3656 2334 sin-

2076 2361 2288 2431 gillatim
2313 2363 2465 2417 corda
2484 2366 2741 2419 hominum
2769 2364 2941 2436 (Psal.
2962 2384 3109 2422 χχιιι
3124 2409 3138 2432 ,
3163 2367 3250 2439 15)
3275 2384 3289 2434 ;
3314 2368 3357 2422 si
3380 2384 3475 2437 per
3493 2369 3653 2425 corda

2076 2452 2384 2521 signiﬁcata:
2408 2464 2530 2509 sunt
2558 2456 2778 2524 animae,
2810 2456 2933 2526 ﬁngi
2957 2473 3048 2512 eas
3088 2473 3239 2527 posse
3269 2460 3386 2529 quis
3414 2459 3654 2515 dubitet?

2076 2543 2167 2597 sed
2196 2546 2449 2613 quaeritur
2475 2554 2648 2600 utrum
2668 2564 2733 2601 ex
2751 2563 2853 2601 una
2873 2549 3047 2603 anima
3079 2548 3304 2603 hominis
3333 2550 3520 2618 primi;
3544 2550 3652 2605 sic-

2076 2642 2136 2688 ut
2167 2634 2313 2705 ﬁngit
2354 2636 2655 2706 singillatim
2689 2638 2847 2694 facies
2876 2640 3177 2708 hominum,
3221 2658 3288 2696 ex
3332 2656 3436 2696 uno
3475 2650 3652 2698 tamen

2073 2741 2295 2796 carpere
2326 2729 2557 2784 hominis
2585 2730 2757 2798 primi.

2143 2815 2371 2873 CAPUT
2404 2818 2463 2873 V.
2490 2848 2563 2859 —
2587 2820 2672 2873 16.
2711 2818 2844 2873 Cum
2889 2818 3003 2875 haec
3044 2828 3199 2891 atque
3244 2821 3542 2891 hujusmodi
3583 2821 3651 2879 de

2074 2904 2173 2962 hac
2218 2924 2283 2963 re
2332 2909 2494 2964 multa
2537 2922 2860 2980 qumruntur,
2911 2928 3027 2982 qua:
3074 2913 3218 2967 nullo
3268 2928 3425 2968 sensu
3471 2914 3650 2971 carnis

2074 2998 2345 3067 explorari
2400 3010 2649 3070 possunt,
2707 3011 2762 3057 et
2801 3018 2833 3059 a
2884 3013 3061 3057 nostra
3117 3004 3440 3074 experientia
3491 3003 3647 3075 longe

2074 3102 2278 3146 remota
2328 3103 2479 3157 sunt,
2529 3104 2683 3164 atque
2744 3096 2797 3149 in
2865 3096 3203 3151 abditissimis
3253 3105 3453 3151 naturae
3516 3095 3649 3151 sini-

2074 3184 2172 3238 bus
2219 3185 2406 3249 latent;
2458 3202 2564 3241 non
2618 3187 3037 3242 erubescendum
3093 3196 3175 3243 est
3221 3188 3423 3243 homini
3476 3188 3647 3244 conﬁ-

2072 3275 2173 3328 teri
2226 3291 2284 3330 se
2342 3278 2547 3331 nescire
2621 3278 2758 3347 quod
2808 3280 3009 3346 nescit,
3077 3295 3144 3334 ne
3205 3280 3329 3333 dum
3387 3294 3444 3334 se
3509 3279 3648 3335 scire

2073 3368 2347 3435 mentitur,
2372 3385 2639 3439 nunquam
2677 3374 2815 3426 scire
2856 3381 3137 3425 mereatur.
3178 3372 3305 3440 Quis
3341 3382 3516 3426 autem
3547 3386 3646 3427 ne-

2070 3471 2159 3530 gat
2188 3476 2292 3515 non
2335 3460 2489 3516 unius
2517 3470 2717 3515 tantum
2738 3504 2753 3528 ,
2780 3461 2874 3517 sed
2906 3463 3075 3516 omnis
3117 3463 3308 3517 animae
3350 3475 3645 3518 creatorem

2070 3555 2234 3609 Deum
2266 3565 2421 3624 atque
2452 3554 2698 3623 factorem
2721 3597 2736 3622 ,
2770 3556 2870 3608 nisi
2898 3555 2987 3625 qui
3015 3555 3131 3624 ejus
3169 3555 3393 3624 eloquiis
3417 3554 3644 3623 apertis-

2069 3647 2203 3703 sime
2243 3649 2566 3719 refragatur?
2617 3648 2745 3704 Sine
2776 3650 2892 3711 ulla
2941 3647 3133 3718 quippe
3173 3648 3513 3717 ambiguitate
3549 3661 3645 3716 per

2069 3741 2379 3811 prophetam
2418 3740 2571 3805 dicit,
2609 3739 2815 3793 Omnem
2844 3740 3022 3809 ﬂatum
3048 3756 3137 3809 ego
3176 3739 3273 3810 feci
3311 3736 3459 3809 (Isai.
3505 3754 3640 3806 Lvtt,

2069 3831 2157 3902 16)
2177 3848 2190 3894 ;
2210 3832 2412 3885 animas
2425 3830 2665 3884 videlicet
2677 3829 2892 3899 intelligi
2911 3829 3113 3896 volens,
3127 3828 3265 3898 quod
3283 3829 3438 3883 verba
3457 3842 3643 3883 conse-

2068 3921 2281 3990 quentia
2308 3920 2659 3974 manifestant.
2701 3917 2813 3973 Non
2842 3919 3016 3987 itaque
3045 3935 3204 3972 unum
3233 3934 3386 3988 quem
3416 3917 3551 3971 facto
3576 3932 3642 3971 ex

2067 4018 2209 4065 terra
2248 4011 2447 4063 homini
2496 4011 2665 4079 primo
2707 4009 3008 4079 inspiravit,
3059 4007 3152 4062 sed
3198 4023 3410 4062 omnem
3459 4006 3639 4061 ﬂatum

2068 4101 2184 4170 ipse
2214 4100 2367 4167 fecit,
2402 4102 2513 4170 ipse
2557 4101 2732 4154 adhuc
2773 4099 2917 4153 facit.
2954 4099 3220 4165 Quaeritur
3250 4108 3422 4152 tamen
3463 4106 3641 4152 utrum

2069 4205 2279 4244 omnem
2313 4190 2493 4243 flatum
2523 4206 2587 4243 ex
2615 4191 2704 4244 illo
2732 4205 2834 4243 uno
2872 4186 2994 4242 ﬁatu
3018 4231 3041 4255 ,
3074 4189 3212 4242 sicut
3253 4203 3409 4242 omne
3446 4202 3641 4257 corpus

2067 4278 2296 4334 hominis
2322 4295 2387 4333 ex
2415 4294 2521 4333 uno
2552 4280 2640 4332 illo
2665 4294 2918 4349 corpore,
2966 4277 3123 4332 faciat
3172 4296 3186 4333 :
3233 4294 3300 4333 an
3336 4294 3465 4333 vero
3504 4293 3639 4333 nova

2068 4371 2277 4442 quidem
2322 4385 2545 4440 corpora
2578 4370 2731 4425 faciat
2770 4387 2831 4424 ex
2862 4385 2996 4438 uno,
3024 4370 3229 4425 animas
3258 4378 3433 4424 autem
3475 4382 3638 4424 novas

2064 4477 2132 4517 ex
2162 4460 2344 4516 nihilo.
2378 4462 2504 4530 Quis
2530 4464 2670 4517 enim
2697 4478 2927 4533 congrua
2976 4462 3085 4517 suis
3128 4461 3417 4531 originibus
3443 4475 3636 4532 genera

2067 4568 2244 4607 rerum
2277 4553 2433 4608 etiam
2460 4553 2525 4608 de
2545 4554 2835 4609 seminibus
2871 4552 3024 4619 facit,
3054 4552 3152 4607 nisi
3182 4553 3271 4622 qui
3301 4554 3410 4622 ipsa
3436 4553 3637 4607 semina

2064 4644 2180 4699 sine
2205 4646 2494 4699 seminibus
2534 4644 2690 4699 fecit?
2719 4644 2822 4699 Sed
2852 4645 2936 4699 ubi
2967 4659 3052 4700 res
3079 4645 3385 4699 naturaliter
3413 4644 3636 4699 obscura

2063 4747 2302 4792 nostrum
2344 4739 2613 4794 modulum
2653 4738 2839 4801 vincit,
2873 4748 2922 4793 et
2953 4747 3132 4807 aperta
3159 4738 3333 4793 divina
3364 4737 3634 4806 Scriptura

2063 4846 2167 4886 non
2204 4832 2481 4898 subvenit,
2512 4841 2710 4885 temere
2750 4831 2871 4885 hinc
2912 4831 3107 4900 aliquid
3151 4830 3371 4886 deﬁnire
3404 4829 3634 4885 humana

2062 4920 2363 4990 conjectura
2412 4921 2700 4989 praesumit.
2750 4920 3049 4975 Secundum
3101 4920 3237 4974 vitas
3282 4930 3457 4975 autem
3502 4934 3633 4989 quas

2061 5009 2303 5081 proprias
2350 5009 2545 5066 habere
2584 5011 2868 5080 incipiunt,
2919 5024 3082 5065 novos
3124 5010 3367 5066 htmines
3407 5010 3631 5067 dicimus

2061 5101 2235 5168 nasci,
2275 5101 2386 5156 sive
2428 5101 2630 5170 anima,
2661 5101 2772 5157 sive
2806 5118 3046 5171 corpore.
3075 5101 3144 5156 At
3176 5116 3303 5156 vero
3341 5100 3632 5156 secundum

2061 5193 2318 5261 eriginale
2360 5201 2630 5262 peccatum
2671 5204 2876 5250 veteres
2920 5200 3240 5261 nascuntur;
3290 5191 3409 5249 ideo
3457 5191 3632 5262 Bapti-

2061 5295 2228 5340 smate
2248 5296 2587 5340 renovantur.

2133 5377 2219 5430 l7.
2240 5376 2449 5445 Aliquid
2470 5392 2595 5448 ergo
2635 5386 2839 5433 certum
2863 5377 2932 5433 de
2958 5378 3148 5433 animm
3170 5375 3372 5448 origine
3396 5374 3631 5431 nondum

2061 5465 2113 5521 in
2135 5464 2426 5537 Scripturis
2443 5469 2710 5525 canonicis
2730 5470 2983 5539 comperi.
3007 5470 3136 5525 Nam
3161 5470 3195 5524 ii
3222 5470 3310 5539 qui
3333 5483 3494 5523 noras
3514 5467 3630 5523 sine

2062 5559 2166 5613 ulla
2194 5560 2480 5632 propagine
2505 5571 2752 5618 asserunt
2774 5564 2979 5618 animas
3002 5562 3137 5632 ﬁeri,
3165 5563 3305 5620 inter
3332 5559 3630 5618 testimonia

2122 5741 2145 5774 ³
2174 5738 3201 5809 mwmwmmmuadmetc.
