4120 6358
459 343 568 407 863

459 460 653 534 quibus
689 458 745 516 id
771 459 1010 516 nituntur
1033 453 1344 524 ostendere,
1382 463 1585 528 ponunt
1619 458 1776 513 etiam
1817 458 1904 512 illa
1930 457 2036 513 duo

459 570 580 626 qua:
603 553 763 624 paqu
791 563 913 609 ante
937 552 1368 616 commemoravi,
1394 551 1494 616 Qui
1518 552 1662 623 ﬁngit
1687 553 1919 632 spiritum
1946 553 2040 606 ho-

461 647 611 700 minis
634 647 687 700 in
715 647 856 717 ipso;
875 654 948 711 et,
970 645 1070 710 Qui
1092 643 1240 713 ﬁnxit
1268 644 1562 714 singillatim
1581 646 1735 698 corda
1756 645 2036 710 hominum;

462 737 532 794 de
560 738 750 809 quibus
771 737 921 792 vides
945 735 1388 806 quemadmodum
1415 738 1582 806 possit
1609 753 1638 792 a
1670 738 2038 793 resistentibus

463 827 772 897 responderi
802 843 815 880 :
841 835 1018 881 utrum
1059 826 1202 881 enim
1239 841 1360 881 cum
1398 826 1577 896 ﬁngit,
1607 844 1670 882 ex
1700 828 1805 881 alio
1842 826 2034 898 ﬁngat,

461 933 531 975 an
557 935 620 974 ex
646 919 841 986 nihilo,
865 918 1122 974 incertum
1151 928 1252 974 est.
1289 919 1420 974 Illud
1455 928 1632 975 tamen
1670 920 1807 975 inter
1847 931 2038 975 caetera

464 1011 823 1066 testimonium
853 1011 1062 1066 videtur
1099 1026 1218 1067 esse
1251 1013 1572 1083 praecipuum
1593 1056 1606 1078 ,
1640 1013 1779 1084 quod
1820 1016 1872 1068 in
1901 1015 2038 1070 libro

464 1100 764 1158 Salomonis
789 1103 1123 1158 Ecclesiasten
1151 1105 1339 1183 legitur
1366 1123 1380 1160 :
1409 1105 1478 1158 Et
1501 1115 1768 1160 revertetur
1799 1107 1958 1176 pulvis
1985 1106 2038 1161 in

463 1204 675 1262 terram,
703 1197 832 1250 sicut
868 1205 1010 1262 erat;
1036 1209 1080 1251 et
1107 1199 1316 1268 spiritus
1354 1209 1621 1254 revertetur
1644 1199 1710 1252 ad
1735 1200 1929 1267 Deum,
1953 1200 2040 1270 qui

461 1289 600 1342 dedit
637 1307 748 1344 eum
787 1289 977 1362 (Eccle.
1009 1308 1106 1358 xu,
1135 1293 1208 1361 7).
1233 1291 1337 1348 Sed
1379 1292 1625 1347 facillime
1664 1293 2033 1361 respondetur,

460 1377 666 1447 Corpus
693 1380 744 1434 in
772 1387 966 1435 terram
989 1382 1055 1436 de
1081 1399 1182 1452 qua
1211 1382 1405 1438 factum
1431 1392 1513 1438 est
1547 1384 1773 1453 primum
1811 1383 2038 1438 hominis

460 1483 674 1539 corpus,
706 1480 756 1524 et
788 1473 1004 1542 spiritus
1029 1473 1094 1526 ad
1125 1473 1287 1526 Deum
1315 1488 1342 1526 a
1365 1489 1470 1542 quo
1501 1475 1633 1528 facta
1656 1484 1736 1528 est
1756 1474 1920 1543 prima
1945 1473 2041 1528 ho-

459 1560 620 1614 minis
647 1561 822 1616 anima
852 1580 865 1616 :
893 1563 1029 1617 sicut
1072 1564 1211 1618 enim
1243 1574 1478 1618 nostrum
1517 1580 1709 1634 corpus
1728 1607 1741 1630 ,
1775 1566 2034 1633 inquiunt,

463 1655 702 1724 quamvis
729 1671 792 1710 ex
821 1656 991 1725 primo
1019 1657 1109 1712 illo
1129 1673 1350 1726 corpore
1377 1668 1716 1728 prapagatum
1747 1658 1833 1722 sit,
1863 1672 1927 1712 eo
1953 1667 2037 1712 ta-

462 1759 584 1800 men
613 1746 752 1801 redit
779 1746 916 1802 unde
946 1749 1113 1818 ipsum
1147 1749 1372 1818 primum
1403 1764 1595 1817 corpus
1634 1747 1877 1802 eﬁ‘ectum
1917 1756 2034 1814 est;

463 1836 543 1892 sic
571 1837 745 1891 anima
776 1846 976 1906 nostra,
1007 1839 1245 1909 quamvis
1276 1855 1339 1894 ex
1378 1839 1467 1894 illa
1511 1839 1684 1893 anima
1731 1847 2034 1908 propagata,

463 1942 568 1983 non
599 1929 664 1983 ad
694 1930 936 1998 nihilum,
961 1933 1082 2001 quia
1106 1931 1420 1986 immortalis
1443 1940 1544 1995 est,
1574 1930 1667 1986 sed
1697 1931 1761 1985 ad
1785 1932 1926 1985 illum
1953 1946 2040 1986 re-

462 2017 590 2073 dita
614 2035 720 2090 quo
743 2022 850 2090 ipsa
877 2023 1043 2090 prima
1073 2023 1247 2077 anima
1276 2023 1412 2077 facta
1436 2030 1538 2077 est.
1563 2025 1639 2078 Ac
1663 2038 1760 2093 per
1784 2023 1884 2077 hoc
1911 2022 2038 2077 illud

461 2109 604 2179 quod
639 2112 894 2181 scriptum
933 2121 1016 2166 est
1049 2111 1116 2168 de
1145 2113 1332 2182 spiritu
1359 2112 1612 2182 cujusque
1646 2111 1874 2166 hominis
1897 2111 2039 2182 quod

462 2200 648 2255 redeat
676 2201 742 2255 ad
774 2203 940 2257 Deum
970 2204 1059 2272 qui
1086 2203 1230 2257 dedit
1256 2219 1398 2269 eum,
1422 2219 1526 2258 non
1563 2203 1722 2258 solvit
1756 2203 1908 2258 istam
1939 2203 2038 2258 ob-

463 2292 826 2348 scurissimam
859 2294 1240 2365 quaestionem;
1269 2297 1390 2366 quia
1421 2295 1532 2350 sive
1559 2311 1625 2351 ex
1650 2295 1738 2350 illo
1771 2311 1894 2363 uno,
1926 2295 2039 2352 sive

461 2398 529 2438 ex
560 2385 707 2440 nullo
727 2387 852 2450 alio,
878 2387 1016 2442 Deus
1037 2389 1215 2458 utique
1234 2387 1374 2442 dedit
1401 2404 1544 2444 eum.

536 2475 624 2530 18.
668 2477 900 2546 Itemque
928 2478 1001 2532 illi
1023 2479 1110 2548 qui
1135 2480 1471 2550 pr0paginem
1493 2480 1787 2534 animarum
1814 2478 2039 2535 inconsi-

463 2566 649 2622 derata
698 2571 994 2625 temeritate
1045 2571 1366 2638 defendunt,
1408 2572 1545 2626 inter
1587 2573 1689 2626 alia
1738 2572 2036 2627 testimonia

463 2670 582 2728 qua:
623 2673 732 2714 suae
767 2675 941 2715 causa:
969 2661 1246 2732 suﬁragari
1274 2661 1616 2728 arbitrantur,
1647 2662 1848 2716 nullum
1887 2660 2036 2731 quasi

460 2749 791 2804 manifestius
811 2759 865 2805 et
889 2755 1190 2821 expressius
1211 2767 1307 2822 pro
1329 2767 1388 2806 se
1416 2760 1638 2822 possunt
1664 2761 1844 2821 putare
1863 2752 2038 2822 profe-

459 2838 705 2906 rendum,
730 2855 889 2911 quam
911 2841 960 2896 id
983 2842 1122 2912 quod
1148 2843 1198 2896 in
1221 2843 1414 2898 Genesi
1437 2843 1693 2914 scriptum
1713 2852 1827 2899 est:
1851 2845 2036 2900 Omnes

456 2938 622 2983 autem
651 2932 837 2985 anima:
864 2948 976 3002 qua:
1001 2933 1296 2987 introierunt
1320 2951 1436 2988 cum
1459 2933 1618 2988 Jacob
1641 2935 1695 2988 in
1715 2934 2031 3006 Egyptum,

457 3020 544 3089 qui
585 3022 812 3076 exierunt
847 3023 910 3076 de
942 3025 1211 3095 femoribus
1255 3025 1364 3094 ejus
1403 3026 1422 3092 (
1447 3022 1572 3078 Gen.
1601 3039 1748 3090 XLVI,
1769 3025 1838 3079 26
1857 3026 1898 3097 ).
1926 3025 2037 3081 Hoc

456 3111 597 3166 enim
643 3114 787 3168 velut
834 3116 1231 3171 evidentissimo
1277 3117 1579 3171 testimonio
1622 3127 1845 3188 possunt
1887 3118 2034 3173 credi

455 3203 648 3260 anima:
676 3207 726 3260 in
752 3207 883 3262 ﬁlios
907 3225 972 3263 ex
1002 3210 1306 3278 parentibus
1335 3211 1643 3280 propagari;
1666 3211 1913 3280 quoniam
1944 3227 2032 3266 sa-

457 3293 526 3349 tis
551 3305 734 3364 aperte
758 3298 958 3354 dictum
988 3301 1212 3366 videtur,
1240 3301 1444 3355 animas
1468 3303 1625 3356 etiam
1653 3301 1718 3357 de
1746 3301 2034 3358 femoribus

454 3382 640 3449 Iacob,
666 3403 770 3442 non
797 3390 907 3443 sola
938 3391 1129 3445 exiisse
1154 3406 1376 3460 corpora
1407 3389 1654 3446 ﬁliorum.
1685 3391 1755 3449 Ut
1781 3409 1845 3447 eo
1873 3393 2033 3449 modo

458 3476 618 3531 etiam
661 3479 787 3534 illud
827 3481 1041 3550 intelligi
1069 3482 1232 3535 velint
1259 3497 1288 3536 a
1321 3491 1469 3552 parte
1511 3493 1674 3537 totum
1694 3526 1707 3548 ,
1735 3485 1874 3554 quod
1902 3485 2033 3542 dixit

459 3565 654 3634 Adam,
678 3583 795 3622 cum
827 3569 900 3623 illi
931 3571 1121 3625 mulier
1144 3571 1258 3640 ejus
1286 3572 1671 3636 ostenderetur,
1696 3573 1808 3627 Hoc
1827 3592 1958 3629 nunc
1976 3593 2032 3632 os

459 3675 524 3714 ea:
549 3661 738 3715 ossibus
765 3663 907 3725 meis,
938 3672 984 3716 et
1012 3679 1128 3717 caro
1158 3663 1219 3718 de
1244 3681 1392 3718 carne
1419 3682 1529 3719 mea
1555 3665 1662 3739 (Id.
1688 3681 1742 3732 rt,
1765 3667 1855 3740 25)
1884 3686 1896 3722 :
1926 3683 2031 3723 non

456 3751 600 3806 enim
624 3751 776 3815 dixit,
808 3752 872 3806 Et
897 3754 1068 3807 anima
1097 3754 1164 3808 de
1190 3755 1361 3808 anima
1393 3771 1543 3818 mea;
1570 3755 1663 3810 sed
1692 3757 1761 3809 ita
1792 3757 1900 3811 ﬁeri
1930 3773 2030 3826 po-

455 3851 560 3899 test
599 3855 658 3900 ut
696 3861 853 3901 carne
896 3847 1162 3901 nominata
1198 3857 1482 3918 utrumque
1523 3849 1866 3919 intelligatur,
1896 3851 2031 3905 sicut

453 3933 542 3989 hic
563 3935 766 3990 animas
792 3938 1097 4005 nominavit,
1123 3947 1177 3994 et
1197 3943 1374 3994 tamen
1395 3939 1553 3995 etiam
1583 3955 1803 4010 corpora
1834 3941 1884 3996 in
1909 3941 2028 3996 filiis

453 4023 670 4096 intelligi
692 4026 876 4082 voluit.

527 4115 614 4171 19.
654 4116 756 4172 Sed
786 4116 888 4172 hoc
926 4118 1283 4175 testimonium
1321 4129 1465 4175 certe
1495 4121 1641 4191 quasi
1683 4129 1788 4176 tam
1824 4123 2025 4177 clarum

453 4215 612 4278 atque
638 4209 971 4265 manifestum
995 4211 1284 4266 enodandzc
1312 4211 1432 4266 huic
1453 4214 1729 4282 quaestioni
1751 4229 1855 4268 non
1879 4213 2029 4268 sufﬁ-

455 4309 621 4364 ceret.
655 4317 753 4357 nec
783 4303 826 4357 si
856 4303 923 4356 ita
950 4303 1214 4373 legeretur
1238 4319 1434 4374 genere
1463 4305 1731 4370 feminino,
1752 4320 1864 4375 qua
1890 4305 2027 4359 caie-

456 4403 572 4446 runt
597 4393 661 4446 de
683 4385 952 4463 femoribus
981 4395 1118 4459 eius,
1149 4402 1210 4448 ut
1234 4395 1435 4448 animas
1475 4394 1887 4465 intelligeremus
1909 4409 2028 4464 quae

455 4482 766 4538 exierunt‘.
795 4485 916 4539 Ideo
959 4494 1134 4539 autem
1182 4500 1286 4538 non
1336 4485 1634 4551 sufﬁceret,
1681 4485 1927 4555 quoniam
1974 4495 2028 4541 et

458 4573 650 4627 animae
679 4575 892 4628 nomine
917 4590 1108 4644 corpus
1136 4575 1305 4630 solum
1330 4591 1489 4646 posse
1526 4576 1839 4645 signiﬁcari,
1867 4576 2026 4632 modo

455 4664 683 4733 quodam
727 4665 1009 4720 locutionis
1045 4666 1340 4721 ostenditur
1371 4681 1476 4736 quo
1502 4665 1825 4736 signiﬁcatur
1850 4681 1945 4736 per
1974 4666 2026 4722 id

452 4758 594 4826 quod
617 4758 916 4812 continetur
937 4757 1061 4811 illud
1088 4757 1227 4827 quod
1248 4757 1514 4823 continet;
1538 4758 1673 4811 sicut
1691 4758 1765 4811 ait
1789 4757 2021 4827 quidam,

461 4845 592 4902 Vina
619 4859 863 4904 coronant
894 4849 914 4923 (
942 4848 1083 4921 Virg.
1114 4849 1324 4904 Eneid.
1359 4851 1389 4903 7
1419 4850 1459 4919 ),
1491 4865 1611 4904 cum
1648 4860 2026 4906 coronarentur

449 4954 573 4993 vasa
604 4941 801 4996 vinaria
828 4959 841 4995 :
864 4941 1042 4994 vinum
1072 4942 1210 4995 enim
1237 4941 1554 5005 continetur,
1579 4951 1632 4996 et
1651 4956 1743 4996 vas
1767 4941 2020 5000 continet.

452 5028 602 5085 Sicut
626 5047 753 5101 ergo
780 5032 1107 5102 appellamus
1133 5031 1406 5086 ecclesiam
1440 5031 1737 5098 basilicam,
1769 5048 1868 5102 qua
1893 5048 2024 5086 con-

451 5120 649 5174 tinetur
686 5121 915 5190 populus
953 5121 1042 5190 qui
1069 5137 1193 5175 vere
1221 5121 1517 5190 appellatur
1545 5121 1810 5185 Ecclesia;
1839 5128 1898 5175 ut
1923 5136 2021 5176 no-

447 5211 596 5266 mine
620 5211 881 5276 ecclesia,
908 5211 958 5265 id
981 5219 1080 5276 est,
1098 5211 1278 5282 populi
1300 5213 1388 5282 qui
1413 5212 1730 5278 continetur,
1759 5213 2023 5282 significe-

452 5315 571 5354 mus
597 5302 770 5356 locum
795 5301 884 5371 qui
910 5302 1146 5356 continet
1175 5319 1188 5356 :
1220 5301 1290 5354 ita
1329 5301 1468 5371 quod
1497 5303 1686 5357 anima:
1715 5304 2024 5373 corporibus

450 5389 807 5455 continentur,
839 5391 1056 5461 intelligi
1087 5405 1308 5460 corpora
1341 5389 1563 5445 ﬁliorum
1599 5407 1693 5460 per
1728 5394 2024 5448 nominatas

452 5480 657 5536 animas
684 5491 922 5552 possunt.
946 5481 1034 5536 Sic
1057 5481 1198 5536 enim
1225 5480 1414 5535 melius
1439 5480 1693 5550 accipitur
1711 5482 1868 5536 etiam
1895 5483 2022 5538 illud

453 5572 593 5641 quod
628 5573 738 5628 Lex
780 5574 1040 5644 inquinari
1079 5573 1206 5628 dicit
1247 5589 1367 5628 eum
1405 5573 1495 5643 qui
1546 5573 1818 5630 intraverit
1863 5591 2023 5646 super

515 5709 530 5738 ι
567 5707 638 5754 sic
659 5705 767 5756 and.
795 5713 892 5778 Am.
917 5712 994 5757 Er.
1020 5713 1072 5759 et
1095 5703 1261 5771 plures
1273 5713 1380 5758 Mss.
1405 5712 1477 5758 At.
1501 5712 1631 5769 Lov.,
1657 5705 2022 5772 intelligeremus

451 5779 786 5832 usquequaque
795 5780 946 5821 exire.

1674 335 1734 401 S.
1774 335 2137 400 AUGUSTINI
2174 335 2475 403 EPISCOPI

3620 353 3731 417 ωι

2145 450 2375 515 animam
2423 469 2682 519 mortuam
2734 461 2918 536 (Num.
2941 480 3021 534 rx,
3045 463 3158 541 10),
3189 465 3292 524 hoc
3329 477 3412 527 est
3446 485 3608 544 super
3631 475 3730 533 de-

2143 549 2311 606 functi
2355 553 2601 621 cadaver,
2629 563 2687 610 ut
2711 557 2926 612 nomine
2949 557 3141 615 anima:
3165 569 3390 617 mortua:
3408 605 3424 630 ,
3454 574 3728 623 mortuum

2143 655 2336 712 corpus
2363 645 2704 717 intelligatur,
2729 649 2869 718 quod
2894 649 3124 705 animam
3153 655 3487 722 continebat;
3519 658 3642 728 quia
3668 667 3729 716 et

2143 734 2364 792 absente
2392 740 2607 809 p0pulo,
2631 741 2682 795 id
2701 750 2801 809 est,
2827 743 3082 812 Ecclesia,
3106 745 3252 801 locus
3272 756 3449 803 tamen
3475 751 3561 806 ille
3579 753 3726 808 nihi-

2144 825 2372 882 lominus
2397 831 2622 886 ecclesia
2653 843 3002 906 nuncupatur.
3017 836 3145 893 Haec
3164 841 3634 910 responderentur,
3653 845 3723 912 si,

2144 930 2202 976 ut
2219 921 2344 988 dixi,
2364 924 2616 980 feminino
2632 942 2829 997 genere
2846 930 3074 999 positum
3099 942 3260 998 esset,
3281 950 3396 1003 qua:
3413 937 3639 991 exierunt
3663 937 3730 993 de

2144 1015 2412 1084 femoribus
2435 1015 2594 1071 Jacob
2613 1060 2628 1086 ,
2659 1020 2711 1073 id
2741 1030 2849 1088 est,
2883 1037 3002 1092 quae
3032 1025 3240 1079 animm.
3268 1025 3420 1081 Nunc
3445 1043 3572 1082 vero
3601 1044 3726 1085 cum

2142 1107 2487 1162 masculinum
2512 1125 2681 1179 genus
2703 1111 2770 1166 sit
2791 1115 3017 1182 positum
3037 1154 3054 1181 ,
3080 1115 3130 1169 id
3158 1124 3268 1182 est,
3293 1119 3376 1187 qui
3403 1121 3630 1173 exierunt
3658 1121 3726 1175 de

2143 1198 2413 1266 femoribus
2437 1200 2597 1255 Jacob
2615 1218 2635 1266 ;
2654 1205 2770 1273 quis
2791 1221 2895 1259 non
2924 1206 2992 1259 ita
3018 1207 3310 1277 intelligere
3339 1210 3503 1274 malit,
3523 1209 3727 1267 Omnes

2141 1290 2331 1345 anima:
2351 1308 2533 1348 eorum
2557 1296 2645 1365 qui
2667 1297 2907 1352 exierunt
2923 1297 2988 1352 de
2999 1297 3308 1363 femoribus,
3335 1301 3385 1354 id
3406 1311 3506 1368 est,
3525 1304 3722 1358 anima:

2143 1378 2414 1436 hominum
2450 1402 2463 1438 :
2496 1393 2554 1439 ut
2600 1387 2758 1441 etiam
2802 1389 2879 1443 sic
2922 1390 3126 1458 possint
3168 1391 3388 1461 intelligi
3431 1393 3724 1448 secundum

2141 1471 2334 1540 Corpus
2357 1477 2722 1531 tantummodo
2742 1479 2934 1534 exiisse
2967 1481 3209 1535 homines
3229 1481 3297 1536 de
3321 1481 3609 1539 femoribus
3633 1500 3730 1552 pa-

2144 1561 2258 1627 tris,
2281 1579 2504 1632 quorum
2527 1577 2678 1622 erant
2704 1569 2807 1622 illae
2827 1570 3037 1636 animae,
3067 1586 3162 1640 per
3187 1587 3408 1642 quarum
3440 1590 3722 1630 numerum

2141 1651 2502 1724 intelliguntur
2529 1667 2608 1712 tot
2632 1659 2908 1715 homines?

2212 1745 2435 1802 CAPUT
2462 1748 2550 1802 VI.
2582 1780 2652 1790 —
2675 1751 2767 1806 20.
2801 1751 3000 1808 Vellem
3051 1762 3228 1809 autem
3267 1755 3444 1826 legere
3487 1755 3722 1814 libellum

2144 1842 2289 1888 tuum
2317 1837 2468 1906 cujus
2498 1841 2822 1896 mentionem
2850 1842 3017 1897 fecisti
3048 1844 3100 1898 in
3128 1845 3315 1899 litteris
3339 1847 3463 1913 tuis,
3490 1861 3556 1900 ne
3586 1847 3724 1903 forte

2141 1925 2315 1995 aliqua
2346 1927 2416 1981 ibi
2454 1929 2755 1984 testimonia
2778 1946 2884 1986 non
2908 1933 3152 2003 ambigua
3175 1935 3414 2003 posuisti.
3441 1938 3483 1988 A
3514 1951 3599 1990 me
3621 1953 3721 1991 au-

2141 2023 2248 2069 tem
2279 2031 2398 2071 cum
2425 2020 2722 2087 quaesiisset
2755 2023 2956 2077 amicus
2982 2024 3109 2078 mihi
3137 2025 3481 2080 charissimus
3503 2033 3558 2080 et
3581 2026 3722 2080 divi-

2141 2122 2329 2162 narum
2355 2109 2774 2168 studiosissimus
2813 2114 3106 2168 litterarum
3127 2157 3142 2182 ,
3183 2116 3308 2184 quid
3347 2115 3414 2170 de
3441 2115 3543 2171 hac
3569 2131 3721 2186 quaa-

2141 2197 2318 2254 stione
2344 2201 2619 2269 sentirem,
2646 2203 2802 2274 eique
2828 2213 3030 2260 remota
3057 2205 3394 2270 verecundia,
3418 2206 3542 2261 hinc
3561 2216 3721 2263 aestus

2139 2304 2290 2345 meos
2332 2300 2387 2348 et
2433 2293 2783 2363 ignorantiam
2825 2293 2998 2351 fassus
3039 2311 3210 2352 essem
3239 2296 3333 2369 (a),
3359 2298 3570 2367 scripsit
3597 2297 3722 2354 inde

2140 2379 2296 2450 longe
2345 2391 2490 2438 trans
2540 2399 2688 2440 mare
2734 2384 2802 2439 ad
2847 2385 3213 2442 doctissimum
3260 2387 3478 2441 virum:
3511 2390 3594 2442 cui
3636 2403 3723 2442 re-

2140 2473 2358 2542 scripsit
2381 2473 2470 2529 ille
2488 2482 2549 2530 ut
2573 2476 2746 2545 potius
2770 2491 2856 2532 me
2877 2478 3179 2532 consuleret
3201 2476 3297 2548 (b),
3317 2478 3560 2532 nesciens
3575 2475 3721 2548 quod

2135 2562 2248 2632 jam
2287 2562 2522 2631 fecerat,
2553 2580 2654 2622 nec
2690 2567 2886 2636 aliquid
2914 2583 2944 2622 a
2973 2583 3058 2624 me
3099 2578 3305 2625 certum
3337 2584 3400 2624 ac
3443 2569 3717 2624 deﬁnitum

2139 2653 2323 2708 audire
2363 2663 2625 2724 potuerat.
2655 2656 2979 2728 Signiﬁcavit
3021 2669 3198 2714 tamen
3243 2661 3297 2715 in
3342 2660 3526 2716 eadem
3566 2661 3718 2716 brevi

2140 2745 2364 2814 epistola
2391 2761 2520 2812 sua,
2549 2762 2608 2802 se
2633 2749 2808 2819 potius
2843 2747 2956 2805 ﬁeri
2997 2765 3153 2820 quam
3195 2751 3475 2821 propagari
3513 2752 3718 2806 animas

2139 2835 2397 2891 credere:
2422 2837 2582 2893 simul
2622 2839 2780 2894 etiam
2823 2839 3116 2896 admonens
3154 2841 3449 2896 animarum
3476 2843 3718 2912 propagi-

2140 2941 2260 2980 nem
2286 2927 2427 2998 (quia
2454 2928 2568 2998 ipse
2591 2929 2644 2983 in
2665 2931 2878 2985 Oriente
2903 2937 3004 3001 est)
3021 2931 3402 2987 occidentalem
3425 2932 3716 2987 Ecclesiam

2139 3017 2316 3073 solere
2348 3019 2566 3074 sentire.
2594 3019 2704 3074 Hac
2737 3036 2835 3092 ego
2868 3021 3069 3092 majore
3106 3023 3386 3078 occasione
3423 3018 3734 3092 comperta,

2138 3108 2326 3178 scripsi
2351 3110 2417 3163 ad
2442 3125 2562 3164 eum
2590 3126 2694 3165 non
2719 3110 2934 3166 brevem
2957 3113 3170 3178 librum,
3191 3115 3472 3169 consulens
3497 3130 3637 3182 eum,
3661 3122 3718 3170 et

2138 3208 2321 3268 petens
2349 3209 2404 3254 ut
2425 3201 2570 3270 prius
2596 3217 2682 3258 me
2703 3201 2924 3272 doceat,
2951 3213 3006 3259 et
3029 3213 3155 3260 tunc
3172 3204 3239 3260 ad
3267 3220 3354 3261 me
3380 3205 3554 3260 mittat
3581 3219 3715 3276 quos

2136 3289 2354 3344 doceam
2388 3291 2483 3362 (c).

2205 3381 2295 3436 21.
2335 3381 2433 3450 Qui
2463 3381 2600 3438 liber
2619 3399 2768 3440 meus
2787 3393 2969 3440 utnon
2992 3385 3225 3442 doctoris
3246 3385 3340 3442 sed
3364 3386 3711 3457 iuquisitoris,

2136 3479 2190 3526 et
2213 3473 2385 3542 potius
2410 3473 2618 3529 discere
2643 3476 2923 3545 cupientis,
2946 3476 3082 3547 apud
3111 3493 3195 3532 me
3214 3477 3319 3547 legi
3343 3487 3514 3547 potest
3537 3493 3550 3530 :
3576 3477 3713 3532 mitti

2134 3578 2263 3618 vero
2288 3567 2490 3635 uspiam
2518 3583 2623 3622 non
2653 3568 2848 3635 debet,
2875 3570 2956 3624 vel
2992 3571 3234 3640 cuiquam
3264 3570 3406 3625 foras
3432 3569 3583 3635 dari,
3609 3569 3714 3624 nisi

2134 3670 2255 3710 cum
2284 3659 2539 3728 rescripta
2575 3661 2799 3715 Domino
2827 3661 3108 3729 adjuvante
3138 3675 3452 3731 percepero;
3487 3661 3537 3715 id
3569 3660 3712 3730 quod

2135 3745 2226 3801 ille
2253 3748 2446 3814 sentit,
2483 3750 2875 3818 promptissime
2899 3766 2960 3804 ac
2998 3751 3345 3806 libentissime
3372 3750 3709 3818 defensurus,

2135 3838 2180 3891 si
2209 3853 2295 3894 me
2323 3839 2516 3894 docere
2547 3843 2776 3910 potuerit
2803 3842 3068 3912 quomodo
3093 3843 3282 3897 anima:
3308 3858 3412 3897 non
3446 3857 3510 3897 ex
3541 3842 3709 3896 Adam

2133 3931 2378 3994 veniant,
2405 3939 2459 3985 et
2487 3943 2661 3986 tamen
2696 3949 2763 3987 ex
2800 3934 2889 3987 illo
2908 3933 3104 4004 justam
3135 3943 3333 3989 sortem
3357 3934 3711 3990 damnationis

2134 4021 2426 4089 inveniant,
2441 4023 2543 4078 nisi
2559 4024 2624 4078 ad
2643 4025 3008 4079 remissionem
3027 4035 3360 4095 peccatorum
3383 4025 3710 4081 renascendo

2134 4118 2463 4186 perveniant.
2493 4119 2647 4172 Absit
2676 4118 2817 4173 enim
2847 4128 2903 4173 ut
2930 4119 3206 4173 credamus
3235 4119 3318 4174 vel
3357 4119 3560 4173 animas
3587 4134 3712 4188 par-

2133 4207 2380 4262 vulorum
2427 4207 2481 4260 in
2528 4209 2736 4264 lavacro
2778 4209 3190 4279 regenerationis
3240 4208 3424 4264 falsam
3469 4209 3710 4279 accipere

2133 4305 2467 4365 peccatorum
2493 4297 2909 4364 mundationem,
2931 4300 3013 4353 vel
3031 4300 3193 4353 Deum
3214 4312 3352 4365 esse,
3375 4307 3465 4352 aut
3481 4299 3708 4367 aliquatn

2133 4396 2372 4442 naturam
2395 4405 2553 4458 quam
2581 4405 2686 4444 non
2714 4390 2947 4444 condidit
2969 4391 3128 4457 Deus,
3158 4391 3298 4444 illius
3323 4406 3386 4444 cx
3419 4404 3520 4460 qua
3551 4405 3708 4443 mun-

2131 4477 2324 4533 dantur
2360 4480 2735 4550 inquinationis
2772 4489 3062 4535 auctorem.
3093 4481 3271 4535 Donec
3314 4495 3440 4550 ergo
3485 4491 3571 4533 aut
3621 4480 3709 4534 ille

2131 4571 2410 4635 rescribat,
2440 4579 2531 4625 aut
2557 4587 2677 4642 ego,
2704 4572 2750 4625 si
2777 4573 2914 4626 Deus
2940 4571 3196 4637 voluerit,
3225 4571 3405 4641 aliquo
3433 4571 3592 4627 modo
3622 4571 3706 4624 di-

2129 4677 2310 4729 scam,
2351 4663 2396 4716 si
2439 4664 2635 4717 nullam
2673 4664 2740 4718 de
2780 4663 2868 4717 illa
2909 4664 3200 4733 peccatrice
3226 4663 3485 4732 originem
3525 4661 3705 4730 ducit,

2131 4769 2248 4824 qum
2287 4769 2446 4809 causa
2483 4756 2553 4809 sit
2588 4755 2777 4808 animae
2820 4754 3078 4809 subeundi
3117 4753 3372 4822 originale
3409 4748 3703 4822 peccatum,

2130 4843 2269 4913 quod
2312 4859 2530 4899 necesse
2574 4853 2655 4898 est
2695 4859 2814 4900 esse
2855 4845 2908 4898 in
2953 4845 3197 4899 omnibus
3233 4844 3576 4914 parvulis;et
3600 4857 3705 4913 quo

2130 4950 2249 4990 eam
2274 4952 2373 4992 nec
2400 4936 2539 4992 Deus
2573 4938 2713 5007 cogit
2751 4938 3013 4993 insontem
3033 4979 3046 5002 ,
3079 4937 3200 5009 quia
3230 4937 3482 5007 peccandi
3523 4947 3706 4992 auctor

2130 5043 2235 5082 non
2261 5037 2361 5094 est,
2386 5043 2484 5083 nec
2513 5029 2616 5083 ulla
2644 5030 2768 5084 mali
2794 5038 3000 5097 natura,
3023 5031 3145 5100 quia
3169 5043 3279 5084 non
3299 5037 3411 5096 est;
3439 5028 3570 5082 nihil
3601 5027 3706 5082 tale

2127 5119 2297 5175 audeo
2329 5120 2637 5189 praedicare.

2198 5213 2287 5266 22.
2329 5213 2403 5268 Te
2431 5223 2642 5281 autem,
2681 5214 2727 5268 si
2766 5213 2996 5270 libenter
3026 5213 3110 5270 vel
3146 5214 3407 5285 patienter
3445 5213 3699 5280 admittis,

2129 5305 2441 5362 charissime
2459 5307 2647 5377 frater,
2669 5309 2931 5365 admoneo
2955 5326 3022 5365 ne
3049 5311 3292 5365 hazresim
3313 5326 3502 5365 novam
3529 5311 3702 5364 minus

2129 5409 2314 5452 cautus
2340 5399 2600 5468 incurras,
2627 5417 2745 5471 qua:
2772 5402 3151 5473 antiquissima:
3178 5403 3297 5458 ﬁdei
3327 5403 3556 5457 stabilita
3587 5416 3703 5455 mo-

2129 5491 2254 5544 litur
2281 5490 2618 5548 fundamenta
2645 5495 2945 5551 convellere
2962 5495 3214 5552 adversus
3230 5495 3320 5551 Dei
3347 5495 3569 5568 gratiam
3586 5493 3697 5549 dist

2212 5646 2264 5709 tt)
2298 5654 2346 5696 ιιι
2368 5647 2479 5709 pist.
2509 5647 2667 5708 H5e.,
2691 5647 2748 5696 ad
2771 5646 3110 5698 Marcellinum.

2212 5659 2243 5694 a
2298 5654 2346 5696 in
2368 5647 2479 5709 pist.
2509 5647 2667 5708 1456..
2691 5647 2748 5696 ad
2771 5646 3110 5698 Marcellinum.

2190 5645 2264 5833 {bi
2297 5710 2490 5781 Hieron.
2516 5722 2678 5787 supra,
2704 5711 2753 5759 in
2775 5711 2918 5773 epist.
2945 5710 3052 5762 165.
3474 5750 3482 5753 γ
3513 5720 3518 5724 ”

2211 5782 2238 5819 t:
2292 5777 2435 5833 Epist.
2464 5772 2570 5821 166.
3259 5793 3262 5796 ’

2211 5772 2261 5833 c)
2292 5773 2435 5833 Epist.
2464 5772 2589 5821 166.
2810 5772 2821 5773 “
3259 5793 3262 5796 ’
3593 5803 3659 5826 ..α
3675 5785 3725 5822 ’.κ
