4086 6350
287 467 523 542 putando
543 508 559 535 ,
593 481 750 540 quam
781 466 1033 523 Dominus
1054 464 1294 521 Christus
1321 464 1524 536 pusillis
1560 472 1615 520 et
1652 462 1858 533 magnis

289 558 547 615 ineffabi.i
590 558 825 613 bonitate
870 556 1088 626 largitur
1119 572 1132 610 :
1163 556 1312 625 cujus
1349 555 1432 609 vel
1469 564 1746 617 auctores,
1775 551 1857 606 vel

285 660 429 706 certe
457 648 700 704 acerrimi
730 648 1095 717 notissimique
1121 660 1368 702 suasores
1387 660 1507 701 cum
1529 645 1773 715 Pelagius
1804 652 1860 698 et

285 740 547 797 Celestius
574 740 929 805 exstitissent,
960 740 1300 793 conciliorum
1330 737 1702 807 episcopalium
1727 735 1859 805 vigi-

289 834 449 887 lantia
480 833 533 886 in
565 832 825 901 adjutorio
855 831 1142 886 Salvatoris
1170 831 1257 901 qui
1293 845 1443 885 suam
1474 838 1645 884 tuetur
1676 828 1859 882 Eccle-

285 924 455 989 siam,
489 923 647 977 etiam
675 938 703 975 a
734 922 940 978 duobus
968 922 1352 976 venerabilibus
1378 920 1698 975 antistitibus
1727 933 1860 989 apo-

285 1014 489 1069 stolica:
520 1013 675 1068 Sedis
696 1054 710 1077 ,
743 1028 877 1083 papa
912 1012 1219 1068 Innocentio
1246 1020 1299 1066 et
1328 1026 1459 1081 papa
1481 1010 1695 1064 Zosimo
1713 1050 1730 1076 ,
1762 1008 1863 1063 nisi

282 1105 511 1161 correcti
557 1105 717 1160 etiam
765 1106 971 1174 egerint
1006 1104 1395 1176 paenitentiam,
1436 1113 1544 1158 toto
1576 1101 1864 1157 christiano

286 1196 418 1251 orbe
447 1195 680 1249 damnati
711 1204 851 1249 sunt.
882 1194 956 1249 De
981 1196 1172 1269 quibus
1198 1194 1436 1264 exempla
1462 1194 1749 1249 recentium
1775 1193 1863 1247 lit-

289 1293 546 1352 terarum,
571 1287 683 1341 sive
707 1302 824 1357 qum
850 1287 1147 1356 Specialiler
1170 1286 1235 1341 ad
1262 1287 1439 1353 Afros,
1466 1287 1579 1342 sive
1607 1302 1725 1356 qua:
1749 1285 1865 1340 uni-

289 1378 575 1476 versalâ€˜i'ter
617 1377 683 1431 ad
733 1392 919 1432 omnes
961 1378 1238 1449 episcopos
1281 1377 1349 1433 de
1393 1387 1684 1432 memorata
1726 1377 1866 1433 Sede

290 1468 602 1536 manarunt,
635 1484 703 1525 ne
732 1468 867 1524 forte
901 1469 968 1523 ad
1002 1479 1228 1525 vestram
1260 1470 1601 1525 Sanctitatem
1634 1470 1864 1525 nondum

288 1560 665 1632 pervenerint,
704 1560 855 1615 vobis
896 1562 1195 1615 curavimus
1240 1562 1373 1615 mitti
1412 1562 1478 1616 ab
1514 1563 1591 1616 eis
1622 1562 1867 1619 fratribus

284 1655 478 1724 quibus
504 1663 559 1708 et
585 1654 678 1707 has
714 1653 950 1719 litteras,
978 1663 1032 1708 ut
1064 1664 1165 1708 tua:
1190 1654 1525 1709 cheratioui
1548 1654 1863 1723 dirigerent,

290 1744 555 1798 dedimus.
575 1744 638 1798 Hi
659 1753 835 1798 autem
860 1760 962 1797 non
990 1744 1107 1798 ideo
1128 1755 1248 1797 sunt
1271 1744 1521 1808 harretici,
1546 1745 1668 1813 quia
1688 1744 1868 1799 dicunt

287 1836 494 1889 animas
519 1835 775 1905 originem
798 1834 864 1887 de
893 1834 980 1887 illa
1007 1836 1174 1904 prima
1200 1834 1494 1904 peccatrice
1519 1849 1623 1887 non
1650 1833 1863 1899 ducere,

286 1924 431 1995 quod
457 1925 539 1979 vel
571 1925 742 1993 aliqua
773 1924 997 1978 fortasse
1027 1925 1231 1978 ratione
1266 1938 1386 1977 vera
1416 1922 1517 1977 dici
1556 1931 1756 1992 potest,
1784 1922 1865 1978 vel

287 2015 405 2069 sine
452 2012 573 2067 fidei
617 2014 735 2068 labe
778 2014 969 2068 nesciri
1000 2030 1013 2065 :
1043 2013 1137 2068 sed
1187 2012 1309 2067 hinc
1359 2022 1615 2068 conantur
1656 2013 1867 2068 efficere

288 2103 454 2177 (unde
479 2107 696 2159 omnino
720 2105 1039 2175 apertissimi
1066 2104 1298 2159 haeretici
1316 2104 1636 2176 judicantur)
1665 2104 1868 2160 animas

284 2196 632 2266 parvulorum
666 2195 794 2249 nihil
827 2196 949 2249 mali
976 2211 1042 2250 ex
1068 2195 1236 2249 Adam
1268 2196 1496 2262 trahere,
1524 2196 1663 2266 quod
1690 2196 1759 2249 sit
1787 2196 1866 2249 la-

285 2303 452 2342 vacro
488 2288 907 2356 regenerationis
933 2288 1271 2357 expiandum.
1296 2287 1424 2343 Nam
1451 2287 1643 2357 Pelagii
1673 2287 1738 2342 de
1768 2287 1868 2343 hac

286 2393 352 2433 re
383 2378 787 2447 argumentatio,
813 2393 929 2447 qua:
958 2378 1096 2433 inter
1120 2378 1217 2432 alia
1241 2378 1353 2449 ejus
1373 2378 1688 2434 damnabilia
1707 2378 1865 2433 etiam

284 2466 478 2521 litteris
507 2467 809 2537 apostolica:
838 2467 989 2522 Sedis
1026 2467 1271 2536 adjuncta
1313 2478 1428 2534 est,
1460 2469 1529 2523 ita
1566 2484 1626 2523 se
1668 2467 1862 2522 habet:

286 2558 352 2613 Si
379 2560 569 2622 anima,
593 2559 782 2628 inquit,
806 2575 867 2613 ea:
891 2560 1097 2614 traduce
1125 2577 1224 2614 non
1250 2569 1341 2626 est,
1366 2561 1453 2613 sed
1477 2560 1585 2614 sola
1604 2578 1722 2615 caro
1748 2570 1867 2614 tan-

293 2661 404 2705 tum
429 2652 572 2705 habet
593 2651 847 2705 traducem
876 2653 1101 2722 peccati;
1127 2651 1237 2707 sola
1264 2669 1381 2723 ergo
1410 2669 1607 2720 poenam
1630 2662 1863 2707 meretur.

281 2740 549 2812 Injustum
590 2752 659 2797 est
696 2743 827 2797 enim
866 2754 919 2795 ut
959 2744 1107 2797 hodie
1132 2755 1250 2796 nata
1278 2744 1448 2797 anima
1480 2760 1579 2797 non
1611 2760 1673 2798 ea:
1701 2761 1866 2797 massa

281 2834 437 2900 Adin,
456 2844 558 2888 tam
578 2835 838 2903 antiquum
858 2843 1116 2899 peccatum
1136 2843 1296 2903 portet
1319 2834 1567 2897 alienum;
1586 2835 1702 2903 quia
1722 2833 1867 2886 nulla

278 2924 482 2976 ratione
510 2924 795 2976 conceditur
819 2933 873 2975 ut
897 2921 1037 2976 Deus
1063 2923 1148 2991 qui
1177 2921 1383 2993 prapria
1410 2933 1611 2992 peccata
1638 2924 1861 2989 dimittit,

278 3030 446 3068 unum
474 3014 684 3082 imputet
710 3014 949 3066 alienum.

360 3106 451 3159 23.
492 3104 547 3160 Si
576 3120 702 3174 ergo
742 3105 813 3159 ita
850 3114 999 3174 potes
1035 3105 1332 3159 animarum
1359 3118 1597 3160 asserere
1621 3105 1735 3160 sine
1760 3107 1863 3162 ulla

273 3196 579 3266 propagine
608 3196 913 3260 novitatem,
939 3205 994 3248 ut
1019 3195 1222 3248 ratione
1243 3195 1385 3263 justa
1413 3205 1468 3250 et
1494 3211 1523 3248 a
1550 3196 1654 3251 fide
1677 3199 1863 3251 catho-

272 3285 385 3339 lica
410 3302 514 3339 non
537 3286 726 3350 aliena,
749 3286 905 3338 etiam
930 3286 1007 3339 sic
1029 3294 1243 3353 peccato
1265 3286 1417 3355 primi
1440 3287 1669 3342 hominis
1689 3298 1864 3342 osten-

272 3378 481 3433 dantur
509 3379 749 3431 obnoxizn
771 3394 785 3442 ;
808 3394 986 3431 assere
1015 3378 1153 3447 quod
1181 3379 1373 3442 sentis,
1400 3387 1452 3432 ut
1485 3389 1652 3447 potes.
1680 3379 1733 3434 Si
1766 3398 1861 3435 au-

274 3480 395 3525 tem
420 3486 525 3524 non
548 3485 638 3523 eas
663 3472 813 3523 aliter
830 3479 979 3539 potes
1000 3486 1028 3523 a
1052 3472 1425 3540 propagatione
1452 3471 1620 3526 facere
1640 3474 1858 3541 alienas,

272 3561 390 3617 nisi
420 3569 477 3613 ut
506 3562 662 3614 simul
692 3562 847 3615 facias
876 3563 942 3615 ab
966 3564 1107 3615 omni
1141 3564 1339 3631 peccati
1375 3563 1585 3617 vinculo
1630 3566 1857 3631 liberas;

272 3654 476 3710 cohibe
506 3662 557 3707 te
582 3654 648 3708 ab
676 3654 975 3722 hujusmodi
1006 3654 1359 3724 disputatione
1387 3655 1711 3709 omnimodo.
1743 3656 1860 3711 Non

274 3755 367 3800 cst
392 3744 533 3798 enim
561 3743 689 3798 falsa
710 3746 868 3800 etiam
896 3745 945 3798 in
970 3746 1305 3814 parvulorum
1333 3746 1647 3816 baptismate
1673 3750 1860 3801 remis-

273 3838 366 3892 sio
393 3844 748 3906 peccatorum,
773 3852 870 3891 nec
891 3838 1052 3892 verbo
1076 3847 1230 3892 tenus
1251 3838 1463 3902 dicitur,
1486 3839 1577 3893 sed
1602 3841 1860 3895 veraciter

278 3929 482 3996 agitur.
520 3927 648 3982 Nam
678 3936 737 3982 ut
770 3929 877 3997 jam
906 3929 1079 3984 verbis
1106 3939 1243 3994 utar,
1272 3946 1389 4000 qua:
1417 3932 1468 3984 in
1500 3932 1610 4000 ipsa
1638 3934 1857 4001 epistola

278 4018 577 4071 beatissimi
606 4019 857 4072 antistitis
878 4018 1071 4073 Zosimi
1104 4021 1344 4089 leguntur
1367 4039 1380 4074 :
1406 4021 1599 4076 Fidelis
1617 4023 1858 4079 Dominus

276 4108 339 4162 in
364 4109 522 4163 verbis
567 4110 670 4163 suis
690 4150 704 4174 ,
744 4112 945 4179 ejusque
976 4109 1252 4179 baptismus
1291 4128 1344 4164 re
1378 4129 1437 4165 ac
1474 4115 1652 4179 verbis,
1681 4115 1733 4167 id
1761 4126 1854 4182 est,

278 4216 460 4267 apere,
502 4199 810 4268 confessione
847 4210 893 4253 et
938 4201 1225 4254 remissione
1264 4216 1381 4254 vera
1424 4212 1763 4269 peccatorum,
1805 4206 1859 4259 in

279 4290 422 4342 omni
450 4304 571 4343 sexu
591 4331 604 4355 ,
634 4300 803 4355 wtatc,
835 4290 1117 4343 conditione
1159 4292 1350 4361 generis
1388 4292 1593 4345 humani
1635 4295 1857 4348 eamdem

280 4380 646 4451 plenitudinem
675 4390 821 4434 tenet.
850 4380 1038 4435 Nullus
1067 4383 1195 4434 enim
1231 4383 1327 4434 nisi
1359 4384 1443 4447 qui
1473 4386 1661 4453 peccati
1689 4402 1857 4440 servus

279 4478 386 4533 est,
419 4470 542 4524 liber
571 4470 797 4540 efï¬citur,
829 4488 917 4525 nec
946 4471 1228 4541 redemptus
1257 4472 1356 4525 dici
1401 4483 1592 4541 potest,
1637 4476 1732 4527 nisi
1772 4477 1857 4545 qui

280 4575 397 4614 uere
425 4579 514 4633 per
544 4574 801 4631 peccatum
839 4565 989 4635 fuerit
1028 4573 1141 4616 ante
1178 4565 1403 4633 captivus
1422 4606 1436 4631 ,
1464 4566 1589 4618 sicut
1618 4567 1857 4636 scriptum

280 4662 354 4707 est
377 4668 396 4706 :
427 4672 446 4704 Î¹
477 4653 539 4708 Si
562 4671 645 4708 vos
669 4653 833 4708 Filius
860 4655 1153 4720 liberaverit,
1176 4672 1285 4710 vere
1309 4658 1448 4715 liberi
1474 4659 1609 4712 eritis
1632 4678 1648 4709 Î¹
1678 4658 1853 4728 (Joan.

280 4757 405 4807 vnn,
440 4744 547 4815 '56).
580 4743 685 4797 Per
710 4748 873 4813 ipsum
899 4747 1031 4799 cnim
1056 4749 1364 4801 renascimur
1391 4750 1736 4818 spiritualiter,
1768 4768 1857 4821 per

280 4831 449 4898 ipsum
494 4834 837 4903 cruci/igimur
879 4835 1085 4887 mundo.
1132 4834 1304 4902 Ipsius
1350 4848 1533 4902 morte,
1578 4840 1749 4894 mortis
1793 4842 1856 4895 ab

280 4920 447 4973 Adam
474 4923 702 4975 omnibus
729 4924 867 4976 nobis
906 4923 1203 4977 introduch
1238 4934 1383 4993 atque
1406 4929 1710 4982 transmissa:
1737 4931 1853 4983 uni-

282 5028 435 5067 uersa:
468 5016 651 5068 anima:
677 5016 806 5068 illud
834 5017 1109 5085 propagine
1134 5026 1441 5070 contractum
1466 5019 1856 5089 chirographum

281 5107 555 5177 rumpitur,
583 5107 634 5159 in
655 5123 752 5176 quo
773 5107 942 5159 nullus
970 5107 1171 5160 omnino
1195 5117 1424 5159 natorum
1442 5147 1455 5172 ,
1480 5118 1744 5178 antequam
1768 5130 1856 5181 per

283 5193 599 5268 Baptismum
636 5196 889 5262 liberetur,
929 5214 1029 5250 non
1071 5206 1262 5249 tenetur
1300 5197 1658 5269 obno.1:ius(a).
1692 5201 1745 5254 In
1774 5203 1855 5258 his

345 5305 417 5368 (a)
442 5306 651 5368 Losimus
670 5307 946 5368 Innocentio
968 5305 1173 5355 Pontiï¬‚ci
1196 5318 1274 5354 an.
1299 5306 1388 5355 417
1410 5309 1693 5368 succedens,
1717 5311 1854 5361 delu-

282 5366 408 5416 ditur
434 5366 708 5429 aliquandiu
739 5380 767 5416 a
790 5366 1087 5429 Pelagianis;
1134 5380 1305 5417 verum
1347 5370 1595 5429 rescriptis
1616 5366 1854 5422 Atricano-

280 5438 388 5490 rum
412 5436 619 5488 Patrum,
646 5437 697 5478 et
718 5429 880 5478 habito
901 5429 1097 5478 demum
1126 5430 1361 5478 severiori
1385 5432 1607 5480 examine
1622 5466 1636 5490 ,
1675 5436 1853 5484 certior

280 5486 434 5539 factus
456 5491 518 5538 de
564 5486 776 5551 ipsorum
820 5490 1027 5549 haeresi,
1050 5491 1342 5539 sententiam
1386 5491 1433 5537 in
1478 5486 1695 5540 eosdicit
1739 5504 1851 5545 ante

280 5552 495 5599 medium
516 5564 594 5599 an.
621 5551 727 5609 418,
755 5552 926 5599 emissa
949 5565 1036 5614 per
1056 5554 1334 5600 universum
1356 5551 1660 5601 christianum
1683 5558 1853 5606 orbem

284 5615 546 5675 Tractoria,
570 5618 624 5661 ut
645 5619 785 5662 vocat
804 5619 1033 5675 literatur
1056 5615 1105 5662 in
1126 5614 1401 5675 Commonit.
1425 5624 1468 5660 c.
1492 5614 1523 5660 5
1547 5627 1558 5660 :
1587 5615 1723 5675 cujus
1744 5622 1852 5665 Tra-

280 5676 443 5737 Î¼Î¿Î¹-á¼°Î±á½¶
461 5672 783 5737 fragmentum
804 5673 881 5722 hic
900 5674 1069 5734 habes,
1085 5682 1262 5737 praeter
1282 5673 1487 5737 alterum
1504 5672 1747 5737 perbreve
1767 5690 1850 5729 re-

280 5730 427 5783 latum
451 5748 479 5783 a
501 5730 733 5801 Prospero
754 5736 805 5783 in
824 5730 1101 5797 appendice'
1132 5733 1349 5797 epistola:
1649 5736 1707 5785 ad
1751 5741 1850 5801 epi-

682 5795 974 5848 wmâ€˜ion
997 5795 1207 5861 Î¿Î¹ÎµÏ‰á½¶Î‡

1447 345 1925 409 EPISTOLARUM
1959 344 2238 405 CLASSIS
2274 347 2361 407 ill.

3431 354 3537 415 858

1962 459 2138 514 verbis
2177 457 2483 530 apostolica:
2508 458 2667 516 Sedis
2708 468 2818 516 tam
2858 462 3076 536 antiqua
3101 473 3260 537 atque
3293 464 3534 537 fundata,

1964 559 2110 603 certa
2135 559 2190 605 et
2213 551 2357 605 clara
2387 560 2471 605 est
2501 552 2757 609 catholica
2783 552 2949 627 fides,
2980 565 3038 611 ut
3071 555 3223 614 nefas
3256 557 3327 613 sit
3352 557 3420 614 de
3446 558 3532 617 illo

1963 638 2202 696 dubitare
2226 641 2534 699 christiano.

2032 729 2121 783 24.
2152 730 2412 799 Quoniam
2450 748 2577 804 ergo
2623 744 2798 791 morte
2834 736 3064 803 Christi,
3107 754 3214 795 non
3252 739 3404 796 unius
3445 749 3541 797 aut

1964 823 2281 894 aliquarum,
2300 826 2393 881 sed
2418 828 2682 883 universas
2704 828 2897 885 anima:
2913 832 3197 903 propagine
3211 842 3537 889 contractum

1964 918 2150 971 mortis
2185 916 2592 989 chirographum
2630 923 2923 992 rumpitur:
2963 925 3007 979 si
3037 933 3185 993 potes
3217 926 3421 980 animas
3460 926 3541 982 sic

1967 1008 2167 1063 alienas
2190 1024 2219 1063 a
2245 1010 2533 1081 propagine
2561 1010 2881 1081 defendere,
2918 1023 2977 1069 ut
3017 1022 3190 1070 tamen
3224 1016 3325 1070 hoc
3365 1017 3544 1073 chiro-

1967 1099 2191 1169 grapho,
2224 1101 2363 1169 quod
2407 1102 2518 1156 sola
2563 1101 2757 1158 Christi
2799 1114 2971 1160 morte
3018 1108 3371 1177 rumpendum
3419 1117 3537 1177 est,

1967 1189 2262 1245 rectissima
2297 1191 2504 1247 ratione
2531 1192 2962 1251 demonstrentur
2992 1197 3292 1267 obstrictae,
3322 1215 3422 1255 nec
3447 1215 3543 1255 sua

1968 1279 2275 1348 propagine,
2304 1280 2398 1335 sed
2422 1283 2599 1339 carnis
2619 1283 2717 1339 hoc
2737 1286 2916 1342 debito
2936 1289 3077 1357 juste
3096 1300 3383 1359 appareant
3406 1292 3543 1347 obli-

1967 1377 2102 1437 gatae
2131 1386 2145 1421 :
2179 1383 2283 1421 non
2308 1370 2478 1425 solum
2510 1374 2718 1428 nemine
2745 1376 3057 1445 prohibente
3083 1378 3326 1447 defende,
3358 1396 3541 1436 verum

1968 1456 2128 1510 etiam
2168 1457 2217 1511 id
2247 1459 2399 1513 nobis
2438 1463 2703 1531 quomodo
2748 1474 2919 1519 tecum
2958 1466 3239 1525 defendere
3282 1472 3546 1539 possimus

1971 1546 2212 1602 ostende.
2243 1548 2295 1603 Si
2327 1558 2502 1604 autem
2541 1552 2697 1607 aliter
2722 1570 2823 1608 non
2863 1566 3036 1627 potest
3069 1560 3208 1628 quod
3245 1560 3312 1615 de
3337 1563 3544 1618 anima-

1972 1654 2090 1692 rum
2139 1641 2373 1697 novitate
2412 1646 2598 1710 sentis,
2630 1660 2889 1714 aSserere,
2921 1649 3018 1703 nisi
3049 1658 3105 1704 ut
3130 1666 3221 1706 eas
3246 1652 3392 1708 dicas
3418 1670 3545 1724 pec-

1968 1738 2087 1782 cato
2134 1730 2287 1799 primi
2335 1731 2563 1787 hominis
2595 1751 2697 1789 non
2731 1740 2929 1802 teneri;
2961 1749 3049 1794 aut
3082 1756 3176 1809 per
3207 1744 3543 1812 propaginem

1970 1836 2074 1875 non
2116 1837 2287 1890 suam,
2333 1824 2426 1879 sed
2455 1828 2651 1894 carnis,
2681 1837 2895 1885 auctore
2922 1832 3062 1897 Deo,
3103 1834 3185 1887 vel
3228 1835 3406 1889 nescio
3442 1850 3546 1905 qua

1968 1918 2094 1972 mali
2122 1928 2330 1987 natura,
2359 1923 2817 1981 innocentissimas
2840 1926 2952 1981 fieri
2973 1928 3294 1996 peccatrices
3318 1947 3330 1982 :
3356 1930 3547 1985 melius

1970 2009 2117 2078 origo
2162 2010 2352 2066 animae
2391 2012 2547 2078 latet,
2588 2013 2714 2069 dum
2754 2023 2927 2071 tamen
2960 2031 3076 2071 eam
3103 2033 3209 2073 non
3245 2018 3547 2074 dubitemus

1970 2100 2065 2156 Dei
2093 2117 2210 2157 esse
2239 2115 2573 2172 creaturam,
2612 2122 2770 2176 quam
2810 2108 2894 2162 vel
2934 2108 3073 2164 Deus
3112 2110 3313 2178 peccati
3362 2117 3546 2165 auctor

1970 2193 2197 2262 dicatur,
2226 2196 2311 2250 vel
2340 2206 2523 2251 contra
2554 2198 2719 2253 Deum
2746 2199 2917 2254 aliena
2940 2201 3065 2254 mali
3095 2208 3282 2255 natura
3306 2200 3544 2255 introdu-

1968 2294 2141 2351 catur,
2169 2287 2253 2340 vel
2282 2285 2540 2356 baptisma
2566 2289 2905 2357 parvulorum
2931 2290 3135 2345 irritum
3160 2292 3403 2346 ducatur.

2040 2374 2130 2429 25.
2152 2376 2413 2431 Utautem
2438 2386 2494 2433 et
2516 2393 2546 2432 a
2575 2394 2661 2433 me
2686 2388 2771 2433 tua
2802 2379 3021 2436 Dilectio
3045 2380 3112 2436 de
3136 2381 3234 2436 hac
3256 2381 3549 2452 quaestione

1968 2464 2165 2534 aliquid
2212 2467 2391 2521 audiat
2433 2467 2747 2536 definitum,
2796 2484 2902 2525 non
2946 2472 3092 2540 parvi
3143 2472 3544 2540 aestimandum,

1968 2552 2077 2609 imo
2123 2556 2387 2626 praecipue
2430 2560 2785 2614 necessarium
2825 2569 2983 2631 atque
3020 2562 3375 2629 retinendum,
3413 2578 3548 2633 quo-

1972 2645 2262 2701 modolibet
2288 2663 2348 2702 se
2376 2650 2524 2719 origo
2554 2649 2744 2705 habeat
2762 2652 3075 2719 animarum,
3097 2654 3210 2708 sive
3230 2669 3296 2708 ex
3317 2654 3403 2707 illa
3420 2669 3544 2721 una,

1968 2738 2079 2792 sive
2107 2754 2172 2792 ex
2199 2740 2340 2793 nulla
2365 2740 2466 2793 alia
2494 2752 2874 2811 propagentur;
2901 2743 3198 2799 Mediatoris
3228 2754 3404 2800 tamen
3431 2745 3547 2799 ani-

1968 2842 2107 2880 mam
2135 2828 2331 2881 nullum
2362 2844 2426 2883 ex
2458 2830 2624 2884 Adam
2656 2832 2880 2886 traxisse
2905 2842 3178 2901 peccatum
3199 2833 3441 2889 dubitare
3464 2834 3544 2890 fas

1968 2933 2074 2971 non
2102 2927 2200 2973 est.
2226 2921 2279 2974 Si
2298 2922 2439 2974 enim
2463 2922 2602 2975 nulla
2626 2933 2941 2993 pr0pagatur
2960 2940 3026 2979 ex
3041 2926 3227 2989 altera,
3252 2927 3337 2982 ubi
3359 2942 3544 2982 omnes

1969 3016 2218 3063 tenentur
2271 3018 2553 3081 prepagata
2591 3026 2751 3066 carne
2790 3014 2990 3081 peccati
3031 3014 3047 3045 â¸
3092 3031 3105 3066 :
3140 3024 3335 3084 quanto
3371 3017 3545 3071 minus

1966 3099 2285 3154 credendum
2330 3110 2413 3156 est
2444 3117 2508 3157 ex
2548 3105 2836 3173 propagine
2866 3104 3174 3173 peccatricis
3198 3106 3427 3161 animam
3456 3120 3545 3161 ve-

1968 3189 2082 3243 nire
2106 3192 2358 3259 potuisse,
2388 3192 2537 3263 cujus
2562 3208 2687 3248 caro
2705 3194 2922 3250 venitex
2945 3196 3167 3265 virgine,
3192 3212 3296 3251 non
3328 3198 3543 3253 libidine

1966 3291 2240 3348 concepta,
2269 3282 2361 3336 sed
2392 3284 2507 3348 fide,
2540 3292 2595 3337 ut
2615 3294 2755 3339 esset
2782 3286 2832 3338 in
2857 3286 3197 3341 similitudine
3222 3289 3397 3343 carnis
3422 3304 3546 3359 pec-

1965 3373 2067 3427 cati
2099 3372 2271 3445 (Rom.
2301 3391 2425 3442 vut,
2467 3376 2557 3445 3),
2597 3392 2699 3430 non
2732 3380 2785 3430 in
2823 3393 2981 3432 carne
3016 3379 3254 3448 peccati!
3288 3380 3341 3435 Si
3366 3392 3540 3435 autem

1966 3473 2182 3531 peccato
2213 3466 2393 3533 prima:
2421 3468 2611 3521 animm
2633 3470 2942 3538 peccatricis
2974 3470 3093 3525 ideo
3124 3481 3331 3526 cetera:
3357 3482 3543 3527 tenen-

1965 3560 2053 3605 tur
2096 3553 2371 3619 obnoxim,
2419 3556 2539 3625 quia
2582 3573 2645 3611 ex
2691 3558 2777 3611 illa
2802 3568 2922 3611 sunt
2950 3568 3285 3630 prOpagatre;
3310 3562 3544 3631 profecto

1964 3644 2051 3697 illa
2075 3661 2231 3714 quam
2251 3647 2347 3699 sibi
2366 3647 2678 3717 Unigeuitus
2697 3654 2987 3719 cooptavit,
3013 3660 3102 3705 aut
3125 3662 3395 3721 peccatum
3422 3652 3545 3709 inde

1962 3753 2067 3791 non
2088 3739 2268 3803 traxit,
2290 3749 2378 3793 aut
2400 3741 2612 3794 omnino
2633 3740 2753 3795 inde
2770 3758 2873 3796 non
2899 3752 3059 3797 tracta
3083 3752 3182 3797 est.
3204 3743 3384 3814 Neque
3402 3744 3543 3800 enim

1963 3844 2068 3883 non
2101 3831 2268 3898 potuit
2296 3832 2523 3885 animam
2547 3832 2644 3885 sibi
2673 3833 2884 3888 trahere
2906 3835 3021 3888 sine
3048 3845 3293 3904 peccato,
3319 3836 3407 3906 qui
3433 3837 3539 3890 sol-

1963 3918 2037 3971 vit
2081 3928 2258 3972 nostra
2303 3930 2553 3989 peccata;
2601 3931 2690 3975 aut
2728 3924 2816 3992 qui
2863 3940 3051 3978 novam
3092 3927 3291 3980 creavit
3316 3926 3363 3980 ei
3393 3928 3542 3981 carni

1962 4023 2119 4077 quam
2157 4011 2271 4063 sine
2312 4020 2527 4078 parente
2562 4011 2683 4066 fecit
2725 4028 2787 4067 ex
2822 4022 2991 4078 terra,
3017 4030 3122 4069 non
3151 4017 3320 4085 potuit
3349 4031 3539 4072 novam

1961 4112 2146 4151 creare
2174 4100 2319 4152 carni
2345 4115 2501 4169 quam
2529 4101 2643 4154 sine
2664 4102 2778 4155 viro
2798 4104 3023 4171 sumpsit
3042 4119 3106 4159 ex
3134 4104 3347 4158 femina.

2031 4189 2120 4243 26.
2160 4189 2282 4242 Haec
2311 4191 2447 4244 sicut
2473 4191 2650 4260 potui,
2679 4207 2784 4245 non
2813 4193 3021 4261 quidem
3049 4195 3114 4247 ad
3144 4211 3228 4251 me
3251 4195 3419 4263 datis,
3445 4198 3539 4254 sed

1963 4285 2138 4333 tamen
2168 4280 2231 4332 ad
2260 4279 2601 4334 charissimos
2627 4291 2835 4336 nostros
2859 4284 3159 4338 Sanctitatis
3186 4295 3286 4339 tum
3313 4286 3500 4343 litteris
3520 4331 3535 4355 ,

1962 4386 2066 4423 non
2110 4370 2292 4439 peritia
2331 4386 2487 4440 quam
2522 4371 2852 4437 desiderasti,
2888 4373 2980 4427 sed
3008 4374 3231 4429 sollicita
3256 4376 3537 4435 dilectione

1962 4459 2231 4528 respondi.
2258 4458 2314 4513 Si
2339 4469 2485 4530 grate
2508 4461 2722 4531 accipis,
2749 4472 2801 4517 et
2818 4462 3227 4519 admonitionem
3248 4464 3537 4524 fraternam

1961 4559 2014 4605 et
2044 4552 2224 4606 utilem
2251 4594 2265 4619 ,
2299 4568 2402 4606 non
2431 4554 2690 4619 errando,
2721 4555 2813 4610 sed
2842 4556 3130 4625 prudenter
3153 4559 3538 4619 considerando

1960 4655 2081 4694 cum
2124 4642 2377 4697 Ecclesiae
2403 4658 2533 4713 pace
2558 4660 2868 4713 conservas,
2901 4647 3009 4702 Deo
3036 4649 3249 4719 gratias.
3277 4651 3335 4706 Si
3357 4662 3534 4710 autem

1961 4746 2045 4785 me
2073 4733 2167 4785 ista
2198 4734 2431 4787 nondum
2459 4750 2615 4789 nosse
2636 4736 2845 4789 miraris
2867 4777 2881 4803 ,
2905 4737 2986 4791 vel
3007 4739 3161 4793 etiam
3186 4756 3282 4796 nec
3300 4742 3531 4813 miraris,

1962 4831 2015 4875 et
2057 4838 2140 4876 me
2166 4823 2361 4893 aliquid
2388 4836 2589 4879 certum
2619 4826 2686 4880 de
2713 4827 2916 4896 origine
2940 4830 3232 4884 animarum
3261 4834 3403 4887 salva
3434 4835 3533 4890 ista

1962 4910 2065 4966 fide
2100 4928 2218 4981 qum
2250 4916 2543 4968 certissima
2572 4926 2728 4985 atque
2753 4917 3041 4974 clarissima
3067 4932 3177 4986 est,
3208 4930 3386 4978 mutua
3406 4923 3529 4978 cha-

1961 5002 2115 5057 ritale
2136 5002 2327 5057 docere
2356 5020 2461 5057 non
2486 5005 2663 5059 renuis
2682 5046 2698 5071 ,
2726 5008 2892 5061 multo
2915 5010 3158 5077 uberius,
3191 5011 3298 5067 Deo
3313 5015 3527 5083 gratias.

1958 5092 2161 5146 Memor
2186 5095 2347 5147 nostri
2370 5135 2384 5157 ,
2419 5094 2640 5149 Domino
2665 5112 2878 5168 semper
2898 5101 3042 5153 vivas
3059 5143 3075 5169 ,
3102 5102 3317 5161 domine
3338 5106 3513 5165 beatis

1959 5168 2112 5250 sime,
2143 5193 2195 5239 et
2223 5186 2425 5240 sincera
2454 5187 2734 5244 dilectione
2756 5190 3116 5250 desiderabilis
3141 5194 3308 5254 frater.

2025 5422 2042 5452 á½·
2076 5426 2182 5491 Mss.
2223 5428 2431 5482 septem,
2468 5429 2743 5533 grammar:
2764 5437 2909 5475 carne
2935 5428 3117 5489 peccati
3143 5441 3161 5478 :
3192 5432 3350 5482 minus
3377 5434 3526 5497 bene,

2025 5489 2153 5530 uelsr
2180 5481 2366 5533 vulgata
2391 5482 2536 5533 lectio
2621 5486 2681 5533 nd
2708 5489 2823 5533 satis
2861 5489 3048 5533 intem-si
3072 5492 3305 5533 videam-
3328 5501 3526 5533 Ï€Î¿Î¹-Î¹Î±..

1960 5483 2153 5552 tametsi
2180 5481 2366 5552 vulgata
2391 5481 2536 5552 lectio
2558 5481 2681 5552 haud
2708 5489 2823 5536 satis
2861 5481 3049 5552 integra
3072 5481 3526 5549 videamuriorteâ€”G

1960 5550 2069 5603 post
2092 5549 2323 5604 tenentur,
2347 5545 2666 5609 supplendum
2686 5556 2777 5613 est,
2802 5561 2915 5599 me.
