4120 6358
991 490 1332 558 merum
1356 480 1514 544 cato!
1541 480 1564 508 *
1581 476 1677 552 (dl-

535 607 696 666 πετο
731 597 1022 672 presbytero
1049 591 1255 664 (postea
1291 578 1518 654 pontiﬁci
1557 567 1825 672 Romano).
1841 566 1927 672 qui
1952 570 2128 672 contra

615 659 950 766 "Pelagianos,
978 659 1154 758 quibus
1183 677 1362 750 favisse
1383 686 1556 727 rumor
1573 671 1761 766 fuerat.
1791 659 2129 766 defensionem

619 758 799 865 gratiae
826 781 919 837 Dei
948 773 1280 846 suscepisset,
1308 765 1628 839 grandem;
1648 758 1919 865 exhortans
1937 763 2126 858 uiper-

620 845 707 956 agat
729 873 1042 950 impudentes
1071 865 1298 956 cohibere
1309 851 1784 956 1dissimulantibus

791 932 1087 1022 venerabili
1137 963 1195 1014 et
1219 954 1272 1008 in
1289 949 1496 1006 labrist!
1521 942 1774 998 cbaritate
1791 932 2128 1005 suscipiendo

609 1054 967 1120 sanctol'ratri
997 1063 1052 1107 et
1075 1043 1507 1117 compresbytero
1527 1035 1729 1101 Burro,
1759 1032 2125 1094 niueos-naua,

615 1157 672 1212 in
693 1150 926 1210 'Domino
944 1144 1194 1200 salutem.

618 1251 673 1307 l.
721 1247 804 1302 Ex
846 1255 951 1312 quo
985 1236 1281 1306 Hipponem
1310 1226 1511 1282 littera:
1535 1215 1880 1316 Benignitatls
1906 1221 2130 1316 tum'per

546 1304 792 1402 sanctum
831 1304 1070 1389 fratrem:
1095 1331 1334 1380 nostrum
1367 1317 1614 1373 “Firmum
1652 1309 2018 1402 presbyterum
2049 1304 2130 1358 di-

545 1401 709 1494 recun
758 1444 846 1485 me
890 1425 1110 1480 absente
1149 1420 1446 1476 venerunt,
1486 1414 1827 1478 posteaquam
1867 1401 1983 1454 illas
2008 1411 2130 1494 cum

554 1489 868 1588 remeassem
891 1559 908 1585 ,
935 1507 1305 1586 quamvrsjam
1334 1501 1455 1557 inde
1478 1498 1715 1594 profecto
1743 1508 1923 1549 earum
1953 1489 2130 1594 perla-

554 1626 696 1683 ιοιιθ,
741 1616 918 1684 legere
960 1603 1142 1678 potui,
1182 1599 1298 1654 haec
1324 1596 1489 1666 prima
1516 1588 1807 1689 eademque
1834 1588 2132 1689 gratissima

557 1675 878 1769 rescribendi
918 1675 1149 1754 occurrit
1189 1687 1396 1745 occasio
1422 1699 1517 1754 per
1544 1678 1942 1782 dilectissimum
1969 1675 2130 1778 filium

553 1809 794 1859 nostrum
821 1794 1068 1850 Albinum
1100 1782 1423 1854 acolytbum.
1453 1774 1604 1844 Quod
1635 1782 1808 1826 autem
1836 1769 2028 1840 quibus
2056 1769 2132 1821 si-

551 1894 661 1951 mul
696 1883 986 1958 scripsisti,
1025 1889 1151 1934 tunc
1194 1889 1300 1929 non
1336 1883 1544 1926 eramus
1571 1864 1760 1927 simul,
1788 1861 1911 1962 ideo
1938 1860 2134 1962 factum

551 1993 633 2043 est
660 1990 720 2037 ut
746 1953 1077 2046 singulorum
1104 1965 1337 2036 singulas
1356 2003 1372 2028 ,
1400 1975 1505 2014 non
1537 1971 1694 2011 unam
1722 1953 2132 2046 amborumepi-

550 2075 739 2132 Stolam
775 2042 1033 2125 sumeres.
1075 2060 1122 2114 A
1159 2071 1245 2112 me
1282 2054 1476 2124 quippe
1500 2050 1767 2119 digressus
1795 2051 1880 2099 est
1906 2042 2136 2113 perlator

545 2167 709 2235 “hujus
739 2177 831 2232 per
852 2152 1212 2214 venerabilem
1239 2147 1454 2203 fratrem
1483 2150 1538 2198 et
1564 2140 1936 2241 coepiscopum
1959 2152 2136 2241 meum

552 2232 832 2326 Alypium,
881 2248 969 2317 qui
993 2259 1093 2300 tua:
1113 2238 1386 2298 Sanctitati
1412 2236 1568 2290 a‘liam
1593 2232 1942 2326 rescriberet,
1966 2236 2138 2282 trans-

554 2321 756 2409 iturus;
786 2339 854 2394 ad
882 2352 1038 2408 quem
1063 2333 1220 2389 etiam
1253 2331 1422 2400 ipsas,
1449 2341 1579 2396 quas
1607 2338 1707 2394 ego
1731 2325 1840 2393 jam
1871 2321 2100 2390 legerem
2118 2361 2134 2386 ,

543 2435 760 2493 "litteras
787 2441 907 2486 tuas
928 2429 1039 2498 ipse
1064 2422 1314 2495 portavit.
1336 2420 1464 2485 Quae
1491 2432 1589 2472 nos
1607 2424 1800 2487 quanta
1821 2413 2000 2468 lmtitia
2019 2428 2140 2483 per-

545 2526 820 2588 fuderint,
871 2519 997 2591 quid
1047 2517 1207 2570 homo
1246 2513 1444 2568 nitatur
1483 2509 1627 2579 loqui
1665 2506 1806 2577 quod
1835 2521 1938 2561 non
1967 2511 2142 2576 potest

559 2613 784 2686 eloqui?
827 2625 927 2667 nec
971 2608 1197 2677 teipsum
1244 2603 1372 2659 satis
1401 2615 1558 2655 nosse
1582 2597 1840 2664 arbitror,
1865 2595 1958 2652 sed
1987 2595 2140 2651 nobis

551 2704 750 2772 ‘crede,
790 2709 1044 2772 quantum
1083 2695 1206 2751 boni
1237 2692 1425 2748 feceris
1455 2690 1578 2744 talia
1610 2689 1764 2744 nobis
1788 2687 1984 2756 scripta
2014 2687 2140 2742 mit-

553 2797 739 2854 tendo.
773 2793 930 2848 Sicut
961 2791 1102 2845 etiim
1133 2796 1188 2841 tu
1216 2785 1367 2841 testis
1393 2799 1452 2838 es
1481 2783 1642 2836 animi
1670 2781 1746 2836 tui
1771 2823 1785 2849 ,
1815 2781 1885 2835 ita
1915 2796 2012 2834 nos
2041 2793 2143 2834 no-

559 2889 657 2947 stri
681 2930 696 2955 ,
741 2880 1187 2956 quemadmodum
1234 2879 1303 2933 sit
1343 2876 1560 2930 atiectus
1600 2875 1806 2929 illarum
1837 2874 2144 2929 sinceritate

553 2975 979 3038 luculentissima
1025 2971 1340 3027 litterarum.
1381 2968 1436 3021 Si
1468 2966 1610 3022 enim
1637 2965 2000 3019 brevissimam
2026 2965 2142 3034 epi-

563 3074 750 3131 stolam
781 3079 922 3125 tuam
939 3110 954 3133 ,
981 3081 1139 3138 quam
1164 3063 1229 3118 de
1251 3063 1347 3117 bac
1367 3061 1481 3131 ipsa
1502 3075 1562 3115 re
1585 3058 1652 3113 ad
1677 3058 2040 3113 beatissimum
2061 3072 2147 3115 se-

562 3178 684 3223 nem
727 3161 1000 3218 Aurelium
1045 3173 1141 3229 per
1165 3156 1399 3211 Leonem
1435 3151 1508 3225 (b)
1539 3149 1842 3224 acolythum
1870 3149 2142 3218 direxisti,

562 3255 845 3314 exsultanti
883 3251 1157 3307 alacritate
1193 3245 1600 3316 descripsimus,
1630 3251 1685 3300 et
1711 3243 1900 3314 quibus
1928 3251 2146 3313 potera-

564 3366 683 3408 mus
726 3363 919 3419 magno
962 3344 1138 3400 studio
1176 3341 1484 3413 legebamus
1507 3379 1520 3405 ,
1565 3337 1652 3393 ubi
1678 3337 1832 3392 nobis
1857 3335 2147 3404 exposuisti

565 3443 691 3516 quid
717 3441 784 3497 de
815 3441 904 3496 illo
933 3435 1383 3509 perniciosissimo
1406 3431 1653 3502 dogmate
1671 3471 1685 3495 ,
1713 3428 1798 3484 vel
1817 3427 1943 3500 quid
1961 3435 2147 3482 contra

564 3535 632 3590 de
665 3533 833 3605 gratia
875 3530 1006 3597 Dei,
1037 3542 1195 3599 quam
1221 3524 1424 3595 pusillis
1451 3521 1757 3592 magnisque
1780 3520 2031 3590 largitur,
2060 3519 2148 3576 cui

563 3635 648 3682 est
689 3624 816 3679 illud
855 3621 1315 3684 inimicissimum,
1357 3616 1554 3671 sentias
1593 3632 1605 3666 :
1644 3623 1840 3684 quanta
1872 3629 1969 3669 nos
1994 3622 2147 3685 putas

561 3717 666 3775 ista
693 3726 782 3772 tua
813 3713 1096 3786 prolixiora
1123 3711 1316 3778 scripta
1343 3709 1427 3764 vel
1455 3707 1806 3762 exsultatione
1830 3705 2040 3774 legisse,
2066 3708 2147 3765 vel

561 3823 723 3876 cura,
773 3815 834 3861 ut
873 3805 1148 3878 legantur,
1187 3800 1377 3870 quibus
1415 3799 1676 3852 valuimus
1705 3798 1823 3852 aliis
1857 3798 2145 3866 obtulisse,

547 3911 720 3972 atque
739 3899 913 3954 adhuc
936 3896 1127 3967 quibus
1147 3892 1581 3948 valemusoﬂ'erre
1601 3891 1614 3945 !
1633 3891 1768 3957 Quid
1791 3892 1930 3944 enim
1947 3892 2148 3961 gratius

564 3982 665 4055 legi
697 3983 784 4038 vel
811 3980 980 4037 audiri
1009 3985 1218 4051 potest,
1245 3991 1402 4046 quam
1431 3976 1612 4046 gratia:
1642 3974 1733 4029 Dei
1765 3983 1870 4030 tam
1900 3991 2028 4044 pura
2057 3975 2152 4030 de-

564 4074 736 4130 fensio
761 4072 1016 4127 adversus
1044 4069 1284 4123 inimicos
1305 4067 1440 4137 ejus,
1468 4082 1532 4121 ex
1558 4081 1651 4121 ore
1667 4066 1797 4135 ejus.
1823 4067 1912 4136 qui
1932 4083 2148 4122 eorum-

571 4165 692 4222 dem
718 4162 1051 4218 inimicorum
1080 4158 1257 4228 magni
1283 4157 1536 4212 momenti
1561 4166 1812 4226 patronus
1836 4167 1960 4212 ante
1980 4157 2149 4226 jacta-

563 4255 718 4312 batur
733 4255 759 4309 ?
777 4261 864 4308 aut
896 4251 1034 4306 unde
1056 4251 1328 4305 uberiores
1347 4249 1459 4303 Deo
1477 4248 1730 4304 debemus
1755 4264 1911 4320 agere
1931 4251 2144 4318 gratias,

569 4359 727 4417 quam
756 4342 896 4414 quod
920 4331 1034 4412 ejus
1057 4341 1133 4395 sic
1156 4339 1457 4395 defenditur
1481 4340 1646 4410 gratia
1667 4339 1734 4394 ab
1754 4341 1831 4394 eis
1850 4341 2148 4412 quibusda-

569 4445 686 4503 tur,
716 4437 970 4492 adversus
997 4449 1090 4489 eos
1113 4431 1303 4503 quibus
1331 4431 1413 4486 vel
1441 4447 1546 4485 non
1566 4431 1756 4498 datur,
1777 4431 1860 4488 vel
1887 4432 2149 4502 ingratum

567 4536 651 4582 est
673 4525 813 4594 quod
841 4523 1029 4589 datur;
1061 4524 1183 4593 quia
1204 4531 1260 4576 ut
1283 4521 1359 4575 eis
1377 4528 1582 4592 gratum
1603 4521 1692 4590 sit,
1713 4521 1920 4578 occulto
1938 4531 1992 4580 et
2001 4524 2148 4592 justo

568 4616 766 4688 judicio
787 4615 882 4670 Dei
911 4631 1015 4672 non
1035 4613 1231 4669 datur?

639 4707 696 4762 2.
741 4706 1104 4776 Quapropter,
1147 4703 1361 4759 domine
1397 4700 1743 4770 venerabilis,
1780 4709 1832 4757 et
1869 4702 1921 4757 in
1951 4702 2150 4762 Christi

572 4798 829 4855 cbaritate
870 4795 1203 4866 suscipiende
1239 4803 1423 4851 sancte
1460 4793 1656 4861 frater,
1683 4796 1922 4864 quamvis
1947 4799 2150 4866 optime

573 4889 736 4945 iacias
755 4931 770 4954 ,
816 4902 937 4942 cum
979 4887 1048 4942 de
1087 4888 1183 4940 bac
1209 4901 1268 4940 re
1297 4884 1484 4941 scribis
1509 4885 1576 4940 ad
1607 4885 1825 4952 fratres,
1853 4887 1991 4957 apud
2015 4903 2149 4959 quos

577 4995 637 5036 se
663 4979 735 5034 illi
764 4979 832 5035 de
863 4988 950 5032 tua
984 4979 1156 5034 solent
1175 4976 1362 5032 efferre
1386 4976 1614 5032 amicitia
1640 4993 1654 5042 ;
1684 4987 1858 5033 tamen
1885 4977 1999 5034 haec
2021 4994 2148 5035 cura

572 5073 742 5141 major
766 5072 857 5127 tibi
885 5078 1074 5134 restat,
1099 5077 1159 5124 ut
1185 5084 1288 5122 non
1315 5068 1485 5124 solum
1514 5069 1711 5124 salubri
1737 5070 2014 5124 severitate
2034 5071 2147 5140 ple-

571 5173 779 5220 ctantur
802 5163 890 5233 qui
908 5177 1142 5216 errorem
1159 5161 1305 5215 illum
1326 5161 1616 5222 christiano
1636 5163 2031 5220 infestissimum
2053 5181 2150 5221 no-

576 5255 706 5311 mini
747 5237 942 5309 audent
975 5255 1178 5324 garrire
1215 5253 1464 5321 liberius,
1491 5254 1582 5310 sed
1613 5255 1770 5310 etiam
1796 5256 1832 5310 ii
1855 5255 2149 5327 diligentis-

631 5408 652 5430 '
684 5407 2145 5470 Collataestcmnbl.tf.m.r.sb.duobusv.m8ad.m

569 5478 726 5599 ωἷά)
743 5533 867 5599 Alias
889 5532 1014 5582 {04:
1041 5545 1152 5595 quae
1180 5537 1356 5599 _autem
1384 5532 1471 5599 191
1487 5539 1618 5599 gat,
1653 5545 1784 5586 nunc
1804 5532 1854 5582 in
1875 5536 2150 5599 Appendice

572 5593 656 5646 est
679 5593 752 5645 {0.
777 5597 958 5658 scripta
982 5593 1154 5658 versus
1175 5593 1320 5658 ﬁnem
1345 5608 1421 5642 an.
1447 5594 1554 5641 4‘18.

636 5658 707 5720 (b)
740 5658 1037 5728 arbitrantur
1080 5657 1207 5704 hunc
1230 5657 1382 5728 ipsum
1409 5669 1518 5704 esse
1541 5664 1747 5728 Leonem
1790 5669 2040 5728 magnum,
2065 5663 2148 5728 qui

573 5718 742 5784 postea
763 5725 894 5784 _Sle.0
915 5720 964 5767 in
1008 5725 1211 5784 {inmane
1251 5718 1373 5767 sede
1395 5719 1641 5784 successit,
1667 5730 1792 5766 anno
1813 5718 1922 5784 fit).
1945 5718 2148 5773 Consule

570 5779 941 5844 'Quesnelianam
962 5780 1228 5835 editionem
1247 5793 1454 5846 Operam
1473 5781 1659 5843 leonis,
1670 5787 1784 5832 tom.
1808 5779 1857 5843 2,
1879 5782 2074 5835 dissert.
2099 5785 2143 5835 1.

1754 358 1818 415 S.
1857 344 2224 411 Αυωεσωι
2253 343 2561 402 ιειηεωιη

2227 463 2368 522 sime
2410 473 2697 522 caveantur
2730 465 3006 539 vigilantia
3037 469 3378 543 pastorali‘,
3408 469 3637 547 propter
3672 475 3831 534 inlt-

2229 559 2429 612 miores
2453 567 2505 612 et
2523 559 2876 628 simpliciores
2898 561 3196 617 dominicas
3219 580 3380 629 oves,
3413 567 3498 621 cui
3522 584 3644 622 eum
3673 585 3832 631 pres—-

2229 652 2346 706 sius
2382 652 2596 721 quidem
2632 668 2694 705 ac
2735 651 3000 719 timidius,
3029 655 3124 710 sed
3157 666 3331 713 tamen
3353 659 3692 716 insusurrare
3719 679 3831 722 non

2231 753 2387 808 sant,
2434 754 2745 814 penetrantes
2785 743 2962 800 domos
2981 787 2994 806 .
3027 747 3163 802 sicut
3190 748 3264 802 ait
3292 748 3610 819 Apostolus,
3641 762 3698 810 et
3721 769 3832 812 αι-

2226 844 2347 891 τιρη
2360 853 2480 909 qua:
2493 850 2786 908 sequuntur
2800 839 3032 893 exercita
3052 839 3322 909 impietate
3339 843 3592 901 facientes
3605 846 3669 918 (ll
3688 846 3834 902 Tim.

2233 945 2293 985 ιιι
2316 974 2331 999 ,
2359 931 2392 985 6
2412 973 2428 998 ,
2457 940 2503 984 et
2531 931 2663 1002 sqq).
2695 929 2805 986 Nec
2835 931 2908 985 illi
2937 932 3236 1004 negligendi
3265 945 3418 1005 sunt,
3449 939 3536 1009 qui
3568 953 3735 1010 usque
3762 956 3832 997 an

2227 1023 2554 1093 profundum
2599 1023 2866 1077 silentium
2901 1026 3242 1094 supprimunt
3283 1029 3477 1084 timore
3515 1033 3656 1101 quod
3700 1048 3834 1088 sen-

2218 1117 2398 1182 "tinnt,
2437 1115 2528 1170 sed
2556 1125 2743 1170 tamen
2782 1117 3026 1172 eamdem
3058 1119 3465 1188 perversitatem
3491 1124 3691 1180 sentire
3719 1138 3839 1182 non

2234 1207 2500 1263 desinunt.
2525 1207 2755 1262 Nonnuli
2787 1210 2980 1277 quippe
3001 1225 3183 1264 eorum
3204 1253 3220 1278 ,
3245 1224 3528 1284 antequam
3551 1216 3646 1270 ista
3669 1219 3835 1286 pesti-

2226 1298 2397 1354 ‘lentia
2441 1299 2879 1354 manifestissimo
2917 1301 3078 1355 etiam
3117 1303 3271 1358 Sedis
3299 1307 3604 1374 apostolicae
3623 1308 3836 1377 judicio

2236 1391 2609 1456 damnaretur,
2639 1393 2795 1446 vobis
2821 1393 3151 1450 innotescere
3185 1408 3504 1466 potuerunt,
3535 1409 3671 1470 quos
3692 1416 3839 1457 nunc

2236 1491 2458 1552 repente
2502 1482 2780 1538 reticuisse
2825 1485 3158 1553 perSpicitis;
3200 1502 3298 1541 nrc
3333 1497 3510 1542 utrum
3537 1492 3705 1544 sanati
3727 1491 3840 1546 sint

2233 1576 2361 1631 sciri
2391 1583 2593 1644 potest,
2611 1576 2719 1628 nisi
2748 1590 2866 1630 cum
2891 1593 2994 1630 non
3019 1578 3194 1632 solum
3219 1579 3464 1651 dogmata
3493 1582 3578 1638 illa
3601 1583 3729 1637 falsa
3753 1593 3840 1640 ta—

2235 1667 2479 1732 cuerint,
2505 1681 2688 1721 verum
2721 1667 2878 1720 etiam
2911 1667 3015 1721 illis
3041 1685 3162 1723 vera
3185 1673 3453 1726 contraria
3475 1715 3490 1740 ,
3518 1689 3582 1728 eo
3611 1691 3718 1744 quo
3745 1675 3839 1731 illa

2231 1757 2415 1812 solent
2439 1757 2615 1812 studio
2638 1756 3065 1814 defensaverint:
3093 1761 3180 1830 qui
3207 1772 3381 1817 tamen
3405 1763 3577 1818 lenius
3595 1765 3840 1835 profecto

2239 1858 2363 1905 sunt
2405 1849 2682 1905 tractandi.
2725 1849 2860 1918 Quid
2890 1851 3032 1906 enim
3058 1867 3153 1907 eos
3177 1855 3364 1908 terreri
3395 1870 3530 1924 Opus
3554 1866 3667 1922 est,
3701 1873 3840 1929 quos

2241 1941 2370 1995 satis
2397 1943 2611 1997 territos
2641 1941 2752 2011 ipsa
2782 1941 3111 1998 taciturnitas
3139 1946 3437 1999 monstrat?
3456 1945 3568 2002 Nec
3584 1947 3845 2004 ideotan-

2242 2047 2400 2102 quam
2451 2032 2564 2087 sani
2617 2032 2975 2102 przetereundi
3020 2043 3144 2088 sunt
3190 2035 3465 2107 diligentia
3517 2039 3837 2106 medicina);

2244 2138 2467 2194 quorum
2510 2123 2702 2178 vulnus
2741 2123 2793 2177 in
2824 2124 3001 2178 abdito
3031 2136 3131 2180 est.
3163 2127 3273 2180 Etsi
3299 2127 3440 2182 enim
3473 2129 3708 2185 terrendi
3731 2145 3841 2186 non

2244 2224 2369 2268 sunt
2386 2256 2401 2280 ,
2435 2224 2612 2268 tamen
2639 2213 2859 2269 docendi
2883 2224 3040 2280 sunt;
3066 2226 3116 2270 et
3138 2226 3390 2286 quantum
3413 2220 3689 2288 existimo,
3712 2221 3844 2278 faci-

2233 2303 2347 2358 lius
2389 2312 2645 2374 possunt,
2694 2304 2821 2360 dum
2863 2306 2914 2360 in
2951 2307 3031 2362 eis
3062 2309 3219 2363 timor
3243 2311 3540 2367 severitatis
3564 2303 3838 2369 doctorem

2245 2396 2459 2466 adjuvat
2492 2399 2760 2465 veritatis,
2803 2407 2860 2454 ut
2897 2401 3190 2470 Opitulante
3232 2403 3456 2460 Domino
3478 2447 3494 2474 ,
3526 2406 3694 2476 gratia
3723 2407 3843 2477 eius

2246 2487 2512 2544 intellecta
2537 2499 2694 2560 atque
2719 2489 2909 2545 dilecta
2935 2491 3095 2547 etiam
3109 2493 3848 2571 loquendoexpugnentquod

2243 2577 2354 2650 jam
2381 2579 2526 2650 loqui
2548 2595 2655 2635 non
2676 2581 2893 2637 audent.

2669 2694 3002 2752 EPISTOLA
3029 2695 3214 2754 cxcu
3236 2702 3255 2722 ·
3275 2696 3381 2774 (α).

2247 2801 2848 2876 Matutinus-Calatino
2863 2805 3542 2883 δίασοοιοψοαεσραιεεπτί
3560 2813 3846 2887 κοινωνει),

2715 2896 2781 2952 de
2807 2907 2982 2954 multa
2998 2898 3364 2955 benevolentia.

2253 3007 2479 3063 Domino
2521 3009 2809 3065 venerabili
2854 3012 3184 3083 nimiumque
3231 3014 3611 3086 desiderabili,
3656 3027 3849 3098 sancto

2321 3099 2475 3154 fratri
2514 3109 2570 3155 et
2607 3101 3333 3176 condiaconoicmmsrmo,
3373 3108 3748 3178 Accusamus,
3779 3127 3842 3168 in

2321 3191 2551 3246 Domino
2574 3192 2819 3248 salutem.
2847 3212 2852 3214 ·

2326 3307 2380 3360 1.
2413 3305 2665 3373 Quamvis
2695 3308 2852 3379 longe
2880 3305 3073 3366 absens
3097 3310 3290 3368 fuerim
3311 3355 3326 3381 ,
3355 3315 3568 3386 quando
3589 3331 3683 3386 per
3707 3316 3848 3374 Pro-

2247 3397 2449 3469 jectum
2471 3400 2498 3430 ¹
2525 3399 2776 3454 clericum
2803 3401 2867 3454 ad
2890 3417 2976 3457 me
2996 3403 3194 3458 directa
3217 3405 3512 3477 Hipponem
3541 3407 3852 3466 Sanctitatis

2247 3498 2359 3544 tute
2385 3491 2579 3559 scripta
2602 3502 2893 3559 venerunt;
2929 3503 3103 3550 tamen
3125 3507 3468 3568 posteaquam
3489 3501 3640 3565 veni,
3662 3501 3852 3572 eisque

2249 3579 2408 3635 lectis
2433 3583 2809 3651 rescriptorum
2834 3583 3126 3640 debitorem
3147 3604 3230 3642 me
3250 3589 3443 3644 factum
3464 3606 3583 3646 esse
3598 3593 3849 3662 cognovi,

2255 3671 2510 3727 reddendi
2535 3681 2742 3742 tempus
2762 3674 3079 3744 opperiebar
3104 3696 3117 3731 :
3143 3688 3198 3734 et
3216 3696 3344 3735 ecce
3369 3682 3544 3736 subito
3561 3684 3853 3751 profecturi

2253 3776 2286 3816 a
2313 3763 2466 3817 nobis
2494 3761 2792 3818 charissimi
2820 3765 2996 3822 fratris
3021 3770 3189 3823 nostri
3215 3770 3855 3846 Albiniacolytbigratis—

2257 3853 2389 3910 sima
2419 3857 2651 3911 occurrit
2677 3859 2904 3914 occasio.
2937 3859 3011 3915 De
3039 3870 3123 3916 tua
3151 3861 3308 3933 igitur
3333 3881 3450 3936 quae
3476 3866 3602 3922 mihi
3628 3879 3854 3939 exopta-

2255 3947 2459 4001 tissima
2483 3955 2564 4001 est
2589 3947 2758 4002 salute
2785 3949 3021 4014 laetatus,
3049 3951 3322 4010 Sanctitati
3353 3965 3453 4012 tua:
3474 3959 3850 4016 salutationem

2257 4037 2488 4092 debitam
2515 4039 2698 4093 reddo.
2723 4041 2945 4112 Semper
2967 4054 3144 4100 autem
3168 4046 3338 4102 debeo
3357 4049 3667 4106 cbaritatem
3687 4093 3704 4118 ,
3726 4068 3852 4122 qua

2257 4128 2367 4182 sola
2393 4169 2409 4194 ,
2431 4129 2590 4183 etiam
2619 4131 2823 4185 reddita
2844 4175 2859 4200 ,
2892 4150 3104 4204 semper
3130 4137 3332 4193 detinet
3352 4141 3671 4197 debitorem.
3697 4144 3850 4201 Red-

2258 4217 2402 4272 ditur
2435 4220 2576 4273 enim
2616 4234 2735 4274 cum
2781 4223 3133 4294 impenditur,
3172 4228 3401 4285 debetur
3427 4241 3605 4289 autem
3635 4236 3848 4294 etiamsi

2258 4309 2463 4364 reddita
2505 4309 2693 4378 fuerit;
2735 4313 2856 4383 quia
2900 4316 3104 4371 nullum
3145 4328 3227 4374 est
3266 4332 3471 4392 tempus
3504 4326 3719 4394 quando
3743 4326 3849 4382 im-

2257 4401 2532 4471 pendenda
2556 4403 2664 4473 jam
2692 4419 2795 4459 non
2816 4407 2901 4460 sit.
2924 4406 3033 4463 Nec
3048 4425 3168 4466 cum
3191 4413 3430 4468 redditur
3447 4416 3725 4484 amittitur,
3748 4419 3847 4476 sed

2258 4494 2435 4564 potius
2470 4492 2748 4548 reddendo
2779 4499 3155 4568 multiplicatur
3182 4521 3196 4556 :
3229 4504 3473 4560 habendo
3501 4508 3644 4564 enim
3667 4511 3849 4568 reddt-

2263 4589 2368 4647 tur,
2403 4597 2510 4636 non
2539 4583 2790 4638 carendo.
2811 4585 3018 4642 Etcum
3036 4589 3182 4644 reddi
3204 4607 3309 4647 non
3329 4597 3499 4665 possit
3516 4597 3624 4653 nisi
3641 4599 3848 4656 habea-

2264 4679 2386 4739 tur,
2426 4686 2525 4728 nec
2565 4672 2746 4727 haberi
2774 4685 2950 4744 potest
2976 4679 3076 4734 nisi
3102 4681 3519 4742 reddatur:imo
3537 4690 3847 4749 etianicum

2256 4765 2496 4820 redditur
2517 4765 2585 4819 ab
2615 4765 2833 4823 homine
2851 4810 2866 4836 ,
2895 4773 3088 4827 crescit
3109 4774 3159 4829 in
3188 4775 3443 4846 homine;
3466 4790 3521 4836 et
3545 4792 3694 4838 tanto
3723 4799 3844 4841 ma-

2250 4856 2340 4927 jor
2378 4857 2703 4928 acquiritur,
2747 4871 2944 4932 quanto
2987 4863 3228 4933 pluribus
3264 4870 3524 4928 redditur.
3562 4873 3846 4943 Quomodo

2256 4958 2432 5003 autem
2471 4958 2690 5019 negetur
2715 4955 2898 5008 amicis
2918 4997 2933 5021 ,
2965 4972 3084 5026 qua:
3109 4958 3332 5015 debetur
3359 4975 3412 5019 et
3443 4966 3710 5022 inimicis?
3731 4969 3845 5030 Sed

2257 5039 2487 5095 inimicis
2519 5053 2671 5096 cauta
2703 5042 3026 5113 impenditur
3045 5089 3060 5112 ,
3089 5051 3275 5105 amicis
3297 5066 3483 5109 secura
3507 5059 3842 5127 rependitur.

2255 5129 2378 5200 Agit
2403 5140 2576 5185 tamen
2601 5142 2851 5202 quantum
2873 5145 3068 5206 potest,
3085 5148 3143 5194 ut
3157 5141 3222 5195 ab
3243 5141 3327 5196 bis
3347 5145 3504 5200 etiam
3531 5149 3723 5218 quibus
3743 5165 3843 5220 pm

2255 5222 2409 5276 malis
2431 5221 2569 5276 bona
2590 5225 2863 5294 retribuit,
2892 5227 2942 5282 id
2968 5230 3192 5302 recipiat
3213 5233 3357 5303 quod
3377 5234 3652 5307 impendit.
3677 5240 3846 5312 Opta-

2975 5487 3259 5564 Prelecem-
3284 5493 3524 5564 mandem
3542 5497 3688 5564 paulo
3708 5509 3839 5564 ιω.

2255 5553 2444 5613 necnon
2463 5543 2511 5591 in
2526 5543 2716 5613 duobus
2728 5548 2880 5613 vatis.
2901 5543 2989 5613 ptio
3011 5549 3181 5613 .rrtbim',
3205 5543 3428 5606 Sta-lbitur
3451 5543 3621 5610 LME:

2322 5606 2336 5621 '
2373 5605 2622 5676 Iteeensita
2641 5606 2703 5653 ad
2725 5607 2793 5655 bl.
2827 5605 2979 5659 cbfﬂ'.
3006 5625 3090 5676 gg.
3114 5605 3303 5668 rfduos
3335 5605 3411 5667 sb.
3440 5605 3620 5674 angi;
3643 5621 3768 5674 duos
3789 5637 3837 5676 ν.

2257 5672 2356 5712 Am.
2381 5668 2487 5716 liud
2507 5673 2706 5716 Eer‘.

2314 5727 2409 5812 Si).
2429 5728 2635 5812 £533?
2659 5735 3151 5812 isseisse!!!
3171 5746 3296 5805 erat.
3483 5745 3542 5797 in
3559 5743 3844 5812 Wt-

2258 5797 2335 5840 est
2359 5790 2434 5840 tl.
2458 5792 2635 5864 Scripta
2659 5790 2834 5844 eodem
2857 5803 3092 5858 teme.
