4120 6358
352 431 474 491 ⁸869

366 559 490 604 mus
534 542 729 615 quippe
768 538 885 597 fieri
922 538 1177 604 amicum,
1218 551 1376 608 quem
1401 536 1664 591 veraciter
1688 533 1955 600 diligimus

373 638 643 693 inimicum
671 654 682 687 :
702 634 822 705 quia
843 648 944 687 non
964 648 1079 685 cum
1099 630 1361 700 diligimus
1379 629 1473 681 nisi
1488 628 1709 682 velimus
1724 628 1952 687 bonum;

376 727 515 801 quod
536 728 714 795 utique
730 740 830 779 non
844 724 961 788 erit,
979 724 1076 777 nisi
1090 721 1322 775 amiserit
1337 720 1722 773 inimicitiarum
1738 718 1953 770 malum.

445 818 498 873 2.
523 818 637 873 Non
672 833 797 886 ergo
834 817 910 870 sic
959 815 1278 884 impenditur
1315 813 1563 876 Charitas,
1608 820 1665 866 ut
1714 811 1955 880 pecunia.

374 910 609 978 Excepto
636 909 776 962 enim
806 907 942 977 quod
981 906 1335 976 impendendo
1366 905 1450 958 illa
1481 904 1811 966 diminuitur,
1844 902 1959 956 huic

376 1010 623 1070 augetur;
653 1000 811 1053 etiam
842 999 930 1052 illo
958 999 1093 1052 inter
1130 1012 1187 1052 se
1209 996 1478 1060 differunt,
1515 997 1654 1066 quod
1682 995 1959 1064 pecuniam

376 1098 461 1151 cui
487 1095 812 1161 dederimus,
838 1103 962 1148 tunc
986 1095 1034 1147 ei
1060 1091 1519 1148 benevolentiores
1546 1090 1764 1156 erimus,
1798 1089 1841 1145 si
1872 1105 1960 1144 re-

377 1187 554 1256 cipere
582 1201 686 1240 non
708 1200 1009 1255 quzeramus
1042 1203 1055 1239 :
1086 1200 1190 1238 non
1222 1193 1399 1238 autem
1448 1191 1619 1252 potest
1658 1178 1777 1236 esSe
1808 1196 1962 1236 verus

378 1279 652 1335 charitatis
674 1278 963 1346 impensor,
988 1276 1086 1331 nisi
1115 1276 1267 1330 fuerit
1288 1277 1546 1344 benignus
1572 1284 1805 1328 exactor.
1830 1272 1967 1340 Quo-

379 1372 519 1426 niam
554 1370 778 1440 pecunia
817 1384 934 1422 cum
988 1369 1255 1436 recipitur,
1292 1368 1495 1421 accedit
1535 1367 1617 1422 cui
1649 1366 1833 1429 datur,
1870 1365 1964 1420 sed

380 1462 630 1527 recedita
660 1478 765 1533 quo
801 1461 1250 1517 daturzcharitas
1293 1477 1419 1516 vero
1465 1477 1568 1515 non
1616 1457 1787 1515 s'olum
1826 1460 1965 1530 apud

380 1574 501 1614 eum
532 1557 743 1620 crescit,
796 1557 885 1626 qui
932 1556 1069 1610 hanc
1116 1555 1182 1609 ab
1226 1570 1292 1610 eo
1336 1571 1490 1625 quem
1543 1555 1734 1623 diligit,
1780 1554 1963 1623 exigit,

382 1648 589 1704 etiamsi
628 1663 733 1701 non
758 1648 971 1716 recipit;
1002 1646 1095 1701 sed
1123 1647 1284 1703 etiam
1312 1647 1397 1700 ille
1426 1664 1455 1700 a
1480 1662 1585 1714 quo
1612 1661 1730 1701 eam
1761 1644 1963 1712 recipit,

383 1748 507 1801 tunc
532 1740 713 1809 incipit
738 1739 935 1794 habere
962 1755 1080 1794 eum
1112 1739 1302 1793 reddit.
1330 1736 1579 1803 Proinde,
1608 1738 1821 1791 domine
1864 1738 1967 1790 fra-

385 1838 485 1896 ter,
528 1838 763 1886 mutuam
808 1830 898 1884 tibi
943 1829 1250 1884 charitatem
1294 1828 1461 1882 libens
1490 1828 1672 1893 reddo,
1703 1826 1966 1895 gaudens-

383 1936 488 1993 que
512 1922 712 1991 recipio
744 1938 757 1974 :
790 1937 945 1993 quam
973 1921 1191 1991 recipio,
1224 1920 1396 1974 adhuc
1414 1929 1626 1990 repeto:
1656 1935 1813 1989 quam
1841 1919 1969 1976 red-

384 2012 474 2081 do,
495 2013 666 2069 adhue
686 2013 873 2069 debeo.
905 2013 1078 2071 Unum
1101 2014 1240 2070 enim
1286 2016 1617 2085 magistrum,
1645 2014 1785 2085 apud
1811 2031 1967 2084 quem

385 2104 726 2176 condiscipuli
750 2121 951 2170 sumus,
977 2121 1073 2176 per
1095 2105 1209 2175 ejus
1233 2107 1542 2176 Apostolum
1561 2106 1758 2161 dociles
1786 2106 1970 2162 audire

387 2192 638 2251 debemus
659 2189 1050 2267 prtecipienlem
1075 2212 1137 2249 ac
1162 2197 1422 2251 dicentem
1444 2195 1677 2252 :Nemini
1700 2199 1971 2271 quidquam

388 2284 625 2356 debeatis,
653 2287 750 2341 nisi
775 2296 826 2341 ut
847 2288 1050 2341 invicem
1068 2287 1289 2360 diligatis
1312 2287 1487 2360 (Rom.
1518 2305 1632 2357 xui,
1663 2290 1739 2361 8).

800 2392 1145 2463 .EPISTOLA
1176 2392 1378 2447 cxcm
1408 2397 1427 2417 α
1452 2391 1545 2466 (α).

393 2484 704 2555 Augustinus
732 2485 1003 2539 Mercatori
1024 2527 1039 2553 ,
1078 2500 1326 2538 excusans
1355 2501 1446 2537 cur
1488 2484 1556 2539 ad
1591 2485 1748 2554 ipsius
1783 2485 1972 2555 priores

464 2578 651 2631 litteras
668 2577 891 2631 nondum
916 2576 1249 2648 responderit,
1281 2576 1646 2647 ostendensque
1672 2577 1972 2648 Pelagianos

468 2669 519 2721 in
557 2671 829 2736 quwstiane
860 2669 923 2723 de
964 2670 1209 2740 baptismo
1246 2669 1571 2741 parvulorum
1600 2669 1693 2722 hoc
1733 2670 1843 2739 ipso
1869 2688 1975 2726 esse

470 2777 625 2832 prope
644 2762 891 2816 convictos
910 2802 922 2826 ,
946 2762 1080 2831 quod
1110 2764 1330 2830 fatentur
1354 2762 1589 2835 parvulos
1609 2760 1974 2830 quodammodo

465 2853 663 2907 credere
682 2870 770 2924 per
789 2869 873 2907 eos
892 2870 924 2907 a
944 2852 1120 2923 quibus
1141 2852 1427 2923 baptizandi
1449 2850 1729 2919 o/ferunlur
1753 2868 1771 2905 :
1795 2853 1975 2908 deinde

467 2944 663 3001 easdem
688 2962 750 3000 ea:
775 2945 973 2999 Enoclti
1011 2954 1057 2998 et
1086 2946 1216 2999 Elite
1247 2956 1363 2999 ante
1408 2946 1594 3000 obitum
1630 2947 1971 3013 translatione,

466 3035 566 3091 sive
589 3051 653 3089 ea:
686 3035 910 3103 fidelium
950 3037 1175 3090 vivorum
1206 3036 1273 3089 ad
1299 3036 1482 3092 Christi
1502 3038 1771 3091 adventum
1802 3048 1975 3109 raptu,

474 3128 663 3195 frustra
691 3126 983 3178 contendere
1008 3135 1215 3179 mortem
1245 3142 1349 3178 non
1374 3142 1478 3180 esse
1501 3143 1699 3193 paenam
1729 3128 1937 3198 peccati.

382 3219 623 3274 Domino
663 3218 1037 3284 dilectissimo,
1064 3228 1117 3274 et
1143 3220 1196 3273 in
1225 3219 1421 3279 Christi
1452 3220 1701 3275 membris
1724 3221 1976 3275 sinceris-

466 3310 600 3366 sima
625 3308 880 3365 charitate
906 3310 1240 3379 praedicando
1264 3309 1372 3364 lilio
1400 3310 1716 3367 Manes-rom
1745 3309 1845 3384 (b),
1873 3310 1980 3365 Au-

470 3416 740 3465 susrnws,
770 3400 823 3456 in
852 3400 1076 3456 Domino
1101 3401 1346 3463 salutem.

470 3491 691 3548 CAPUT
726 3492 1010 3547 PRIMUM.
1046 3520 1115 3533 --
1141 3493 1191 3546 1.
1230 3492 1442 3547 Litterae
1490 3492 1805 3548 Dilectionis
1851 3501 1975 3559 tute,

400 3598 531 3654 quas
554 3584 697 3652 prius
723 3584 817 3636 abs
856 3592 905 3638 te
946 3582 1133 3639 missas
1181 3583 1321 3653 apud
1363 3583 1729 3653 Carthaginem
1776 3586 1975 3654 accepi,

402 3682 549 3730 tanto
576 3692 663 3729 me
683 3675 970 3731 affecerunt
998 3677 1207 3747 gaudio,
1242 3688 1297 3730 ut
1324 3678 1480 3730 etiam
1512 3678 1563 3731 in
1604 3678 1979 3745 posterioribus

400 3779 456 3825 te
476 3780 872 3827 succensentem
900 3771 1041 3841 quod
1073 3772 1161 3825 tibi
1184 3787 1291 3827 non
1312 3772 1694 3841 rescripserim,
1740 3773 1999 3842 gratissi-‘

402 3863 815 3933 meaeceperim.
858 3861 975 3931 Ipsa
1017 3862 1209 3933 quippe
1257 3862 1543 3933 indignatio
1586 3872 1675 3917 tua
1720 3880 1823 3918 non
1867 3872 1981 3921 erat

406 3954 685 4009 simultatis
713 3956 938 4020 initium,
970 3954 1064 4009 sed
1107 3954 1357 4009 indicium
1377 3954 1666 4009 charitatis.
1709 3955 1776 4010 Ut
1801 3963 1979 4009 autem

409 4060 438 4099 a
475 4044 791 4116 Carthagine
838 4062 943 4100 non
995 4047 1341 4101 rescriberem
1366 4086 1381 4110 ,
1426 4062 1533 4101 non
1572 4047 1781 4100 occasio
1815 4047 1982 4101 defuit

406 4138 766 4207 perlaturum,
817 4136 912 4191 sed
958 4137 1060 4190 alia
1107 4137 1271 4205 magis
1318 4138 1593 4205 urgentia,
1643 4136 1812 4190 donec
1859 4136 1982 4190 inde

410 4227 906 4296 proﬁcisceremur,
956 4242 1054 4283 nos
1102 4226 1534 4294 occupatissimos
1585 4235 1638 4280 et
1690 4226 1981 4283 intentissi-

414 4332 532 4371 mos
575 4318 937 4372 continebant.
985 4317 1117 4371 Cum
1166 4331 1292 4370 vero
1335 4314 1457 4369 inde
1498 4315 1721 4385 digressi
1760 4331 1978 4382 sumus,

409 4410 740 4480 perreximus
809 4425 975 4480 usque
1036 4409 1103 4469 ad
1168 4408 1533 4475 Mauritaniam
1604 4405 1982 4462 Cwsariensem

402 4498 541 4573 (,c),
590 4517 695 4572 quo
744 4516 843 4557 nos
891 4500 1247 4557 ecclesiastica
1302 4499 1591 4554 necessitas
1645 4500 1837 4565 traxit;
1890 4516 1984 4570 per

472 4635 493 4655 ’
511 4637 595 4685 llic
615 4637 821 4698 primum
844 4635 1001 4698 prodit
1012 4647 1076 4685 ex
1084 4640 1168 4682 Ms.
1184 4632 1461 4683 monasterii
1478 4637 1521 4680 s.
1533 4631 1711 4679 Bertini
1734 4631 1784 4679 in
1800 4631 1981 4695 Belgio.

475 4716 548 4780 (α)
581 4718 737 4782 Prodit
758 4730 885 4782 nunc
906 4716 1110 4779 primum
1131 4728 1197 4765 ex
1220 4720 1502 4782 pervfgristo
1522 4710 1686 4760 codice
1711 4714 1984 4782 monasterii

412 4786 457 4842 s.
482 4776 661 4842 Bertini
681 4781 731 4842 in
754 4776 934 4842 Belgio.
981 4788 1091 4842 ριιω
1136 4790 1276 4838 porro
1300 4776 1390 4825 195
1413 4782 1534 4834 erat,
1558 4786 1686 4823 nunc
1710 4776 1760 4822 in
1800 4784 1985 4836 Appen-

412 4837 519 4907 dice
536 4849 622 4907 est
743 4837 1115 4907 Scriptaeodem
1140 4837 1377 4907 tempore.
1394 4905 1427 4907 η
1489 4897 1498 4907 .
1859 4842 1879 4907 5‘
1910 4896 1921 4907 .

479 4902 553 4964 (b)
576 4904 784 4964 Hicipse
808 4895 886 4949 est
906 4902 1054 4948 dubio
1078 4895 1259 4960 nocui;
1285 4900 1361 4964 cui
1394 4897 1534 4945 uario
1554 4895 1945 4964 pramomenluit
1967 4931 1982 4958 ,

414 4957 581 5013 auctor
605 4957 909 5025 vulgaturum
931 4957 1107 5012 recens
1128 4974 1171 5021 οι
1194 4960 1463 5025 ιιδειιιυιιιιιι
1486 4957 1649 5025 contra
1677 4957 1981 5025 _t’elagiano_s.

415 5029 559 5073 Porro
583 5018 831 5085 epistolam
856 5023 977 5071 hanc
998 5018 1243 5069 recensuit
1286 5020 1520 5085 Possidius
1540 5020 1589 5067 in
1613 5018 1901 5085 tndictzlo_,_c.
1927 5020 1984 5081 4;

415 5080 738 5146 ejusdemque
750 5086 941 5146 tertiam
965 5092 1148 5144 partem
1171 5082 1408 5131 transtulit
1432 5083 1721 5146 arguamus
1742 5082 1789 5128 in
1811 5080 1987 5146 librum

414 5142 481 5196 de
524 5142 865 5197 Ucto'Duleitii
908 5142 1273 5203 Qtizestionibus,
1320 5142 1537 5204 proxime
1581 5142 1640 5190 ad
1692 5144 1794 5190 btec
1838 5144 1987 5191 verba

415 5215 590 5270 quaest.
614 5208 682 5256 δε
717 5225 738 5252 αι
760 5214 827 5255 De
860 5205 952 5270 illis
986 5213 1149 5253 autem
1170 5206 1254 5270 qui
1298 5204 1543 5270 rapientur
1580 5204 1627 5251 in
1658 5204 1917 5270 nuluhus,_
1940 5205 1987 5254 in

424 5264 449 5314 ἆ
480 5271 686 5332 quadam
716 5268 925 5330 epistola
941 5280 1124 5332 ,_quain
1164 5264 1332 5332 scripsi
1355 5265 1413 5312 ad
1437 5264 1771 5332 ﬁliunrm‘eum
1794 5266 1987 5332 nomine

425 5346 449 5377 ι
471 5326 797 5393 λῑβιιωιοιιθιίι,
816 5328 984 5393 procul
1000 5326 1148 5376 dubio
1172 5326 1467 5393 notissimqu
1493 5327 1624 5393 vobis
1646 5326 1735 5386 (sic
1756 5339 1894 5386 porro
1914 5327 1986 5393 le:

426 5407 450 5437 ι
472 5391 601 5449 gitur
625 5394 672 5440 in
696 5387 919 5440 omnibus
944 5400 1066 5449 Mss,
1094 5404 1185 5436 non
1209 5399 1370 5437 autem
1392 5389 1530 5449 sicuti
1555 5387 1785 5435 hactenus
1822 5390 1987 5438 excusi

425 5468 450 5499 ι
472 5447 772 5512 habuerunt,
824 5472 848 5500 ι
883 5464 992 5516 quae
1031 5447 1197 5513 incipit
1240 5447 1654 5516 :_P_rocul_dubi_o
1692 5450 1988 5516 notissimum

428 5530 452 5563 ι
476 5515 629 5578 vobis,
651 5532 673 5559 ι
705 5510 844 5578 etc.),
869 5510 976 5567 cum
998 5527 1077 5561 me
1120 5510 1439 5578 consuluisset
1460 5510 1522 5560 de
1545 5511 1825 5573 quibusdam
1858 5526 1990 5573 quae-

428 5592 451 5622 ι
472 5576 709 5640 stionibus
731 5576 1104 5640 Pelagianorum,
1128 5576 1208 5636 qui
1236 5580 1413 5640 negant
1434 5581 1637 5640 mortem
1663 5580 1855 5640 peccato
1879 5587 1989 5623 esse

426 5652 453 5684 ι
473 5639 779 5701 retribuam,
802 5632 1043 5701 quatenus
1059 5632 1420 5701 disputaverim,
1467 5634 1513 5681 in
1556 5634 1761 5701 subditis
1784 5632 1914 5695 lege.
1930 5660 1992 5671 ——

430 5718 452 5747 ι
475 5699 543 5746 Illi
565 5708 749 5759 autem,
766 5694 986 5762 inquam,
1005 5701 1066 5746 de
1083 5694 1301 5762 quibus,”
1326 5705 1376 5746 ει
1390 5705 1567 5762 οέεωέἒι
1588 5708 1697 5757 (μιω
1714 5694 1791 5743 ωε
1811 5694 1991 5758 WW1?-

421 5770 675 5810 sentantur
697 5773 726 5809 a
746 5758 856 5822 cap:
876 5762 905 5808 «1
928 5772 1081 5822 usque
1102 5758 1159 5806 ad
1184 5760 1327 5807 tinem
1352 5758 1584 5820 epistolae.

487 5822 556 5885 (c)
590 5820 854 5885 susceptis
894 5836 951 5871 se
988 5820 1037 5869 in
1078 5822 1399 5885 Mauritaniam
1436 5821 1775 5885 tgzesariensem
1804 5820 1992 5885 itineris

422 5881 645 5935 meminit
687 5881 978 5947 Augustinus
1016 5894 1189 5945 supra,
1234 5882 1369 5932 initio
1393 5883 1534 5946 epist.
1562 5881 1667 5945 190,
1693 5884 1813 5933 etin
1834 5883 1917 5932 lib.
1942 5883 1990 5945 2,

1520 415 2000 479 EPISTOLARUM
2026 413 2317 473 ‘CLASSlS
2343 410 2434 473 ill.

2064 546 2194 600 quas
2224 538 2360 585 totas
2380 537 2552 584 terras
2578 540 2697 584 cum
2722 526 3068 584 intentionem
3088 534 3330 583 nostram
3348 525 3460 586 ‘huc
3478 540 3637 603 atque

2056 620 2209 681 illuc,
2233 637 2350 690 qua:
2388 622 2760 690 ingerebantur
2799 622 3044 676 sensibus
3078 620 3301 677 diversa
3336 633 3636 693 raptarent,

2052 712 2259 765 nullius
2285 724 2340 766 ut
2372 713 2463 766 tibi
2484 713 2832 766 rescriberem
2858 713 3025 767 adfuit
3052 714 3395 768 admonitoris
3437 717 3641 770 instan-

2065 805 2155 871 tia,
2175 806 2327 859 inulla
2354 807 2581 860 occurrit
2607 807 2971 876 Opportunitas
2998 806 3295 875 perlatoris.
3334 807 3536 861 Deinde
3554 824 3641 863 re-

2064 912 2268 961 means,
2304 898 2431 951 alias
2458 898 2595 968 apud
2648 907 2855 953 nostros
2891 899 2999 967 jam
3041 899 3253 967 querela
3304 910 3646 970 exasperatas

2064 986 2738 1045 litteras‘tum'Sinceritatis
2764 990 2962 1055 inveni,
2991 997 3044 1043 et
3064 990 3228 1043 alium
3258 990 3513 1045 adversus
3542 1006 3644 1046 no-

2068 1093 2161 1133 vos
2186 1079 2462 1135 haereticos
2487 1080 2677 1134 librum
2704 1080 2955 1135 refertum
2980 1092 3284 1136 sanetarum
3332 1084 3647 1139 testimoniis

2067 1169 2485 1240 Scripturarum;
2532 1172 2718 1241 quibus
2754 1172 2908 1226 lectis
2933 1160 3295 1241 excursisque,
3338 1174 3497 1227 etiam
3545 1174 3650 1227 illis

2068 1279 2185 1334 qua:
2215 1266 2437 1333 primum
2470 1266 2708 1330 miseras,
2735 1265 2853 1334 quia
2881 1274 2934 1319 et
2957 1266 3253 1319 charissimi
3280 1264 3458 1319 fratris
3480 1266 3648 1321 nostri

2068 1358 2242 1412 Albini
2272 1355 2343 1429 (u)
2376 1358 2627 1411 Ecclesia:
2647 1358 2899 1411 Romanae
2934 1357 3160 1429 acdlythi
3203 1359 3647 1429 opportunissima

2070 1462 2129 1503 se
2154 1448 2406 1502 offerebat
2431 1448 2657 1513 occasio,
2681 1448 3076 1502 rescribendum
3098 1449 3207 1502 iuit.

2144 1540 2199 1593 2.
2235 1539 2345 1609 Ego
2376 1540 2549 1607 itaque
2580 1551 2649 1604 te,
2680 1540 3128 1606 filidilcctissime,
3162 1539 3477 1593 scribmtan
3496 1539 3645 1607 mihi,

2071 1631 2151 1684 vel
2176 1630 2237 1683 ad
2256 1646 2338 1684 me
2353 1630 2730 1685 consideranda
2754 1640 2842 1685 tua
2865 1633 3059 1701 scripta
3086 1632 3401 1697 mittentem,
3429 1632 3566 1686 absit
3590 1640 3649 1686 ut

2072 1724 2397 1792 negligenter
2438 1723 2738 1794 accipiam,
2770 1724 2852 1778 vel
2908 1723 3132 1793 superba
3185 1724 3413 1778 vanitate
3467 1734 3651 1778 conte-

2071 1831 2279 1882 mnam,
2338 1816 2629 1886 praasertim
2672 1832 2790 1870 cum
2837 1815 2965 1869 mihi
3017 1815 3083 1870 de
3121 1824 3171 1870 te
3220 1815 3466 1885 gaudium
3504 1823 3649 1869 tanto

2073 1909 2243 1978 majus
2272 1908 2378 1975 sit,
2413 1919 2607 1979 quanto
2639 1910 2805 1979 magis
2838 1909 3165 1977 inopinatum
3198 1908 3650 1979 improvisumque

2075 2000 2347 2069 provenit:
2383 2000 2550 2053 fateor
2584 2001 2724 2054 enim
2748 2041 2763 2065 ,
2804 2009 3002 2053 tantum
3047 2009 3098 2053 te
3138 1997 3422 2069 profecisse
3446 1998 3653 2054 nescie-

2074 2091 2217 2146 bam.
2244 2093 2306 2145 Et
2327 2092 2448 2160 quid
2478 2092 2628 2146 nobis
2650 2107 2767 2146 esse
2787 2092 2944 2146 debet
2959 2092 3208 2160 optatius,
3233 2106 3389 2160 quam
3406 2100 3461 2143 ut
3487 2090 3653 2145 abun-

2075 2181 2201 2236 deut
2231 2182 2319 2251 qui
2358 2198 2569 2237 errores
2610 2181 2921 2237 infestantes
2962 2180 3273 2235 catholicam
3303 2180 3459 2235 iidem
3487 2189 3541 2234 et
3565 2181 3652 2234 in-

2075 2273 2327 2327 sidiantcs
2353 2272 2572 2327 infirmis
2602 2273 2978 2342 ineruditisque
3006 2273 3253 2327 fratribus
3279 2286 3655 2342 usquequaque

2075 2363 2434 2432 redarguam,
2482 2372 2537 2417 et
2566 2364 2855 2418 Ecclesium
2894 2364 3089 2417 Christi
3128 2364 3380 2417 adversus
3406 2363 3655 2432 profanas

2075 2467 2262 2507 vocum
2289 2452 2550 2506 novitates
2579 2452 2623 2521 (1
2650 2453 2866 2506 Timoth.
2891 2469 2964 2521 vi,
2989 2453 3079 2524 20)
3108 2454 3301 2507 acriter
3325 2453 3656 2523 fideliterque

2076 2545 2397 2611 defendant;
2434 2546 2858 2617 quandoquidem
2903 2548 3039 2601 sicut
3075 2547 3329 2616 scriptum
3361 2556 3480 2612 est,
3511 2546 3654 2601 Mul-

2078 2637 2238 2689 titudo
2284 2637 2585 2708 sapientium
2624 2639 2813 2690 sanitas
2846 2648 2918 2690 est
2947 2638 3079 2691 orbis
3106 2647 3355 2691 terrarum
3384 2639 3537 2709 (Sap.
3569 2653 3644 2705 v1,

2076 2729 2216 2797 26)?
2254 2729 2467 2799 Inspexi
2509 2746 2635 2799 ergo
2660 2747 2753 2785 cor
2778 2740 2921 2785 tuum
2952 2732 3001 2785 in
3033 2732 3246 2800 scriptis
3276 2733 3378 2785 tuis
3400 2740 3655 2802 quantum

2078 2822 2245 2889 potui,
2278 2830 2331 2875 et
2353 2822 2525 2875 inveni
2554 2823 2996 2889 amplectendam,
3025 2832 3077 2876 et
3107 2821 3422 2876 hortandum
3453 2833 3508 2877 ut
3534 2841 3655 2894 per-

2079 2914 2501 2966 severantissima
2547 2913 2813 2982 diligentia
2863 2912 2915 2966 in
2970 2913 3234 2967 anteriora
3272 2924 3322 2967 te
3372 2914 3650 2981 extendas,

2079 3003 2358 3071 adjuvante
2396 3004 2617 3057 Domino
2651 3003 2790 3057 vires
2818 3011 2964 3068 tuas,
3006 3005 3095 3073 qui
3138 3004 3229 3058 tibi
3264 3019 3353 3060 eas
3387 3020 3518 3075 quas
3550 3021 3654 3060 nu-

2082 3099 2232 3150 triret
2268 3096 2432 3149 dedit.

2151 3187 2374 3243 CAPUT
2406 3186 2466 3242 ll.
2497 3216 2567 3227 —-
2592 3186 2644 3242 5.
2672 3186 2787 3241 Non
2835 3196 3011 3243 autem
3060 3204 3248 3256 parum
3286 3190 3493 3245 veritati
3528 3206 3656 3261 pro-

2084 3279 2407 3350 pinquarnnt
2442 3280 2493 3333 in
2543 3280 2835 3349 qmestione
2876 3278 2945 3335 de
2990 3281 3253 3351 baptismo
3294 3283 3653 3351 parvulorum,

2082 3387 2214 3441 quos
2235 3372 2417 3426 devios
2440 3372 2491 3425 in
2515 3372 2651 3425 viam
2675 3387 2926 3427 revocare
2951 3388 3227 3439 conamur,
3258 3388 3374 3427 cum
3403 3375 3653 3431 infantem

2082 3465 2370 3533 quamlibet
2411 3464 2608 3519 recenti
2648 3472 2801 3534 partu
2843 3465 3026 3518 matris
3052 3464 3273 3518 effusum
3299 3506 3312 3526 ,
3352 3473 3527 3520 tamen
3556 3483 3651 3536 per

2084 3569 2176 3607 eos
2197 3570 2225 3607 a
2252 3555 2440 3623 quibus
2468 3554 2815 3623 baptizandus
2838 3554 3075 3620 offertur,
3103 3554 3318 3610 credere
3342 3556 3659 3612 confitentur

2085 3644 2180 3717 (b).
2208 3647 2341 3701 Cum
2373 3648 2510 3700 enim
2542 3648 2752 3712 (licunt,
2798 3646 2932 3700 sicut
2962 3647 3169 3713 scribis,
3198 3664 3301 3701 non
3335 3648 3558 3703 infantes
3587 3650 3659 3705 ita

2020 3760 2023 3765 ί
2083 3738 2301 3792 credere
2329 3739 2378 3792 in
2410 3740 2776 3793 remissionem
2806 3746 3162 3807 peccatorum,
3195 3745 3441 3808 tanquam
3470 3748 3524 3794 et
3551 3739 3658 3796 illis

2082 3832 2450 3898 remittantur,
2483 3846 2613 3900 quos
2657 3831 2859 3884 nullum
2887 3840 3071 3900 putant
3119 3831 3319 3886 habere
3347 3841 3654 3900 peccatum;

2083 3922 2176 3977 sed
2214 3922 2353 3991 (quia
2387 3922 2482 3989 ipsi
2511 3938 2720 3991 quoque
2748 3922 2884 3975 idem
2914 3921 3179 3975 lavacrum
3208 3923 3524 3990 percipiunt,
3555 3936 3661 3992 quo

2078 4015 2137 4067 fit
2157 4057 2169 4077 ,
2203 4016 2254 4068 in
2286 4017 2705 4083 quibuscumque
2734 4016 2824 4079 iit,
2863 4014 3108 4068 remissio
3134 4013 3496 4085 peccatorum)
3526 4016 3660 4070 hanc

2084 4104 2196 4159 fieri
2240 4106 2460 4160 credere
2500 4108 2550 4159 in
2579 4107 2697 4159 aliis
2720 4148 2733 4169 ,
2769 4122 2887 4175 quae
2921 4120 3027 4158 non
3057 4104 3109 4158 flt
3142 4105 3193 4161 in
3219 4105 3297 4159 eis
3328 4123 3341 4158 :
3371 4122 3488 4158 cum
3534 4120 3660 4177 ergo

2084 4195 2283 4258 dicunt,
2312 4196 2423 4249 Non
2448 4198 2515 4250 ita
2538 4197 2777 4261 credunt,
2802 4195 2895 4250 sed
2925 4195 2993 4248 ita
3015 4195 3271 4259 credunt;
3305 4196 3542 4264 profecto
3565 4214 3659 4254 eos

2088 4300 2192 4339 non
2232 4286 2506 4356 ambigunt
2546 4287 2785 4342 credere.
2845 4284 3073 4339 Audiant
3112 4285 3288 4354 itaque
3326 4285 3608 4342 Dominum
3641 4307 3655 4343 :

2090 4375 2189 4440 Qui
2213 4376 2370 4430 credit
2396 4378 2449 4430 in
2478 4374 2523 4429 F
2525 4376 2667 4429 ilium
2688 4417 2702 4445 ,
2730 4376 2876 4429 habet
2902 4377 3052 4430 vitam
3079 4386 3348 4443 (uernam;
3379 4380 3462 4449 qui
3490 4389 3655 4434 autem

2084 4465 2373 4520 incredulus
2412 4476 2484 4522 est
2518 4465 2693 4535 Filio,
2744 4484 2845 4521 non
2886 4468 3072 4521 videdit
3108 4471 3279 4530 vitam,
3314 4470 3404 4523 sed
3447 4471 3525 4523 ira
3562 4470 3662 4527 Dei

2087 4568 2252 4612 manet
2280 4575 2432 4629 super
2460 4576 2570 4613 eum
2598 4557 2771 4632 (Joan.
2805 4575 2880 4623 ιιι,
2908 4557 3019 4629 56).
3051 4559 3382 4628 Quapropter
3411 4562 3657 4629 infantes,

2087 4649 2205 4719 quia
2257 4665 2351 4719 per
2393 4649 2525 4704 alios
2568 4650 2698 4703 ﬁunt
2725 4650 3017 4713 credentes,
3058 4664 3087 4704 a
3131 4650 3322 4718 quibus
3361 4651 3660 4721 baptizandi

2088 4741 2407 4806 offeruntur,
2448 4756 2543 4809 per
2568 4740 2688 4794 illos
2726 4741 2907 4808 utique
2953 4749 3075 4793 sunt
3118 4740 3401 4807 increduli,
3453 4744 3495 4796 si
3520 4745 3660 4813 apud

2090 4833 2220 4884 talos
2247 4839 2388 4896 sunt,
2419 4831 2508 4899 qui
2539 4845 2650 4894 eos,
2681 4830 2805 4883 dum
2831 4829 2958 4884 nihil
2986 4830 3238 4899 prodesse
3262 4831 3501 4900 credunt,
3526 4832 3659 4889 offe-

2087 4919 2280 4973 rendos
2305 4934 2420 4974 esse
2451 4935 2553 4973 non
2576 4919 2793 4974 credunt
2821 4936 2835 4974 :
2866 4935 2927 4974 ac
2950 4936 3046 4988 per
3070 4920 3169 4975 hoc
3198 4922 3241 4975 si
3266 4938 3359 4989 per
3378 4924 3657 4982 credentes

2090 5010 2343 5075 credunt,
2367 5017 2418 5063 et
2445 5009 2641 5063 habent
2668 5010 2826 5063 vitam
2856 5020 3143 5075 mternam;
3184 5012 3419 5081 profecto
3458 5029 3555 5083 per
3581 5016 3662 5070 in-

2091 5099 2335 5154 credulos
2371 5099 2628 5153 increduli
2660 5108 2783 5154 sunt
2805 5144 2819 5166 ,
2850 5110 2905 5155 et
2934 5116 3037 5154 non
3061 5102 3315 5155 videbunt
3338 5104 3495 5157 vitam
3523 5148 3538 5170 ,
3566 5108 3659 5161 sed

2092 5192 2169 5246 ira
2194 5191 2286 5244 Dei
2316 5200 2489 5245 manet
2517 5204 2676 5260 super
2704 5205 2815 5244 eos.
2845 5190 2959 5245 Non
2986 5193 3123 5245 enim
3152 5191 3349 5246 dictum
3372 5204 3473 5261 est,
3506 5195 3661 5252 Venit

2091 5294 2252 5349 super
2270 5294 2362 5334 eos
2385 5296 2398 5344 ;
2431 5280 2521 5333 sed
2542 5321 2555 5341 ,
2583 5290 2747 5334 manet
2774 5297 2924 5352 super
2953 5297 3055 5348 eos,
3085 5282 3204 5351 quia
3231 5298 3295 5337 ex
3325 5286 3528 5354 origine
3547 5297 3662 5342 erat

2087 5371 2195 5441 jam
2228 5372 2277 5424 in
2308 5370 2428 5435 eis,
2468 5384 2566 5425 nec
2611 5372 2828 5424 camino
2868 5371 2972 5426 nisi
3018 5374 3183 5441 gratia
3224 5374 3315 5429 Dei
3345 5390 3441 5446 per
3477 5377 3659 5434 Jesum

2093 5462 2359 5517 Christum
2390 5462 2667 5516 Dominum
2696 5474 2931 5517 nostrum
2959 5464 3192 5519 aufertur
3214 5467 3281 5521 ab
3320 5470 3416 5521 eis.
3459 5469 3534 5525 De
3556 5470 3661 5527 hac

2094 5582 2319 5633 Retract.,
2342 5588 2387 5625 c.
2411 5576 2463 5624 51
2485 5589 2499 5643 ;_
2523 5586 2614 5625 nec
2635 5589 2731 5643 non
2778 5577 3030 5643 Possidius,
3053 5590 3096 5625 c.
3114 5575 3214 5643 flii:
3240 5579 3418 5643 quibus
3450 5593 3512 5630 ex
3546 5578 3664 5633 locis

2092 5647 2314 5687 constare
2322 5638 2612 5700 notesthanc
2628 5638 2876 5700 epistolam
2890 5639 3049 5687 datam
3064 5638 3659 5695 'uiasesubﬂnemm.418.

2157 5707 2228 5759 (ιι)
2254 5708 2333 5749 Inc
2356 5705 2461 5751 ipse
2500 5697 2713 5763 perlator
2737 5700 2824 5757 fuit
2841 5702 3148 5763 superiorum
3171 5704 3452 5759 litterarum
3473 5706 3535 5754 ad
3555 5709 3661 5757 six-

2095 5772 2197 5811 tuin
2222 5773 2273 5811 et
2313 5767 2371 5812 ad
2413 5762 2771 5831 Ctplestinuntg
2798 5762 2926 5831 unde
2968 5768 3301 5831 conjecturam
3334 5782 3506 5831 capere
3548 5769 3662 5831 licet

2092 5831 2408 5893 κυψρεοιριι)
2430 5827 2476 5893 Ψ
2506 5827 2736 5893 lenioris
2750 5827 2879 5893 seed
2902 5834 3087 5893 Romam
3102 5828 3341 5893 munis
3353 5827 3536 5893 eam

2163 5886 2235 5944 (b)
2260 5887 2360 5937 για.
2386 5888 2505 5937 inira
2527 5888 2577 5937 in
2600 5886 2741 5951 epist.
2764 5886 2869 5949 194,
2894 5901 2997 5952 αλιι.
3024 5888 3100 5953 10,
3133 5903 3179 5939 ιι.
3208 5890 3283 5942 45.
