4120 6358
533 385 628 443 871
719 434 730 445 .

539 507 619 565 ira
643 497 832 573 legitur
851 496 1086 556 etiamin
1110 496 1245 553 libro
1266 494 1368 551 Job
1399 510 1413 548 :
1444 492 1614 548 Homo
1633 496 1780 545 natus
1796 504 1857 542 ea:
1878 485 2108 551 muliere,

538 596 698 651 brevis
738 593 852 648 vitta
887 600 934 646 et
962 593 1140 662 plenus
1167 586 1460 642 iracundiae.
1505 583 1658 640 Unde
1697 581 1854 654 igitur
1898 582 1974 636 ira
2019 580 2113 634 Dei

541 700 708 757 super
749 682 1104 739 innocentiam
1152 679 1396 750 parvuli,
1439 677 1539 731 nisi
1587 675 1860 746 originalis
1887 684 2030 729 sorte
2050 687 2114 728 ac

539 778 702 835 sorde
720 775 964 850 peccati?
989 773 1058 829 de
1084 787 1186 843 qua
1209 772 1262 826 in
1292 769 1478 827 eodem
1503 769 1638 825 libro
1663 768 1843 824 itidem
1859 767 2113 834 scriptum

543 878 647 935 est,
674 884 780 922 non
807 879 924 920 esse
949 863 1017 918 ab
1042 863 1142 918 hac
1167 861 1421 917 mundum
1448 875 1544 915 nec
1583 858 1833 914 infantem
1857 858 2007 927 cujus
2034 864 2116 911 est

541 960 701 1016 unius
723 958 826 1013 diei
849 957 953 1010 vita
977 970 1136 1024 super
1160 962 1355 1008 terram
1375 951 1496 1022 (Job
1517 965 1634 1016 xrv,
1664 951 1716 1014 l,
1735 950 1788 1015 5,
1809 965 1907 1003 sec.
1925 945 2112 1017 LXX).

607 1050 666 1104 4.
697 1048 812 1104 Νοη
857 1062 984 1117 ergo
1020 1046 1075 1099 in
1109 1045 1224 1099 istis
1257 1042 1385 1098 nihil
1429 1041 1538 1112 egit
1569 1039 1708 1110 quod
1739 1038 1996 1093 adversus
2023 1052 2115 1094 eos

540 1139 924 1196 instantissime
949 1136 1268 1206 disputatur,
1306 1142 1361 1188 et
1383 1147 1566 1187 eorum
1597 1130 1816 1184 auribus
1843 1129 2116 1183 catholicae

534 1245 697 1288 voces
733 1231 856 1284 hinc
879 1238 1036 1298 atque
1065 1225 1186 1281 inde
1209 1225 1644 1287 circumsonant,
1689 1217 2116 1290 quandoquidem

537 1322 780 1376 volentes
830 1316 1186 1390 argumentari
1231 1324 1414 1370 contra
1455 1313 1794 1368 Sacramenta
1839 1308 2114 1375 Ecclesiae,

535 1411 765 1469 confessi
803 1419 925 1466 sunt
958 1419 1132 1464 tamen
1161 1406 1404 1478 parvulos
1445 1404 1682 1459 credere.
1727 1401 1843 1455 Non
1883 1401 1958 1454 eis
1988 1413 2117 1469 ergo

539 1503 852 1574 promittant
879 1501 1039 1556 vitam
1061 1542 1076 1565 ,
1119 1498 1324 1553 etiamsi
1354 1513 1457 1550 non
1488 1495 1681 1549 fuerint
1721 1493 1968 1562 baptizati
2001 1507 2013 1544 :
2047 1491 2116 1546 de

537 1611 639 1666 qua
667 1594 809 1649 enim
836 1593 936 1648 alia
961 1591 1066 1646 vita
1088 1591 1299 1654 dicitur,
1327 1589 1425 1654 Qui
1441 1585 1728 1640 incredulus
1745 1595 1814 1640 est
1840 1585 1995 1650 Filio,
2017 1601 2118 1639 non

539 1684 725 1739 videbit
750 1683 939 1737 vitam?
980 1681 1090 1736 Nec
1119 1695 1214 1735 eos
1243 1695 1272 1732 a
1304 1693 1470 1748 regno
1511 1677 1766 1732 etelorum
1803 1677 1880 1730 sic
1917 1675 2119 1730 fatean-

541 1785 628 1831 tur
656 1776 883 1840 alienos,
918 1781 974 1826 ut
1004 1782 1177 1826 tamen
1205 1786 1234 1824 a
1264 1768 1604 1823 damnatione
1629 1765 1917 1821 defendant
1947 1784 1961 1820 :
1993 1781 2116 1821 nam

540 1866 670 1938 quid
709 1865 810 1920 nisi
838 1863 1107 1919 damnatio
1130 1860 1455 1932 significatur
1493 1875 1586 1929 per
1625 1860 1790 1925 iram,
1821 1873 1980 1926 quam
2014 1858 2122 1912 Do-

541 1958 720 2014 minus
742 1970 902 2025 super
942 1969 1050 2009 non
1078 1953 1380 2008 credentem
1410 1964 1627 2005 manere
1673 1947 1935 2004 testatur?
1981 1947 2120 2002 Mul-

542 2056 657 2103 tum
699 2060 920 2118 prorsus
945 2057 1216 2100 accessum
1241 2050 1325 2097 est
1347 2083 1363 2109 ,
1405 2050 1459 2096 et
1497 2041 1612 2095 sine
1653 2039 1962 2108 scrupulosa
1985 2053 2117 2094 con-

541 2137 831 2194 ﬂictatione
849 2150 1008 2191 causa
1033 2135 1175 2188 finita
1196 2142 1294 2188 est.
1319 2131 1374 2187 Si
1395 2131 1536 2188 enim
1556 2130 1854 2185 concedunt
1874 2128 2120 2198 parvulos

541 2227 764 2284 credere
788 2267 804 2294 ,
842 2225 1026 2295 procul
1053 2224 1214 2278 dubio
1239 2223 1374 2278 sicut
1400 2236 1493 2278 eos
1534 2230 1678 2276 tenet
1718 2221 1806 2275 illa
1836 2219 2118 2288 sententia,

549 2319 648 2385 Qui
677 2333 778 2372 non
807 2325 1007 2370 renatus
1033 2315 1180 2387 fuerit
1203 2330 1267 2368 ea:
1303 2328 1434 2384 aqua
1460 2322 1507 2366 et
1549 2313 1747 2382 Spiritu
1768 2351 1785 2375 ,
1831 2328 1931 2366 non
1959 2311 2123 2364 intra-

540 2409 611 2463 bit
637 2409 689 2462 in
713 2424 924 2480 regnum
939 2405 1177 2460 caelorum
1198 2404 1374 2476 (Joan.
1394 2420 1469 2468 tu,
1497 2402 1583 2476 5);
1607 2405 1685 2459 sic
1702 2404 1862 2458 etiam
1886 2404 1983 2458 ista
2003 2418 2122 2473 quae

538 2501 779 2572 ejusdem
799 2499 1003 2555 Domini
1027 2506 1129 2565 est,
1165 2497 1263 2562 Qui
1287 2498 1551 2550 crediderit
1575 2506 1622 2550 et
1646 2497 1926 2569 baptizatus
1945 2495 2118 2565 fuerit,

535 2591 708 2648 salvus
737 2591 829 2645 erit
862 2606 879 2644 :
911 2589 996 2661 qui
1029 2598 1196 2643 autent
1229 2605 1330 2642 non
1373 2587 1637 2641 crediderit
1657 2629 1674 2655 ,
1707 2586 2124 2641 condemnabitur

538 2683 727 2754 (Marc.
761 2697 877 2747 xvr,
909 2681 1023 2752 16).
1066 2680 1198 2748 Quia
1225 2695 1352 2750 ergo
1381 2695 1502 2734 cum
1547 2680 1749 2749 parvuli
1788 2679 2124 2750 baptizautur

540 2775 776 2830 fatentur
803 2773 886 2827 isti
904 2787 997 2827 eos
1016 2787 1135 2828 esse
1156 2772 1460 2837 credentes,
1490 2770 1728 2825 damnari
1753 2786 1860 2825 non
1881 2770 2125 2827 dubitent

541 2882 648 2923 non
677 2865 993 2922 credentes:
1021 2873 1076 2920 et
1103 2864 1332 2919 audeant
1355 2863 1466 2933 jam
1492 2863 1670 2919 dicere
1692 2904 1708 2930 ,
1740 2865 1784 2918 si
1816 2873 2058 2933 possunt,
2091 2880 2122 2921 a

537 2958 680 3030 justo
710 2958 819 3012 Deo
843 2957 1084 3011 damnari
1111 2956 1243 3010 nihil
1271 2955 1398 3009 mali
1427 2971 1493 3009 ex
1516 2955 1722 3025 origine
1750 2955 2040 3022 trahentes,
2068 2963 2124 3012 et

541 3049 743 3121 peccati
771 3049 1072 3120 contagium
1100 3063 1207 3103 non
1236 3046 1512 3102 habentes.

610 3151 836 3208 CAPUT
875 3149 962 3204 Ill.
985 3178 1056 3191 —
1095 3150 1150 3204 5.
1197 3148 1330 3202 Illud
1359 3163 1486 3202 vero
1523 3146 1661 3218 quod
1691 3147 1745 3202 in
1789 3148 1977 3203 litteris
2021 3149 2124 3204 tuis

541 3241 1006 3308 commemorasti,
1053 3239 1284 3308 objicere
1314 3239 1468 3293 nobis
1500 3238 1680 3293 Enoch
1703 3248 1758 3294 et
1783 3240 1951 3294 Eliam
1980 3241 2122 3310 quod

541 3335 736 3391 mortui
765 3349 873 3388 non
901 3332 1119 3397 fuerint,
1151 3331 1245 3386 sed
1272 3346 1394 3385 cum
1429 3330 1539 3385 suis
1575 3330 1888 3400 corporibus
1928 3347 1992 3387 ex
2022 3333 2122 3388 ista

541 3425 814 3481 hominum
860 3423 1264 3479 conversatione
1307 3421 1589 3486 translati;
1634 3421 1759 3489 quid
1805 3436 1898 3476 eos
1925 3422 1992 3478 ad
2021 3423 2124 3479 hoc

542 3517 684 3572 unde
711 3516 884 3585 agitur
913 3513 1147 3583 adjuvet,
1177 3528 1279 3566 non
1308 3512 1563 3582 intelligo.
1615 3511 1684 3567 Ut
1711 3513 1853 3568 enim
1880 3514 2124 3570 omittam

539 3608 682 3678 quod
709 3607 808 3676 ipsi
838 3621 1046 3676 quoque
1073 3605 1312 3660 morituri
1355 3613 1537 3674 postea
1563 3603 1912 3674 perhibentur
1931 3647 1946 3673 ,
1988 3606 2125 3661 sicut

545 3700 781 3769 plerique
819 3705 1090 3767 exponunt
1135 3696 1509 3767 Apocalypsim
1549 3696 1768 3751 Joannis
1806 3697 1874 3752 de
1916 3697 2123 3754 duobus

547 3789 650 3842 illis
680 3788 950 3858 prophetis
972 3828 987 3852 ,
1030 3787 1096 3842 de
1122 3787 1311 3857 quibus
1331 3827 1344 3851 ,
1378 3787 1551 3842 tacitis
1582 3803 1767 3842 eorum
1796 3789 2120 3858 nominibus,

542 3877 800 3949 loquitur,
846 3878 984 3948 quod
1009 3878 1096 3932 isti
1119 3878 1225 3933 duo
1249 3880 1414 3933 sancti
1441 3894 1561 3933 cum
1591 3881 1701 3934 suis
1727 3888 1850 3934 tunc
1887 3882 2125 3949 corpori-

544 3971 643 4027 bus
663 3973 1012 4042 apparchunt,
1050 3972 1102 4025 in
1123 3972 1312 4041 quibus
1347 3986 1488 4026 nunc
1515 3973 1716 4035 vivunt,
1744 3983 1802 4027 ut
1825 3974 1984 4028 etiam
2023 3975 2123 4044 ipsi

545 4063 994 4135 quemadmodum
1023 4063 1200 4118 caeteri
1243 4070 1503 4133 martyres
1545 4078 1639 4131 pro
1678 4064 1871 4118 Christi
1903 4066 2124 4120 veritate

543 4154 840 4210 moriantur
861 4153 1041 4223 (Apoc.
1076 4168 1154 4217 ιι,
1185 4153 1303 4222 3-7)
1336 4170 1348 4206 :
1379 4161 1436 4206 ut
1459 4167 1586 4223 ergo
1607 4153 1708 4208 hoc
1727 4155 1991 4221 omittam,
2023 4156 2124 4211 ista

541 4245 836 4315 quaestione
851 4244 1034 4310 dilata,
1059 4243 1455 4312 quomodolihet
1480 4259 1597 4299 sese
1619 4244 1828 4312 habeat,
1851 4246 1976 4315 quid
1994 4247 2124 4303 istos

546 4336 782 4406 adjuvat,
825 4351 1005 4406 quaeso
1031 4336 1121 4390 te?
1173 4335 1355 4402 Neque
1379 4335 1522 4390 enim
1552 4335 1675 4391 hinc
1701 4337 1988 4390 ostendunt
2015 4353 2123 4392 non

543 4436 761 4499 propter
804 4437 1081 4496 peccatum
1124 4428 1366 4482 homines
1409 4428 1700 4482 secundum
1737 4443 1931 4497 corpus
1964 4429 2120 4484 mori.

542 4518 674 4575 Nam
695 4519 739 4572 si
771 4518 928 4584 Deus,
963 4519 1054 4588 qui
1085 4527 1188 4571 tam
1218 4517 1398 4571 multis
1426 4517 1668 4572 fidelibus
1691 4520 1799 4572 suis
1823 4519 1990 4573 donat
2010 4521 2124 4590 ipsa

543 4618 780 4682 peccata,
813 4609 977 4664 voluit
1003 4607 1314 4678 quibusdam
1340 4609 1498 4664 etiam
1522 4609 1674 4662 istam
1694 4624 1901 4678 poenam
1924 4611 2125 4668 donare

541 4699 746 4769 peccati
771 4714 787 4764 ;
840 4699 930 4769 qui
960 4713 1056 4753 nos
1081 4713 1266 4754 sumus
1288 4699 1377 4769 qui
1410 4699 1830 4770 respondeamus
1854 4701 1963 4756 Deo
1985 4742 2002 4770 ,
2029 4718 2125 4759 cur

539 4791 678 4846 alius
698 4791 777 4846 sic
799 4831 813 4854 ,
837 4793 972 4848 alius
997 4801 1170 4846 autem
1197 4792 1315 4846 sic?

563 4918 567 4922 -
623 4885 677 4942 6.
720 4886 954 4940 Dicimus
1000 4898 1127 4952 ergo
1153 4883 1295 4954 quod
1333 4883 1669 4953 apertissime
1697 4885 1986 4954 Apostolus
2026 4887 2121 4955 ait,

543 4981 740 5051 Corpus
763 4978 965 5050 quidem
996 4986 1249 5030 mortuum
1277 4985 1346 5030 est
1372 4986 1575 5047 propter
1607 4987 1896 5045 peccatum;
1921 4980 2126 5050 spiritus

542 5084 712 5130 autem
739 5071 842 5126 vita
869 5078 942 5124 est
968 5075 1168 5140 propter
1188 5067 1461 5140 justitiam.
1492 5066 1552 5121 Si
1580 5078 1745 5122 autem
1773 5069 1998 5138 Spiritus
2017 5073 2126 5142 ejus

543 5166 628 5238 qui
653 5162 910 5219 suscitauit
938 5159 1195 5214 Christum
1233 5175 1264 5210 a
1290 5159 1520 5222 mortuis,
1551 5159 1740 5214 habitat
1781 5163 1834 5217 in
1858 5163 2015 5227 vobis;
2041 5167 2126 5236 qui

543 5255 798 5314 suscitauit
839 5252 1094 5308 Christum
1137 5268 1169 5304 α
1216 5254 1444 5318 mortuis,
1489 5251 1759 5320 viviﬁcabit
1801 5264 1847 5308 et
1890 5259 2126 5311 mortalia

543 5362 760 5418 corpora
786 5353 947 5400 uestra
981 5359 1068 5413 per
1096 5341 1453 5395 inhabitantem
1488 5341 1737 5413 Spiritum
1775 5346 1884 5417 ejus
1909 5347 1960 5400 in
1990 5347 2125 5403 vobis

548 5439 724 5514 (Rom.
747 5451 860 5499 VIII,
887 5433 999 5507 II).
1027 5434 1136 5490 Nec
1156 5443 1331 5489 tamen
1363 5435 1460 5488 ista
1489 5434 1566 5489 sic
1591 5435 1836 5504 dicimus,
1869 5447 1924 5493 ut
1961 5457 2123 5512 nege-

545 5545 666 5586 mus
697 5529 863 5584 Deutn
894 5540 1051 5597 posse
1076 5525 1130 5579 in
1153 5525 1340 5594 quibus
1367 5524 1614 5593 voluerit,
1647 5540 1788 5581 nunc
1812 5530 1987 5585 facere
2008 5533 2125 5589 sine

545 5630 719 5677 morte
741 5619 882 5691 quod
925 5621 1040 5674 sine
1066 5618 1392 5673 dubitatione
1429 5617 1692 5673 credimus
1729 5620 1782 5675 in
1809 5629 1917 5677 tam
1947 5626 2124 5684 multis

547 5711 810 5767 facturum
849 5724 970 5765 esse
1011 5717 1131 5780 post
1175 5717 1400 5764 mortem
1430 5725 1444 5763 :
1472 5723 1574 5764 nec
1615 5710 1736 5766 ideo
1778 5721 1955 5771 tamen
1995 5716 2124 5775 illud

549 5803 742 5864 falsum
765 5802 889 5870 erit,
911 5801 1052 5872 quod
1076 5818 1166 5877 per
1188 5817 1345 5856 unum
1365 5801 1616 5858 hominem
1640 5813 1895 5878 peccatum
1919 5807 1973 5864 in
1992 5809 2125 5869 hunc

1764 373 1821 430 S.
1861 367 2233 428 AUGUSTINI
2269 369 2571 430 EPISCOPI

2216 487 2461 543 mundum
2484 488 2707 554 intrauit,
2736 495 2785 543 et
2813 505 2900 561 per
2919 498 3174 562 peccatum
3200 508 3355 560 mors,
3385 502 3433 549 et
3454 493 3528 549 ita
3553 495 3610 551 in
3629 513 3808 555 omnes

2218 579 2442 634 homines
2462 581 2766 651 pertransiit.
2795 581 2904 635 Hoc
2932 581 3071 636 enim
3094 582 3290 637 dictum
3311 592 3415 649 est,
3435 585 3559 655 quia
3587 588 3688 642 nisi
3707 602 3809 658 per

2219 681 2490 742 peccatum
2530 685 2676 726 mors
2717 671 2985 738 intrasset,
3023 673 3168 728 nulla
3198 688 3343 729 mors
3377 685 3540 731 esset.
3585 676 3719 733 Nam
3747 687 3810 736 et

2219 776 2339 816 cum
2367 761 2613 827 dicimus,
2641 760 2838 817 Omnes
2862 769 3078 832 propter
3096 772 3311 833 peccata
3336 766 3619 822 mittuntur
3638 767 3691 823 in
3717 784 3811 840 ge.

2219 853 2479 918 bennam,
2522 854 2776 924 numquid
2823 854 2944 909 ideo
2981 854 3172 910 falsum
3221 856 3480 926 dicimus,
3530 859 3654 928 quia
3698 876 3811 916 non

2221 961 2408 1001 omnes
2443 946 2686 1001 homines
2709 947 2988 1002 mittuntur
3009 946 3062 1000 in
3089 947 3426 1018 gehennam?
3454 949 3586 1005 Illud
3607 953 3813 1022 quippe

2222 1037 2343 1092 ideo
2372 1052 2555 1092 verum
2591 1046 2694 1104 est,
2727 1053 2832 1092 non
2859 1036 2979 1108 quia
3021 1041 3193 1094 omnis
3223 1039 3384 1094 homo
3422 1042 3680 1107 mittatur,
3711 1044 3812 1100 sed

2220 1130 2342 1200 quia
2369 1131 2542 1184 nullus
2564 1130 2663 1183 nisi
2687 1138 3020 1200 peccatorum
3047 1131 3252 1187 meritis
3276 1133 3522 1188 mittitur.
3552 1134 3696 1189 Talis
3722 1145 3812 1191 est

2222 1236 2254 1276 e
2281 1223 2548 1276 contrario
2572 1222 2730 1276 etiam
2755 1222 2841 1276 illa
2874 1223 3157 1289 sententia,
3188 1223 3292 1278 Per
3311 1225 3809 1298 uniusjustiﬁcatio—

2220 1329 2336 1366 rtem
2356 1313 2408 1366 in
2425 1329 2594 1366 omnes
2611 1314 2837 1367 homines
2856 1313 2923 1367 ad
2935 1315 3351 1385 justiﬁcationem
3367 1317 3482 1372 uitae
3505 1315 3612 1388 (Id.
3635 1334 3691 1383 v,
3719 1317 3810 1386 l2,

2223 1403 2313 1475 18)
2341 1422 2354 1458 :
2384 1420 2487 1460 non
2515 1406 2655 1458 enim
2683 1420 2871 1460 omnes
2897 1405 3139 1461 homines
3165 1406 3432 1476 pertinent
3452 1407 3520 1462 ad
3541 1409 3810 1478 justilica-

2222 1497 2420 1551 tionem
2446 1495 2668 1561 Christi;
2702 1497 2796 1552 sed
2825 1498 2924 1553 hoc
2950 1497 3149 1554 dictum
3173 1506 3276 1566 est,
3305 1499 3432 1570 quia
3463 1516 3620 1556 nemo
3643 1501 3812 1572 justi-

2222 1589 2412 1643 Iicatur
2440 1589 2542 1644 nisi
2574 1604 2668 1659 per
2694 1587 2989 1644 Christum.
3278 1585 3296 1605 ⁸

2295 1679 2347 1733 7.
2390 1680 2551 1750 Magis
2572 1696 2700 1752 ergo
2721 1681 2808 1734 illa
2829 1681 3050 1751 quiestio
3073 1695 3178 1736 non
3206 1681 3473 1738 immerito
3493 1693 3692 1751 movet,
3715 1700 3816 1740 cur

2226 1786 2383 1842 paena
2421 1772 2646 1841 peccati,
2674 1780 2893 1842 pecmto
2932 1787 3037 1850 non
3076 1782 3406 1838 remanente,
3445 1783 3715 1838 remanet;
3756 1774 3816 1829 id

2226 1871 2330 1930 est,
2366 1863 2409 1917 si
2433 1878 2576 1918 mors
2596 1863 2754 1917 etiam
2780 1863 3020 1933 corporis
3047 1877 3202 1933 paena
3228 1864 3429 1933 peccati
3455 1873 3554 1929 est,
3587 1864 3684 1918 ista
3718 1879 3818 1934 po-

2229 1953 2336 2007 tius
2363 1953 2537 2022 aliqua
2558 1955 2782 2023 quaestio
2807 1962 2909 2020 est,
2939 1969 3034 2008 cur
3059 1955 3315 2009 moriatur
3339 1953 3513 2010 infans
3541 1971 3663 2009 cum
3697 1954 3818 2011 fue-

2224 2043 2298 2098 rit
2321 2044 2636 2114 baptizatus,
2671 2060 2828 2114 quam
2872 2060 2968 2100 cur
3003 2054 3243 2100 mortuus
3271 2060 3377 2099 non
3418 2047 3486 2101 sit
3511 2045 3654 2102 Elias
3687 2061 3815 2102 cum

2224 2133 2387 2190 fuerit
2407 2134 2745 2204 justiﬁcatus.
2773 2134 2913 2190 Illius
2933 2136 3072 2190 enim
3097 2134 3245 2190 linito
3268 2147 3488 2205 peccato
3515 2147 3693 2192 movet
3714 2152 3818 2192 cur

2227 2235 2405 2282 secuta
2454 2226 2524 2281 sit
2553 2242 2708 2296 paena
2734 2229 2970 2298 peccati;
3011 2227 3168 2298 hujus
3204 2229 3364 2284 etiam
3409 2228 3557 2283 finito
3591 2242 3817 2298 peccato

2226 2333 2443 2374 movere
2480 2333 2587 2372 non
2619 2317 2778 2373 debet
2813 2318 2859 2373 si
2900 2333 3006 2374 non
3035 2327 3288 2389 sequatur
3316 2335 3472 2388 poena
3504 2321 3724 2388 peccati.
3755 2321 3817 2376 Si

2227 2423 2354 2478 ergo
2395 2409 2538 2463 illam
2568 2409 2918 2478 quaestionem
2941 2409 3010 2464 de
3039 2418 3213 2465 morte
3249 2409 3656 2480 baptizatorum,
3691 2425 3813 2478 cur,

2226 2497 2363 2553 facta
2379 2499 2664 2553 abolitione
2683 2499 2906 2570 peccati,
2930 2508 3180 2570 sequatur
3201 2509 3373 2554 tamen
3395 2499 3635 2569 quaedam
3655 2516 3815 2571 paena

2230 2591 2458 2660 peccati,
2490 2591 2542 2646 in
2570 2591 2719 2645 libris
2748 2591 2814 2646 de
2857 2591 3128 2661 Baptismo
3162 2591 3526 2657 Parvulorum,
3556 2607 3689 2663 quos
3717 2593 3818 2647 tibi

2228 2680 2340 2735 scio
2361 2695 2478 2735 esse
2501 2681 2828 2747 notissimos,
2850 2690 3104 2751 quantum
3126 2682 3398 2752 potuimus
3419 2682 3631 2737 domino
3659 2683 3820 2753 adju-

2231 2780 2390 2828 vante
2415 2771 2755 2827 dissolvimus
2777 2771 2853 2842 (a)
2883 2789 2896 2825 :
2925 2781 3122 2842 quanto
3150 2773 3324 2826 minus
3353 2771 3451 2826 ista
3477 2789 3685 2828 movere
3708 2789 3816 2830 nos

2228 2863 2387 2918 debet
2411 2863 2497 2918 ubi
2524 2863 2736 2930 dicitur,
2758 2863 2933 2930 Quare
2947 2865 3123 2934 justus
3147 2864 3289 2918 Elias
3314 2872 3552 2918 mortuus
3571 2879 3679 2918 non
3702 2875 3813 2931 est,

2228 2955 2274 3009 si
2299 2969 2446 3009 mors
2471 2969 2626 3024 paena
2649 2956 2851 3025 peccati
2879 2955 2998 3009 est?
3017 2955 3168 3025 quasi
3186 2955 3471 3020 diceretur,
3493 2955 3666 3023 Quare
3684 2970 3816 3025 pec-

2228 3055 2378 3100 cator
2423 3045 2572 3099 Elias
2617 3053 2859 3100 mortuus
2901 3059 3006 3100 non
3056 3055 3158 3114 est,
3204 3047 3248 3100 si
3289 3061 3436 3101 mors
3477 3061 3635 3117 poena
3681 3059 3818 3116 pee-

2227 3136 2332 3190 cati
2359 3145 2443 3190 est
2459 3134 2485 3188 τ

2299 3226 2353 3281 8.
2393 3225 2507 3282 Nisi
2550 3226 2690 3281 forte
2727 3224 2870 3280 aliud
2914 3241 2981 3281 ex
3015 3226 3121 3282 alio
3167 3235 3383 3282 movent
3418 3236 3474 3284 et
3505 3227 3691 3283 dicunt
3720 3229 3821 3285 :Si

2228 3317 2413 3374 Enoch
2441 3327 2498 3374 et
2526 3319 2670 3373 Elias
2697 3333 2864 3388 usque
2901 3319 3034 3374 adeo
3072 3334 3180 3374 non
3208 3319 3474 3375 habebant
3507 3330 3818 3390 peccatum,

2228 3419 2286 3466 ut
2323 3425 2424 3466 nec
2459 3419 2707 3477 mortem,
2739 3427 2858 3481 quae
2898 3411 3103 3481 peccati
3144 3420 3228 3466 est
3252 3427 3429 3481 pmna,
3469 3420 3816 3482 paterentur;

2228 3503 2496 3574 quomodo
2524 3519 2688 3558 nemo
2707 3503 2794 3558 hic
2822 3504 2947 3559 vivit
2973 3505 3090 3560 sine
3119 3505 3381 3575 peccato?
3409 3504 3573 3574 Quasi
3602 3522 3709 3561 non
3739 3507 3822 3561 eis

2230 3595 2562 3664 probabilius
2599 3595 3019 3665 respondeatur:
3044 3595 3167 3651 Ideo
3209 3610 3344 3666 quos
3385 3595 3550 3652 ﬁnitis
3583 3599 3823 3668 peccatis

2228 3686 2396 3742 voluit
2431 3687 2686 3742 Dominus
2705 3687 2905 3754 vivere,
2938 3701 3043 3742 non
3075 3687 3162 3743 hic
3185 3690 3431 3758 permissi
3460 3699 3584 3744 sunt
3611 3691 3818 3757 vivere,

2229 3780 2482 3849 quoniam
2503 3780 2588 3834 hic
2605 3780 2883 3850 quisquam
2904 3781 3020 3835 sine
3046 3789 3266 3851 peccato
3291 3797 3396 3836 non
3419 3790 3591 3852 potest
3609 3782 3818 3838 vivere.

2231 3868 2338 3926 Sed
2375 3870 2489 3923 haec
2516 3877 2674 3939 atque
2713 3869 3018 3939 hujusmodi
3048 3871 3302 3926 adversus
3334 3872 3466 3927 istos
3491 3871 3596 3926 dici
3627 3883 3816 3940 potue-

2231 3971 2375 4027 runt,
2408 3963 2452 4016 si
2483 3976 2580 4033 pro
2595 3972 2744 4018 certo
2765 3963 2978 4018 aliunde
3002 3965 3381 4020 convincerent
3405 3965 3522 4020 illos
3542 3981 3817 4036 nunquam

2233 4067 2353 4108 esse
2379 4055 2685 4109 morituros.
2709 4053 2844 4109 Cum
2864 4070 2990 4110 vero
3015 4053 3068 4108 id
3097 4055 3290 4110 docere
3313 4071 3419 4109 non
3447 4056 3669 4125 possint,
3697 4069 3816 4110 me-

2233 4144 2438 4214 liusque
2461 4146 2578 4198 illos
2598 4153 2854 4199 venturos
2881 4159 3002 4200 esse
3031 4145 3278 4200 credatur
3305 4145 3373 4200 ad
3400 4156 3651 4212 mortem,
3682 4144 3818 4200 nihil

2233 4245 2319 4292 est
2351 4251 2446 4290 cur
2473 4251 2568 4290 eos
2589 4236 2756 4290 velint
2781 4235 2936 4290 nobis
2961 4235 3194 4306 obiicere
3231 4250 3406 4291 causae
3434 4251 3544 4291 sua:
3577 4237 3722 4292 nulla
3748 4253 3820 4293 ex

2233 4337 2383 4399 parte
2403 4329 2599 4398 aliquid
2628 4329 2953 4400 profuturos.

2304 4419 2529 4475 CAPUT
2558 4419 2647 4474 IV.
2676 4449 2746 4459 —
2769 4419 2824 4475 9.
2866 4418 2946 4473 Illi
2988 4428 3166 4475 autem
3198 4419 3266 4476 de
3289 4421 3478 4490 quibus
3502 4419 3635 4476 dixit
3672 4422 3820 4492 Apo-

2234 4511 2420 4573 stolus,
2454 4527 2573 4565 cum
2613 4511 2919 4581 loqueretur
2943 4510 3011 4566 de
3037 4512 3428 4590 resurrectione
3459 4522 3814 4581 mortuorum,

2233 4601 2302 4656 Et
2327 4620 2419 4658 nos
2448 4603 2660 4657 viventes
2683 4604 2767 4672 qui
2791 4603 2970 4672 reliqui
2994 4620 3186 4669 sumus,
3215 4604 3365 4658 simul
3388 4620 3502 4658 cum
3526 4603 3629 4658 illis
3648 4605 3817 4675 rapie-

2231 4712 2347 4748 mur
2374 4696 2426 4748 in
2466 4694 2676 4747 nubibus
2705 4695 2898 4747 obviam
2931 4693 3127 4747 Christo
3163 4694 3216 4747 in
3243 4709 3396 4759 aera;
3433 4703 3478 4749 et
3518 4695 3589 4747 ita
3620 4710 3818 4764 semper

2233 4803 2346 4841 cum
2372 4785 2591 4840 Domino
2617 4786 2801 4839 erimus
2836 4786 2879 4856 (I
2899 4784 3076 4840 Thess.
3104 4801 3179 4852 tv,
3211 4786 3321 4856 I6),
3349 4785 3576 4842 afferunt
3599 4786 3818 4857 quidem

2231 4879 2428 4948 aliquid
2447 4878 2785 4948 quaestionis;
2809 4878 2903 4932 sed
2931 4894 3025 4948 per
3047 4879 3272 4948 seipsos,
3296 4895 3402 4934 non
3425 4890 3642 4950 propter
3661 4881 3814 4936 istos.

2230 4969 2362 5024 Nam
2390 4970 2492 5024 etsi
2523 4983 2624 5022 non
2653 4978 2777 5023 sunt
2801 4969 2962 5023 etiam
2991 4969 3090 5040 ipsi
3119 4969 3379 5036 morituri,
3405 4971 3530 5039 quid
3558 4971 3687 5026 istos
3715 4970 3817 5024 ad-

2226 5064 2414 5134 juvent
2441 5063 2658 5116 omnino
2683 5077 2789 5116 non
2826 5062 3000 5128 video,
3031 5077 3151 5117 cum
3183 5061 3305 5116 talia
3341 5062 3409 5117 de
3433 5061 3516 5116 his
3544 5062 3650 5117 dici
3688 5077 3817 5131 pos-

2233 5157 2357 5223 sint,
2395 5155 2570 5226 qualia
2608 5154 2675 5210 de
2710 5155 2813 5208 illis
2851 5154 2990 5209 dicta
3033 5163 3157 5209 sunt
3184 5153 3412 5208 duobus.
3451 5154 3558 5209 Sed
3605 5169 3816 5221 revera,

2231 5258 2482 5318 quantum
2511 5247 2575 5302 ad
2600 5247 2761 5301 verba
2786 5246 2927 5300 beati
2945 5245 3186 5314 Apostoli
3217 5246 3462 5314 pertinet,
3492 5245 3702 5300 videtur
3730 5260 3821 5301 as-

2232 5355 2412 5395 serere
2447 5339 2704 5410 quosdam
2746 5339 2798 5392 in
2844 5339 2948 5392 fine
2991 5338 3171 5393 saeculi
3215 5338 3530 5393 adveniente
3565 5337 3814 5403 Domino,

2231 5447 2349 5487 cum
2385 5432 2557 5486 futura
2587 5440 2667 5486 est
2694 5429 3019 5486 resurrectio
3037 5437 3389 5495 mortuorum,
3418 5445 3524 5483 non
3545 5443 3666 5484 esse
3694 5443 3816 5484 mo-

2233 5523 2448 5587 rituros,
2493 5521 2586 5576 sed
2631 5522 2779 5576 vivos
2818 5529 3059 5591 repertos
3086 5520 3137 5575 in
3177 5520 3321 5575 illam
3359 5520 3816 5576 immortalitatem

2231 5631 2348 5686 qum
2387 5615 2584 5669 sanctis
2613 5616 2772 5670 etiam
2813 5616 3022 5671 caeteris
3047 5616 3222 5684 datur,
3254 5624 3478 5686 repente
3505 5616 3810 5686 mutandos,

2230 5713 2285 5761 et
2325 5706 2482 5760 simul
2512 5721 2626 5758 cum
2663 5705 2768 5760 illis
2794 5707 3085 5777 rapiendos,
3121 5707 3259 5766 sicut
3283 5705 3432 5778 dicit,
3471 5708 3525 5762 in
3559 5706 3814 5764 nubibus:

2292 5821 2364 5888 (a)
2394 5820 2494 5870 Lib.
2509 5819 2558 5883 2,
2580 5832 2685 5888 cap.
2707 5821 2771 5872 30
2793 5825 2844 5870 et
2863 5831 3002 5886 seqq.
