4120 6358
383 373 487 432 873

376 501 477 543 nec
502 485 703 557 aliquid
728 485 869 542 aliud
893 454 1027 543 \mibi
1056 486 1227 542 visum
1251 493 1353 552 est,
1390 486 1599 555 quoties
1628 490 1695 540 de
1723 485 1804 540 his
1834 501 1955 539 ver-

376 577 457 634 bis
483 578 626 633 volui
645 581 898 649 cogitare.

446 671 535 726 10.
575 671 679 726 Sed
705 671 892 725 vellem
920 670 1043 725 hinc
1070 668 1245 739 potius
1270 668 1452 723 audire
1473 667 1761 728 doctiores,
1796 682 1863 721 ne
1893 667 1954 721 il-

374 760 439 815 lis
467 762 648 827 etiam,
674 762 764 832 qui
804 771 991 831 putant
1026 762 1234 831 aliquos
1276 770 1447 816 morte
1477 775 1580 814 non
1619 758 1954 829 princedente

374 854 663 909 viviﬁcatos
682 854 749 909 ad
776 855 935 908 vitam
964 863 1273 925 perpetuam
1305 853 1639 913 transituros,
1662 851 1844 906 dicere
1873 850 1954 903 in-

372 944 616 999 veniatur
643 945 928 1015 Apostolus
955 963 968 997 :
995 944 1180 1010 Stulte,
1218 954 1273 998 tu
1290 944 1424 1015 quod
1447 944 1663 997 seminus
1690 959 1791 996 non
1821 943 1947 995 vivi-

372 1034 574 1104 βιαίαν,
603 1035 701 1090 nisi
728 1036 868 1106 prius
893 1037 1155 1090 moriatur.
1188 1034 1331 1088 Nam
1351 1042 1406 1088 et
1431 1033 1559 1088 illud
1594 1032 1735 1103 quod
1763 1033 1816 1087 in
1839 1033 1951 1101 plc-

368 1127 551 1197 risque
578 1127 848 1182 codicibus
873 1127 1083 1199 legitur,
1115 1142 1285 1197 omnes
1306 1141 1620 1195 resurgemus
1646 1123 1688 1197 (l
1710 1122 1827 1178 Cor.
1849 1138 1944 1189 xv,

370 1220 460 1287 36,
492 1218 606 1293 51),
649 1220 788 1275 unde
832 1221 944 1275 ﬁeri
992 1221 1202 1291 poterit,
1249 1218 1352 1274 nisi
1390 1232 1579 1274 omnes
1618 1216 1951 1273 moriamur?

367 1311 709 1367 Resurrectio
734 1311 949 1381 quippe,
990 1312 1090 1365 nisi
1120 1324 1264 1366 mors
1291 1310 1644 1379 praecesserit,
1675 1307 1819 1363 nulla
1845 1316 1947 1362 est.

369 1406 434 1459 Et
457 1404 599 1474 quod
647 1405 883 1459 nonnulli
904 1404 1114 1459 codices
1155 1404 1372 1463 habent.
1409 1420 1582 1457 omnes
1620 1402 1945 1466 dormiamus,

367 1496 535 1550 multo
566 1494 768 1549 facilius
795 1502 849 1549 et
874 1496 1109 1563 apertius
1138 1494 1191 1548 id
1220 1493 1363 1564 cogit
1392 1493 1648 1562 intelligi;
1673 1501 1729 1547 et
1753 1492 1797 1545 si
1818 1490 1946 1560 quid

365 1586 506 1641 aliud
549 1587 652 1641 tale
684 1586 739 1640 in
773 1587 969 1641 sanctis
996 1585 1208 1640 Litteris
1239 1586 1522 1650 invenitur,
1557 1584 1624 1639 ad
1655 1584 1707 1639 id
1736 1582 1945 1638 videtur

366 1679 638 1749 impellere
668 1690 723 1733 ut
762 1679 936 1732 nullus
963 1678 1234 1733 hominum
1264 1678 1596 1732 existimetur
1626 1675 1943 1730 immortali-

366 1780 548 1837 tatem,
576 1771 677 1824 nisi
707 1786 851 1825 mors
878 1771 1228 1839 praecesserit,
1260 1771 1562 1840 adepturus.
1599 1769 1829 1824 Proinde
1854 1770 1941 1825 ubi

362 1863 497 1916 dixit
525 1863 807 1932 Apostolus
827 1906 841 1929 ,
889 1863 954 1916 Et
982 1879 1073 1916 nos
1107 1864 1318 1917 viventes
1351 1864 1438 1933 qui
1480 1864 1660 1934 reliqui
1692 1880 1863 1917 sumus
1889 1864 1946 1917 in

363 1954 630 2007 adventum
663 1954 889 2020 Domini,
921 1972 1021 2008 non
1048 1956 1402 2026 prazveniemus
1435 1972 1519 2009 eos
1555 1956 1640 2026 qui
1668 1966 1784 2010 ante
1819 1956 1945 2010 dor-

362 2038 596 2091 mierunt.
635 2036 758 2108 Ipse
788 2040 919 2092 enim
953 2038 1200 2093 Dominus
1223 2040 1276 2093 in
1291 2041 1462 2110 jussu,
1494 2042 1547 2093 in
1582 2057 1701 2095 voce
1725 2041 1946 2095 archan-

360 2128 479 2197 geli,
500 2137 546 2182 et
570 2129 624 2181 in
644 2129 760 2182 tuba
777 2128 873 2182 Dei
896 2129 1155 2184 descendet
1177 2130 1240 2185 de
1260 2132 1416 2195 caelo;
1446 2141 1493 2185 et
1511 2133 1694 2185 mortui
1719 2133 1770 2185 in
1791 2132 1945 2188 Citri-

359 2230 436 2273 sto
457 2232 714 2291 resurgent
736 2222 886 2289 primi
913 2237 932 2276 :
956 2221 1137 2275 deinde
1160 2239 1251 2277 nos
1271 2224 1504 2289 viventes,
1531 2225 1620 2294 qui
1644 2225 1825 2293 reliqui
1851 2242 1944 2278 su-

359 2326 490 2372 mus,
518 2311 667 2365 simul
687 2328 801 2364 cum
821 2311 922 2366 illis
938 2314 1194 2383 rapientur
1211 2314 1263 2366 in
1291 2314 1504 2368 nubibus
1524 2313 1720 2368 obviam
1738 2314 1944 2370 Christo

359 2402 411 2454 in
449 2418 603 2466 aera;
642 2411 690 2456 et
726 2403 799 2455 ita
839 2420 1034 2475 semper
1071 2421 1187 2458 cum
1215 2403 1436 2460 Domino
1465 2407 1692 2473 erimus;
1723 2407 1939 2471 vellem,

358 2492 495 2545 sicut
523 2492 652 2557 dixi,
684 2493 753 2548 de
781 2495 863 2548 his
895 2495 1080 2550 audire
1106 2496 1392 2563 doctiores,
1423 2504 1478 2551 et
1504 2498 1549 2551 si
1585 2497 1744 2553 modo
1766 2508 1944 2568 potue-

359 2582 465 2636 rint
490 2583 605 2638 hwc
642 2586 713 2639 ita
740 2587 956 2655 exponi,
1000 2596 1055 2640 ut
1096 2587 1148 2640 in
1185 2588 1264 2641 eis
1291 2588 1459 2657 possit
1489 2588 1706 2659 intelligi
1751 2603 1942 2645 omnes

359 2675 601 2731 homines
639 2679 728 2747 qui
768 2679 966 2743 vivunt,
998 2680 1081 2734 vel
1123 2688 1243 2750 post
1278 2695 1376 2735 nos
1403 2682 1590 2736 victuri
1633 2690 1779 2748 sunt,
1820 2697 1941 2738 esse

358 2768 665 2833 morituros,
688 2769 957 2838 corrigere
979 2771 1117 2839 quod
1150 2772 1272 2825 hinc
1291 2772 1576 2841 aliquando
1598 2772 1753 2829 aliter
1771 2775 1936 2829 sensi.

355 2856 537 2927 Neque
555 2860 696 2912 enim
717 2859 973 2915 debemus
995 2861 1249 2916 indociles
1272 2877 1392 2917 esse
1412 2862 1659 2918 doctores
1679 2882 1693 2918 :
1717 2873 1772 2918 et
1794 2874 1941 2920 certe

356 2950 546 3002 melius
567 2951 727 3004 homo
746 2952 1024 3022 corrigitur
1047 2968 1258 3022 parvus,
1283 2969 1439 3022 quam
1462 2953 1720 3025 frangitur
1739 2956 1936 3025 durus;

356 3053 476 3092 cum
508 3041 572 3094 iis
592 3056 711 3110 qua:
738 3044 1069 3113 scripsimus,
1100 3045 1169 3098 ita
1208 3054 1391 3098 nostra
1418 3046 1502 3100 vel
1531 3047 1757 3101 aliorum
1784 3063 1940 3105 exer-

355 3140 538 3185 ceatur
572 3141 626 3186 ct
651 3134 921 3189 erudiatur
961 3134 1259 3202 inﬁrmitas,
1289 3146 1348 3191 ut
1387 3147 1563 3194 tamen
1602 3140 1655 3193 in
1685 3141 1765 3195 eis
1792 3142 1938 3197 nulla

356 3225 499 3278 velut
517 3227 770 3281 canonica
798 3228 1151 3283 constituatur
1174 3230 1484 3285 auctoritas.

426 3337 513 3389 11.
555 3337 611 3391 Si
637 3339 777 3392 enim
805 3338 857 3392 in
883 3340 962 3394 his
987 3342 1163 3396 verbis
1186 3343 1421 3411 Apostoli
1448 3344 1625 3398 nullus
1649 3344 1784 3401 alius
1810 3361 1936 3402 scn-

355 3442 445 3483 sus
464 3429 690 3496 potuerit
710 3428 953 3499 reperiri,
986 3439 1040 3486 et
1061 3432 1160 3486 hoc
1181 3449 1301 3486 eum
1335 3433 1553 3505 intelligi
1576 3435 1806 3492 voluisse
1831 3439 1939 3493 cla-

355 3517 521 3571 ruerit
548 3518 685 3587 quod
709 3520 952 3574 videntur
971 3524 1126 3575 verba
1156 3523 1267 3592 ipsa
1295 3526 1558 3591 clamare;
1592 3527 1642 3581 id
1666 3536 1769 3592 est,
1794 3529 1935 3599 quod

357 3607 513 3663 futuri
555 3610 661 3665 sint
701 3613 751 3665 in
794 3613 897 3667 ﬁne
934 3614 1114 3668 smculi
1151 3627 1204 3669 et
1246 3616 1298 3670 in
1331 3617 1559 3672 adventu
1586 3619 1815 3684 Domini,
1844 3621 1935 3691 qui

354 3715 459 3754 non
483 3704 845 3770 exspolieutur
865 3720 1107 3774 corpore,
1132 3706 1226 3761 sed
1254 3709 1700 3777 superinduantur
1719 3711 1935 3765 immoro

357 3793 576 3862 talitate,
609 3807 664 3849 ut
690 3798 1040 3853 absorbeatur
1070 3803 1291 3856 mortale
1321 3819 1349 3856 a
1376 3803 1480 3857 vita
1513 3802 1581 3875 (ll
1607 3802 1723 3858 Cor.
1746 3821 1801 3872 v,
1830 3806 1884 3879 4)
1917 3824 1930 3860 :

354 3885 476 3941 huic
504 3892 777 3943 sententia:
809 3895 988 3960 procul
1016 3893 1176 3949 dubio
1196 3898 1476 3952 conveniet
1505 3899 1645 3967 quod
1676 3900 1727 3953 in
1753 3902 1934 3970 regula

352 3979 475 4032 ﬁdei
497 3982 829 4045 conlitcmur,
861 3994 1136 4038 venturum
1159 3986 1437 4042 Dominum
1464 3989 1823 4057 judicaturum
1853 3993 1935 4046 vi-

353 4086 447 4125 vos
474 4082 527 4127 et
553 4084 823 4137 mortuos;
856 4086 910 4129 ut
940 4092 1043 4130 non
1068 4077 1155 4133 hic
1184 4080 1537 4149 intelligamus
1566 4084 1712 4136 vivos
1736 4084 1929 4152 justos,

350 4174 590 4219 mortuos
619 4178 793 4219 autem
825 4167 1068 4235 iniustos,
1099 4170 1340 4238 quamvis
1360 4172 1630 4241 judicandi
1670 4174 1778 4229 sint
1801 4176 1931 4244 justi

349 4268 405 4312 et
432 4258 645 4326 injusﬁ;
693 4259 786 4312 sed
820 4259 967 4312 vivos
992 4277 1124 4329 quos
1164 4263 1398 4316 nondum
1443 4265 1658 4331 exiisse,
1692 4276 1931 4322 mortuos

348 4357 528 4401 autem
556 4365 687 4417 quos
719 4350 828 4419 jam
854 4352 1047 4406 exiisse
1077 4351 1142 4407 de
1171 4355 1483 4421 corporibus
1523 4355 1781 4414 adventus
1815 4359 1931 4429 ejus

349 4441 601 4495 inveniet.
634 4442 762 4508 Quae
787 4443 830 4498 si
859 4444 928 4498 ita
956 4460 1075 4498 esse
1099 4446 1414 4511 constiterit,
1458 4448 1544 4501 illa
1575 4450 1736 4504 verba
1771 4468 1931 4507 excu-

350 4529 523 4584 tienda
549 4541 721 4593 erunt,
758 4535 1022 4603 quomodo
1052 4536 1129 4590 sic
1148 4536 1487 4606 accipiemus,
1522 4537 1598 4592 Tu
1619 4542 1754 4610 quod
1781 4546 1931 4597 semi-

348 4637 441 4675 nus
473 4637 571 4675 non
600 4622 899 4691 vivi/icatur,
930 4626 1025 4678 nisi
1056 4627 1197 4696 prius
1233 4628 1511 4692 moriatur;
1540 4639 1612 4697 et,
1646 4647 1817 4687 omnes
1850 4650 1930 4687 re-

346 4728 623 4783 surgemus,
657 4713 789 4781 sive,
819 4732 988 4769 omnes
1010 4717 1331 4780 dormiemus,
1361 4728 1418 4772 ut
1448 4734 1550 4773 non
1582 4722 1929 4780 adversentur

350 4802 469 4855 huic
493 4804 791 4870 sententia},
817 4821 919 4874 qua
945 4806 1156 4876 quidam
1182 4807 1469 4863 creduntur
1488 4814 1644 4865 etiam
1675 4828 1795 4868 cum
1818 4819 1928 4891 suis

346 4894 657 4960 corporibus
676 4895 730 4949 in
752 4905 1028 4963 internum,
1058 4912 1163 4950 non
1189 4897 1460 4969 degustata
1488 4914 1679 4970 morle,
1713 4905 1923 4961 victuri.

420 4985 506 5037 12.
548 4986 650 5040 Sed
683 4988 988 5042 utrumlibet
1017 4989 1203 5043 horum
1227 4994 1463 5046 veracior
1486 5003 1540 5048 et
1570 5000 1927 5065 perspicacior

346 5074 642 5131 intellectus
673 5080 986 5143 inveniatur,
1022 5080 1147 5149 quid
1185 5080 1249 5134 ad
1287 5097 1499 5138 causam
1529 5089 1756 5155 pertinet
1798 5091 1925 5146 isto-

344 5184 485 5233 rum,
533 5171 643 5225 sive
682 5186 867 5226 omnes
892 5171 1065 5226 debita
1113 5181 1284 5229 morte
1314 5174 1630 5243 plectantur,
1676 5180 1789 5235 sive
1829 5183 1923 5236 ali-

344 5258 538 5326 quibus
562 5259 630 5313 ab
661 5260 760 5315 hac
787 5261 1090 5316 conditione
1117 5272 1394 5331 parcatur;
1438 5281 1556 5320 cum
1590 5278 1764 5324 tamen
1795 5287 1923 5326 cou-

345 5357 448 5403 stet
478 5360 700 5403 mortem
730 5365 834 5404 non
861 5351 1029 5405 solum
1060 5353 1267 5419 anima),
1291 5370 1472 5408 verum
1503 5357 1661 5411 etiam
1685 5363 1922 5429 corporis

343 5449 640 5495 secuturam
671 5457 773 5496 non
815 5440 995 5508 fuisse,
1027 5443 1069 5497 si
1099 5453 1366 5511 peccatum
1398 5462 1502 5501 non
1542 5454 1916 5520 praecessisset,

343 5542 398 5586 et
426 5534 605 5602 gratim
632 5533 955 5588 mirabiliore
983 5535 1176 5589 virtute
1198 5536 1367 5603 justos
1406 5553 1434 5591 a
1464 5550 1635 5595 morte
1672 5542 1736 5596 ad
1764 5554 1921 5598 aeter-

343 5640 464 5679 nam
496 5625 867 5680 beatitudinem
895 5625 1229 5691 reviviscere,
1254 5644 1410 5697 quam
1450 5630 1499 5683 in
1542 5633 1727 5686 mortis
1755 5649 1919 5703 expe-

344 5718 586 5772 rieiitiam
630 5734 730 5770 non
776 5716 988 5771 venire?
1036 5717 1160 5772 limo
1202 5731 1418 5789 preptcr
1462 5722 1581 5777 illos
1624 5722 1692 5779 de
1729 5727 1918 5791 quibus

346 5808 471 5861 mihi
500 5807 776 5875 scripsisti,
807 5808 934 5862 satis
961 5807 1099 5862 dicta
1128 5810 1266 5875 sint;
1290 5812 1528 5882 quamvis
1554 5828 1648 5869 eos
1671 5814 1780 5885 jam
1811 5834 1914 5877 non

581 5901 807 5960 ἕλκετ’.
850 5900 1127 5961 ACGUST.
1173 5901 1253 5961 II.

1566 370 2043 427 EPIS’l'CLARUM
2078 369 2354 430 CLASSIS
2390 373 2481 430 ιιι.

3544 380 3649 438 8N

2066 485 2362 541 existimem
2390 486 2588 552 dicere,
2611 488 2944 545 etiamsinon
2968 499 3241 562 peccasset
3260 491 3451 561 Adam,
3485 492 3649 551 fuisse

2065 576 2149 630 vel
2175 591 2397 646 corpore
2425 580 2759 635 moriturum.

2136 666 2223 719 15.
2264 665 2523 723 Οωῑθιιιιηι
2549 670 2686 739 quod
2721 672 2909 726 attinet
2931 672 2996 727 ad
3022 674 3367 744 qtuestionem
3399 690 3644 731 resurre-

2063 757 2272 824 ctionis,
2297 770 2513 829 propter
2541 761 2659 816 illos
2678 765 2769 833 qui
2792 765 3085 820 creduntur
3109 785 3210 821 non
3234 784 3354 823 esse
3378 770 3639 836 morituri,

2062 849 2155 903 sed
2185 865 2251 904 ex
2279 850 2376 905 hac
2405 853 2727 910 mortalitate
2754 857 2820 910 ad
2850 859 3297 916 immortalitatem
3325 845 3439 919 sine
3468 864 3642 923 media

2063 949 2234 995 morte
2262 944 2551 1007 transituri,
2577 944 2843 1015 inquisitio
2871 949 3171 1019 diligentior
3196 953 3494 1009 adhibenda
3523 967 3644 1018 est;

2060 1037 2115 1084 et
2151 1032 2194 1084 si
2235 1033 2362 1102 quid
2390 1034 2511 1089 hinc
2548 1036 2846 1093 absolutum
2887 1056 2950 1095 ac
2985 1042 3259 1098 deﬁnitum
3285 1045 3643 1117 disputatione

2059 1122 2360 1177 rationabili
2403 1134 2561 1196 atque
2591 1129 2817 1196 perfecta
2860 1133 2941 1186 vel
2971 1134 3183 1199 audisti,
3215 1137 3297 1190 vel
3326 1138 3517 1209 legisti,
3559 1141 3643 1195 vel

2058 1214 2215 1269 etiam
2247 1216 2360 1287 ipse
2397 1220 2629 1289 cogitare
2657 1223 2890 1290 potuisti,
2936 1227 3048 1282 sive
3090 1229 3263 1284 adhuc
3299 1230 3506 1299 audire,
3550 1242 3643 1288 aut

2058 1306 2254 1377 legere,
2291 1318 2381 1364 aut
2414 1313 2647 1381 cogitare
2675 1317 2929 1384 potueris,
2970 1330 3091 1386 peto
3118 1320 3244 1375 mihi
3285 1323 3493 1379 mittere
3532 1341 3640 1380 non

2055 1401 2311 1467 graveris.
2355 1400 2468 1471 Ego
2510 1404 2651 1458 enim
2684 1394 2845 1476 (quod
2874 1410 3231 1465 conﬁtendum
3260 1421 3345 1467 est
3372 1414 3634 1472 Cbaritati

2058 1490 2180 1562 tuae)
2216 1492 2334 1561 plus
2357 1509 2477 1547 amo
2501 1495 2710 1552 discere
2737 1514 2896 1568 quam
2925 1501 3136 1558 docere.
3171 1505 3299 1560 Nam
3325 1506 3427 1564 hoc
3456 1508 3642 1564 admo-

2055 1596 2247 1636 nemur
2264 1584 2421 1638 etiam
2441 1585 2649 1642 dicente
2668 1591 2907 1659 apostolo
2928 1591 3126 1649 Jacobo
3149 1613 3162 1648 :
3188 1595 3269 1651 Sit
3288 1608 3456 1652 autem
3475 1602 3641 1657 omnis

2055 1670 2204 1725 homo
2259 1674 2405 1729 velox
2456 1676 2523 1729 ad
2572 1679 2923 1750 audiendum,
2982 1685 3159 1739 tardus
3213 1689 3281 1741 ad
3333 1690 3637 1761 loquendum

2055 1761 2253 1832 (Jacobi
2278 1781 2315 1832 ι,
2346 1766 2458 1839 19).
2505 1769 2570 1825 Ut
2615 1786 2741 1842 ergo
2769 1771 3054 1842 discamus,
3090 1777 3313 1835 invitare
3353 1798 3450 1838 nos
3477 1784 3638 1840 debet

2051 1856 2283 1912 suavitas
2302 1860 2571 1929 veritatis;
2606 1872 2863 1943 utautem
2888 1867 3196 1937 doceamus,
3229 1888 3420 1942 cogere
3446 1890 3636 1933 ncces-

2051 1946 2181 2002 sitas
2206 1948 2515 2005 charitatis:
2546 1954 2634 2008 ubi
2667 1957 2843 2024 potius
2871 1960 3160 2029 optandum
3202 1973 3285 2018 est
3321 1973 3377 2019 ut
3403 1973 3637 2024 transeat

2051 2037 2149 2093 ista
2180 2044 2471 2099 necessitas
2497 2061 2602 2116 qua
2641 2048 2908 2105 hominem
2943 2053 3099 2109 docet
3140 2056 3335 2127 aliquid
3365 2059 3547 2129 homo,
3580 2075 3639 2118 ut

2050 2130 2218 2187 simus
2247 2149 2433 2191 omnes
2466 2138 2724 2196 docibiles
2753 2142 2874 2209 Dei;
2906 2148 3145 2214 quamvis
3173 2150 3273 2204 hoc
3298 2152 3486 2219 simus,
3512 2169 3637 2209 cum

2050 2239 2111 2279 ea
2141 2243 2260 2296 quae
2278 2229 2346 2284 ad
2372 2246 2550 2287 veram
2580 2233 2829 2303 pietatem
2861 2239 3143 2306 pertinent,
3163 2241 3439 2308 discimus,
3471 2247 3633 2302 etiam

2049 2318 2261 2386 quando
2308 2322 2397 2376 illa
2440 2322 2635 2380 docere
2684 2327 2895 2383 videtur
2941 2334 3119 2385 homo.
3160 2335 3292 2401 Quia
3338 2352 3511 2407 neque
3546 2342 3637 2410 qui

2050 2412 2252 2479 plantat
2286 2415 2612 2486 estaliquid,
2652 2434 2823 2489 neque
2851 2423 2939 2491 qui
2983 2424 3149 2493 rigat;
3202 2429 3296 2482 sed
3334 2430 3424 2499 qui
3460 2431 3635 2489 incre-

2048 2512 2285 2556 mentum
2308 2503 2401 2558 dat
2429 2505 2568 2561 Deus
2602 2507 2645 2581 (Ι
2672 2510 2789 2563 Cor.
2819 2527 2896 2577 ιιι,
2926 2513 3003 2584 7).
3036 2515 3169 2569 Cum
3208 2517 3386 2588 itaque
3417 2520 3463 2576 si
3494 2522 3635 2578 Deus

2048 2591 2434 2651 incrementum
2463 2614 2571 2654 non
2593 2599 2767 2668 daret,
2800 2604 2929 2658 nihil
2955 2617 3134 2661 essent
3163 2610 3395 2678 Apostoli
3422 2613 3637 2681 planta-

2047 2695 2191 2743 tores
2214 2699 2269 2744 et
2296 2690 2588 2760 rigatores;
2627 2705 2824 2765 quanto
2857 2703 3026 2770 magis
3054 2717 3154 2769 ego
3184 2703 3263 2757 vel
3296 2713 3372 2766 tu,
3400 2706 3481 2760 vel
3508 2709 3631 2777 qui-

2046 2778 2176 2834 libet
2207 2779 2362 2850 hujus
2391 2786 2645 2853 temporis
2682 2787 2942 2854 homines,
2970 2791 3184 2860 quando
3212 2796 3365 2851 nobis
3391 2798 3629 2855 videmus

2043 2883 2166 2925 esse
2189 2870 2467 2929 doctores!

2456 2987 2787 3044 EPISTOLA
2825 2990 3033 3049 CXCIV
3057 2999 3076 3019 ·
3114 2995 3211 3067 (α).

2043 3095 2351 3182 Augustinus
2374 3099 2541 3182 _Sia:lo
2569 3101 2800 3182 Romano
2823 3108 3111 3182 presbytero
3153 3112 3220 3182 (et
3249 3124 3422 3182 postea
3453 3113 3632 3172 Ponti-

2114 3169 2246 3292 ﬁci);
2285 3170 2536 3226 instruens
2575 3172 2721 3227 illum
2764 3169 3002 3232 adversus
3038 3169 3435 3254 Peldgia'norum
3478 3169 3633 3260 argu-

2114 3254 2225 3292 men
2247 3256 2300 3292 a.

2112 3254 2300 3293 menta.

2044 3350 2272 3438 Do‘rnino
2303 3354 2354 3408 in
2391 3356 2626 3438 Domino_
2652 3357 2990 3438 dominorum
3029 3364 3398 3438 dilectissimo,
3445 3383 3631 3430 sancto

2114 3421 2262 3503 fratri
2291 3428 2798 3507 etcompresbytero
2820 3433 3006 3502 Suro,
3040 3421 3398 3507 Attousrtsus:
3425 3421 3628 3501 tibi}:

2113 3494 2259 3549 mino
2284 3494 2530 3552 salutem.
2650 3494 2665 3500 ⁷
2880 3548 2887 3553 .

2111 3605 2337 3661 CAPUT
2358 3608 2773 3668 PRIMUM.—l.
2794 3614 3028 3683 Epistola
3049 3619 3066 3648 ί
3083 3634 3242 3688 quam
3261 3635 3355 3690 per
3377 3624 3630 3683 charissi-

2040 3713 2187 3752 mum
2213 3698 2430 3755 fratrem
2458 3713 2697 3760 nostrum
2724 3706 2971 3762 Albinum
2997 3712 3300 3781 acolythum
3326 3717 3465 3783 misi,
3500 3734 3627 3788 pro-

2041 3791 2285 3847 lixiorem
2306 3809 2391 3847 me
2421 3796 2703 3851 missurum
2726 3813 2845 3853 esse
2869 3802 3083 3869 promisi
3119 3818 3210 3872 per
3237 3819 3479 3861 sanctum
3516 3810 3628 3864 ira-

2041 3889 2174 3936 trem
2204 3892 2258 3938 et
2280 3885 2770 3955 compresbyterum
2803 3898 3039 3945 nostrum
3061 3892 3319 3961 Firmum,
3353 3898 3440 3965 qui
3471 3901 3626 3955 nobis

2038 3973 2244 4029 litteras
2263 3977 2785 4034 attulitSinceritatis
2809 3990 2929 4044 tuae,
2962 3986 3144 4053 plenas
3166 3987 3467 4045 sinceritate
3497 3991 3625 4048 ﬁdei

2040 4074 2170 4127 tum,
2203 4082 2322 4134 qua:
2360 4067 2512 4121 nobis
2540 4075 2743 4121 tantmn
2769 4071 3016 4138 gaudium
3045 4077 3417 4143 contulerunt,
3449 4096 3620 4149 quan-

2038 4162 2149 4207 tum
2180 4157 2347 4225 magis
2376 4172 2657 4225 possumus
2679 4159 2874 4216 habere
2894 4178 3049 4231 quam
3074 4164 3272 4220 dicere.
3300 4168 3452 4235 Quod
3476 4174 3621 4228 enim

2037 4242 2306 4299 fatendum
2332 4256 2415 4300 est
2433 4247 2685 4319 Charitati
2709 4258 2833 4314 tuae,
2866 4253 3041 4308 tristes
3061 4272 3275 4312 eramus
3297 4262 3472 4326 nimis,
3496 4278 3618 4319 cum

2037 4333 2177 4389 fama
2212 4336 2439 4405 jactaret
2484 4338 2709 4393 inimicis
2752 4343 3055 4399 christianum
3093 4348 3275 4416 gratiae
3319 4358 3374 4405 te
3412 4352 3616 4412 favere.

2034 4424 2138 4479 Sed
2170 4435 2227 4480 ut
2264 4425 2379 4482 hmo
2420 4428 2631 4483 tristitia
2671 4431 2737 4485 de
2772 4434 2968 4488 nostris
2996 4437 3246 4493 cordibus
3286 4426 3637 4513 tergereturﬁ‘

2034 4517 2229 4586 primo,
2260 4526 2312 4572 te
2340 4520 2571 4588 priorem
2614 4523 2893 4577 anathema
2932 4527 3010 4580 eis
3050 4527 3100 4581 in
3132 4531 3329 4599 populo
3363 4533 3618 4605 frequen-

2035 4610 2240 4664 tissimo
2270 4612 2644 4681 pronuntiasse
2669 4616 2856 4670 eadem
2880 4616 3019 4672 fama
3044 4636 3148 4674 non
3182 4625 3385 4679 tacuit:
3416 4627 3615 4686 deinde

2032 4716 2151 4755 cum
2175 4701 2362 4756 litteris
2379 4701 2454 4773 (ό)
2470 4705 2775 4773 apostolicae
2790 4706 3025 4779 Sedisde
3046 4710 3257 4767 illorum
3272 4714 3615 4775 damnatione

2031 4792 2096 4845 ad
2125 4793 2353 4847 Africam
2394 4796 2591 4861 missis,
2625 4803 2728 4850 tuze
2755 4813 2965 4868 quoque
3007 4802 3196 4858 littera:
3238 4806 3306 4860 ad
3336 4810 3613 4866 venerabi-

2032 4884 2135 4938 lem
2184 4900 2366 4940 senem
2406 4888 2679 4942 Aurelium
2713 4900 3012 4945 consecuta:
3054 4904 3205 4961 sunt;
3238 4914 3357 4967 qua:
3398 4903 3612 4959 tametsi

2032 4975 2218 5029 breves
2245 4986 2426 5041 erant,
2460 4988 2607 5039 tuum
2648 4988 2823 5033 tamen
2849 4982 3086 5051 vigorem
3124 4987 3381 5044 adversus
3420 5007 3609 5048 eorum

2030 5082 2265 5121 errorem
2296 5068 2424 5121 satis
2452 5069 2775 5125 indicabant.
2809 5072 2958 5128 Nunc
2981 5092 3105 5129 vero
3134 5093 3255 5133 cum
3294 5082 3528 5150 apertius
3553 5095 3609 5140 et

2028 5158 2184 5214 latius
2210 5159 2336 5229 quid
2362 5160 2429 5214 de
2457 5162 2549 5215 illo
2575 5162 2817 5232 dogmate
2839 5175 3129 5237 contraque
3158 5173 3405 5240 sentires,
3436 5176 3488 5230 in
3516 5177 3604 5231 lit-

2090 5293 2289 5372 {add}.
2311 5293 2584 5372 rnfpistolu
2617 5301 3122 5372 qttam.‘Expuugenda
3151 5311 3256 5372 erat
3286 5307 3516 5372 particula
3539 5308 3608 5372 in,

2024 5367 2135 5431 quae.
2156 5357 2297 5431 abest
2316 5369 2344 5404 a
2366 5358 2752 5431 Mss._.E.nimvero
2770 5360 2837 5431 de
2859 5357 3119 5431 prolixiori:
3140 5357 3355 5431 epistola
3385 5357 3607 5431 quam

2026 5417 2289 5495 pollicitum
2457 5419 2573 5491 dicit
2605 5417 2912 5495 Augustinus,
2937 5422 3057 5495 nihil
3070 5417 3287 5495 Phbélur
3317 5430 3366 5478 in
3392 5417 3469 5492 δι’

2026 5477 2115 5540 per
2139 5477 2357 5529 Albinum
2381 5483 2653 5530 transmissa
2672 5477 2768 5533 iuit
2784 5482 2853 5545 [in
2872 5477 3108 5550 epistola].

2088 5562 2104 5580 ‘
2142 5564 2482 5634 Recensuimus
2505 5564 2625 5615 hanc
2646 5566 2704 5615 ad
2736 5569 2783 5616 b.
2828 5568 2894 5617 hl.
2929 5571 3005 5634 ch.
3028 5570 3075 5618 tr.
3103 5586 3186 5634 gg.
3214 5586 3278 5622 m.
3306 5588 3396 5625 rm.
3424 5590 3496 5627 vc.
3524 5593 3602 5628 vv.

2023 5622 2144 5673 duos
2164 5626 2239 5673 sb.
2256 5624 2385 5675 duos
2405 5632 2440 5675 t.
2466 5635 2670 5689 quatuor
2694 5643 2739 5678 v.
2765 5639 2864 5678 Am.
2892 5631 2998 5679 Bad.
3023 5622 3235 5682 Erffbv.

2087 5706 2159 5818 (αθ
2193 5706 2315 5758 alias
2339 5709 2428 5759 105
2467 5724 2479 5759 :
2506 5724 2616 5821 qua
2659 5720 2823 5761 autem
2850 5713 2938 5762 194
2961 5722 3083 5772 erat,
3109 5718 3309 5767 nuncin
3330 5722 3609 5784 Appendlco

2087 5776 2101 5818 t
2154 5770 2200 5818 ὅ.
2225 5772 2405 5821 Scripta
2430 5786 2517 5821 hau
2540 5786 2569 5821 0
2593 5781 2698 5821 post
2719 5775 3000 5821 suueriores
3025 5776 3274 5821 epistolas-

2025 5770 2405 5894 estljlfitseripta
2428 5770 2569 5835 paulo
2591 5781 2698 5836 post
2719 5775 3000 5837 superiores
3025 5770 3274 5840 epistolas.

2172 5868 2179 5875 .
2230 5846 2320 5881 \sm
2343 5848 2374 5881 ι.

2929 5923 3415 6002 (Vingt-huit.)
