4086 6350
430 373 539 433 ιτς

440 489 567 545 teris
595 483 698 542 tuis
728 482 859 537 ﬁdes
899 492 1013 549 ipsa
1042 473 1315 531 nobiscum
1342 467 1598 523 Romanas
1626 456 1880 549 Ecclesia:
1917 454 2004 549 lo-

436 542 709 650 queretur,
738 572 822 628 cui
847 542 1181 641 polissimum
1214 561 1401 615 beatus
1426 550 1697 624 apostolus
1720 545 1914 602 Paulus
1941 542 2009 596 de

443 642 608 740 gratia
637 664 729 721 Dei
770 677 866 733 per
905 658 1087 714 Jesum
1116 651 1386 708 Christum
1424 642 1705 700 Dominum
1733 643 1970 693 nostrum
1990 673 2005 696 ,

655 766 710 812 ct
735 722 1094 821 multipliciter
1133 750 1216 799 est
1252 741 1486 799 locutus;
1518 748 1623 788 non
1668 729 1841 785 solum
1883 722 2010 821 illud

446 812 609 905 omne
624 843 846 902 tristitia:
875 812 1109 894 nubilum
1139 832 1269 903 fugit
1297 828 1364 884 de
1387 823 1635 905 cordibus
1659 817 1884 882 nostris,
1918 812 2013 869 sed

449 942 608 996 etiam
628 943 833 992 tantum
858 931 929 987 ibi
950 927 1145 984 laetitia:
1164 902 1340 978 lumen
1365 916 1588 982 infulsit,
1608 902 1666 967 ut
1689 909 1820 965 nihil
1845 907 2016 977 egisse

450 1035 505 1088 in
532 1029 684 1086 nobis
709 1026 977 1081 videretur
1021 1020 1109 1074 ille
1138 1030 1336 1071 mmror
1367 1017 1423 1066 et
1451 1010 1626 1072 timor,
1663 1004 1766 1059 nisi
1806 1015 2018 1056 succes-

450 1137 691 1180 surorum
714 1117 1025 1187 ampliorem
1049 1107 1374 1179 flagrantiam
1397 1099 1727 1172 gaudiorum.

518 1215 574 1269 2.
603 1182 817 1282 itaque,
834 1207 994 1262 frater
1021 1199 1352 1261 charissime,
1378 1190 1617 1264 quamvis
1643 1203 1749 1242 non
1771 1195 1822 1239 te
1845 1182 2020 1237 videa-

451 1319 571 1363 mus
598 1273 767 1358 oculis
794 1296 1004 1362 carnis,
1050 1292 1227 1346 animo
1254 1298 1431 1341 tamen
1469 1284 1523 1337 in
1565 1280 1667 1335 ﬁde
1690 1275 1920 1339 Christi,
1967 1273 2020 1326 in

453 1394 618 1466 gratia
646 1390 876 1455 Christi,
923 1388 975 1441 in
1006 1381 1258 1438 membris
1292 1376 1489 1434 Christi
1527 1382 1794 1433 tenemus,
1825 1366 2024 1434 ample-

452 1487 662 1548 ctimur,
694 1481 1022 1542 osculantur;
1050 1486 1103 1530 et
1128 1479 1398 1529 remeante
1418 1483 1445 1519 a
1473 1466 1624 1520 nobis
1652 1462 1717 1516 ad
1741 1470 1791 1514 te
1816 1468 2025 1513 nostro-

455 1594 575 1633 rum
613 1575 837 1631 invicem
867 1566 1248 1637 colloquiorum
1276 1557 1608 1615 sanctissimo
1636 1562 1690 1610 et
1720 1549 2026 1607 ﬁdelissimo

457 1668 753 1738 perlatore,
796 1675 952 1731 quem
981 1655 1193 1713 voluisti
1239 1667 1357 1708 esse
1394 1650 1533 1719 apud
1572 1661 1670 1702 nos
1709 1659 1813 1698 non
1853 1641 2026 1695 solum

455 1737 791 1813 advectorem
821 1753 1138 1823 scriptorum
1166 1754 1377 1801 tuorum
1399 1783 1413 1805 ,
1445 1756 1628 1795 verum
1656 1737 1812 1794 etiam
1843 1748 2027 1788 narra-

458 1860 627 1905 torem
652 1847 947 1913 testemque
972 1842 1228 1896 factorum
1248 1878 1263 1904 ,
1292 1834 1544 1902 rescripta
1573 1828 1919 1901 persolvimus
1938 1866 1952 1888 ,
1976 1832 2031 1877 et

457 1940 726 2008 aliquanto
764 1934 966 1989 diutius
995 1940 1166 1985 tecum
1214 1924 1653 1984 sermocinamur,
1683 1918 2029 1972 admonentes

457 2038 515 2081 nt
536 2024 787 2082 docendis
816 2022 1009 2085 instes,
1036 2019 1228 2089 quibus
1267 2011 1527 2068 terrendis
1569 2010 1700 2063 satis
1721 2049 1737 2075 ,
1776 2014 2027 2076 quantum

458 2118 832 2188 comperimus,
864 2108 1120 2167 institisti.
1152 2107 1289 2163 Sunt
1315 2106 1453 2159 enim
1482 2101 1717 2172 quidam,
1743 2099 1832 2168 qui
1858 2097 2033 2166 justis-

459 2185 597 2265 sime
618 2206 892 2260 damnatas
918 2200 1217 2269 impietates
1241 2195 1412 2250 adhuc
1439 2191 1651 2246 liberius
1675 2185 2033 2243 defendendas

462 2305 676 2366 putant;
703 2306 757 2348 et
776 2301 894 2346 sunt
920 2290 1007 2359 qui
1028 2288 1282 2343 occultius
1300 2291 1574 2354 penetrant
1592 2279 1797 2342 domos,
1821 2275 2034 2345 etquod

454 2392 516 2442 in
543 2394 728 2458 aperto
747 2385 853 2454 jam
883 2382 1113 2437 clamare
1137 2385 1414 2433 metuunt.
1443 2374 1494 2427 in
1536 2381 1743 2427 secreto
1771 2369 2036 2424 seminare

453 2493 569 2532 non
612 2475 930 2545 quiescunt:
961 2476 1087 2526 sunt
1129 2480 1304 2520 autem
1352 2464 1441 2534 qui
1484 2461 1704 2517 omnino
1747 2458 2030 2521 siluerunt,

450 2583 656 2637 magno
699 2566 887 2620 timore
915 2559 1235 2630 compressi,
1267 2557 1360 2613 sed
1399 2553 1571 2609 adhuc
1614 2552 1775 2607 corde
1812 2550 2039 2605 retinent

448 2661 605 2732 vquod
634 2675 728 2714 ore
759 2658 868 2728 jam
898 2654 1137 2725 proferre
1174 2667 1279 2706 non
1322 2650 1547 2714 audent;
1586 2647 1675 2717 qui
1717 2655 1889 2700 tamen
1919 2658 2039 2697 esse

468 2761 689 2825 possunt
730 2750 982 2805 fratribus
1020 2763 1084 2801 ex
1130 2745 1306 2815 priore
1350 2742 1513 2811 ipsius
1553 2737 1813 2808 dogmatis
1851 2733 2038 2789 defen-

469 2846 616 2899 sione
638 2840 925 2897 notissimi.
971 2836 1199 2893 Proinde
1238 2834 1328 2888 alii
1360 2832 1597 2887 severius
1621 2826 1920 2892 coercendi,
1950 2826 2037 2879 alii

464 2934 767 3007 vigilantius
782 2928 1093 2999 vestigandi,
1111 2926 1201 2981 alii
1220 2922 1473 2979 tractandi
1497 2921 1707 2991 quidem
1733 2918 1924 2981 lenius,
1946 2914 2041 2968 sed

450 3044 572 3079 tum
605 3023 821 3095 segnius
843 3016 1228 3080 suntdocendi,
1258 3024 1313 3067 ut
1340 3014 1385 3068 si
1416 3027 1521 3066 non
1551 3011 1800 3065 timentur
1828 3021 1896 3062 ne
1920 3020 2045 3078 per-

452 3119 615 3181 dunt,
644 3131 747 3169 non
771 3123 946 3168 tamen
979 3109 1310 3179 negliguntur
1336 3120 1401 3160 ne
1430 3110 1667 3173 pereant.

539 3205 762 3263 CAPUT
792 3204 851 3257 ll.
878 3232 948 3243 --
976 3203 1029 3257 ὃ.
1061 3199 1210 3265 Quod
1238 3198 1380 3253 enim
1420 3204 1603 3265 putant
1626 3190 1822 3247 auferri
1848 3188 1947 3243 sibi
1973 3186 2039 3242 li-

456 3303 656 3356 «bcrum
692 3295 990 3360 arbitrium,
1039 3293 1083 3347 si
1130 3305 1227 3345 nec
1269 3288 1437 3358 ipsam
1482 3286 1674 3341 bonam
1720 3284 2040 3337 voluntatem

471 3394 587 3448 sine
630 3388 895 3459 adjutorio
944 3384 1036 3441 Dei
1084 3382 1354 3437 hominem
1402 3378 1599 3431 habere
1642 3373 2040 3436 consenserint;

458 3498 576 3538 mon
604 3481 901 3549 intelligunt
930 3491 1037 3532 non
1075 3490 1134 3529 se
1169 3474 1381 3527 ﬁrmare
1418 3469 1704 3523 humanum
1734 3465 2005 3520 arbitrium
2027 3504 2042 3528 ,

472 3574 567 3628 sed
597 3570 873 3641 impellere
899 3569 940 3632 ¹,
963 3576 1021 3621 ut
1043 3581 1141 3636 per
1163 3562 1337 3616 inania
1365 3560 1583 3622 feratur,
1615 3571 1719 3610 non
1748 3556 1799 3609 in
1822 3554 2046 3608 Domino

466 3675 722 3734 unquam
746 3661 798 3715 in
827 3666 974 3729 petra
998 3654 1173 3710 stabili
1202 3651 1492 3708 collocetur
1514 3665 1528 3702 :
1558 3657 1771 3717 paratur
1792 3644 1932 3698 enim
1953 3656 2045 3695 vo-

476 3756 650 3808 luntas
674 3766 704 3803 a
727 3748 968 3803 Domino.

543 3848 598 3900 4.
635 3841 786 3910 Quod
810 3848 989 3895 autem
1032 3847 1377 3906 personarum
1417 3836 1748 3897 acceptorem
1778 3825 1943 3879 Deum
1988 3838 2049 3877 se

466 3936 695 3997 credere
721 3930 1044 3993 existimant,
1076 3926 1120 3981 si
1148 3922 1367 3979 credant
1390 3919 1531 3990 quod
1558 3918 1673 3973 sine
1700 3915 1822 3970 uilis
1843 3928 2043 3985 praece-

466 4025 724 4082 dentibus
746 4020 972 4083 mcritis,
1002 4016 1154 4085 cujus
1175 4013 1288 4068 vult
1308 4011 1607 4073 miseretur,
1632 4016 1686 4062 et
1708 4021 1841 4077 quos
1866 4005 2049 4075 digna-

472 4130 561 4174 tur
593 4124 775 4181 vocat,
807 4122 861 4168 et
899 4125 1056 4183 quem
1087 4108 1199 4163 vult
1223 4104 1527 4174 religiosum
1550 4100 1711 4165 facit;
1742 4113 1925 4168 parum
1964 4105 2046 4150 at-

478 4211 697 4267 tendunt
712 4204 853 4277 quod
888 4201 1065 4259 debita
1094 4198 1349 4256 reddatur
1369 4209 1521 4265 poena
1537 4188 2048 4255 damnato,indebita

476 4298 643 4369 gratia
675 4296 919 4358 liberato,
949 4303 1132 4347 utnec
1160 4288 1248 4344 ille
1271 4301 1331 4342 se
1359 4282 1628 4354 indignum
1649 4289 1922 4351 queratur,
1950 4293 2052 4333 nec

478 4390 694 4458 dignum
722 4399 783 4440 se
810 4386 912 4439 iste
938 4380 1228 4452 glorietur;
1269 4385 1429 4445 atque
1466 4373 1538 4427 ibi
1579 4371 1757 4441 potius
1782 4368 2052 4439 acceptio-

483 4492 604 4533 ncm
641 4474 839 4531 nullam
877 4470 991 4527 ﬁeri
1035 4480 1419 4540 personarum,
1459 4462 1548 4517 ubi
1572 4462 1595 4494 ⁸
1621 4476 1725 4515 una
1761 4459 2053 4528 eademque

485 4581 658 4623 massa
681 4561 1035 4621 damnationis
1056 4568 1113 4616 et
1127 4554 1436 4615 offensionis
1456 4552 1697 4617 involvit,
1723 4561 1781 4607 ut
1800 4552 2054 4607 liberatus

483 4660 553 4717 de
594 4673 698 4712 non
730 4655 952 4713 liberato
991 4652 1160 4708 discat
1203 4647 1348 4720 quod
1391 4646 1552 4702 etiam
1598 4644 1700 4701 sibi
1741 4644 2053 4716 supplicium

487 4748 826 4814 conveniret,
858 4745 958 4801 nisi
999 4742 1166 4813 gratia
1194 4739 1516 4797 subveniret.
1560 4737 1617 4792 Si
1652 4744 1828 4790 autem
1853 4735 2051 4806 gratia,

485 4839 669 4910 utique
710 4835 871 4893 nullis
913 4833 1117 4889 meritis
1153 4830 1392 4896 reddita,
1422 4828 1518 4885 sed
1552 4827 1779 4901 gratuita
1818 4826 2056 4883 bonitate

490 4934 699 4990 donata.

556 5022 613 5077 5.
644 5018 750 5078 Sed
773 5018 1018 5089 injustam
1032 5022 1123 5080 est,
1146 5012 1408 5084 inquiunt,
1430 5011 1484 5066 in
1503 5026 1608 5065 una
1631 5008 1900 5079 “denique
1922 5009 2060 5061 mala

486 5130 641 5173 causa
674 5114 805 5167 hunc
831 5108 1050 5174 liberari,
1081 5107 1225 5163 illum
1253 5104 1444 5177 puniri.
1486 5102 1685 5172 Nempe
1708 5115 1834 5170 ergo
1856 5100 2058 5168 justum

490 5217 569 5261 rst
609 5213 889 5273 utrumque
927 5200 1100 5271 puniri
1134 5217 1148 5253 :
1184 5199 1298 5270 quis
1336 5196 1439 5251 hoc
1480 5193 1779 5265 negaverit?
1827 5194 2059 5260 Agamus

493 5310 614 5367 ergo
639 5294 838 5369 gratias
864 5290 1153 5355 Salvatori,
1180 5288 1307 5343 dum
1344 5284 1499 5341 nobis
1522 5298 1625 5338 non
1652 5282 1913 5338 redditum
1942 5296 2060 5336 cer-

495 5389 669 5442 aimns
693 5384 834 5456 quod
860 5385 913 5439 in
953 5381 1292 5438 damnatione
1316 5377 1565 5431 similium
1602 5374 1761 5429 etiam
1789 5373 1941 5429 nobis
1967 5372 2062 5427 de-
2101 5408 2107 5415 -

494 5478 662 5532 hilum
687 5478 844 5531 fuisse
869 5473 1255 5543 cognoscimus.
1280 5468 1334 5524 Si
1363 5468 1503 5522 enim
1541 5465 1716 5519 omnis
1741 5464 1899 5519 homo
1935 5466 2062 5521 libe-

497 5578 724 5633 raretut‘,
772 5566 953 5634 utique
996 5564 1185 5617 lateret
1229 5557 1356 5629 quid
1405 5564 1621 5627 peccato
1667 5570 1762 5625 per
1803 5554 2061 5626 justitiam

558 5704 573 5732 ¹
607 5707 712 5748 tum.
737 5706 858 5755 tres,
880 5694 1147 5760 inﬁrmare.
1161 5692 1252 5760 Alii
1275 5692 1496 5750 totidem,
1518 5687 1704 5754 inﬂare.

560 5765 579 5792 ’
613 5769 738 5811 Unus
755 5776 784 5811 θ
808 5753 957 5810 mue.
976 5764 1105 5819 διες»,
1121 5753 1201 5805 ubi
1217 5766 1376 5805 omnes
1398 5765 1511 5803 tota.

1652 344 1709 400 S.
1749 330 2109 396 AUGUSTINI
2150 330 2451 387 ΕΡιὸιίοΗ

3586 314 3700 372 878

2115 449 2397 512 debeatur;
2429 446 2477 500 si
2501 456 2680 508 nemo,
2704 440 2827 510 quid
2865 439 3030 510 gratia
3057 435 3350 507 largiretur.
3375 431 3445 489 Ut
3469 444 3603 502 ergo
3630 431 3690 487 in

2116 539 2215 595 huc
2238 538 2543 594 difﬁcillima
2580 533 2871 604 quaestione
2899 529 3075 586 verbis
3102 528 3280 597 potius
3316 532 3527 579 utamur
3547 525 3699 592 Apo-

2117 632 2258 698 stoli,
2293 630 2474 685 Valens
2496 628 2635 683 Deus
2658 624 2916 680 ostendere
2945 622 3101 686 iram,
3141 629 3192 674 et
3225 619 3568 674 demonstrare
3596 633 3697 687 po-

2119 723 2325 776 tentiam
2345 735 2510 785 stiam,
2561 717 2728 771 attulit
2754 716 2805 770 in
2835 713 2994 767 niulta
3019 710 3258 782 patientia
3282 723 3402 762 uasa
3432 707 3553 771 ira,
3580 719 3704 778 qius

2122 812 2339 882 perfecta
2360 818 2475 863 sunt
2497 809 2551 861 in
2572 806 2927 876 perditionem;
2956 810 3003 855 et
3037 808 3089 854 sit
3114 809 3261 853 notas
3282 799 3466 868 {amet
3490 797 3708 851 divitias

2121 904 2296 976 gloria
2313 916 2418 956 suc
2437 900 2489 953 in
2509 915 2629 953 vasa
2649 894 3036 950 misericordia:
3055 892 3139 946 cui
3160 905 3269 944 non
3288 896 3464 959 potest
3484 887 3705 959 ﬁgmen-

2124 1007 2233 1051 tum
2261 994 2439 1050 dicere
2457 1033 2471 1058 ,
2501 992 2666 1057 Quare
2691 988 2763 1043 sic
2788 1003 2867 1041 me
2886 985 3082 1057 fecisti?
3107 998 3227 1037 cum
3259 982 3446 1037 habeat
3472 989 3701 1049 potesta-

2125 1098 2222 1142 tem
2249 1102 2313 1140 ea:
2334 1084 2507 1139 eadem
2532 1097 2696 1136 massa
2721 1080 2886 1149 facere
2913 1074 3055 1130 aliud
3074 1090 3162 1129 vas
3187 1073 3240 1127 in
3268 1074 3525 1133 honorem,
3553 1068 3701 1124 aliud

2124 1180 2177 1233 in
2204 1175 2557 1233 contumeliam
2583 1172 2756 1245 (Rom.
2780 1185 2835 1224 ix
2857 1210 2873 1235 ,
2902 1165 3113 1236 20-23).
3159 1164 3259 1221 Ubi
3300 1164 3420 1233 quia
3452 1161 3704 1217 universa

2128 1271 2227 1325 ista
2254 1281 2427 1322 massa
2453 1265 2644 1319 merito
2668 1262 2912 1315 damnata
2934 1265 3038 1322 est,
3064 1255 3437 1310 contumeliam
3466 1251 3704 1306 debitam

2129 1358 2304 1415 reddit
2327 1356 2549 1427 justitia,
2581 1353 2836 1406 honorem
2862 1348 3030 1402 donat
3059 1345 3350 1400 indebitum
3376 1342 3563 1412 gratia,
3592 1356 3707 1395 non

2133 1448 2309 1504 meriti
2337 1443 2679 1516 praarogativa
2699 1482 2714 1506 ,
2746 1455 2852 1493 non
2881 1437 2969 1492 fati
2996 1434 3332 1497 necessitate,
3362 1447 3466 1485 non
3488 1431 3708 1485 temeri~

2134 1549 2241 1594 tute
2268 1538 2529 1602 furtunae,
2574 1532 2668 1588 sed
2702 1529 2976 1584 altitudine
3012 1524 3313 1581 divitiarum
3352 1520 3629 1591 sapientiae
3654 1529 3714 1574 et

2133 1628 2367 1684 scientias
2395 1624 2523 1686 Dei;
2564 1637 2721 1692 quam
2751 1634 2855 1673 non
2885 1615 3077 1686 aperit,
3104 1614 3197 1669 sed
3225 1613 3456 1667 clausam
3484 1610 3711 1663 miratur

2132 1718 2440 1788 Apostolus,
2467 1716 2703 1769 clamans
2726 1728 2741 1766 :
2771 1709 2815 1763 0
2834 1707 3048 1762 altitudo
3072 1704 3359 1758 divitiarum
3375 1700 3640 1769 sapientia:
3659 1709 3712 1752 et

2133 1808 2354 1865 scientia
2382 1805 2509 1859 Dei!
2546 1803 2710 1868 Quam
2747 1796 3091 1854 inurutabilia
3118 1802 3233 1848 sunt
3263 1791 3462 1863 judicia
3487 1790 3626 1860 ejus,
3667 1798 3715 1839 et

2133 1896 2495 1969 uevcstigabiles
2532 1894 2624 1947 via
2646 1890 2787 1963 ejus!
2816 1888 2943 1954 Quis
2962 1887 3093 1939 enim
3121 1882 3349 1953 cognorit
3371 1896 3574 1933 sensum
3598 1876 3714 1929 Do-

2136 1992 2258 2046 mini
2274 1993 2301 2046 ?
2321 1999 2409 2043 aut
2431 1988 2540 2058 quis
2564 1984 2881 2040 consiliarius
2910 1981 3018 2050 ejus
3049 1977 3183 2049 fuit?
3210 1983 3299 2027 aut
3317 1973 3427 2044 quis
3455 1972 3595 2043 prior
3622 1969 3716 2023 de-

2137 2086 2209 2136 dit
2230 2082 2325 2146 illi,
2352 2089 2399 2133 et
2418 2078 2714 2132 retribuetur
2733 2074 2817 2127 ei?
2841 2070 3089 2136 Quoniam
3112 2082 3175 2120 ea:
3194 2065 3324 2137 ipso,
3346 2071 3394 2117 et
3417 2078 3504 2129 per
3522 2062 3718 2129 ipsum,

2138 2185 2183 2229 et
2210 2174 2263 2227 in
2298 2172 2411 2243 ipso
2454 2176 2569 2222 sunt
2610 2160 2941 2230 omnia:ipsi
2980 2157 3145 2230 gloria
3187 2155 3241 2209 in
3282 2155 3469 2207 sarcula
3506 2149 3718 2205 saculo-

2138 2280 2271 2317 rum.
2298 2261 2456 2315 Amen
2484 2256 2598 2328 (Id.
2635 2271 2715 2321 si,
2741 2252 2951 2322 35-56).

2209 2353 2434 2411 CAPUT
2472 2350 2558 2407 lii.
2589 2378 2662 2390 —--
2683 2349 2736 2402 6.
2760 2346 2958 2401 Nolunt
2981 2351 3159 2397 autem
3184 2348 3243 2395 ut
3264 2340 3330 2393 sit
3351 2337 3450 2408 ipsi
3474 2335 3639 2406 gloria
3666 2336 3724 2390 in

2136 2444 2487 2519 justilicandis
2506 2440 2682 2511 impiis
2703 2435 2924 2509 gratuita
2946 2434 3134 2505 gratia,
3153 2432 3241 2501 qui
3268 2429 3385 2499 ejus
3412 2430 3722 2498 ignorantes

2137 2540 2395 2610 justitiam
2417 2576 2434 2602 ,
2474 2550 2624 2590 suam
2666 2532 2850 2586 volunt
2900 2528 3225 2583 constituere
3250 2523 3271 2596 (
3297 2524 3386 2579 Id.
3416 2538 3474 2590 ι,
3504 2523 3561 2592 ’5)
3587 2538 3601 2574 :
3635 2520 3723 2575 vel

2139 2632 2248 2699 jam
2278 2625 2717 2684 conclamantium
2761 2621 3127 2690 religiosorum
3173 2625 3227 2673 et
3264 2616 3471 2682 piorum
3500 2612 3721 2667 vocibus

2145 2721 2343 2793 pressi,
2390 2720 2460 2773 ita
2504 2732 2563 2772 se
2606 2715 2835 2770 fatentur
2872 2713 2938 2767 ad
2978 2709 3274 2767 habendam
3301 2722 3399 2764 seu
3427 2704 3722 2761 faciendam

2139 2811 2397 2880 justitiam
2440 2806 2688 2861 divinitus
2725 2802 2999 2873 adjuvari,
3032 2811 3086 2853 nt
3114 2799 3195 2854 sui
3232 2796 3493 2869 praecedat
3517 2793 3721 2863 aliquid

2147 2899 2359 2963 meriti,
2387 2896 2535 2967 quasi
2565 2896 2768 2964 priores
2796 2894 3033 2945 volentes
3060 2888 3189 2943 dare
3216 2896 3271 2942 ut
3301 2886 3625 2941 retribuatur
3642 2882 3727 2937 eis

2146 2996 2215 3047 ah
2243 2991 2333 3047 illo
2362 2990 2429 3045 de
2460 3004 2565 3059 quo
2592 2987 2790 3041 dictum
2818 2992 2919 3046 est,
2959 2980 3085 3046 Quis
3114 2980 3253 3049 prior
3280 2977 3415 3031 dedit
3440 2975 3539 3037 illi,
3570 2983 3620 3028 et
3644 2989 3725 3026 re-

2147 3085 2389 3137 tribuetur
2414 3082 2459 3135 ei
2476 3093 2496 3143 ;
2521 3091 2572 3134 et
2602 3091 2701 3132 suo
2732 3085 2973 3145 putantes
2996 3072 3184 3141 praeire
3211 3070 3403 3125 merito
3431 3067 3578 3121 illum
3609 3067 3625 3098 ⁸
3657 3065 3731 3119 de

2146 3188 2251 3241 quo
2287 3170 2526 3231 audiunt,
2558 3175 2649 3221 aut
2686 3164 2860 3235 potius
2885 3163 3071 3217 audire
3099 3161 3312 3225 nolunt,
3372 3157 3626 3223 Quoniam
3661 3173 3728 3210 es

2147 3265 2279 3334 ipso,
2315 3271 2360 3316 et
2387 3276 2475 3333 per
2496 3262 2682 3330 ipsum,
2712 3266 2758 3310 et
2791 3256 2844 3309 in
2878 3256 2989 3326 ipso
3015 3261 3131 3306 sunt
3155 3251 3345 3306 omnia.
3372 3250 3606 3319 Quarum
3634 3262 3729 3299 au-

2150 3364 2253 3408 tem
2278 3352 2576 3406 divitiarum
2603 3358 2682 3402 est
2707 3345 2930 3400 altitudo
2958 3342 3231 3413 sapientiae
3250 3348 3306 3395 et
3324 3338 3563 3393 scientia:
3587 3342 3726 3405 ejus,

2149 3462 2212 3499 ex
2250 3444 2331 3497 his
2357 3453 2478 3497 sunt
2501 3440 2697 3494 divitim
2725 3437 2909 3508 glorias
2935 3436 3052 3506 ejus
3078 3434 3129 3488 in
3156 3447 3280 3487 vasa
3310 3427 3689 3485 misericordiae
3708 3467 3730 3495 ,

2148 3551 2266 3606 qua:
2308 3542 2459 3587 vocat
2496 3535 2549 3585 in
2593 3528 2968 3598 adoptionem;
3012 3538 3143 3595 quas
3180 3523 3394 3577 divitias
3437 3528 3593 3574 notas
3619 3518 3731 3572 vult

2151 3628 2324 3683 facere
2349 3627 2507 3682 etiam
2545 3639 2640 3695 per
2665 3638 2788 3676 vasa
2813 3622 2926 3686 irm,
2959 3633 3075 3689 qua:
3099 3614 3331 3687 perfecta
3359 3622 3488 3669 sunt
3522 3610 3575 3665 in
3606 3625 3730 3681 per-

2151 3720 2422 3775 ditionem.
2452 3717 2517 3770 Et
2544 3732 2662 3785 qua.
2683 3723 2807 3767 sunt
2828 3713 2925 3765 vize
2954 3708 3366 3777 investigabiles,
3395 3703 3493 3758 nisi
3519 3702 3585 3756 dc
3611 3700 3733 3770 qui-

2152 3812 2250 3866 bus
2268 3812 2319 3864 in
2339 3808 2552 3864 Psalmo
2577 3804 2812 3860 canitur:
2841 3801 3094 3856 Universa:
3114 3802 3205 3852 ria:
3221 3796 3423 3850 Domini
3446 3793 3733 3847 misericor-

2154 3901 2240 3954 dia
2283 3910 2329 3954 et
2374 3898 2555 3952 acritas
2599 3893 2769 3968 (Psal.
2798 3907 2957 3954 xxsv,
2989 3888 3115 3961 ill)?
3147 3889 3305 3958 igitur
3343 3884 3733 3954 investigahilcs

2154 4000 2273 4047 sunt
2304 3985 2663 4043 misericordia
2690 3992 2743 4039 et
2769 3985 2964 4037 veritas
2983 3982 3100 4050 ejus
3124 3996 3137 4031 :
3169 3976 3418 4047 quoniam
3449 3975 3599 4042 cujus
3620 3973 3736 4026 vult

2154 4082 2456 4142 miseretur,
2488 4092 2593 4132 non
2616 4073 2817 4144 justitia
2837 4115 2851 4140 ,
2879 4071 2974 4127 sed
3000 4068 3378 4124 misericordia:
3400 4066 3566 4137 gratia
3593 4066 3648 4129 ’ς
3677 4074 3735 4118 et

2155 4185 2311 4243 quem
2351 4168 2461 4224 vult
2498 4166 2750 4231 obdurat,
2780 4178 2884 4217 non
2914 4161 3219 4231 iniquitate,
3248 4158 3341 4212 sed
3371 4158 3588 4211 veritate
3612 4156 3733 4207 vin—

2156 4265 2329 4320 dieue.
2362 4262 2490 4329 Quae
2516 4270 2692 4315 tamen
2722 4254 3083 4311 misericordia
3106 4262 3161 4307 et
3191 4251 3385 4305 veritas
3414 4250 3483 4302 ita
3521 4246 3620 4300 sibi
3646 4260 3739 4299 oc-

2157 4362 2378 4410 currunt
2395 4393 2411 4417 ,
2436 4350 2556 4421 quia
2579 4347 2833 4415 scriptum
2857 4352 2959 4403 est.
2995 4340 3344 4396 Misericordia
3368 4347 3414 4393 et
3439 4337 3618 4392 ueritas
3642 4333 3733 4388 ob-

2158 4446 2416 4500 riauerunt
2442 4441 2533 4495 sibi
2570 4435 2739 4511 (Psal.
2764 4449 2987 4497 uxxrv,
3013 4431 3131 4502 ll);
3161 4440 3220 4484 ut
3248 4443 3347 4483 nec
3377 4424 3736 4481 misericordia

2160 4534 2413 4605 impediat
2442 4530 2738 4589 veritatem,
2768 4541 2870 4594 qua
2901 4522 3144 4593 plectitur
3168 4519 3391 4589 dignus,
3423 4531 3522 4571 nec
3546 4514 3741 4568 veritas

2161 4626 2599 4689 misericordiam,
2624 4637 2727 4693 qua
2752 4620 3004 4674 liberatur
3029 4615 3292 4686 indignus.
3316 4614 3444 4681 Quae
3464 4610 3622 4680 igitur
3644 4625 3742 4664 sua

2158 4720 2347 4774 merita
2372 4715 2663 4787 jactaturus
2688 4721 2769 4766 est
2798 4710 3068 4775 liberatus,
3090 4722 3209 4761 cum
3241 4705 3284 4759 si
3311 4704 3467 4773 digna
3493 4700 3602 4755 suis
3628 4715 3743 4754 me-

2160 4812 2276 4867 ritis
2315 4808 2685 4871 redderentur,
2725 4817 2831 4856 non
2862 4808 3001 4856 esset
3045 4797 3145 4852 nisi
3175 4793 3491 4851 damnatus?
3518 4791 3745 4846 Nullane

2162 4903 2319 4971 igitur
2355 4906 2479 4954 sunt
2521 4896 2709 4951 merita
2732 4888 3035 4962 justorum?
3077 4887 3213 4944 Sunt
3254 4886 3439 4957 plane,
3468 4883 3586 4954 quia
3613 4882 3742 4951 justi

2159 5000 2302 5049 sunt.
2333 4988 2440 5044 Sed
2466 4995 2523 5041 ut
2547 4986 2675 5055 justi
2715 4982 2936 5047 ﬁerent,
2965 4979 3152 5035 merita
3179 4993 3285 5033 non
3327 4975 3541 5030 fuerunt
3572 4991 3585 5025 :
3613 4971 3747 5042 justi

2158 5086 2303 5142 enim
2333 5081 2453 5136 facti
2496 5087 2657 5144 sunt,
2697 5091 2816 5130 cum
2842 5071 3113 5144 justiﬁcati
3142 5079 3299 5135 sunt;
3330 5067 3424 5122 sed
3454 5067 3590 5121 sicut
3617 5064 3749 5118 dicit

2163 5174 2467 5246 Apostolus,
2493 5167 2769 5240 Justiﬁcati
2797 5165 2954 5239 gratis
2991 5179 3081 5235 per
3115 5162 3334 5234 gratiam
3360 5159 3519 5230 ipsius
3550 5154 3743 5228 (Rom.

2164 5283 2221 5323 ιιι
2239 5309 2252 5332 ,
2287 5265 2402 5335 ‘24).

2237 5358 2291 5411 7.
2317 5356 2450 5411 Cum
2492 5352 2652 5423 igitur
2692 5347 2815 5402 huic
2856 5345 3040 5417 gratia:
3083 5342 3283 5398 inimici
3328 5337 3609 5406 infestique
3635 5336 3747 5389 sint

2170 5447 2291 5514 isti,
2342 5444 2582 5514 Pelagius
2628 5453 2803 5494 tamen
2850 5438 2902 5491 in
2948 5432 3304 5490 ecclesiastico
3340 5429 3540 5501 judicio
3581 5426 3749 5480 Palm-

2232 5563 2250 5593 ¹
2275 5567 2381 5610 Mss.
2406 5570 2582 5608 novem
2606 5568 2620 5604 :
2641 5560 2696 5604 El
2717 5567 2805 5607 sua
2826 5557 3041 5618 putantes
3060 5544 3430 5618 prteiremerita
3445 5545 3510 5618 ad

2232 5626 2251 5655 ε
2277 5604 2491 5671 ἔξω(
2504 5604 2602 5667 Ain.
2628 5623 2679 5665 et
2694 5604 2766 5681 ri.
2786 5604 2845 5681 fit
2865 5622 2971 5664 ων.
2994 5604 3121 5681 mon
3132 5610 3352 5681 justitia,
3372 5607 3458 5681 sed
3472 5604 3757 5681 ῃιίδριίεςς-

2302 5664 2479 5749 situt;
2666 5664 2896 5741 plerique
2924 5684 3055 5725 :Non
3065 5664 3271 5737 justitia,
3298 5664 3383 5722 sed
3415 5664 3759 5719 misericordia
