4086 6350
293 360 392 419 δτι

292 476 430 533 stino
459 474 536 545 (a)
570 472 705 544 (non
735 468 877 527 enim
924 469 1078 524 aliter
1116 465 1240 522 inde
1276 466 1565 535 impunitus
1591 461 1865 534 exlisset),

291 562 755 622 anathematizavit
775 576 871 617 eos
896 560 985 630 qui
1000 548 1185 614 dicunt
1208 558 1427 627 gratiam
1458 555 1551 609 Dei
1576 554 1866 609 secundum

290 657 481 714 merita
508 655 645 711 dari.
685 652 791 711 Sed
836 650 965 706 nihil
1008 648 1151 704 aliud
1192 649 1245 703 in
1275 662 1459 703 eorum
1497 646 1655 701 etiam
1687 652 1866 715 poste-

292 748 524 803 ri0ribus
563 742 1003 817 disputationibus
1024 740 1309 803 invenitur.
1337 753 1494 809 quam
1524 736 1726 793 meritis
1752 735 1866 789 dari

292 854 411 893 eam
453 837 709 906 gratiam,
752 830 822 889 de
850 832 1009 902 ’cujns
1033 829 1493 887 commendatione
1536 827 1763 882 maxime
1800 826 1867 879 ad

295 930 563 983 Romanos
586 924 874 995 apostolica
899 922 1132 992 Epistola
1156 920 1409 991 loquitur,
1433 928 1489 973 ut
1505 917 1631 973 inde
1655 930 1713 971 se
1735 932 1869 985 pra:-

294 1018 490 1073 dicatio
512 1016 627 1085 ejus
650 1015 797 1069 velut
818 1028 847 1066 a
872 1012 1044 1081 capite
1069 1011 1347 1065 orbis'toto
1366 1009 1494 1064 orbe
1518 1006 1827 1063 diﬁ‘underet
1852 1021 1867 1061 :

295 1127 358 1166 ea
396 1116 479 1165 est
530 1108 670 1162 enim
696 1122 799 1177 qua
823 1104 1141 1175 iustiﬁcatur
1166 1103 1375 1171 impius,
1409 1100 1459 1154 id
1489 1107 1590 1165 est,
1618 1097 1677 1153 ﬁt
1697 1098 1870 1166 justus

294 1198 384 1268 qui
413 1198 559 1267 prius
581 1205 697 1252 erat
723 1195 931 1265 impius.
960 1194 1025 1247 Et
1049 1192 1167 1247 ideo
1194 1190 1545 1261 percipienda:
1570 1188 1727 1257 hujus
1752 1201 1872 1257 gra-

257 1276 273 1337 ἷ
297 1289 391 1345 tia
416 1288 603 1343 merita
626 1286 769 1341 nulla
793 1282 1127 1355 praecedunt,
1159 1282 1407 1353 quoniam
1447 1279 1652 1334 meritis
1690 1277 1867 1346 impii,

297 1394 403 1435 non
426 1378 614 1448 gratia,
642 1375 739 1431 sed
763 1389 920 1448 pana
949 1374 1170 1429 debetur
1198 1390 1211 1425 :
1243 1385 1343 1426 nec
1373 1372 1469 1426 ista
1499 1376 1643 1424 esset
1668 1367 1831 1438 gratia
1851 1408 1869 1434 ,

297 1471 342 1525 si
373 1486 476 1523 non
500 1468 713 1523 daretur
731 1466 977 1536 gratuita,
1006 1464 1101 1520 sed
1128 1462 1303 1517 debita
1334 1460 1663 1515 redderetur.

368 1562 423 1615 8.
453 1558 557 1615 Sed
585 1572 706 1612 eum
740 1556 810 1610 ab
851 1557 967 1610 istis
1004 1554 1256 1624 quaeritur
1282 1567 1437 1623 quam
1466 1550 1687 1621 gratiam
1716 1545 1868 1602 Pela-

298 1657 416 1726 gius
440 1654 695 1725 cogitaret
735 1650 852 1706 sine
895 1650 1017 1706 ullis
1043 1646 1465 1719 prmcedentibus
1494 1642 1696 1698 meritis
1721 1640 1833 1696 dari
1854 1681 1870 1705 ,

302 1747 515 1820 quando
555 1742 1034 1801 anathematisahat
1070 1754 1165 1795 eos
1194 1738 1283 1809 qui
1312 1737 1494 1792 dicunt
1529 1734 1749 1806 gratiam
1782 1731 1874 1785 Dei

303 1840 592 1897 secundum
620 1836 807 1893 merita
850 1844 1030 1890 nostra
1057 1831 1205 1898 dari;
1237 1829 1560 1900 respondent
1597 1825 1714 1887 sine
1752 1823 1875 1879 ullis

305 1930 725 2003 praecedentibus
767 1925 971 1982 meritis
996 1924 1215 1994 gratiam
1242 1921 1408 1990 ipsam
1436 1919 1719 1973 humanam
1757 1930 1876 1971 esse

306 2031 546 2077 naturam
576 2020 631 2074 in
651 2034 753 2088 qua
773 2016 970 2071 comliti
992 2028 1176 2071 sumus
1199 2030 1213 2067 :
1238 2026 1410 2081 neque
1432 2010 1572 2064 enim
1594 2017 1877 2076 antequam

304 2127 565 2177 essemus,
595 2108 786 2163 mereri
808 2106 1005 2177 aliquid
1029 2114 1336 2175 poteramus
1361 2110 1418 2155 ut
1442 2115 1700 2155 essemus.
1727 2097 1875 2167 Abji-

306 2204 476 2259 ciatur
501 2218 531 2256 a
556 2202 979 2259 Christianorum
1003 2197 1250 2253 cordibus
1292 2197 1390 2250 ista
1430 2194 1631 2248 fallacia
1664 2208 1679 2247 :
1710 2206 1830 2245 nam
1858 2188 1876 2221 ⁸

307 2295 525 2350 omnino
546 2308 650 2347 non
672 2292 824 2347 istam
844 2290 1067 2361 gratiam
1086 2286 1424 2343 commendat
1448 2283 1751 2353 Apostolus,
1776 2293 1878 2349 qua

308 2384 471 2440 creati
493 2398 680 2440 sumus
708 2391 763 2437 ut
792 2380 1033 2437 homines
1058 2392 1296 2433 essemus
1313 2416 1329 2442 ,
1369 2374 1463 2430 sed
1487 2389 1586 2443 qua
1609 2370 1878 2441 justiﬁeati

308 2492 431 2533 cum
460 2475 583 2529 mali
623 2474 866 2528 homines
889 2485 1149 2528 essemus.
1176 2469 1279 2524 Ista
1323 2474 1406 2523 est
1428 2467 1568 2521 enim
1596 2464 1759 2534 gratia
1786 2477 1881 2533 per

309 2565 489 2621 Jesum
514 2564 781 2621 Christum
812 2562 1089 2616 Dominum
1116 2568 1375 2615 nostrum.
1406 2555 1615 2611 Etenim
1636 2552 1881 2608 Christus

313 2671 419 2711 non
446 2670 544 2726 pro
571 2655 726 2709 nullis
751 2660 809 2708 ut
850 2651 1093 2706 homines
1128 2648 1503 2713 conderentur,
1532 2644 1623 2698 sed
1652 2658 1751 2714 pro
1780 2642 1882 2697 im-

313 2746 416 2815 piis
446 2755 682 2800 mortuus
704 2751 787 2799 est
820 2752 878 2797 ut
898 2740 1345 2812 justiﬁcarentur:
1372 2738 1481 2806 jam
1504 2736 1696 2805 quippe
1724 2733 1883 2787 homo

312 2845 427 2890 erat
452 2835 541 2905 qui
565 2833 793 2899 dicebat,
826 2831 984 2886 Hiser
1007 2846 1096 2902 ego
1120 2830 1269 2883 homo
1290 2870 1303 2893 ,
1331 2828 1443 2898 quis
1470 2840 1550 2880 me
1577 2823 1802 2878 liberabit
1822 2822 1886 2875 de

313 2942 521 2995 corpore
542 2926 715 2980 mortis
751 2924 937 2996 hujus?
964 2921 1141 2976 Gratia
1175 2919 1272 2973 Dei
1313 2935 1401 2986 per
1431 2916 1608 2971 Iesum
1632 2914 1885 2969 Christum

312 3015 588 3070 Dominum
609 3024 834 3069 nostrum
850 3013 1022 3083 (Rom.
1046 3026 1140 3076 vn,
1169 3010 1258 3072 24,
1284 3008 1398 3077 25).

386 3105 441 3161 9.
472 3106 702 3161 Possunt
726 3104 937 3175 quidem
964 3102 1141 3156 dicere
1160 3098 1527 3155 remissionem
1551 3104 1887 3167 peccatorum

317 3212 438 3252 esse
461 3198 705 3267 gratiam,
729 3211 847 3267 quae
867 3194 1026 3249 nullis
1043 3190 1459 3263 praecedentibus
1480 3190 1683 3244 meritis
1699 3188 1884 3242 datur:

316 3290 605 3359 quidenim
629 3288 823 3343 habere
843 3286 965 3341 boni
986 3284 1157 3340 meriti
1184 3292 1404 3353 possunt
1423 3280 1760 3352 peccatores?
1786 3279 1891 3333 Sed

317 3396 419 3435 nec
447 3383 560 3449 ipsa
588 3379 830 3434 remissio
862 3384 1196 3446 peccatorum
1227 3375 1343 3428 sine
1366 3374 1543 3442 aliquo
1571 3373 1761 3426 merito
1786 3381 1887 3435 est,

315 3471 363 3525 si
390 3470 524 3525 ﬁdes
553 3469 689 3523 hanc
718 3468 965 3537 impetrat
988 3483 1002 3521 :
1034 3480 1207 3534 neque
1233 3464 1374 3519 enim
1401 3463 1599 3517 nullum
1630 3470 1712 3516 est
1736 3462 1893 3515 meri-

318 3571 433 3615 tum
474 3559 630 3623 ﬁdei;
671 3573 774 3628 qua
799 3556 905 3613 ﬁde
932 3557 1017 3611 ille
1044 3556 1285 3618 dicebat,
1318 3554 1484 3621 Deus,
1517 3554 1764 3623 prapitius
1788 3562 1893 3606 esto

320 3650 447 3704 mihi
472 3648 721 3721 peccatori
736 3664 756 3713 ;
783 3655 840 3701 et
862 3644 1137 3701 descendit
1154 3644 1469 3716 justiﬁcatus
1505 3644 1697 3697 merito
1725 3642 1895 3697 ﬁdelis

322 3740 638 3795 humilitatis
663 3740 707 3805 ’,
747 3737 995 3807 quoniam
1041 3738 1227 3806 quise
1269 3735 1536 3798 humiliat,
1580 3734 1893 3788 exaltabitur

324 3831 477 3901 (Luc.
507 3844 660 3893 xvm,
684 3830 771 3896 15,
796 3828 906 3898 14).
934 3827 1116 3882 Restat
1135 3828 1290 3896 igitur
1312 3833 1369 3879 ut
1386 3826 1553 3895 ipsam
1576 3824 1732 3879 ﬁdem
1758 3824 1897 3878 unde

325 3922 500 3977 omnis
519 3922 719 3991 justitia
745 3920 904 3975 sumit
928 3918 1132 3973 initium
1148 3956 1164 3984 ,
1201 3928 1416 3987 propter
1438 3916 1578 3987 quod
1614 3915 1806 3971 dicitur
1829 3916 1896 3969 ad

328 4013 621 4067 Ecclesiam
639 4011 694 4065 in
714 4008 931 4065 Cantico
951 4008 1296 4072 canticorum,
1334 4005 1508 4061 Venics
1527 4015 1573 4059 et
1599 4005 1900 4074 pertransies

326 4105 391 4159 ab
418 4104 561 4157 initio
583 4102 703 4172 ﬁdei
733 4101 902 4173 (Cant.
929 4116 1002 4166 tv,
1031 4115 1130 4154 sec.
1159 4098 1323 4167 LXX)
1350 4114 1364 4151 :
1411 4105 1606 4161 restat,
1651 4098 1861 4166 inquam
1880 4132 1897 4163 ,

326 4205 387 4249 ut
424 4195 592 4264 ipsam
634 4192 791 4247 ﬁdem
831 4206 938 4246 non
975 4190 1241 4255 humano,
1283 4188 1425 4258 quod
1448 4188 1538 4244 isti
1576 4187 1833 4241 extollunt
1856 4187 1898 4252 ³,

328 4286 625 4341 tribuamus
650 4284 891 4349 arbitrio,
935 4296 1034 4337 nec
1062 4281 1183 4335 ullis
1215 4278 1631 4350 praecedentibus
1665 4278 1900 4344 meritis,

328 4378 578 4447 quoniam
622 4374 747 4431 inde
774 4374 1032 4443 incipiunt
1058 4371 1197 4426 bona
1240 4385 1584 4441 quaecumque
1622 4380 1746 4424 sunt
1786 4386 1903 4426 mc-

330 4469 466 4532 rita;
496 4466 590 4522 sed
613 4466 899 4537 gratuitum
926 4463 1122 4518 donum
1153 4463 1244 4516 Dei
1268 4476 1387 4517 esse
1409 4460 1687 4525 fateamur,
1713 4461 1755 4515 si
1785 4475 1906 4530 gra-

333 4561 459 4615 tiam
488 4574 698 4624 veram,
745 4558 798 4613 id
839 4566 923 4613 est
962 4556 1079 4611 sine
1106 4556 1342 4619 meritis,
1386 4554 1678 4624 cogitamus
1704 4569 1719 4605 :
1745 4554 1902 4624 quia,

330 4654 469 4709 sicut
492 4653 544 4708 in
571 4651 759 4708 eadem
786 4648 1023 4719 Epistola
1050 4648 1260 4718 legitur,
1304 4646 1441 4701 Deus
1459 4646 1724 4716 unicuique
1743 4647 1906 4717 parti-

332 4753 415 4798 tur
438 4758 725 4797 mensuram
751 4741 871 4810 ﬁdei
908 4738 1086 4809 (Rom.
1115 4754 1217 4804 xtl,
1245 4738 1321 4809 3).
1350 4737 1520 4806 Opera
1550 4738 1743 4806 quippe
1767 4736 1904 4792 bona

332 4835 470 4890 ﬁunt
490 4832 561 4889 ab
584 4833 827 4899 homine;
856 4832 989 4887 ﬁdes
1016 4838 1192 4885 autem
1220 4829 1280 4885 ﬁt
1302 4830 1355 4884 in
1385 4830 1599 4884 homine
1616 4869 1630 4893 ,
1662 4829 1777 4884 sine
1802 4844 1907 4898 qua

332 4926 422 4981 illa
446 4940 477 4979 a
500 4925 644 4980 nullo
665 4924 797 4979 ﬁunt
821 4923 1055 4978 homine.
1082 4920 1250 4976 Omne
1270 4919 1411 4977 enim
1438 4921 1579 4991 quod
1603 4936 1709 4975 non
1736 4928 1905 4976 estex

334 5017 461 5083 ﬁde,
486 5022 758 5086 peccatum
786 5022 872 5072 est
899 5012 947 5087 (1
956 5013 1009 5067 d.
1041 5028 1149 5076 xlv,
1176 5011 1291 5080 2'5).

406 5109 494 5164 10.
535 5109 888 5176 Quapropter,
918 5120 986 5169 ne
1012 5119 1072 5160 se
1096 5103 1177 5158 vel
1204 5102 1369 5172 ipsius
1388 5099 1641 5157 orationis
1660 5102 1907 5157 meritum

334 5200 577 5265 extollat,
598 5197 805 5252 etiamsi
826 5195 894 5251 ad
916 5193 1202 5250 vincendas
1228 5192 1594 5262 temporalium
1616 5208 1791 5247 rerum
1817 5207 1909 5247 eu-

336 5290 607 5360 piditates,
636 5298 691 5344 et
717 5285 983 5357 diligenda
1012 5284 1150 5339 bona
1178 5293 1374 5339 interna
1404 5292 1562 5353 atque
1590 5283 1761 5354 ipsum
1792 5282 1910 5336 ion-

338 5392 444 5435 tem
460 5378 698 5434 omnium
718 5377 976 5433 bonorum
998 5375 1185 5438 Deum,
1202 5372 1517 5443 adiutorium
1533 5372 1689 5427 datur
1701 5371 1873 5427 oranti
1892 5389 1908 5439 ;

398 5492 416 5523 ⁸
450 5484 1242 5541 ηςιιαιαινιῡιοωαιίειωη.

1410 5547 1586 5609 quibus
1605 5546 1915 5597 consentiunt

433 5649 444 5661 .
468 5627 681 5674 septem.

402 5678 423 5707 ⁴
455 5665 657 5725 διὸιιεε.
682 5673 864 5736 plures.
888 5678 946 5725 At
973 5670 1086 5723 ωσι.
1106 5668 1308 5732 habent.
1329 5679 1424 5733 quo
1442 5665 1519 5721 isti
1538 5666 1849 5720 extolluntur.

400 5757 474 5820 (a)
505 5756 843 5821 Diosjoﬁtano.

1464 341 1937 403 EPISTOLARUM
1975 336 2247 396 CLASSIS
2286 342 2368 395 lll.

3441 344 3541 409 878

1975 458 2105 513 ﬁdes
2128 467 2245 513 orat
2272 474 2389 529 qua:
2416 457 2537 513 data
2576 468 2657 513 est
2697 475 2800 513 non
2829 461 3037 530 oranti,
3068 478 3186 533 qua:
3224 464 3405 533 utique
3433 467 3533 523 nisi

1969 550 2091 605 data
2119 559 2289 612 esset,
2331 565 2486 606 orare
2515 567 2617 604 non
2652 560 2847 620 posset.
2882 553 3142 619 Quomodo
3178 557 3310 609 enim
3337 556 3538 612 invoca-

1972 644 2109 704 bant,
2137 642 2188 693 in
2212 658 2357 712 quem
2383 658 2483 696 non
2506 642 2861 697 crediderunt?
2882 645 3127 713 quomodo
3147 647 3366 711 credent,
3392 665 3541 719 quem

1966 748 2071 785 non
2086 732 2385 785 audierunt?
2401 732 2648 805 quomodo
2668 734 2871 787 audient
2888 735 2997 789 sine
3015 737 3355 801 praedicante?
3373 737 3542 810 Igitur

1971 823 2098 893 ﬁdes
2124 839 2188 876 ea:
2213 825 2413 890 auditu,
2443 825 2645 878 auditus
2672 834 2839 878 autem
2864 843 2951 895 per
2976 826 3176 881 verbum
3205 827 3392 884 Christi
3415 830 3435 900 (
3450 829 3538 885 Id.

1971 927 2027 977 x,
2064 913 2146 974 14,
2177 912 2299 985 17).
2331 912 2559 968 Proinde
2584 914 2826 969 minister
2853 915 3044 971 Christi
3074 918 3227 986 hujus
3256 920 3375 975 ﬁdei
3406 936 3547 992 pra:-

1972 1007 2211 1075 (li‘cator,
2244 1010 2530 1063 secundum
2555 1010 2775 1079 gratiam
2804 1026 2921 1079 quze
2950 1010 3071 1065 data
3099 1023 3181 1067 est
3209 1012 3284 1067 illi
3302 1013 3411 1084 (Id.
3450 1028 3542 1081 ιν,

1974 1097 2058 1160 15,
2081 1095 2202 1167 16),
2223 1098 2484 1167 ριίιιιῑτιιοι
2498 1109 2579 1153 est
2594 1107 2645 1153 et
2682 1101 2911 1169 rigator:
2934 1100 3038 1155 Nec
3053 1109 3230 1157 tamen
3245 1104 3330 1173 qui
3347 1105 3547 1175 plantat

1973 1201 2043 1246 est
2072 1193 2262 1262 aliquid
2282 1235 2295 1255 ,
2328 1210 2483 1264 neque
2518 1196 2603 1265 qui
2640 1196 2807 1267 rigat;
2835 1197 2924 1251 sed
2959 1200 3044 1268 qui
3069 1199 3428 1255 incrementum
3461 1201 3549 1253 dat

1973 1281 2112 1335 Deus
2144 1282 2201 1354 (1
2230 1282 2346 1338 Cor.
2384 1300 2473 1351 ιιι,
2504 1286 2678 1356 5-8),
2708 1289 2797 1355 qui
2842 1290 3111 1360 unicuique
3150 1292 3367 1361 partitur
3410 1307 3550 1346 men-

1970 1392 2142 1428 suram
2181 1376 2321 1444 ﬁdei.
2353 1375 2503 1432 Unde
2544 1387 2603 1433 et
2639 1378 2764 1432 alibi
2803 1380 3026 1445 dicitur,
3070 1380 3189 1436 Pax
3225 1384 3463 1455 fratribus
3506 1394 3551 1437 et

1970 1466 2194 1520 Charitas
2222 1484 2335 1521 cum
2365 1467 2502 1536 ﬁde;
2530 1485 2685 1539 quam
2726 1486 2791 1524 ne
2831 1471 2933 1525 sibi
2974 1471 3265 1528 tribuerent
3294 1475 3548 1529 continuo

1975 1558 2247 1627 subjuuxit
2272 1601 2285 1622 ,
2316 1577 2348 1612 τι
2373 1558 2480 1615 Deo
2508 1560 2661 1615 Patre
2689 1570 2735 1615 et
2767 1561 2983 1616 Domino
3009 1575 3177 1618 nostro
3199 1564 3323 1619 Iesu
3349 1563 3544 1621 Christo

1979 1647 2156 1717 (Eph.
2188 1664 2258 1709 νι,
2288 1647 2397 1721 23)
2429 1667 2443 1704 :
2475 1651 2594 1719 quia
2627 1665 2724 1704 nec
2757 1652 2990 1705 omnium
3020 1661 3103 1707 est
3142 1654 3306 1720 lides,
3339 1656 3427 1726 qui
3452 1671 3548 1707 au-

1976 1736 2127 1791 diunt
2153 1739 2406 1807 verbum,
2446 1740 2538 1795 sed
2582 1740 2773 1808 quibus
2812 1742 2947 1796 Deus
2986 1744 3207 1812 partitur
3244 1760 3545 1800 mensuram

1978 1828 2129 1893 ﬁdei;
2162 1830 2296 1886 sicut
2327 1848 2424 1887 nec
2463 1834 2639 1887 omnia
2681 1835 2976 1905 germinant
3012 1852 3129 1907 quae
3168 1836 3472 1907 plantautur
3496 1845 3551 1891 et

1979 1922 2238 1991 rigantur,
2258 1923 2351 1979 sed
2370 1925 2556 1994 quibus
2575 1926 2711 1981 Deus
2726 1927 2815 1982 dat
2832 1928 3236 1985 incrementum.
3252 1929 3360 1984 Cur
3374 1939 3547 1984 autem

1979 2013 2068 2069 ille
2092 2015 2295 2082 credat,
2328 2016 2415 2070 ille
2444 2032 2547 2071 non
2580 2017 2779 2080 credat,
2811 2034 2929 2073 cum
2957 2021 3112 2074 ambo
3140 2020 3277 2075 idem
3309 2020 3548 2085 audiunt,

1979 2112 2037 2161 et
2058 2106 2101 2160 si
2133 2106 2442 2161 miraculum
2473 2108 2524 2162 in
2553 2124 2736 2162 eorum
2764 2120 3047 2179 conspectu
3076 2110 3163 2164 ﬁat
3182 2153 3195 2174 ,
3224 2112 3379 2164 ambo
3409 2111 3549 2165 idem

1982 2196 2195 2262 vident;
2224 2197 2445 2252 altitudo
2471 2198 2877 2272 estdivitiarum
2918 2200 3189 2269 sapientia:
3230 2210 3284 2254 et
3312 2200 3550 2255 scientia:

1984 2286 2107 2351 Dei,
2136 2288 2289 2357 cujus
2324 2289 2679 2343 inscrutabilia
2717 2299 2841 2345 sunt
2877 2290 3071 2359 judicia
3092 2332 3106 2356 ,
3135 2298 3191 2344 et
3226 2290 3363 2360 apud
3393 2305 3551 2360 quem

1984 2392 2088 2430 non
2114 2387 2195 2431 est
2222 2378 2490 2447 iniquitas,
2516 2379 2640 2432 dum
2667 2380 2814 2448 cujus
2839 2379 2949 2433 vult
2978 2380 3290 2444 miseretur,
3316 2388 3370 2435 et
3394 2396 3551 2452 quem

1988 2468 2093 2521 vult
2122 2468 2346 2523 obdurat
2384 2470 2576 2541 (Boni.
2607 2486 2699 2536 tx,
2732 2472 2829 2537 11,
2863 2470 2967 2536 18)
3002 2489 3015 2525 :
3048 2486 3219 2542 neque
3256 2473 3397 2527 enim
3434 2487 3556 2542 pro-

1987 2568 2165 2631 pterea
2192 2570 2317 2617 sunt
2344 2563 2438 2617 ista
2472 2563 2693 2633 injuste,
2725 2565 2845 2633 quia
2871 2564 3097 2619 occulta.

2058 2654 2143 2707 11.
2176 2653 2372 2707 Deinde
2393 2662 2511 2722 post
2528 2656 2891 2710 remissionem
2910 2664 3265 2724 peccatorum,
3286 2656 3385 2709 nisi
3408 2670 3553 2709 mun-

1985 2742 2161 2797 datam
2179 2744 2392 2797 domum
2414 2744 2610 2798 habitet
2626 2746 2850 2813 Spiritus
2864 2754 3097 2807 sanctus,
3115 2761 3290 2800 nonne
3302 2761 3422 2799 eum
3439 2746 3556 2800 aliis

1987 2842 2189 2901 septem
2230 2831 2365 2885 redit
2403 2834 2618 2901 spiritus
2644 2830 2976 2899 immundus,
3004 2843 3056 2888 et
3084 2845 3239 2889 erunt
3271 2834 3540 2891 novissimi

1989 2921 2219 2975 hominis
2248 2922 2384 2975 illius
2409 2923 2591 2992 pejora
2631 2939 2785 2992 quam
2827 2933 2983 2981 erant
3023 2926 3186 2995 prima
3208 2926 3227 2994 (
3251 2924 3434 2980 Matth.
3456 2940 3549 2991 xu,

1988 3012 2087 3073 44.
2115 3012 2184 3065 45
2204 3009 2266 3083 )?
2292 3012 2362 3068 Ut
2399 3021 2575 3067 autem
2621 3012 2817 3067 habitet
2843 3012 3068 3084 Spiritus
3096 3024 3309 3068 sanctus
3332 3056 3348 3080 ,
3380 3026 3559 3069 nonne

1990 3103 2082 3158 ubi
2116 3105 2227 3159 vult
2264 3104 2428 3173 spirat
2459 3103 2652 3176 (Joan.
2681 3119 2757 3167 ιιι,
2789 3104 2897 3174 8);
2925 3114 2978 3160 et
3014 3104 3244 3160 Charitas
3288 3104 3412 3169 Dei,
3441 3105 3561 3160 sine

1990 3209 2093 3263 qua
2120 3209 2276 3249 nemo
2301 3195 2435 3249 bene
2462 3195 2609 3261 vivit,
2637 3194 2944 3249 diffunditur
2974 3196 3023 3249 in
3054 3197 3301 3250 cordibus
3330 3197 3558 3262 nostris,

1993 3300 2098 3339 non
2125 3298 2154 3337 a
2182 3285 2353 3347 nobis,
2385 3286 2477 3340 sed
2508 3300 2602 3354 per
2629 3285 2882 3355 Spiritum
2911 3297 3150 3341 sanetum
3182 3289 3268 3357 qui
3298 3288 3452 3343 datus
3481 3297 3565 3342 est

1995 3375 2148 3428 nobis
2175 3375 2364 3448 (Rom.
2391 3388 2446 3439 v,
2476 3378 2510 3431 5
2533 3376 2577 3448 )i
2604 3378 2749 3432 lianc
2778 3380 2920 3432 enim
2966 3378 3124 3434 ﬁdem
3158 3381 3443 3449 Apostolus
3469 3380 3564 3434 des

1996 3466 2195 3531 ﬁnivit,
2226 3467 2406 3520 dicens
2439 3484 2454 3521 :
2483 3466 2659 3536 Neque
2694 3468 3005 3523 circumcisio
3042 3482 3114 3523 est
3150 3470 3340 3540 aliquid
3360 3512 3375 3537 ,
3411 3482 3568 3540 neqne

1997 3557 2335 3627 praeputium;
2375 3559 2466 3613 sed
2512 3560 2666 3628 ﬁdes,
2696 3576 2811 3631 qua
2848 3578 2936 3630 per
2977 3562 3289 3616 dilectionem
3332 3574 3569 3633 operatur

1999 3647 2016 3716 (
2037 3646 2208 3701 Calai.
2239 3663 2293 3714 v,
2322 3646 2415 3719 6).
2450 3648 2551 3703 Ista
2581 3651 2776 3719 quippe
2816 3652 2948 3706 lides
2988 3662 3071 3706 est
3106 3652 3525 3707 Christianorum
3550 3688 3566 3719 ,

2000 3757 2104 3794 non
2134 3741 2513 3796 daemoniorum
2540 3761 2553 3795 :
2582 3759 2702 3797 nam
2729 3753 2782 3797 et
2816 3744 3087 3800 dzemones
3112 3746 3338 3800 credunt
3362 3755 3417 3801 et
3442 3760 3571 3801 cons

2001 3834 2307 3887 tremiscunt
2339 3831 2553 3904 (Jacobi
2575 3848 2633 3901 ιι,
2664 3835 2730 3889 19
2756 3836 2808 3903 );
2838 3835 2928 3889 sed
2958 3836 3206 3904 numquid
3228 3845 3280 3891 et
3299 3836 3566 3907 diligunt?

2001 3923 2131 3979 Nam
2150 3926 2191 3977 si
2210 3942 2313 3981 non
2331 3927 2628 3991 crederent,
2649 3944 2749 3981 non
2765 3928 3021 3986 dicereut.
3040 3926 3119 3981 Tu
3139 3945 3191 3982 es
3208 3928 3426 3983 Sanctus
3445 3930 3536 3983 Dei
3552 3948 3570 3991 ς

2003 4016 2107 4078 vel,
2134 4012 2215 4069 Tu
2236 4032 2289 4070 es
2309 4015 2474 4070 Filius
2491 4016 2586 4071 Dei
2607 4016 2735 4089 (Luc
2754 4058 2767 4080 ,
2782 4030 2857 4081 tv,
2874 4018 2985 4088 41).
3004 4018 3057 4073 Si
3076 4028 3251 4074 autem
3269 4020 3569 4089 diligerent,

2004 4120 2111 4159 non
2148 4106 2414 4168 dicerent,
2455 4106 2589 4171 Quid
2636 4106 2775 4160 nobis
2828 4117 2873 4159 et
2899 4108 2986 4160 tibi
3020 4107 3038 4177 (
3065 4108 3246 4161 Matth.
3277 4124 3392 4174 vni,
3423 4109 3494 4164 29
3516 4109 3573 4179 )1

2076 4195 2165 4250 ιε.
2206 4196 2361 4251 Fides
2389 4198 2547 4265 igitur
2573 4197 2637 4250 ad
2679 4196 2946 4252 Christum
2978 4212 3076 4253 nos
3102 4199 3293 4266 trahit,
3322 4216 3443 4271 qua:
3474 4203 3573 4256 nisi

2005 4285 2235 4355 desuper
2259 4288 2488 4355 gratuito
2516 4300 2736 4342 munere
2764 4288 2918 4341 nobis
2948 4288 3164 4342 daretur
3183 4331 3197 4355 ,
3228 4305 3332 4343 non
3361 4290 3475 4359 ipse
3498 4291 3576 4345 dis

2006 4388 2155 4432 ceret
2178 4393 2194 4429 :
2225 4375 2389 4430 Nemo
2410 4386 2566 4446 potest
2589 4378 2755 4432 uenire
2778 4377 2846 4430 ad
2870 4394 2949 4431 me
2968 4419 2982 4443 ,
3009 4378 3107 4431 nisi
3139 4377 3312 4446 Pater,
3335 4380 3419 4450 qui
3444 4381 3577 4435 misit

2006 4482 2104 4532 me,
2127 4466 2390 4523 attrmrit
2415 4483 2547 4520 eum.
2577 4466 2728 4521 Unde
2751 4476 2804 4522 et
2829 4468 2986 4538 paulo
3011 4479 3131 4536 post
3156 4468 3247 4531 ait,
3286 4466 3447 4523 Verba
3466 4480 3579 4540 qua

2007 4574 2097 4629 ego
2130 4560 2326 4613 locutus
2361 4575 2475 4613 sum
2499 4559 2664 4625 uobis,
2693 4559 2897 4631 spiritus
2933 4568 2981 4613 et
3016 4560 3119 4612 vita
3155 4570 3289 4615 sunt.
3332 4560 3437 4617 Sed
3462 4568 3579 4617 sunt

2008 4651 2214 4722 quidam
2236 4667 2299 4706 ea:
2325 4650 2483 4717 vobis,
2507 4650 2592 4720 qui
2620 4667 2720 4703 non
2748 4649 2957 4703 credunt
2985 4664 3003 4703 :
3030 4650 3221 4705 deinde
3247 4650 3579 4721 Evangelista

2010 4742 2277 4813 subiungit
2296 4781 2312 4808 ,
2346 4741 2546 4797 Sciebat
2582 4741 2711 4794 enim
2740 4741 2803 4793 ab
2836 4740 2977 4794 initio
3002 4739 3152 4795 Iesus
3179 4742 3264 4811 qui
3288 4749 3447 4796 essent
3472 4758 3580 4795 crc-

2010 4834 2211 4898 dentes,
2233 4843 2279 4887 et
2304 4833 2416 4901 quis
2452 4839 2577 4885 esset
2619 4831 2897 4885 traditurus
2938 4846 3069 4884 eum.
3094 4828 3162 4885 Et
3194 4845 3262 4886 ne
3298 4830 3574 4901 quisquam

2012 4924 2338 4979 existimaret
2360 4924 2639 4978 credentes
2664 4922 2741 4977 sic
2763 4921 2828 4975 ad
2859 4921 2973 4991 ejus
2999 4922 3386 4992 prmscientiam
3414 4924 3578 4991 perti-

2014 5031 2161 5082 nere,
2190 5014 2457 5085 quomodo
2481 5028 2584 5067 non
2606 5011 2905 5081 credentes,
2934 5013 2984 5068 id
3014 5022 3113 5077 est,
3134 5020 3188 5067 ut
3218 5028 3322 5067 non
3349 5013 3427 5067 eis
3451 5013 3580 5068 ﬁdes

2014 5107 2126 5176 ipsa
2140 5106 2370 5175 desuper
2384 5104 2615 5170 daretur,
2637 5104 2733 5160 sed
2753 5105 3113 5161 tantummodo
3132 5106 3377 5161 voluntas
3394 5120 3579 5160 eorum

2016 5205 2465 5266 pramosoeretur;
2512 5210 2637 5252 mox
2680 5195 2873 5266 adjecit
2914 5205 3074 5267 atque
3110 5196 3185 5250 ait
3215 5212 3229 5249 :
3262 5194 3329 5250 Et
3366 5194 3580 5258 dicebat,

2017 5286 2294 5357 Pwpterea
2317 5285 2429 5340 dixi
2456 5284 2625 5353 vobis,
2653 5286 2771 5356 quia
2798 5301 2943 5340 nemo
2980 5293 3139 5355 potest
3173 5285 3339 5340 uenire
3376 5285 3446 5340 ad
3471 5303 3581 5351 me,

2016 5378 2113 5433 nisi
2129 5377 2278 5447 fuerit
2303 5375 2349 5429 ei
2369 5375 2544 5431 datum
2561 5392 2593 5429 a
2618 5374 2774 5431 Patre
2791 5391 2920 5430 meo.
2944 5375 3078 5430 llinc
3102 5386 3216 5431 erat
3234 5375 3376 5446 quod
3397 5390 3581 5432 eorum

2017 5469 2103 5539 qui
2121 5468 2396 5524 audierant
2413 5469 2699 5539 loquenten
2733 5468 2803 5524 de
2822 5482 2983 5524 carne
3002 5482 3098 5524 sua
3118 5476 3173 5523 et
3190 5469 3444 5539 sanguine
3463 5485 3583 5533 suo,

2017 5559 2230 5628 quidam
2259 5559 2598 5615 scandalizati
2642 5559 3045 5623 abscesserunt,
3076 5559 3288 5630 quidam
3317 5560 3586 5617 credendo

2020 5658 2329 5704 manserunt
2352 5647 2545 5719 (Joan.
2573 5664 2649 5715 Vl,
2674 5647 2843 5703 44-66
2866 5645 2885 5718 )
2917 5664 2931 5701 :
2956 5648 3077 5717 quia
3119 5664 3274 5703 nemo
3300 5658 3472 5719 potest
3499 5667 3584 5705 ve-

2025 5740 2139 5796 nire
2156 5740 2223 5796 ad
2241 5740 2408 5809 illum,
2429 5740 2528 5797 nisi
2548 5740 2631 5797 cui
2655 5739 2836 5795 datum
2854 5746 2935 5794 est
2962 5754 2992 5793 a
3022 5739 3199 5809 Patre,
3224 5756 3285 5796 ac
3304 5755 3399 5813 per
3418 5740 3515 5798 hoc
3535 5742 3590 5801 ei
