4120 6358
455 413 560 476 87‘.)

467 543 534 593 ali
562 541 675 608 ipso
695 533 844 596 Filio,
871 538 967 582 eta
992 521 1192 594 Spiritu
1218 523 1421 573 sancto.
1445 509 1626 579 Neque
1650 504 1792 561 enim
1811 507 2054 570 separata

460 590 742 686 sunt'doua
761 590 843 677 vel
863 634 1022 690 opera
1035 590 1414 683 inseparabilis
1434 598 1747 662 Trinitatis;
1769 593 1863 650 sed
1884 590 2052 647 Filius

464 727 543 779 sic
568 702 834 776 honoratis
860 714 1092 768 Patrem,
1119 719 1225 760 non
1247 700 1403 756 affert
1421 695 1582 750 ullius
1604 688 1870 746 distantia:
1885 684 2050 738 docu-

464 824 724 876 mentum,
751 795 846 863 ‘sed
873 814 1120 872 magnum
1149 795 1352 866 pratbet
1381 784 1691 843 humilitatis
1717 777 2044 846 exemplum.

537 907 621 961 l3.
653 865 750 958 llic
769 865 1064 954 iterumisti
1087 865 1238 944 liberi
1259 880 1462 938 arbitrii
1481 876 1810 936 defensores,
1827 870 1938 924 imo
1961 865 2055 920 de-

465 1007 711 1067 ceptores
727 989 848 1061 quia
871 986 1168 1046 inllatores,
1195 985 1249 1033 et
1269 975 1542 1031 inflatores
1561 968 1682 1039 quia
1704 961 2057 1035 praesumpto-

469 1073 576 1156 res,
594 1101 699 1141 non
721 1081 1002 1138 adversum
1020 1089 1139 1140 nos,
1161 1069 1256 1126 sed
1271 1054 1526 1122 adversus
1552 1056 1894 1128 Evangelium
1915 1053 2054 1107 locu-

471 1143 575 1234 turi
593 1220 610 1246 ,
638 1174 765 1248 quid
791 1170 932 1226 aliud
961 1167 1144 1224 dicunt
1171 1177 1326 1233 quam
1360 1157 1413 1213 id
1441 1153 1583 1226 quod
1612 1147 1900 1222 Apostolus
1921 1143 2053 1208 sibi,

469 1235 619 1346 quasi
640 1235 885 1325 talibus
921 1263 1191 1318 diceretur
1213 1296 1228 1321 ,
1255 1248 1482 1321 obiecit?
1524 1245 1666 1300 Dicis
1699 1242 1867 1311 itaque
1895 1235 2055 1297 mihi,

472 1327 607 1432 Quid
622 1361 787 1416 adhuc
801 1352 1122 1426 conqueritur
1137 1349 1161 1405 ?
1175 1362 1294 1403 nam
1313 1338 1556 1399 voluntati
1577 1339 1687 1408 ejus
1706 1331 1819 1403 quis
1839 1327 2059 1384 resistit?

460 1427 618 1517 disne
633 1451 1104 1513 contradictionem
1120 1439 1347 1499 sibimeti
1355 1437 1433 1508 psi
1447 1444 1696 1503 tanquam
1710 1427 1776 1482 ab
1789 1427 1956 1480 altero
1973 1437 2060 1490 0p-

459 1548 668 1623 -pbsuit,
687 1547 828 1604 velut
841 1559 906 1599 ex
922 1553 1107 1596 eorum
1123 1549 1252 1591 voce
1266 1531 1357 1603 qui
1375 1521 1812 1591 noluntaccipere
1827 1513 1967 1588 quod
1981 1528 2062 1568 suo

474 1604 654 1718 pcrius
667 1643 873 1698 dixerat
888 1656 901 1692 :
918 1635 1056 1706 Ergo
1074 1633 1218 1702 cujus
1230 1627 1331 1682 vult
1353 1625 1637 1682 miseretur,
1649 1624 1694 1668 et
1705 1628 1850 1685 quem
1862 1609 1964 1664 vult
1976 1604 2063 1660 ob-

471 1700 648 1798 iturat.
671 1735 886 1794 Talibus
902 1700 1077 1800 itaque
1093 1700 1328 1780 dicamus
1342 1731 1464 1774 cum
1489 1708 1741 1782 Apostolo
1757 1747 1772 1773 ,
1795 1717 1900 1758 non
1917 1700 2060 1756 enim

476 1832 668 1888 melius
695 1827 786 1884 illo
810 1820 1049 1878 invenire
1070 1824 1349 1886 possumus
1367 1805 1492 1878 quid
1515 1803 1754 1858 dicamus
1779 1813 1794 1849 :
1821 1796 1863 1848 0
1887 1793 2060 1856 homo,

478 1924 666 1994 tssquis
684 1937 738 1976 es
757 1919 841 1990 qui
856 1910 1161 1986 respondeas
1188 1906 1294 1960 Deo
1313 1901 1501 1973 (Rom.
1530 1911 1612 1962 ix,
1642 1892 1709 1994 1.8
1721 1887 1899 1992 ﬂii)?

549 1978 639 2072 ib.
679 1978 981 2081 Quierimiis
1018 2013 1246 2068 namque
1285 1993 1536 2050 meritum
1577 1978 1981 2041 obdurationis,
2013 1981 2068 2028 ct

457 2106 799 2164 “invenimus.
845 2099 1032 2154 Merito
1076 2101 1305 2158 namque
1346 2079 1550 2155 peccati
1597 2075 1845 2131 universa
1891 2079 2067 2122 massa

475 2202 728 2256 damnata
744 2203 859 2257 est;
889 2205 988 2244 nec
1001 2183 1230 2241 obdurat
1249 2180 1388 2234 Deus
1404 2165 1761 2242 impertiendo
1786 2159 2062 2221 malitiam,

480 2293 580 2349 sed
601 2305 705 2345 non
725 2278 1079 2356 impertiendo
1103 2267 1546 2330 misericordiam.
1569 2261 1773 2330 Quibus
1798 2255 1940 2310 enim
1963 2265 2070 2305 non

484 2344 818 2455 impertitur,
848 2388 948 2431 nec
975 2368 1119 2441 digni
1143 2374 1302 2431 sunt,
1329 2375 1431 2416 nec
1477 2362 1747 2412 merentur
1777 2367 1790 2405 :
1817 2358 1871 2403 at
1896 2344 2072 2417 potius

485 2445 689 2530 iit-non
727 2464 1089 2539 impertiatur,
1120 2458 1224 2513 hoc
1262 2452 1408 2524 digni
1451 2455 1612 2513 sunt,
1647 2445 1750 2498 hoc
1777 2446 2068 2496 merentur.

466 2564 786 2636 'Quaarimus
828 2565 1005 2613 autem
1036 2552 1285 2610 meritum
1330 2539 1748 2601 misericordiae,
1789 2548 1890 2589 nec
1919 2532 2070 2586 inve-

486 2660 691 2722 nimus,
713 2653 842 2725 quia
871 2650 1074 2707 nullum
1103 2652 1222 2710 est,
1253 2657 1321 2697 ne
1357 2638 1524 2710 gratia
1552 2639 1858 2693 evacuetur,
1892 2626 1936 2681 si
1967 2639 2072 2678 non

486 2749 650 2822 gratis
675 2747 936 2810 donatur,
964 2737 1060 2796 sed
1091 2733 1294 2792 meritis
1319 2729 1580 2786 redditur.

529 2839 661 2898 '15.
681 2837 743 2895 Si
779 2809 925 2892 enim
947 2829 1242 2887 dixerimus
1271 2823 1428 2878 fidem
1471 2814 1810 2889 praecessisse
1830 2851 1846 2876 ,
1876 2809 1929 2864 in
1970 2819 2076 2876 qua

490 2940 635 2988 esset
657 2927 906 2985 meritum
929 2921 1134 2995 gratiae,
1161 2915 1287 2988 quid
1315 2911 1488 2968 meriti
1515 2907 1744 2962 habebat
1768 2903 1928 2956 homo
1951 2907 2075 2952 ante

490 3025 672 3087 tidem,
695 3025 755 3076 u‘t
777 2989 1042 3087 acciperet
1063 3007 1262 3066 fidem?
1287 3003 1418 3076 quid
1430 3001 1587 3057 enim
1619 2997 1782 3051 habet
1805 2989 1948 3063 quod
1970 3002 2075 3042 non

465 3083 738 3184 accepit?
768 3109 816 3166 si
838 3083 1014 3164 autem
1051 3100 1296 3169 accepit,
1340 3093 1466 3165 quid
1504 3090 1766 3164 gloriatur
1789 3083 1938 3154 quasi
1971 3095 2076 3134 non

469 3171 760 3277 acceperit
810 3199 872 3273 (ι
913 3197 1032 3254 Cor.
1076 3208 1156 3259 tv,
1187 3193 1218 3247 7
1244 3189 1298 3261 )‘l
1327 3188 1478 3242 Sicut
1517 3181 1660 3238 enim
1704 3192 1838 3277 non‘
1855 3171 2078 3228 haberet

471 3261 656 3354 theme
683 3261 996 3363 sapientiam
1016 3327 1032 3352 ,
1068 3282 1398 3340 intellectum
1417 3318 1432 3342 ,
1463 3271 1746 3329 consilium
1769 3307 1784 3329 ,
1813 3261 2081 3320 fortitudi-

474 3404 636 3454 nem,
657 3385 958 3446 scientiam,
979 3378 1250 3448 pietatem,
1272 3370 1518 3424 timorem
1537 3362 1651 3426 Dei,
1672 3358 1772 3414 nisi
1787 3351 2077 3411 secundum

476 3479 864 3553 Lpropheticum
895 3446 1165 3541 eloquium
1194 3463 1490 3532 accepisset
1525 3455 1778 3525 Spiritum
1807 3446 2083 3518 sapientiae

483 3537 551 3628 et
574 3537 875 3626 intellectus
893 3603 908 3628 ,
932 3537 1142 3619 consilii
1164 3566 1220 3611 et
1246 3548 1567 3609 fortitudinis
1587 3588 1600 3611 ,
1627 3540 1865 3598 scientia:
1887 3546 1942 3593 et
1968 3537 2080 3606 pie-

498 3663 623 3720 tatis
646 3676 711 3717 ac
752 3627 960 3714 timoris
1001 3652 1093 3708 Dei
1123 3647 1292 3720 (Isai.
1340 3659 1419 3708 ιι,
1452 3641 1508 3704 ‘2,
1539 3635 1642 3711 '5);
1673 3637 1810 3690 sicut
1852 3646 1957 3684 non
1988 3627 2081 3681 ha-

495 3760 652 3815 beret
666 3756 939 3817 virtutem,
960 3745 1297 3803 charitatem,
1321 3731 1724 3794 continentiam,
1745 3725 1843 3780 nisi
1865 3729 2086 3790 accepto

499 3811 702 3919 Spiritu
737 3843 806 3899 de
843 3811 948 3910 quo
986 3835 1115 3892 dicit
1144 3829 1464 3902 Apostolus,
1495 3820 1617 3876 Non
1650 3819 1787 3874 enim
1820 3811 2086 3882 accepistis

501 3902 753 4010 Spiritum
793 3930 984 3987 timoris
1003 3968 1017 3991 ,
1043 3925 1130 3981 sed
1168 3920 1366 3978 virtutis
1386 3955 1402 3983 ,
1433 3925 1480 3970 et
1516 3910 1776 3968 cltaritatis
1795 3947 1812 3973 ,
1835 3917 1882 3960 et
1925 3902 2088 3958 conti-

482 3997 684 4088 nentia:
705 4025 783 4100 (ll
808 4023 940 4078 Tim.
963 4036 1001 4087 ι,
1023 4019 1055 4074 7
1080 4017 1096 4089 )
1127 4035 1140 4069 :
1169 4015 1239 4069 ita
1266 4027 1370 4067 non
1391 4007 1614 4062 haberet
1633 4001 1790 4057 fidem
1811 3997 1916 4053 nisi
1935 4009 2089 4050 acce-

480 4123 668 4194 .pisset
685 4089 942 4187 spiritum
965 4109 1108 4175 fidei,
1135 4107 1204 4162 de
1227 4120 1332 4174 quo
1358 4102 1497 4156 idem
1527 4100 1640 4167 ipse
1665 4093 1813 4158 dicit,
1837 4089 2090 4145 Habentes

477 4183 668 4270 «autem
696 4183 926 4265 eumdem
955 4203 1208 4273 Spiritum
1231 4195 1370 4267 ﬁdei,
1392 4190 1670 4248 secundum
1693 4184 1826 4256 quod
1847 4183 2090 4252 scriptum

485 4317 595 4372 “est,
615 4301 842 4364 Credidi,
866 4304 1068 4368 propter
1087 4289 1222 4361 quod
1247 4289 1440 4342 locutus
1461 4297 1610 4345 sum;
1631 4288 1678 4334 et
1702 4293 1794 4331 nos
1814 4274 2087 4338 credimus,

505 4367 711 4469 propter
738 4367 875 4462 quod
904 4396 950 4441 et
976 4385 1226 4454 loquimur
1247 4380 1264 4448 (
1286 4379 1328 4432 ll
1359 4377 1474 4431 Cor.
1507 4389 1580 4438 tv,
1616 4368 1738 4442 15).
1769 4367 1884 4423 Non
1912 4375 2088 4420 autem

506 4457 702 4544 merito
725 4457 1018 4550 accepisse,
1045 4474 1140 4530 sed
1162 4467 1526 4527 misericordia
1553 4465 1672 4535 ejus
1695 4461 1786 4533 qui
1811 4459 1961 4529 cujus
1979 4457 2093 4512 vult

508 4580 814 4641 miseretur,
837 4567 1272 4627 manifestissime
1290 4559 1544 4623 ostendit,
1577 4556 1666 4610 ubi
1689 4555 1757 4610 de
1781 4553 1958 4621 seipse
1983 4551 2088 4603 ait:

509 4640 918 4726 liscricordiam
936 4667 1239 4715 consecutus
1265 4670 1397 4718 sunt,
1424 4661 1480 4705 ut
1509 4647 1674 4718 ﬁdelis
1698 4661 1856 4701 essem
1883 4643 1902 4714 (
1925 4643 1945 4698 I
1971 4640 2090 4696 Cor.

507 4779 602 4828 vu,
626 4757 762 4831 25.).

571 4825 808 4908 eaeor
824 4843 1097 4902 ιιι-νδ.
1126 4841 1181 4898 Si
1205 4837 1500 4895 dixerimus
1521 4832 1768 4888 meritum
1791 4825 2096 4899 praecedere

508 4944 791 5008 orationis,
817 4949 876 4996 ut
899 4940 1096 4994 donum
1121 4933 1305 5006 grati-at
1329 4933 1687 4998 consequatur
1716 4939 1730 4976 :
1760 4918 2096 4993 impetrando

506 5038 727 5110 quidem
763 5033 938 5088 oratio
971 5025 1228 5100 quidquid
1266 5024 1549 5092 impetrat,
1596 5016 1870 5072 evidenter
1896 5013 2096 5067 donum

510 5106 608 5186 Dei
625 5143 748 5186 esse
769 5123 1023 5185 ostendit,
1043 5136 1111 5176 ne
1131 5119 1291 5173 homo
1305 5113 1576 5172 existimet
1595 5127 1624 5165 a
1641 5110 1716 5165 sei
1726 5123 1820 5179 pso
1835 5106 1934 5161 sibi
1954 5119 2096 5170 esse,

507 5223 656 5296 quod
676 5221 796 5277 siin
821 5226 1082 5288 potestate
1103 5214 1406 5277 haberetur,
1428 5223 1533 5262 non
1557 5207 1738 5274 utique
1758 5207 2097 5273 posceretur;

499 5322 882 5371 verumtamen
898 5307 1169 5364 nesaltem
1191 5299 1446 5358 orationis
1464 5307 1775 5370 putarentur
1795 5289 2100 5364 praecedere

515 5408 706 5463 merita
727 5447 743 5472 ,
771 5402 962 5474 quibus
1005 5415 1110 5455 non
1140 5396 1366 5468 gratuita
1394 5393 1613 5448 daretur
1641 5386 1838 5460 gratia,
1870 5383 1964 5440 sed
1989 5383 2100 5453 jam

520 5514 618 5555 nec
645 5499 814 5570 gratia
842 5503 1018 5559 esset,
1049 5493 1171 5562 quia
1197 5488 1375 5543 debita
1410 5483 1728 5540 redderetur
1748 5523 1763 5546 ,
1794 5479 1953 5534 etiam
1989 5477 2103 5547 ipsa

518 5569 859 5647 oratio'inter
887 5585 1068 5656 gratia:
1097 5596 1315 5635 munera
1361 5576 1641 5647 reperitur.
1673 5569 1811 5636 Quid
1836 5569 1968 5622 enim
1991 5581 2104 5619 orr-

524 5699 654 5746 mus,
681 5682 756 5735 ait
780 5655 975 5734 Doctor
996 5675 1268 5738 Gentium,
1299 5672 1427 5725 sicut
1457 5673 1668 5736 oportet,
1699 5661 1946 5714 nescimus
1969 5671 1988 5721 ,°
2017 5655 2106 5710 sed

522 5776 630 5842 ipse
659 5771 882 5842 Spiritus
922 5767 1208 5838 interpellat
1251 5779 1342 5832 pro
1383 5759 1524 5813 nobis
1553 5753 1811 5826 gemitibus
1840 5753 2106 5804 inenarra-

525 5863 724 5920 bilibus.
757 5859 894 5930 Quid
921 5868 1004 5917 est
1039 5860 1244 5914 autem:
1271 5849 1578 5922 interpellat,
1611 5846 1733 5913 nisi,
1765 5842 2106 5911 interpellare

1687 381 1742 444 S.
1786 379 2150 442 AUGUSTINI
2189 376 2488 436 EPlSCOPl

3640 367 3748 424 886

2163 508 2260 548 uos
2289 493 2442 548 facit?
2469 489 2755 558 [indigentis
2793 503 2935 544 enim
2983 483 3338 543 certissimum
3377 483 3631 540 indicium
3659 493 3748 540 est

2160 587 2500 656 interpellare
2525 584 2825 656 gemitibus.
2863 581 3070 637 Nullius
3111 591 3288 635 autem
3325 580 3401 634 rei
3440 593 3559 634 esse
3599 578 3745 634 indi-

2161 692 2368 752 gentem
2392 680 2469 734 fas
2492 688 2576 735 est
2601 677 2819 732 credere
2848 675 3101 746 Spiritum
3126 683 3387 729 sanctum.
3418 671 3525 728 Sed
3552 670 3623 726 ita
3651 670 3742 725 dio

2160 783 2303 829 ctum
2325 784 2424 836 est,
2447 769 2753 840 interpellat,
2771 769 2890 838 quia
2915 767 3252 838 interpellare
3269 781 3365 821 nos
3387 763 3532 830 facit,
3557 763 3745 819 nobisa

2161 883 2264 936 que
2313 863 2680 935 interpellandi
2737 870 2791 917 et
2852 859 3096 932 gemendi
3163 857 3384 926 inspirat
3449 854 3743 918 allectum;

2161 957 2298 1012 sicut
2328 955 2450 1010 illud
2487 955 2538 1008 in
2581 951 2870 1022 Evangelia
2904 969 2916 1006 :
2951 948 3072 1003 Non
3111 948 3245 1003 enim
3289 963 3373 1000 vos
3402 946 3518 1000 estis
3545 946 3630 1016 qui
3663 945 3748 998 lo-

2161 1049 2371 1122 quimini
2388 1089 2404 1118 ,
2426 1049 2512 1102 sed
2537 1047 2760 1118 Spiritus
2786 1044 2960 1098 Patris
2986 1043 3156 1109 vestri,
3174 1042 3260 1112 qui
3286 1041 3507 1111 loquitur
3529 1039 3583 1093 in
3603 1039 3750 1093 vobis

2167 1141 2396 1213 (Matth.
2432 1155 2489 1203 ι,
2517 1139 2587 1194 20
2610 1139 2648 1209 ).
2679 1138 2860 1206 Neque
2895 1137 3038 1191 enim
3076 1143 3130 1189 et
3165 1134 3266 1188 hoc
3308 1134 3377 1186 ita
3417 1131 3474 1186 fit
3498 1131 3566 1188 de
3591 1130 3754 1186 nobis

2166 1244 2416 1303 tanquam
2459 1231 2588 1284 nihil
2633 1228 2950 1285 facientibus
2993 1225 3168 1282 nobis.
3214 1224 3550 1294 Adjutorium
3586 1222 3750 1292 igitur

2162 1329 2391 1399 Spiritus
2413 1327 2578 1382 sancti
2604 1326 2682 1380 sic
2707 1337 3020 1394 expressum
3043 1328 3161 1386 est,
3187 1327 3244 1372 ut
3269 1318 3380 1388 ipse
3399 1315 3574 1371 facere
3597 1314 3753 1369 dice-

2164 1430 2315 1475 retur
2339 1418 2480 1490 quod
2506 1426 2563 1472 ut
2591 1418 2842 1472 faciamus
2867 1414 3014 1469 facit.

2238 1515 2325 1567 i7.
2365 1511 2496 1566 Nam
2522 1525 2629 1565 non
2653 1524 2772 1564 esse
2793 1504 3190 1576 intelligendum
3216 1501 3460 1571 Spiritum
3485 1507 3754 1561 nostrum,

2166 1603 2234 1658 de
2249 1618 2354 1672 quo
2379 1603 2578 1657 dictum
2601 1610 2700 1664 est,
2724 1597 3012 1668 interpellat
3033 1590 3756 1666 gemitibusinenarrabilibus,

2167 1695 2262 1750 sed
2289 1694 2541 1764 Spiritum
2574 1700 2848 1753 sanctum,
2879 1703 2986 1760 quo
3012 1695 3194 1740 nostra
3225 1682 3507 1738 infirmitas
3529 1680 3756 1750 adjuva-

2169 1798 2256 1843 tur
2276 1829 2292 1854 ,
2325 1787 2454 1841 satis
2482 1786 2594 1854 ipse
2622 1784 2956 1839 demonstrat
2979 1777 3287 1848 Apostolus.
3327 1774 3453 1828 Inde
3478 1773 3622 1828 enim
3645 1785 3760 1826 ca:-

2171 1881 2277 1949 pit,
2311 1877 2572 1950 Spiritus,
2613 1875 2816 1945 inquit,
2855 1872 3063 1936 adiuvat
3112 1867 3457 1938 inﬁrmitatem
3498 1874 3761 1924 nostram;

2170 1969 2365 2026 deinde
2392 1969 2459 2022 ita
2487 1966 2778 2035 subjunxit,
2805 1962 2941 2028 Quid
2970 1961 3101 2015 enim
3130 1974 3348 2018 oremus.
3379 1956 3510 2010 sicut
3537 1963 3760 2025 oportet,

2172 2062 2451 2123 nescimus;
2480 2068 2535 2114 et
2557 2067 2769 2113 ezelera.
2801 2056 2876 2110 De
2920 2054 3021 2107 hoc
3059 2051 3255 2122 quippe
3289 2048 3488 2118 Spiritu
3520 2045 3766 2114 apertius

2172 2153 2296 2207 alibi
2346 2151 2475 2205 dicit
2519 2167 2531 2202 :
2581 2147 2700 2202 Non
2748 2147 2881 2201 enim
2926 2143 3188 2214 accepistis
3232 2140 3469 2212 spiritum
3509 2136 3768 2192 servitutis

2173 2248 2353 2300 iterum
2376 2245 2430 2296 in
2451 2244 2626 2296 timore
2649 2258 2667 2306 ,'
2691 2239 2781 2295 sed
2805 2238 3066 2310 accepistis
3094 2236 3344 2306 Spiritum
3373 2232 3662 2302 adoptionis
3691 2232 3767 2300 ﬁ-

2177 2339 2360 2394 liorum
2387 2338 2439 2391 in
2464 2353 2564 2407 quo
2586 2334 2894 2396 clamamus,
2926 2329 3086 2389 Abba,
3119 2328 3277 2383 Pater
3302 2326 3488 2397 (Rom.
3523 2339 3638 2390 vm,
3667 2322 3769 2387 26,

2178 2430 2304 2501 15).
2336 2430 2473 2483 Ecce
2513 2428 2598 2482 hic
2642 2440 2748 2480 non
2792 2424 2926 2479 dixit
2969 2420 3112 2493 quod
3155 2421 3267 2490 ipse
3309 2418 3542 2488 Spiritus
3567 2417 3774 2472 clamet

2177 2520 2413 2585 orando;
2439 2518 2530 2574 sed
2549 2557 2564 2582 ,
2586 2519 2640 2571 in
2663 2531 2761 2586 quo
2786 2516 3101 2578 clamamus,
3127 2510 3295 2575 Abba,
3329 2507 3507 2563 Pater.
3535 2507 3654 2561 Alio
3685 2515 3770 2560 ta-

2180 2629 2301 2668 men
2327 2613 2444 2666 loco
2468 2610 2544 2665 ait
2573 2625 2586 2662 :
2618 2607 2869 2674 Quoniam
2902 2605 2999 2675 lilii
3026 2603 3124 2659 Dei
3143 2603 3286 2668 estis,
3311 2601 3445 2655 misit
3476 2598 3617 2653 Deus
3641 2596 3774 2666 Spi—

2179 2705 2332 2759 ritum
2352 2701 2479 2755 Filii
2505 2701 2582 2754 sui
2609 2699 2661 2753 in
2681 2696 2839 2752 corda
2863 2705 3048 2762 ucstra,
3072 2693 3394 2757 clamantem,
3426 2689 3580 2752 Abba,
3606 2687 3772 2740 Pater

2181 2795 2388 2867 (Colat.
2423 2811 2498 2860 tv,
2525 2793 2618 2862 6).
2658 2791 2774 2848 Non
2817 2789 2904 2844 hic
2944 2790 3056 2855 ait,
3094 2788 3149 2841 in
3185 2802 3284 2855 quo
3328 2786 3641 2847 clamamus;
3670 2780 3774 2837 sed

2183 2889 2353 2958 ipsum
2375 2885 2630 2955 Spiritum
2649 2883 2970 2937 clamantem
2986 2879 3166 2934 dicere
3189 2877 3396 2941 maluit,
3419 2891 3525 2945 quo
3541 2874 3774 2928 efficitur

2183 2993 2243 3035 ut
2266 2980 2556 3034 clamcmns
2584 2993 2597 3029 :
2629 2975 2766 3030 sicut
2789 2981 2915 3028 sunt
2939 2972 3023 3026 illa
3046 3012 3060 3036 ,
3085 2968 3206 3040 Ipse
3235 2967 3460 3037 Spiritus
3481 2961 3778 3035 interpellas

2181 3070 2450 3142 gemitibus
2477 3063 2896 3122 inenarrabilibus
2909 3080 2928 3125 ;
2949 3072 3002 3119 et
3021 3104 3038 3130 ,
3062 3061 3288 3133 Spiritus
3311 3058 3484 3114 Patris
3506 3057 3652 3112 vestri
3673 3065 3773 3122 est,

2181 3166 2266 3237 qui
2296 3165 2518 3234 loquitur
2536 3163 2588 3216 in
2617 3160 2779 3215 vobis.

2257 3256 2346 3310 18.
2387 3254 2537 3309 Sicut
2563 3268 2693 3322 ergo
2723 3265 2880 3305 nemo
2913 3257 3058 3302 recte
3096 3246 3269 3315 sapit,
3303 3250 3450 3299 recte
3496 3239 3773 3310 intelligit,

2187 3353 2331 3402 recte
2357 3343 2580 3399 consilio
2605 3359 2669 3397 ac
2696 3339 3004 3396 fortitudine
3029 3336 3280 3406 prae-valet
3296 3377 3311 3400 ,
3340 3348 3500 3388 nemo
3542 3331 3780 3386 scienter

2187 3436 2305 3506 pius
2343 3443 2457 3499 est,
2490 3433 2577 3488 vel
2620 3433 2707 3502 pie
2745 3431 2955 3496 sciens,
2996 3442 3160 3482 nemo
3191 3427 3382 3480 timore
3422 3432 3569 3478 casto
3610 3421 3779 3474 Deum

2189 3529 2372 3593 timet,
2395 3527 2495 3582 nisi
2515 3525 2783 3594 acceperit
2805 3523 3060 3592 Spiritum
3082 3517 3357 3589 sapientiae
3376 3525 3429 3569 et
3452 3514 3776 3574 intellectus,

2188 3619 2396 3675 consilii
2423 3626 2476 3673 et
2514 3613 2871 3678 fortitudinis,
2897 3611 3135 3667 scientia:
3173 3618 3227 3662 et
3253 3607 3464 3676 pietatis
3487 3613 3543 3658 et
3570 3603 3782 3657 timoris

2189 3712 2319 3772 Dei;
2347 3727 2448 3766 nec
2467 3709 2625 3764 habet
2643 3709 2928 3778 quisquam
2953 3703 3201 3758 virtutem
3232 3714 3432 3763 veram,
3462 3697 3786 3751 charitatem

2190 3808 2484 3868 sinceram,
2511 3801 2889 3858 continentiam
2918 3797 3251 3864 religiosam,
3277 3793 3378 3846 nisi
3410 3805 3505 3860 per
3524 3788 3783 3858 Spiritum

2190 3900 2422 3963 virtutis,
2444 3907 2499 3953 et
2523 3895 2815 3958 charilatis,
2843 3901 2897 3947 et
2918 3889 3264 3946 continentiae
3293 3903 3306 3940 :
3335 3887 3409 3940 ita
3438 3886 3554 3937 sine
3580 3880 3783 3949 Spiritu

2193 3992 2316 4047 fidei
2343 4005 2448 4046 non
2474 3996 2558 4043 est
2583 3995 2728 4042 recte
2753 3984 3015 4055 quispiam
3041 3980 3364 4040 crediturus,
3394 3991 3492 4029 nec
3519 3974 3634 4027 sine
3661 3971 3787 4038 Spi-

2193 4085 2298 4140 ritu
2325 4081 2581 4136 orationis
2607 4077 2892 4133 salubriter
2918 4082 3185 4128 oraturus.
3233 4068 3348 4122 Non
3385 4065 3508 4136 quia
3550 4072 3626 4117 tot
3657 4069 3785 4115 sunt

2194 4176 2446 4249 spiritus.
2489 4172 2584 4227 sed
2624 4170 2801 4225 omnia
2848 4166 2962 4220 hinc
3007 4172 3257 4233 operatur
3282 4173 3422 4214 unus
3449 4165 3607 4226 atque
3641 4153 3784 4207 idem

2194 4243 2422 4341 Spiritus
2438 4265 2686 4321 dividens
2713 4260 2920 4331 propria
2949 4255 3232 4324 unicuique
3256 4257 3413 4320 prout
3438 4249 3549 4301 vult
3571 4247 3594 4318 (
3619 4244 3636 4298 l
3660 4243 3782 4298 Cor.

2198 4333 2299 4426 xit,
2318 4361 2378 4415 Il
2407 4359 2458 4430 );
2486 4357 2609 4428 quia
2633 4353 2861 4424 Spiritus
2887 4349 2974 4403 ubi
3005 4348 3117 4400 vult
3140 4345 3304 4414 spirat
3327 4339 3522 4414 (Joan.
3553 4353 3633 4402 ut,
3657 4333 3733 4406 8)
3769 4353 3785 4389 :

2196 4453 2292 4511 sed
2321 4427 2461 4522 quod
2490 4447 2756 4502 latendum
2786 4451 2869 4497 est
2891 4482 2906 4506 ,
2936 4441 3091 4494 aliter
3115 4435 3327 4505 adjuvat
3353 4430 3588 4486 nondum
3631 4427 3790 4482 inha-

2199 4518 2394 4609 bitans,
2423 4541 2572 4595 ali-ter
2603 4535 2923 4592 inhabitans.
2955 4531 3087 4584 Nam
3110 4526 3343 4582 nondum
3376 4521 3677 4577 inhabitans
3701 4518 3792 4572 ad-

2196 4637 2346 4708 juvat
2379 4643 2436 4689 ut
2471 4634 2578 4687 sint
2608 4629 2811 4692 fideles,
2845 4623 3142 4679 inhabitans
3169 4619 3381 4690 adjuvat
3405 4616 3514 4685 jam
3545 4613 3752 4667 fideles.

2269 4724 2496 4782 CAPUT
2539 4719 2784 4776 V.--l9.
2825 4715 2979 4783 Quod
3006 4721 3090 4767 est
3118 4727 3245 4781 ergo
3277 4708 3526 4764 meritum
3559 4702 3794 4758 hominis

2201 4832 2327 4878 ante
2365 4819 2623 4888 gratiam,
2672 4829 2778 4884 quo
2827 4810 3019 4866 merito
3064 4805 3323 4878 percipiat
3367 4803 3590 4874 gratiam
3617 4841 3631 4864 ,
3666 4813 3792 4853 cum

2203 4927 2362 4968 omne
2403 4911 2600 4964 bonum
2630 4906 2880 4959 meritum
2924 4909 3166 4954 nostrum
3210 4911 3316 4951 non
3346 4895 3400 4948 in
3436 4893 3591 4946 nobis
3633 4889 3794 4945 facias

2159 4994 2170 5004 ’
2205 5004 2307 5059 nisi
2332 5000 2535 5072 gratia;
2567 5007 2621 5052 et
2644 5009 2767 5052 cum
2795 4995 2935 5048 Deus
2949 4994 3183 5046 coronat
3211 4985 3401 5042 merita
3430 4992 3636 5046 nostra,
3661 4979 3798 5034 nihil

2205 5097 2349 5154 aliud
2373 5102 2594 5150 coronet
2623 5102 2781 5160 quam
2804 5097 3026 5142 munera
3057 5081 3188 5138 sua?
3210 5079 3359 5134 Sicut
3378 5077 3521 5132 enim
3551 5075 3618 5129 ab
3644 5073 3800 5128 initio

2208 5189 2330 5246 fidei
2359 5181 2779 5241 misericordiam
2807 5173 3078 5232 consecuti
3107 5185 3311 5232 sumus,
3336 5183 3443 5222 non
3461 5165 3584 5236 quia
3613 5163 3801 5217 ﬁdeles

2207 5297 2454 5345 eramus,
2488 5277 2581 5333 sed
2629 5284 2685 5329 ut
2718 5284 2996 5332 essemus;
3037 5267 3114 5320 sic
3153 5266 3206 5318 in
3251 5262 3384 5324 fine,
3417 5269 3526 5329 quo
3563 5255 3676 5311 erit
3693 5253 3800 5308 vita

2211 5389 2430 5440 aeterna,
2459 5367 2734 5428 coronabit
2763 5380 2882 5428 nos,
2910 5361 3047 5416 sicut
3086 5357 3342 5426 scriptum
3373 5360 3477 5414 est,
3503 5350 3558 5403 in
3587 5348 3804 5401 misera-

2213 5473 2346 5528 tione
2387 5479 2432 5522 et
2474 5459 2816 5519 misericordia
2843 5458 2861 5527 (
2885 5455 3028 5510 Psul.
3059 5468 3162 5518 cu,
3201 5452 3234 5505 4
3331 5446 3446 5502 Non
3489 5446 3666 5513 itaque
3689 5441 3804 5494 fru-

2214 5574 2322 5620 stra
2352 5562 2463 5615 Deo
2500 5562 2771 5618 cantatur,
2813 5549 2881 5604 Et
2919 5544 3262 5602 misericordia
3294 5542 3403 5612 ejus
3433 5536 3699 5609 praeveniet
3725 5549 3809 5587 me

2217 5655 2398 5723 (Psal.
2447 5665 2610 5712 LVIII,
2639 5646 2694 5700 ll
2722 5647 2772 5712 );
2815 5653 2898 5706 et,
2929 5633 3282 5692 Misericordia
3329 5632 3437 5702 ejus
3481 5637 3800 5697 subsequatur

2217 5763 2294 5800 mc
2320 5744 2340 5814 (
2363 5742 2505 5796 Psal.
2549 5755 2692 5802 xx",
2723 5734 2813 5806 6).
2854 5733 3006 5790 Unde
3045 5740 3095 5784 et
3136 5729 3247 5800 ipsa
3283 5727 3386 5779 vita
3428 5732 3658 5786 aeterna,
3687 5735 3810 5790 quin

2219 5841 2402 5910 utique
2445 5835 2499 5890 in
2543 5831 2644 5888 fine
2689 5831 2806 5888 sine
2851 5828 2953 5883 fine
3000 5824 3314 5886 habebitur,
3360 5829 3412 5875 ct
3452 5817 3574 5873 ideo
3603 5815 3813 5871 meritis
