4120 6358
385 367 482 426 881

385 480 812 555 praecedentibus
852 477 1120 542 redditur;
1163 483 1337 528 tamen
1379 470 1502 540 quia
1544 467 1731 522 eadem
1777 463 1962 518 merita

382 575 582 646 quibus
606 572 864 637 redditur,
891 585 994 624 non
1018 583 1050 623 a
1077 565 1230 621 nobis
1259 571 1439 632 parata
1464 566 1589 614 sunt
1613 573 1706 627 per
1729 563 1962 608 uestram

384 644 761 724 sufﬁcientiam
782 706 798 730 ,
825 662 920 718 sed
959 661 1010 714 in
1051 657 1204 713 nobis
1233 657 1365 709 laeta
1407 667 1499 721 per
1525 649 1776 720 gratiam,
1804 644 1963 697 etiam

389 762 504 829 ipsa
530 758 695 828 gratia
734 761 1068 823 nuncupatur
1087 792 1103 818 ,
1133 765 1238 804 non
1265 746 1335 800 ob
1361 742 1502 798 aliud
1528 740 1627 796 nisi
1654 737 1775 808 quia
1801 734 1966 806 gratis

384 828 574 913 datur;
603 864 702 902 nec
726 847 845 902 ideo
873 846 992 914 quia
1019 859 1124 898 non
1149 838 1352 896 meritis
1375 837 1550 899 datur,
1579 832 1671 888 sed
1695 831 1816 900 quia
1842 828 1964 882 data

385 952 580 998 suntet
600 941 712 1011 ipsa
737 942 921 993 merita
945 937 1134 1002 quibus
1153 934 1327 988 datur.
1354 928 1452 985 Ubi
1474 936 1650 981 autem
1667 921 1965 978 invenimus

298 1027 304 1032 ’
385 1036 548 1090 etiam
590 1032 753 1086 vitam
791 1040 1044 1084 aeternam
1087 1025 1308 1095 gratiam
1357 1017 1675 1087 nuncupari,
1707 1013 1964 1068 habemus

383 1126 524 1192 apud
548 1123 794 1180 eumdem
823 1121 1006 1190 gratia:
1035 1116 1367 1186 magniﬁcum
1396 1110 1733 1166 defensorem
1760 1111 1965 1172 aposto-

385 1218 494 1272 lum
541 1216 756 1270 l’aulum
787 1232 802 1266 :
834 1210 1194 1280 Stipendium,
1226 1206 1422 1274 inquit,
1457 1201 1644 1271 peccati
1688 1215 1820 1250 mors
1857 1205 1963 1258 est;

385 1309 552 1381 gratia
584 1316 752 1358 autem
794 1303 885 1356 Dei
923 1302 1024 1355 rita
1063 1308 1252 1353 (eterna
1291 1297 1345 1349 in
1385 1292 1584 1349 Christo
1611 1290 1734 1343 Jesu
1761 1287 1977 1344 donatiuo.

383 1407 555 1453 nostra
586 1396 775 1466 (Rom.
805 1411 879 1459 vi,
914 1393 986 1448 25
1007 1396 1044 1461 ).

453 1489 545 1544 20.
592 1487 740 1553 Vide,
771 1488 992 1540 obsecro
1015 1493 1086 1548 te,
1119 1483 1170 1536 in
1198 1487 1391 1550 quanta
1418 1476 1673 1532 brevitate
1699 1487 1856 1544 quam
1888 1471 1964 1524 vi-

378 1583 610 1651 gilanter
631 1580 790 1632 verba
808 1575 1061 1647 posuerit,
1085 1573 1277 1644 quibus
1291 1571 1569 1640 diligenter
1591 1562 1960 1632 consideratis,

378 1672 691 1742 quaestionis
722 1670 876 1737 huius
917 1666 1300 1737 aliquantulum
1329 1663 1619 1717 dilucescat
1647 1659 1960 1714 obscuritas.

379 1766 516 1818 Cum
539 1763 682 1817 enim
703 1761 944 1824 dixisset,
971 1757 1290 1826 Stipendium
1317 1753 1503 1824 peccati
1527 1766 1696 1815 mors;
1721 1749 1838 1819 quis
1860 1763 1963 1804 non

383 1873 502 1912 eum
533 1850 1009 1923 congruentissima
1047 1856 1102 1902 et
1128 1855 1513 1914 consequenter
1539 1842 1734 1896 addere
1755 1841 1964 1911 judica-

384 1954 485 2007 ret,
508 1944 549 1995 si
575 1944 794 2008 diceret,
821 1939 1153 2010 Stipendium
1175 1947 1352 1990 autem
1369 1934 1588 2004 justitia».
1608 1934 1709 1987 vita
1731 1933 1964 1987 retenta?

379 2043 435 2086 et
466 2048 646 2086 verum
673 2041 786 2097 est;
815 2032 936 2100 quia
965 2031 1099 2084 sicut
1127 2026 1320 2082 merito
1349 2025 1544 2095 peccati
1590 2034 1834 2093 tanquam
1865 2023 1962 2076 sti-

381 2125 632 2194 pendium
673 2124 910 2179 redditur
938 2135 1115 2185 mors,
1148 2120 1218 2174 ita
1256 2117 1446 2173 merito
1473 2115 1690 2185 justitia:
1717 2125 1962 2184 tanquam

382 2215 703 2284 stipendium
733 2215 837 2268 vita
859 2224 1079 2268 aeterna.
1103 2214 1206 2265 Aut
1231 2211 1278 2266 si
1304 2209 1469 2263 nollet
1491 2208 1688 2269 dicere,
1716 2206 1963 2274 Justitiaz,

382 2307 616 2374 diceret,
647 2307 804 2372 ﬁdei;
835 2306 1084 2376 quoniam
1126 2305 1300 2374 justus
1328 2319 1394 2357 ex
1427 2301 1528 2356 lide
1569 2301 1697 2355 vivit
1741 2299 1963 2370 (Habac.

383 2415 442 2464 ιι,
465 2399 500 2454 4
515 2441 530 2466 ,
559 2409 607 2452 et
630 2399 779 2452 Rom.
801 2414 840 2462 t,
866 2399 975 2468 l7).
1009 2397 1158 2452 Unde
1176 2395 1334 2451 etiam
1363 2404 1417 2449 et
1445 2407 1652 2448 merces
1671 2393 1966 2462 appellatur

371 2491 626 2560 plurimis
677 2500 976 2545 sanctarum
1025 2489 1419 2558 Scripturarum
1469 2487 1598 2540 locis
1647 2503 1658 2537 :
1707 2499 1964 2554 nusquam

385 2599 544 2654 porro
572 2583 709 2637 dicta
737 2591 821 2638 est
849 2591 1056 2636 merces
1079 2580 1278 2649 justitia
1305 2578 1389 2632 vel
1420 2577 1567 2641 ﬁdes,
1599 2577 1722 2646 quia
1747 2575 1967 2645 justitia:

385 2677 468 2730 vel
489 2675 609 2730 ﬁdei
630 2675 868 2731 redditur
889 2689 1112 2729 merces.
1140 2671 1291 2741 Quod
1312 2680 1395 2727 est
1414 2678 1592 2726 autem
1615 2683 1820 2724 merces
1839 2683 1968 2738 ope-

383 2768 540 2835 ranti,
573 2767 676 2823 hoc
699 2767 942 2822 militanti
968 2765 1309 2836 stipendium.
1329 2839 1331 2842 η

454 2859 544 2913 21.
585 2859 692 2915 Sed
717 2860 902 2915 beatus
926 2859 1214 2928 Apostolus
1237 2857 1492 2912 adversus
1517 2855 1823 2921 elationem,
1848 2871 1968 2926 qua:

383 2963 558 3019 usque
581 2950 717 3004 adeo
743 2950 944 3020 magnis
970 2957 1137 3004 tentat
1163 2949 1398 3018 irrepere
1415 2988 1429 3011 ,
1459 2957 1516 3001 ut
1543 2953 1599 3001 et
1625 2947 1724 3001 sibi
1754 2956 1970 3016 propter

389 3043 558 3110 ipsam
587 3042 732 3098 dicat
757 3042 936 3097 datum
963 3043 1207 3112 angelum
1233 3041 1463 3106 Satanae,
1490 3054 1519 3093 a
1546 3055 1650 3110 quo
1675 3039 1971 3108 colaphiza-

387 3145 571 3202 retur,
617 3151 686 3190 ne
722 3136 974 3190 verticem
1022 3134 1448 3205 praesumptionis
1483 3131 1710 3201 erigeret
1758 3131 1822 3200 (ll
1848 3130 1966 3187 Cor.

391 3243 488 3291 sn,
521 3227 574 3298 7)
607 3243 621 3281 :
651 3227 906 3282 adversus
933 3227 1071 3281 hanc
1095 3241 1221 3295 ergo
1249 3225 1493 3280 elationis
1524 3231 1723 3294 pestem
1754 3225 1973 3292 vigilan-

387 3318 593 3372 tissime
625 3317 894 3384 militans,
943 3317 1297 3386 Stipendium,
1340 3315 1543 3384 inquit,
1590 3315 1776 3384 peccati
1814 3331 1966 3368 mors.

390 3407 554 3462 Recte
581 3408 923 3475 stipendium,
952 3409 1071 3476 quia
1099 3407 1343 3467 debetur.
1375 3406 1494 3475 quia
1525 3404 1682 3474 digne
1719 3403 1971 3458 retribui-

389 3510 511 3566 tur,
560 3501 680 3569 quia
724 3501 916 3554 merito
958 3499 1216 3554 redditur.
1268 3497 1498 3561 Deinde,
1546 3512 1614 3550 tte
1657 3495 1857 3564 justitia
1905 3496 1974 3551 de

389 3591 624 3644 humano
661 3605 721 3645 se
760 3591 1038 3646 extolleret
1079 3591 1218 3644 bono
1254 3589 1475 3656 merito,
1520 3587 1655 3642 sicut
1685 3587 1971 3640 humanum

394 3685 638 3737 meritum
669 3685 864 3737 malum
893 3698 998 3738 non
1033 3683 1302 3737 dubitatur
1324 3696 1442 3735 esse
1470 3689 1740 3748 peccatum
1761 3719 1776 3744 ,
1809 3693 1911 3732 non
1942 3694 1971 3732 a

392 3773 660 3828 contrario
703 3774 915 3840 retulit,
963 3773 1177 3840 dicens,
1227 3771 1557 3842 Stipendium
1600 3771 1820 3840 justitim
1868 3770 1971 3823 vita

393 3873 624 3930 aeterna;
654 3865 747 3919 sed
769 3905 782 3925 .
813 3865 1006 3934 gratia,
1038 3865 1236 3935 inquit,
1265 3864 1360 3918 Dei
1394 3865 1495 3917 vita
1522 3874 1728 3917 wterna.
1772 3863 1836 3915 Et
1861 3862 1976 3916 ha-c

393 3969 462 4008 ne
486 3964 682 4025 praeter
705 3955 1044 4010 Mediatorem
1072 3957 1244 4023 aliqua
1271 3955 1372 4008 alia
1397 3955 1480 4008 via
1506 3964 1852 4023 quaereretur,
1882 3952 1975 4004 ad-

394 4044 539 4114 iecit,
569 4046 622 4098 in
643 4044 841 4098 Christo
863 4044 988 4098 Iesu
1008 4044 1225 4098 Domino
1249 4055 1418 4098 nostro
1441 4060 1460 4097 :
1482 4054 1726 4112 tanquam
1749 4043 1971 4109 diceret,

396 4137 596 4191 Audito
635 4137 772 4206 quod
821 4137 1141 4206 stipendium
1183 4136 1388 4205 peccati
1431 4137 1500 4191 sit
1543 4152 1718 4200 mors,
1763 4137 1887 4205 quid
1923 4145 1974 4190 te

393 4226 636 4295 disponis
658 4226 935 4290 extollere,
963 4241 996 4278 ο
1021 4225 1270 4288 humana,
1302 4240 1406 4279 non
1426 4225 1650 4295 justitia,
1681 4225 1774 4279 sed
1807 4227 1975 4280 nomi-

394 4331 464 4371 ne
484 4316 701 4386 justitiaa
728 4317 884 4386 plane
906 4317 1192 4387 superbia?
1216 4315 1342 4386 quid
1369 4325 1418 4372 te
1442 4316 1677 4386 disponis
1697 4317 1970 4382 extollere,

395 4416 452 4461 et
477 4407 795 4461 contrariam
823 4409 978 4462 morti
1005 4409 1166 4462 vitam
1195 4415 1447 4462 :eternam
1470 4415 1717 4477 tanquam
1741 4407 1974 4462 debitum

395 4499 715 4568 stipendium
747 4499 1020 4570 ﬂagitare?
1059 4499 1155 4554 Cui
1196 4501 1420 4556 debetur
1454 4501 1560 4556 vita
1591 4513 1820 4569 aeterna,
1850 4518 1973 4568 vera

390 4588 592 4660 justitia
616 4599 698 4645 est
728 4609 740 4644 :
769 4591 813 4645 si
842 4601 1018 4645 autem
1049 4607 1174 4646 vera
1200 4592 1403 4661 justitia
1431 4602 1531 4655 est,
1563 4608 1626 4648 ex
1658 4601 1711 4647 te
1741 4609 1844 4648 non
1871 4602 1972 4658 est,

395 4682 674 4738 desursum
705 4692 786 4738 est
823 4683 1152 4739 descendens
1194 4699 1225 4738 a
1272 4684 1428 4739 Patre
1473 4685 1729 4739 luminum
1775 4685 1976 4754 (Jacobi

393 4789 434 4841 ι,
460 4775 570 4845 l7).
598 4773 668 4828 Ut
694 4775 917 4830 haberes
935 4791 1073 4841 eam,
1103 4776 1146 4830 si
1175 4785 1349 4831 tamen
1379 4776 1542 4832 habes
1567 4791 1709 4843 eam,
1736 4777 1976 4848 profecto

393 4863 646 4933 accepisti
692 4882 706 4919 :
768 4865 895 4934 quid
951 4866 1092 4920 enim
1153 4865 1317 4920 habes
1379 4866 1520 4936 quod
1572 4882 1676 4920 non
1726 4869 1975 4938 accepisti

395 4957 438 5028 (l
465 4955 583 5010 Cor.
615 4971 696 5023 tv,
729 4954 818 5029 7)?
845 4956 1196 5026 Quapropter,
1223 4972 1258 5011 ο
1283 4957 1469 5021 homo,
1501 4960 1544 5012 si
1574 4968 1890 5029 accepturus
1917 4975 1978 5014 es

394 5051 555 5103 vitam
582 5059 832 5104 aeternam
853 5092 868 5116 ,
894 5049 1114 5120 justitize
1139 5051 1348 5119 quidem
1380 5051 1698 5120 stipendium
1740 5061 1821 5107 est
1840 5095 1853 5116 ,
1881 5053 1974 5108 sed

396 5143 488 5198 tibi
518 5143 682 5213 gratia
709 5152 810 5209 est,
838 5143 922 5198 cui
948 5143 1112 5212 gratia
1139 5152 1293 5198 estet
1319 5144 1429 5213 ipsa
1451 5144 1670 5214 justitia.
1698 5145 1810 5199 Tibi
1833 5145 1974 5200 enim

397 5245 646 5304 tanquam
678 5234 854 5289 debita
884 5234 1214 5298 redderetur,
1242 5234 1286 5287 si
1313 5249 1377 5288 ex
1404 5219 1460 5288 te
1488 5235 1580 5288 tibi
1611 5245 1751 5290 esset
1773 5235 1975 5306 justitia

395 5325 481 5379 cui
505 5324 746 5380 debetur.
772 5325 924 5379 Nune
949 5339 1080 5378 vero
1102 5323 1168 5378 de
1190 5322 1512 5393 plenitudine
1534 5325 1649 5394 ejus
1675 5327 1979 5395 accepimus

399 5432 504 5469 non
533 5417 701 5471 solum
731 5417 973 5486 gratiam,
1001 5430 1102 5485 qua
1123 5430 1262 5469 nunc
1277 5414 1418 5484 juste
1444 5415 1495 5469 in
1516 5415 1786 5470 laboribus
1810 5433 1979 5487 usque

402 5509 454 5561 in
497 5507 653 5561 linem
693 5508 953 5574 vivimus,
985 5506 1077 5562 sed
1107 5507 1264 5561 etiam
1296 5507 1517 5576 gratiam
1558 5522 1654 5575 pro
1684 5507 1780 5560 hac
1811 5509 1979 5576 gratia

402 5596 580 5667 (Joan.
612 5614 658 5662 ι,
689 5596 810 5670 16),
838 5609 896 5653 ιιι
925 5600 976 5653 in
1003 5598 1182 5668 requie
1208 5606 1387 5666 postea
1418 5599 1532 5652 sine
1573 5597 1680 5651 hue
1719 5598 1976 5654 vivamus.

402 5690 516 5748 Hoc
543 5691 676 5748 nihil
701 5692 962 5747 salubrius
991 5691 1124 5746 ﬁdes
1148 5690 1342 5755 credit,
1384 5689 1507 5760 quia
1533 5689 1664 5744 nihil
1697 5691 1872 5745 verius
1897 5691 1980 5744 in-

402 5783 643 5841 tellectus
675 5784 912 5843 invenit:
944 5795 999 5842 et
1033 5785 1286 5842 debemus
1325 5783 1509 5841 audire
1548 5783 1860 5855 prophetam
1899 5784 1980 5840 di-

1554 344 2032 407 El’lS'l'Ol..\RUM
2069 342 2344 398 CLASSIS
2381 341 2468 397 ΙΙΙ.

3541 338 3651 396 Ii!

2073 469 2278 512 centeni
2300 499 2315 521 ,
2348 456 2464 511 Nisi
2487 453 2796 510 credideritis
2814 494 2829 520 ,
2861 468 2966 507 non
2984 449 3269 523 intelligetis
3298 451 3447 525 (lsui.
3473 455 3667 520 vn,'9,.

2070 567 2170 604 sec.
2203 548 2388 621 LXX).
2506 533 2510 536 ’

2141 640 2365 696 CAPUT
2401 639 2485 695 Vl.
2506 640 2682 694 —22.
2708 640 2814 695 Sed
2835 638 3138 695 excusabant
3161 655 3234 705 se,
3266 639 3456 709 inquit,
3489 639 3649 694 hauri-

2071 749 2176 794 nes,
2195 733 2278 800 qui
2296 733 2473 786 nolunt
2493 742 2623 786 recte
2639 742 2684 786 et
2700 731 2916 801 ﬁdeliter
2934 732 3114 796 uiuere,
3129 730 3351 786 dicentes
3370 746 3389 784 :
3410 729 3546 796 Quid
3555 747 3660 785 nos-

2071 824 2278 894 feciinus
2303 823 2389 894 qui
2414 823 2544 878 male
2567 823 2802 890 uiuimus,
2828 822 3230 893 quandoquidem
3263 822 3480 893 gratiam
3517 821 3651 875 unde

2069 914 2192 969 bene
2214 915 2507 981 viveremus,
2534 931 2632 968 non
2659 915 2981 984 accepimus?
3009 911 3124 968 Non
3147 920 3372 983 possunt
3392 912 3652 968 veraciter

2067 1007 2249 1063 dicere
2279 1007 2404 1061 nihil
2435 1008 2557 1062 mali
2583 1023 2642 1063 se
2669 1007 2853 1061 iecisse
2885 1005 2976 1075 qui
3012 1005 3149 1060 male
3179 1003 3363 1059 vivunt
3393 1021 3405 1057 :
3432 1003 3478 1057 si
3506 1003 3648 1057 enim

2033 1147 2036 1150 .
2070 1097 2200 1151 nihil
2227 1099 2348 1152 mali
2375 1097 2590 1160 faciunt,
2617 1099 2753 1152 bene
2778 1097 2990 1160 vivunt;
3019 1096 3062 1152 si
3081 1104 3258 1150 autem
3283 1094 3423 1149 male
3444 1095 3644 1158 vivunt,

2069 1190 2136 1244 de
2162 1205 2259 1244 suo
2289 1191 2425 1244 tnale
2462 1191 2663 1256 vivunt,
2695 1190 2774 1244 vel
2811 1189 2952 1260 quod
2986 1188 3311 1259 originaliter
3348 1197 3645 1254 traxerunt,

2069 1284 2148 1337 vel
2179 1282 2319 1352 quod
2351 1283 2566 1351 insuper
2591 1281 2928 1336 addiderunt.
2971 1280 3075 1337 Sed
3115 1281 3160 1336 si
3197 1295 3322 1336 vasa
3365 1289 3488 1334 sunt
3532 1279 3644 1345 inc,

2067 1389 2186 1442 qua:
2217 1371 2445 1442 perlecta
2485 1381 2608 1425 sunt
2645 1371 2710 1425 ad
2756 1371 3137 1441 perditionem,
3167 1387 3288 1440 qua:
3329 1371 3430 1424 illis
3473 1370 3650 1425 debita

2069 1466 2337 1529 redditur,
2380 1465 2479 1519 sibi
2509 1465 2611 1518 hoc
2637 1465 2919 1532 imputent,
2953 1465 3075 1534 quia
3114 1479 3178 1518 ex
3219 1479 3281 1518 ea
3312 1479 3482 1518 massa
3513 1463 3649 1518 facta

2068 1568 2223 1620 sunt,
2253 1573 2407 1627 quam
2441 1569 2654 1627 propter
2683 1557 2840 1610 unius
2879 1565 3148 1625 peccatum
3169 1597 3184 1621 ,
3225 1556 3277 1610 in
3315 1571 3423 1626 quo
3461 1572 3649 1612 omnes

2069 1660 2442 1720 peccaverunt,
2461 1652 2652 1705 merito
2669 1650 2808 1703 Deus
2823 1648 3066 1719 justeque
3087 1648 3356 1703 damnavit
3374 1666 3388 1703 :
3405 1649 3448 1702 si
3471 1659 3648 1704 autem

2068 1757 2192 1796 vasa
2218 1751 2343 1795 sunt
2369 1740 2768 1808 misericordia,
2790 1740 2981 1810 quibus
3007 1755 3072 1794 ex
3095 1739 3280 1794 eadem
3305 1754 3476 1793 massa
3500 1739 3651 1793 lactis

2068 1835 2380 1904 supplicium
2412 1834 2646 1888 debitum
2691 1833 2916 1888 reddere
2953 1832 3150 1897 noluit,
3191 1847 3297 1886 non
3337 1847 3396 1886 se
3440 1831 3647 1896 inllent,

2067 1927 2160 1979 sed
2193 1927 2362 1996 ipsum
2388 1925 2713 1995 gloriﬁcent,
2744 1925 2832 1994 qui
2863 1925 2942 1978 eis
2969 1923 3388 1978 misericordiam
3420 1939 3524 1976 non
3551 1921 3648 1977 de-

2069 2017 2230 2071 bitam
2256 2016 2527 2085 praestitit,
2559 2024 2613 2070 et
2635 2017 2681 2070 si
2709 2015 2836 2085 quid
2865 2015 3017 2069 aliter
3039 2015 3284 2084 sapiunt,
3311 2023 3366 2070 et
3392 2014 3491 2068 hoc
3514 2029 3652 2084 quo-

2066 2126 2170 2181 que
2196 2111 2297 2164 illis
2328 2111 2440 2179 ipse
2470 2109 2725 2164 revelabit
2749 2107 3009 2178 (Philipp.
3036 2123 3113 2172 ut,
3144 2107 3258 2178 15).

2136 2200 2228 2256 25.
2273 2203 2549 2255 Postremo
2587 2215 2816 2270 quonam
2855 2214 2916 2253 se
2957 2199 3042 2252 isti
3089 2197 3419 2253 excusabunt
3453 2195 3652 2250 modo?

2067 2293 2271 2362 Nempe
2295 2293 2383 2347 illo
2405 2309 2560 2363 quem
2583 2293 2818 2347 breviter
2839 2302 3083 2361 tanquam
3107 2305 3174 2344 ex
3193 2305 3376 2344 corum
3402 2303 3532 2343 voce
3551 2288 3650 2342 sibi

2069 2386 2263 2454 objecit
2285 2385 2591 2452 Apostolus,
2616 2391 2674 2436 ut
2694 2383 2873 2436 dicant
2899 2398 2913 2434 :
2945 2380 3083 2447 Quid
3108 2380 3277 2433 adhuc
3295 2379 3614 2448 conqueritur
3629 2380 3654 2432 .’

2069 2491 2188 2528 nam
2213 2475 2450 2527 voluntati
2475 2475 2584 2543 ejus
2611 2473 2720 2543 quis
2747 2471 2972 2525 resistit!
3012 2470 3123 2524 Hoc
3157 2477 3238 2524 est
3275 2469 3416 2524 enitn
3451 2468 3652 2532 dicere,

2069 2566 2205 2633 Quid
2247 2566 2316 2620 de
2352 2566 2504 2620 nobis
2540 2564 2598 2619 iit
2638 2565 2888 2634 querela,
2932 2562 3070 2633 quod
3116 2562 3282 2616 Deum
3324 2559 3655 2616 offendamus

2071 2659 2212 2714 male
2238 2656 2493 2720 vivendo,
2520 2671 2641 2710 cum
2670 2656 2810 2710 illius
2838 2653 3092 2709 voluntati
3119 2669 3277 2708 nemo
3314 2652 3481 2722 possit
3519 2657 3653 2706 resl-

2071 2760 2253 2814 stere,
2308 2749 2397 2818 qui
2450 2763 2547 2802 nos
2595 2747 2875 2801 obduravit
2914 2744 3330 2801 misericordiam
3374 2759 3480 2798 non
3522 2758 3658 2814 pra:-

2071 2843 2299 2899 stando?
2328 2843 2385 2896 Si
2410 2857 2538 2911 ergo
2565 2841 2683 2895 illus
2710 2855 2814 2893 non
2845 2837 3004 2909 pudet
3033 2838 3132 2892 hac
3155 2836 3512 2901 excusatione,
3547 2849 3654 2891 non

2072 2935 2254 2998 nobis,
2287 2932 2381 2988 sed
2408 2932 2666 3002 Apostolo
2693 2929 3059 2986 contradicere
3079 2970 3094 2994 ,
3129 2943 3226 2983 cur
3249 2943 3349 2982 nos
3375 2927 3551 2998 pigeat
3577 2927 3658 2984 eis

2073 3024 2214 3093 quod
2243 3023 2374 3078 dixit
2401 3021 2719 3091 Apostolus,
2750 3020 2850 3074 hoc
2879 3019 3017 3075 idem
3057 3028 3216 3086 atque
3254 3016 3542 3072 identidem
3572 3015 3655 3071 dio

2073 3131 2196 3172 cere
2233 3134 2246 3170 :
2287 3115 2331 3169 Ο
2355 3116 2502 3171 homo
2523 3157 2538 3181 ,
2580 3125 2633 3167 tu
2656 3114 2768 3182 quis
2797 3129 2847 3166 es
2873 3112 2956 3182 qui
2980 3109 3284 3182 respondeas
3309 3108 3416 3163 Deo
3432 3110 3458 3164 7
3484 3105 3658 3163 Num~

2073 3207 2194 3278 quid
2233 3206 2354 3261 dicit
2400 3207 2692 3277 ﬁgmentum
2733 3204 2903 3274 ei'qui
2939 3219 2992 3257 se
3028 3202 3210 3271 ﬁnxit,
3259 3200 3428 3266 Quare
3467 3200 3540 3254 sic
3578 3216 3672 3254 me

2076 3298 2276 3370 fecisti?
2305 3315 2477 3351 annon
2514 3296 2657 3350 habet
2696 3303 2986 3366 potestatem
3023 3293 3210 3364 ﬁgulus
3235 3291 3328 3346 luti
3346 3332 3363 3358 ,
3393 3307 3456 3346 ea:
3484 3289 3659 3345 eadem

2077 3408 2242 3445 massa
2262 3433 2276 3456 ,
2307 3391 2487 3460 utique
2513 3391 2703 3444 merito
2730 3397 2977 3458 recteque
3009 3387 3253 3441 damnata
3271 3423 3286 3450 ,
3325 3388 3489 3456 facere
3514 3383 3658 3437 aliud

2075 3500 2162 3538 vas
2189 3483 2244 3537 in
2270 3483 2507 3537 honorem
2543 3481 2834 3537 indebitum
2866 3489 3082 3550 propter
3119 3477 3496 3532 misericordiae
3536 3489 3659 3546 gra—

2079 3575 2201 3629 tiam
2224 3617 2239 3641 ,
2266 3575 2405 3628 aliud
2429 3575 2480 3628 in
2505 3573 2856 3627 contumeliam
2883 3571 3116 3625 debitam
3148 3577 3362 3639 propter
3389 3569 3483 3622 irae
3501 3567 3656 3637 justi-

2078 3667 2201 3719 tiam
2224 3707 2238 3729 ,
2282 3675 2333 3720 et
2377 3672 2435 3718 ut
2473 3673 2625 3718 notas
2671 3664 2822 3718 iaciat
2859 3661 3069 3716 divitias
3101 3661 3282 3730 gloria:
3313 3675 3422 3713 sua:
3453 3659 3504 3712 in
3533 3673 3658 3710 vasa

2080 3757 2489 3822 misericordia,
2527 3757 2603 3811 sic
2640 3755 2927 3810 ostendens
2955 3751 3080 3824 quid
3109 3752 3187 3806 eis
3215 3751 3494 3821 largiatur,
3535 3764 3659 3804 cum

2080 3849 2129 3904 id
2161 3849 2474 3920 supplicium
2504 3847 2763 3917 recipient
2783 3862 2906 3903 vasa
2930 3847 3044 3912 irae,
3081 3845 3222 3916 quod
3259 3845 3456 3914 pariter
3482 3843 3660 3903 omni-

2079 3944 2179 3997 bus
2218 3943 2548 3997 debebatur?
2590 3941 2731 3997 Satis
2772 3941 2841 3994 sit
2883 3940 3092 3994 interim
3134 3937 3424 3994 christiano
3463 3952 3529 3995 ex
3558 3935 3662 3995 lldo

2079 4032 2252 4086 adhuc
2278 4034 2504 4098 viventi,
2543 4042 2597 4087 et
2634 4031 2865 4086 nondum
2909 4032 3147 4085 cernenti
3190 4027 3328 4096 quod
3368 4028 3668 4098 perlectum

2079 4134 2180 4184 est.
2211 4123 2304 4178 sed
2326 4140 2390 4178 ex
2418 4124 2562 4193 parte
2582 4124 2767 4178 scienti
2799 4122 2840 4193 (Ι
2866 4121 2983 4178 Cor.
3010 4137 3139 4187 xm,
3166 4121 3220 4184 9,
3246 4118 3334 4192 10)
3355 4161 3369 4183 ,
3400 4133 3557 4172 nosse
3578 4118 3678 4172 ver

2079 4214 2296 4269 credere
2324 4214 2462 4284 quod
2491 4215 2752 4268 neminem
2782 4215 2919 4268 Deus
2955 4213 3144 4268 liberet
3168 4211 3268 4265 nisi
3300 4211 3538 4281 gratuita,
3561 4207 3664 4264 mi-

2080 4305 2366 4362 sericordia
2397 4321 2490 4374 per
2515 4305 2793 4360 Dominum
2822 4314 3058 4358 nostrum
3086 4302 3265 4359 .lesum
3286 4300 3578 4367 Christum,
3597 4309 3663 4364 et

2081 4398 2347 4453 neminem
2373 4399 2592 4453 damnet
2613 4398 2711 4451 nisi
2735 4397 3035 4467 mquissima
3056 4395 3274 4453 veritate
3297 4409 3390 4466 per
3411 4391 3673 4450 eumdem-

2083 4492 2361 4546 Dominum
2389 4499 2627 4545 nostrum
2655 4489 2834 4543 Jcsum
2864 4488 3153 4543 Christum.
3183 4488 3290 4542 Cur
3309 4495 3484 4542 autem
3509 4485 3661 4540 illum

2082 4583 2256 4653 potius
2288 4599 2445 4652 quam
2484 4582 2628 4635 illum
2669 4581 2860 4634 liberet
2885 4590 2974 4633 aut
2997 4595 3102 4634 non
3129 4579 3354 4644 liberet,
3394 4584 3694 4638 scrutetur.

2081 4674 2168 4744 qui
2200 4672 2710 4742 potestjudiciorum
2742 4670 2856 4741 ejus
2893 4677 3000 4723 tam
3039 4683 3287 4739 magnum
3318 4667 3665 4738 profundunt.

2081 4777 2445 4818 vermntamen
2472 4771 2666 4820 careat,
2691 4760 3058 4834 prazcipitium.
3095 4757 3358 4829 Numquid
3396 4757 3553 4815 enim
3572 4765 3671 4815 est

2083 4856 2333 4924 iniquitas
2366 4855 2502 4924 apud
2545 4853 2748 4908 Deum?
2787 4852 2939 4912 Absit
2970 4870 2983 4906 :
3020 4850 3114 4910 sed
3153 4848 3666 4909 inscrutabiliasuut

2079 4946 2274 5016 judicia
2300 4945 2432 5016 ejus,
2465 4953 2518 4999 et
2547 4943 2936 5013 investigabiles
2962 4941 3059 4996 vize
3087 4940 3223 5012 ejus.

2155 5040 2245 5095 24.
2288 5041 2352 5094 Et
2380 5040 2432 5098 in
2462 5037 2748 5107 majoribus
2778 5037 3034 5094 duntaxat
3064 5033 3311 5092 tctalibus
3344 5032 3540 5092 merito,
3561 5029 3663 5084 diei

2085 5141 2262 5204 potest
2307 5149 2320 5186 :
2363 5131 2427 5185 Hi
2469 5129 2749 5184 noluerunt
2790 5127 3121 5198 intelligere,
3174 5134 3232 5179 ut
3273 5125 3409 5183 bene
3445 5130 3667 5192 agerent

2088 5227 2260 5296 (Psal.
2287 5240 2458 5287 xxxv,
2488 5222 2564 5294 4).
2606 5223 2702 5287 lli,
2736 5222 2874 5292 quod
2896 5220 3108 5290 gravius
3132 5227 3232 5278 est.
3267 5216 3666 5276 intellexerunt,

2077 5307 2140 5373 et
2169 5334 2272 5373 non
2299 5316 2612 5373 obedicrunt
2643 5331 2656 5366 :
2693 5314 3018 5384 quia,,sicut
3055 5310 3309 5380 scriptum
3341 5314 3420 5361 est
3441 5345 3457 5370 ,
3498 5305 3667 5359 Verbis

2088 5429 2188 5466 non
2216 5409 2554 5464 emendabitur
2591 5423 2762 5461 servus
2796 5401 2987 5469 durus;
3009 5403 3069 5465 (si
3102 5402 3233 5456 enim
3269 5409 3317 5454 et
3344 5399 3664 5470 intellexeritV

2090 5521 2191 5568 non
2214 5503 2402 5557 obediet
2431 5499 2608 5572 (Prov.
2636 5513 2805 5565 χχιιι,
2825 5495 2945 5566 ¹19).
2967 5493 3124 5572 Unde
3151 5509 3258 5546 non
3288 5488 3501 5548 obedict
3521 5530 3535 5555 ,
3555 5488 3669 5550 nisi

2091 5613 2186 5652 sua
2214 5596 2439 5666 pessima
2469 5591 2776 5648 voluntate?
2815 5590 2908 5645 Cui
2947 5587 3157 5658 gravior
3194 5582 3463 5638 damnatio
3491 5579 3670 5634 divina

2089 5691 2337 5760 aequitate
2363 5688 2588 5742 debetur
2615 5705 2629 5742 :
2655 5685 2740 5740 cui
2766 5685 2905 5738 enim
2935 5679 3240 5752 plusadatur
3258 5719 3272 5743 ,
3301 5677 3422 5746 plus
3445 5675 3672 5745 exigitur

2091 5785 2159 5840 ab
2197 5799 2261 5839 eo
2291 5781 2437 5854 (Luc.
2468 5796 2540 5836 xu
2561 5822 2577 5848 ,
2605 5776 2829 5848 67,48).
2860 5775 2992 5832 Istos
3017 5773 3210 5847 quippe
3248 5769 3519 5842 Scriptura
3546 5762 3670 5823 dicit
