4086 6350
466 293 573 353 κδ

470 402 884 465 inexcusabilcs,
914 414 1047 471 quos
1070 413 1177 454 non
1204 398 1329 454 latet
1353 394 1548 451 veritas
1584 402 1637 448 et
1672 392 1728 449 in
1756 392 1835 448 eis
1860 406 2037 461 parsi:—

470 503 616 549 verat
664 493 927 563 iniquitas.
963 490 1228 545 Revelatur
1258 488 1387 541 enint
1428 488 1505 539 ira
1541 484 1638 539 Dei
1676 483 1740 537 de
1779 482 1939 549 creto,
1966 483 2039 535 ait

470 585 758 654 Apostolus
775 626 791 649 ,
821 600 970 655 super
993 597 1188 636 omnem
1213 579 1514 649 impietatem
1540 584 1586 630 et
1618 575 1915 645 injustitiam
1943 573 2038 626 Ito-

470 675 662 729 minum
690 690 861 729 eorum
885 674 972 743 qui
995 672 1250 726 ceritatem
1274 670 1327 723 in
1353 666 1604 740 injustitia
1633 666 1852 719 detinent
1879 678 1897 717 :
1923 662 2043 732 quia

474 767 610 837 quod
635 774 808 821 notum
834 774 906 820 est
930 764 1045 829 Dei,
1075 762 1392 832 manifestum
1419 768 1490 813 est
1516 758 1571 812 in
1592 757 1716 811 illis.
1751 755 1888 811 Deus
1910 754 2043 807 enim

470 859 576 913 illis
594 856 946 929 manifestaoit.
968 854 1248 911 Inuisibilia
1266 852 1397 907 enim
1415 850 1526 923 ejus
1546 867 1577 903 a
1596 858 1824 903 creatura
1843 846 2039 909 mundi,

472 966 563 1019 per
588 964 649 1003 ea
680 964 796 1019 qua
816 951 952 1020 facta
975 955 1120 1012 sunt,
1148 944 1398 1000 intellecta
1424 941 1833 1012 conspiciuntur;
1862 938 2045 1003 sempi-

473 1049 612 1092 terna
627 1054 820 1110 quoque
833 1038 989 1091 virtus
1004 1037 1111 1104 eius
1124 1051 1184 1090 ac
1200 1033 1456 1095 divinitas,
1470 1042 1525 1086 ut
1543 1032 1641 1087 sint
1660 1028 2041 1085 inexcusabiles.

542 1129 631 1185 25.
671 1128 727 1185 Si
756 1143 886 1200 ergo
911 1129 1041 1183 istos
1067 1125 1452 1183 inexcusabiles
1473 1123 1619 1186 dicit,
1647 1122 1735 1192 qui
1767 1119 2045 1175 invisibilia

475 1219 617 1274 illius
656 1234 749 1289 per
786 1234 849 1275 ea
887 1233 1006 1289 qua:
1047 1216 1182 1271 facta
1224 1224 1382 1281 sunt,
1428 1212 1695 1268 intellecta
1740 1211 2047 1277 conspicere

475 1318 792 1380 potuerunt,
825 1324 923 1363 nec
950 1308 1264 1364 obedierunt
1291 1315 1466 1360 tamen
1495 1303 1699 1359 veritati
1722 1342 1738 1369 ,
1764 1301 1856 1355 sed
1884 1299 2045 1370 iniqui

482 1410 533 1463 et
552 1400 695 1469 impii
722 1408 1155 1469 permanserunt;
1179 1412 1350 1465 neque
1370 1395 1511 1449 enim
1538 1409 1641 1447 non
1667 1400 2045 1459 cognoverunt,

475 1491 570 1546 sed
601 1500 980 1562 cognoscentes,
1010 1489 1205 1559 inquit,
1237 1486 1427 1550 Deum,
1458 1501 1559 1539 non
1586 1491 1639 1535 ut
1665 1482 1828 1537 Deum
1851 1480 2050 1552 gloriﬁ-

475 1590 743 1647 caverunt,
770 1589 857 1633 aut
879 1580 1067 1651 gratias
1095 1585 1296 1647 egerunt
1323 1574 1499 1644 (Rom.
1526 1589 1564 1638 ι,
1598 1569 1781 1643 18-21)
1812 1588 1827 1625 :
1855 1577 2050 1639 quanto

476 1670 643 1739 magis
685 1668 1068 1723 inexcusabiles
1108 1673 1263 1729 sunt,
1306 1664 1394 1734 qui
1428 1679 1493 1717 ex
1522 1662 1637 1731 lege
1665 1660 1779 1730 ejus
1807 1659 2047 1714 instructi

476 1759 750 1818 enntidunt
775 1774 834 1815 se
860 1759 1004 1830 ipsos
1029 1757 1192 1813 duces
1218 1772 1337 1812 esse
1373 1769 1633 1810 caecorum
1651 1793 1666 1818 ,
1712 1761 1767 1807 et
1793 1751 1924 1805 alios
1951 1750 2050 1803 dc-

477 1860 681 1917 centes,
713 1849 916 1918 scipsos
941 1863 1047 1902 non
1068 1848 1293 1909 docent;
1323 1846 1413 1915 qui
1438 1844 1721 1914 praedicant
1747 1857 1851 1895 non
1874 1839 2052 1894 inrau-

477 1941 639 2008 dum,
681 1950 734 1995 et
774 1940 1045 2003 furantur;
1081 1949 1133 1992 et
1161 1947 1350 1991 caetera
1381 1952 1497 2005 qua:
1522 1936 1590 1989 de
1617 1933 1745 2002 ipsis
1769 1932 2052 2002 Apostolus

479 2031 744 2101 loquitur!
778 2030 871 2085 Eis
894 2030 1088 2100 quippe
1116 2028 1243 2083 dicit
1268 2047 1284 2083 :
1314 2026 1591 2095 Propterea
1611 2023 1959 2078 inexcusabilis
1978 2038 2049 2086 es,

480 2136 511 2174 ο
534 2120 683 2174 homo
712 2120 872 2173 omnis
897 2119 981 2189 qui
1004 2118 1210 2189 judicas
1239 2131 1259 2170 :
1281 2119 1333 2170 in
1362 2131 1459 2185 quo
1488 2114 1620 2167 enim
1646 2113 1803 2166 alium
1825 2111 2053 2180 judicas.

481 2210 793 2279 temetipsum
828 2209 1168 2273 condemnas;
1195 2210 1367 2261 eadem
1394 2205 1525 2259 enim
1564 2203 1674 2274 agis
1710 2216 1822 2271 qua:
1847 2200 2054 2270 judicas

482 2298 596 2370 (Id.
623 2314 658 2353 ιι
676 2338 695 2365 ,
725 2298 798 2369 1).

552 2387 643 2444 26.
685 2387 819 2444 Dicit
842 2388 999 2442 etiam
1029 2387 1140 2458 ipse
1160 2384 1415 2440 Dominus
1438 2384 1489 2438 in
1512 2382 1797 2453 Evangelio
1826 2400 1840 2435 :
1874 2381 1935 2435 Si
1955 2397 2055 2435 non

481 2480 721 2539 Vertissem
746 2489 792 2535 et
818 2480 1013 2534 locutus
1034 2479 1104 2532 eis
1128 2478 1354 2548 fuissem,
1380 2485 1635 2547 peccatum
1660 2490 1761 2528 non
1786 2474 2055 2536 haberent;

483 2588 617 2629 nunc
643 2580 808 2625 autem
847 2571 1217 2625 excusationem
1261 2586 1362 2623 non
1406 2567 1585 2622 habent
1633 2569 1694 2621 de
1732 2576 1931 2637 peccato
1963 2582 2056 2620 suo

488 2662 664 2735 (Joan.
696 2678 802 2730 xv,
831 2660 945 2733 22).
976 2661 1093 2716 Non
1120 2662 1305 2730 utique
1343 2670 1611 2729 peccatum
1652 2660 1851 2713 nullum
1892 2658 2047 2712 habe—

483 2764 624 2820 rent,
652 2755 742 2825 qui
771 2755 907 2824 pleni
938 2762 1090 2809 erant
1116 2752 1235 2807 aliis
1260 2752 1462 2822 magnis
1493 2750 1775 2819 multisque
1800 2748 2053 2818 peccatis;

483 2847 577 2903 sed
623 2846 724 2902 hoc
771 2856 1040 2917 peccatum
1092 2845 1205 2899 vult
1244 2844 1459 2913 intelligi
1501 2858 1607 2896 non
1650 2857 1745 2896 eos
1788 2841 2057 2895 habituros

483 2936 668 3005 fuisse,
697 2939 740 2993 si
773 2952 876 2992 non
903 2937 1152 3000 venisset,
1184 2950 1308 3006 quo,
1340 2948 1458 2988 cum
1484 2933 1756 2987 audissent
1778 2946 1919 2995 eum,
1950 2946 2055 2985 non

485 3028 828 3083 crediderunt
852 3027 907 3081 in
933 3042 1076 3082 eum.
1107 3026 1254 3081 lianc
1282 3039 1376 3079 eos
1412 3022 1803 3077 excusationem
1831 3036 1935 3074 non
1967 3022 2058 3073 ha-

486 3120 613 3174 bere
632 3118 840 3181 asserit,
867 3132 968 3187 qua
997 3116 1198 3186 possint
1215 3114 1393 3169 dicere
1421 3111 1575 3167 z'Non
1602 3111 1915 3175 audivimus,
1939 3108 2057 3163 ideo

484 3223 593 3263 non
622 3207 962 3263 credidimus.
1003 3207 1237 3260 llnmana
1287 3204 1480 3273 quippe
1524 3202 1766 3270 superbia
1812 3210 2056 3270 tanquam

484 3314 814 3374 praesumens
858 3298 927 3353 de
966 3297 1165 3352 viribus
1211 3295 1361 3349 liberi
1405 3292 1607 3347 arbitrii
1652 3300 1953 3345 excusatam
2000 3306 2059 3345 se

487 3398 656 3460 putat,
683 3388 893 3458 quando
917 3386 1245 3458 ignorantiae,
1274 3399 1379 3439 non
1403 3382 1689 3438 voluntatis
1714 3381 1920 3439 videtur
1940 3395 2059 3441 esse

483 3480 626 3551 quod
657 3488 837 3550 peccat
865 3480 904 3534 ¹.

554 3574 645 3629 '27.
684 3573 985 3629 Secundum
1031 3571 1168 3625 hanc
1207 3568 1631 3630 excuSationem,
1676 3565 2060 3622 inexcusabiles

485 3664 615 3721 dicit
641 3663 911 3734 Scriptura
955 3661 1127 3716 divina
1172 3673 1530 3730 quoscumque
1570 3657 1799 3711 scientes
1839 3669 2060 3724 peccare

488 3753 773 3809 convincit.
809 3751 899 3804 Dei
928 3760 1100 3804 tamen
1124 3748 1321 3816 justum
1344 3746 1595 3816 judicium
1626 3760 1724 3799 nec
1748 3745 1850 3798 illis
1873 3745 2057 3813 parcit,

486 3843 575 3912 qui
605 3856 709 3896 non
736 3840 1015 3894 audierunt
1043 3854 1055 3890 :
1094 3838 1402 3903 Quicumque
1428 3836 1557 3887 enim
1590 3834 1697 3887 sine
1720 3832 1851 3903 Lege
1882 3848 2059 3901 pecca-

487 3940 681 3997 uerunt,
710 3932 815 3985 sine
834 3928 964 4000 Lege
989 3928 1212 4000 peribunt
1240 3925 1414 3997 (Rom.
1440 3940 1497 3990 Il,
1521 3925 1632 3993 12).
1662 3924 1728 3977 Et
1747 3924 1982 3993 quamvis
2003 3938 2062 3978 se

488 4022 588 4094 ipsi
618 4037 871 4079 excusare
896 4019 1188 4080 videantur,
1217 4032 1323 4071 non
1346 4015 1574 4068 admittit
1599 4014 1735 4097 hanc
1763 4012 2061 4067 excusatio-

488 4130 611 4171 nem
630 4154 644 4175 ,
673 4112 759 4182 qui
785 4111 884 4166 scit
911 4124 971 4165 se
998 4107 1182 4164 fecisse
1213 4105 1477 4163 hominem
1509 4112 1713 4159 rectum
1741 4103 1895 4172 eique
1931 4102 2060 4157 obe-

488 4204 701 4259 dienlize
727 4203 934 4258 dedisse
960 4209 1279 4271 praeceptum
1299 4238 1312 4260 ,
1342 4211 1439 4251 nec
1465 4194 1564 4250 nisi
1594 4195 1709 4263 ejus
1727 4234 1741 4257 ,
1784 4208 1889 4263 quo
1928 4192 2063 4248 male

489 4312 616 4351 usus
643 4304 743 4360 est,
776 4295 941 4350 libero
964 4290 1246 4347 voluntatis
1272 4289 1515 4354 arbitrio,
1546 4287 1702 4340 etiam
1727 4283 1864 4355 quod
1894 4293 2067 4339 trans-

490 4390 594 4444 iret
639 4391 691 4442 in
738 4396 981 4457 postcrm
1064 4397 1308 4437 manasse
1354 4388 1647 4450 peccatum.
1697 4376 1879 4446 Neque
1921 4376 2061 4430 enim

491 4480 809 4533 damnantur
836 4493 923 4546 qui
955 4491 1056 4529 non
1086 4478 1459 4541 peccaverunt,
1489 4466 1910 4536 quandoquidem
1937 4464 2062 4519 illud

491 4587 556 4626 ex
586 4584 691 4622 uno
719 4567 773 4622 in
799 4580 985 4619 omnes
1015 4561 1347 4634 pertransiit,
1376 4559 1427 4613 in
1464 4573 1569 4630 quo
1596 4566 1719 4611 ante
1762 4555 1969 4625 pr0pria
2010 4556 2063 4609 in

491 4657 710 4729 singulis
737 4654 1033 4727 quibusque
1062 4659 1273 4723 peccata
1299 4662 1485 4704 omnes
1508 4646 1857 4702 communiter
1881 4660 2066 4714 pecca-

493 4756 682 4804 verunt
710 4747 820 4818 (Id.
845 4761 899 4811 v,
930 4744 1042 4812 12).
1072 4745 1147 4797 Ac
1174 4757 1264 4810 per
1287 4740 1388 4795 hoc
1408 4736 1774 4793 inexcusabilis
1793 4744 1875 4791 est
1894 4736 2066 4791 omnis

494 4848 769 4910 peccator,
799 4835 884 4893 vel
921 4841 1069 4889 reatu
1103 4830 1355 4901 originis,
1384 4827 1469 4883 vel
1510 4825 1870 4881 additamento
1906 4826 2065 4881 etiam

495 4928 721 5001 pmpriae
744 4925 1067 4990 voluntatis;
1096 4923 1207 4977 sive
1239 4921 1327 4992 qui
1363 4918 1536 4985 novit,
1566 4918 1677 4973 sive
1710 4917 1799 4987 qui
1838 4917 2062 4987 ignorat,

474 5022 606 5079 .sive
640 5020 729 5091 qui
753 5017 982 5089 iudicat,
1012 5015 1125 5070 sive
1152 5013 1239 5083 qui
1278 5026 1381 5065 non
1414 5008 1620 5081 judicat
1648 5024 1662 5062 :
1701 5006 1823 5079 quia
1859 5016 1913 5063 et
1953 5006 2065 5075 ipsa

494 5110 788 5182 ignorantia
817 5108 869 5162 in
895 5107 973 5161 eis
996 5103 1089 5176 qui
1112 5102 1405 5172 intelligere
1434 5100 1742 5161 noluerunt,
1770 5096 1886 5153 sine
1910 5094 2066 5149 dubi-

493 5203 692 5257 tatione
710 5209 984 5271 peccatum
1004 5202 1121 5260 est;
1148 5195 1201 5248 in
1221 5194 1299 5249 eis
1319 5198 1496 5247 autem
1522 5189 1611 5260 qui
1632 5205 1736 5244 non
1762 5194 2061 5258 potuerunt,

495 5306 648 5369 pinna
678 5287 895 5360 peccati.
926 5287 1071 5358 Ergo
1095 5285 1152 5341 in
1179 5284 1413 5354 utrisque
1439 5296 1546 5337 non
1572 5287 1655 5337 est
1675 5279 1816 5351 justa
1841 5291 2064 5333 excusa-

496 5383 588 5446 tio,
621 5379 711 5435 sed
735 5378 874 5449 justa
900 5374 1189 5432 damnatio.

563 5471 655 5533 2,8.
694 5468 821 5527 ideo
834 5473 1011 5524 autem
1030 5464 1208 5525 divina
1234 5461 1439 5534 eloquia
1464 5472 1557 5516 eos
1582 5455 1962 5515 inexcusabiles
1980 5454 2063 5513 di-

561 5628 583 5670 t
598 5634 729 5686 tam,
749 5620 997 5687 admittitis
1015 5619 1224 5687 estquod
1244 5623 1426 5684 peccat.
1442 5624 1498 5668 At
1518 5615 1758 5687 editiones
1771 5615 2067 5669 antiquiores

500 5698 558 5755 οι
581 5696 691 5747 νεα.
709 5679 885 5745 novem
904 5679 1307 5751 ωθιιιιόἱαειὶιν
1328 5693 1429 5732 esse
1449 5679 1575 5746 quod
1592 5684 1773 5744 peccat.

1454 5811 1487 5835 ι’

1693 280 1750 335 8.
1794 277 2155 336 AUGUSTINI
2192 276 2493 335 EPISCOPI

3616 278 3733 339 881·

2141 398 2289 458 cunt,
2311 390 2401 460 qui
2428 404 2530 444 non
2558 390 2878 460 ignorantes,
2900 391 2993 448 sed
3019 393 3249 450 scientes
3274 401 3516 465 peccant,
3541 402 3601 447 nt
3628 408 3727 447 sc-

2142 482 2371 535 cundum
2397 481 2649 550 judicium
2678 483 2938 550 superbum
2974 499 3086 539 sum
3107 526 3122 549 ,
3152 500 3259 556 quo
3284 497 3509 539 multum
3545 486 3729 539 conﬁ—

2144 573 2277 627 dunt
2306 572 2375 628 de
2402 572 2601 627 viribus
2623 574 2848 643 propriae
2875 576 3162 631 voluntatis
3181 614 3199 644 ,
3236 591 3297 631 se
3332 575 3730 631 inexcusabiles

2145 664 2389 725 videant;
2415 664 2537 733 quia
2560 662 2628 719 de
2666 665 2956 735 ignorantia
2978 665 3086 736 jam
3131 681 3233 720 non
3272 667 3466 721 habent
3498 678 3732 721 excusa-

2147 757 2343 811 tionem
2368 772 2540 821 suam,
2571 764 2625 810 et
2653 755 2885 811 nondum
2910 758 2929 789 ¹
2955 766 3037 811 est
3056 757 3256 827 justitia
3272 797 3287 823 ,
3316 758 3399 812 cui
3424 771 3730 828 praesume-

2148 845 2272 900 bant
2292 844 2534 901 sufﬁcere
2558 846 2897 901 voluntatem.
2923 846 2995 902 At
3015 862 3144 902 vero
3168 846 3255 902 ille
3278 847 3364 903 cui
3391 847 3644 902 Dominus
3665 856 3731 902 et

2147 934 2347 991 sciendi
2377 942 2433 990 et
2453 935 2732 990 obediendi
2759 936 2975 1006 largitus
3001 944 3085 993 est
3109 937 3360 1007 gratiam,
3388 935 3492 991 Per
3511 924 3726 1008 Legati,

2148 1027 2350 1097 inquit,
2388 1028 2603 1098 cognitio
2655 1027 2992 1099 peccati(ld.
3038 1044 3128 1093 tu,
3152 1028 3244 1099 20)
3268 1045 3283 1093 ;
3311 1038 3398 1094 et,
3448 1026 3730 1082 Peccatum

2148 1133 2249 1171 non
2276 1118 2511 1188 cognovi,
2541 1118 2641 1171 nisi
2668 1135 2757 1183 per
2780 1118 2960 1191 Legem
2982 1133 3004 1174 :
3028 1135 3145 1173 nam
3160 1119 3606 1188 concupiscentiam
3630 1137 3729 1173 ne-

2148 1209 2381 1274 sciebam,
2428 1208 2525 1262 nisi
2560 1206 2669 1264 Ler
2691 1209 2903 1277 diceret,
2934 1207 3055 1263 Non
3092 1210 3430 1280 concupisces.
3461 1208 3572 1263 Nec
3608 1210 3729 1265 vult

2151 1299 2367 1368 intelligi
2394 1298 2662 1354 hominem
2688 1301 3043 1369 prmeeptrieis
3068 1301 3197 1371 legis
3224 1300 3460 1369 ignarum
3482 1342 3497 1363 ,
3527 1299 3622 1355 sed
3658 1300 3728 1353 li-

2152 1389 2426 1446 lieratricis
2470 1390 2705 1459 indigum
2745 1392 2960 1460 gratiae,
2986 1391 3074 1446 ubi
3096 1392 3243 1456 dicit,
3275 1390 3599 1445 Condelector
3627 1389 3731 1462 legi

2151 1478 2248 1534 Dei
2272 1482 2543 1536 secundum
2578 1484 2864 1538 interiorem
2888 1485 3137 1538 hominem
3159 1498 3179 1539 :
3209 1494 3266 1540 et
3306 1499 3428 1539 cum
3474 1483 3575 1537 hac
3616 1499 3727 1538 non

2152 1574 2322 1626 solum
2368 1573 2607 1640 scientia,
2656 1590 2839 1630 verum
2886 1575 3045 1630 etiam
3093 1584 3147 1630 et
3185 1574 3534 1630 delectatione
3570 1575 3725 1644 legis,

2154 1672 2336 1732 postea
2364 1662 2511 1727 dicit,
2540 1664 2695 1719 Miser
2722 1681 2812 1736 ego
2835 1665 3004 1733 homo,
3034 1666 3142 1735 quis
3166 1681 3247 1719 me
3272 1664 3495 1719 liberabit
3523 1664 3587 1717 de
3612 1681 3730 1717 cor-

2154 1769 2276 1822 pore
2323 1754 2497 1808 mortis
2538 1755 2729 1825 hujus?
2776 1753 2954 1809 Gratia
2998 1754 3091 1809 Dei
3132 1772 3221 1826 per
3260 1755 3435 1810 J'esum
3470 1753 3729 1809 Christum

2157 1842 2425 1897 Dominum
2450 1856 2673 1898 nostrum
2702 1845 2811 1917 (Id.
2838 1862 2933 1911 vn,
2964 1846 3017 1911 7,
3043 1846 3135 1912 22,
3163 1847 3252 1909 24,
3282 1846 3398 1915 25).
3430 1845 3595 1900 Nemo
3626 1847 3729 1899 ita-

2153 1952 2257 2005 que
2283 1938 2471 1992 liberat
2500 1953 2531 1993 a
2554 1940 2863 1995 vulneribus
2889 1941 3029 1995 illius
3052 1939 3416 2005 trucidatoris,
3442 1937 3542 1992 nisi
3570 1937 3730 2005 hujus

2154 2028 2320 2095 gratia
2346 2028 2652 2082 Salvatoris.
2687 2028 2852 2083 Nemo
2878 2029 3065 2085 liberat
3099 2028 3443 2085 venumdatos
3471 2027 3573 2082 sub
3601 2044 3728 2097 pec-

2156 2125 2278 2171 eato
2305 2132 2334 2170 a
2364 2118 2589 2173 vinculis
2615 2120 2947 2187 cnptivantis,
2974 2120 3074 2174 nisi
3100 2120 3274 2190 gratia‘
3292 2119 3622 2174 redimentis.

2227 2206 2318 2263 29.
2333 2207 2408 2262 Ac
2430 2224 2524 2277 per
2552 2208 2654 2263 hoc
2683 2209 2911 2264 universi
2936 2210 3024 2280 qui
3051 2224 3109 2265 se
3126 2211 3177 2264 in
3194 2210 3442 2280 nequitiis
3455 2219 3511 2263 et
3537 2209 3730 2279 iniqui-

2158 2301 2349 2357 tatibus
2374 2311 2651 2357 excusatos
2686 2303 2902 2369 volunt,
2930 2303 3047 2357 ideo
3072 2303 3364 2372 iustissime
3403 2302 3728 2371 puniuntur,

2156 2391 2403 2458 quoniam
2439 2392 2529 2460 qui
2572 2392 2893 2459 liberantur,
2919 2392 3129 2447 nonnisi
3196 2392 3363 2462 gratia
3418 2392 3728 2447 liberantur.

2157 2478 2288 2532 Nam
2312 2478 2358 2532 si
2377 2482 2647 2534 excusatio
2666 2481 2775 2537 illic
2793 2481 2935 2551 justa
2958 2491 3119 2547 esset,
3142 2496 3246 2537 non
3273 2480 3395 2535 inde
3409 2481 3517 2549 jam
3538 2480 3730 2549 gratia,

2158 2570 2252 2624 sed
2280 2571 2482 2639 justitia
2518 2571 2785 2630 liberaret.
2811 2574 2943 2629 Cum
2973 2588 3101 2629 vero.
3137 2589 3242 2628 non
3271 2574 3460 2628 liberat
3483 2574 3581 2627 nisi
3605 2588 3731 2643 gra-

2161 2665 2251 2726 tia,
2282 2663 2408 2716 nihil
2428 2662 2631 2732 justum
2673 2664 2874 2719 invenit
2900 2664 2952 2719 in
2980 2679 3047 2721 eo
3068 2680 3224 2735 quem
3255 2664 3472 2727 liberat;
3502 2678 3608 2717 non
3628 2678 3727 2717 vo-

2159 2753 2443 2818 luntatem,
2468 2768 2574 2807 non
2602 2755 2960 2823 Operationem
2981 2794 2996 2819 ,
3022 2770 3126 2809 non
3156 2754 3341 2809 saltem
3381 2755 3544 2823 ipsam
3573 2767 3731 2808 excu-

2159 2844 2454 2897 Sationem:
2488 2859 2608 2897 nam
2651 2845 2695 2898 si
2732 2844 2847 2899 ha‘e
2869 2845 3010 2913 justa
3043 2853 3146 2909 est,
3177 2844 3414 2914 quisquis
3439 2858 3500 2897 ea
3546 2843 3730 2908 utitur,

2159 2935 2369 2998 merito,
2384 2949 2490 2994 non
2508 2935 2674 3004 gratia
2696 2936 2966 2991 liberatur.
2983 2935 3115 2991 Novi
3131 2935 3387 2990 museuim
3404 2935 3613 2990 liberari
3638 2950 3733 3004 per

2159 3024 2376 3093 gratiam
2425 3024 2621 3078 Christi
2663 3025 2918 3094 quosdam
2961 3025 3120 3080 etiam
3159 3040 3345 3081 eorum
3391 3025 3480 3094 qui
3527 3024 3732 3088 dicunt,

2163 3115 2299 3179 Quid
2323 3114 2488 3168 adhuc
2524 3118 2840 3186 conqueritur
2858 3118 2884 3170 Ρ
2905 3134 3025 3170 nam
3056 3116 3300 3171 voluntati
3324 3118 3435 3188 ejus
3466 3116 3579 3186 quis
3608 3116 3734 3169 resi-

2160 3206 2281 3260 stit?
2299 3206 2425 3270 Qurc
2437 3206 2481 3259 si
2492 3205 2634 3275 justa
2649 3214 2732 3261 est
2746 3207 3036 3273 excusatio,
3058 3223 3160 3260 non
3174 3207 3281 3276 jam
3298 3208 3524 3276 gratuita
3544 3208 3732 3276 gratia,

2160 3295 2253 3348 sed
2290 3304 2503 3364 propter
2539 3295 2695 3366 hujus
2736 3296 3089 3351 excusationis
3122 3296 3380 3366 justitiam
3419 3297 3729 3350 liberantur.

2159 3385 2215 3440 Si
2245 3394 2418 3440 autem
2444 3387 2611 3455 gratia
2650 3394 2731 3441 est
2757 3402 2856 3455 qua
2887 3386 3199 3454 liberantur,
3228 3386 3467 3456 profecto
3490 3386 3610 3442 hate
3636 3402 3734 3442 ex-

2160 3478 2365 3533 cusatio
2387 3476 2528 3546 justa
2556 3493 2659 3531 non
2689 3487 2789 3532 est.
2810 3477 2961 3536 Tunc
2982 3480 3123 3534 enim
3150 3495 3271 3534 vera
3299 3480 3468 3549 gratia
3502 3487 3602 3543 cst,
3630 3493 3734 3548 qua

2163 3570 2321 3621 homo
2342 3569 2611 3636 liberatur,
2637 3569 2681 3623 si
2712 3584 2814 3623 non
2840 3570 3126 3625 secundum
3152 3570 3386 3625 debitum
3401 3569 3622 3639 justitiaa
3648 3585 3735 3626 re-

2165 3662 2435 3715 tribuitur.
2457 3660 2597 3715 Nihil
2618 3676 2747 3732 ergo
2775 3660 2911 3716 litin
2937 3663 3033 3726 eis,
3065 3662 3153 3731 qui
3174 3660 3377 3723 dicunt,
3410 3660 3545 3725 Quid
3566 3660 3738 3717 adhuc

2162 3752 2519 3825 conqueritur?
2546 3768 2664 3805 nam
2690 3751 2938 3806 voluntati
2955 3753 3065 3824 ejus
3085 3753 3196 3824 quis
3217 3752 3439 3806 resistit?
3462 3751 3566 3805 nisi
3592 3752 3735 3820 quod

2163 3843 2353 3913 legitur
2389 3843 2441 3897 in
2469 3844 2606 3899 libro
2638 3843 2966 3909 Salomonis,
2996 3842 3297 3913 [nsipientia
3327 3844 3422 3897 uiri
3448 3844 3602 3898 violat
3630 3845 3737 3897 uias

2163 3937 2272 4003 ejus
2294 3932 2487 3987 :Deum
2519 3943 2689 3987 autem
2712 3944 2949 3987 causatur
2967 3935 3020 3987 in
3043 3933 3295 3987 cordesuo
3316 3933 3495 4005 (Prov.
3518 3949 3635 3999 xix,
3654 3933 3733 4003 3).

2233 4022 2319 4077 50.
2361 4022 2614 4088 Quamvis
2649 4024 2822 4092 itaque
2861 4023 2998 4077 Deus
3028 4021 3184 4077 faciat
3210 4036 3330 4078 vasa
3359 4022 3452 4077 ira:
3474 4023 3528 4076 in
3558 4021 3735 4091 perdi-3

2164 4111 2384 4175 tionem,
2423 4120 2479 4166 nt
2516 4097 2760 4167 ostendat
2799 4113 2951 4177 iram,
2996 4122 3051 4167 et
3091 4112 3418 4169 demonstret
3445 4113 3735 4183 potentiam

2164 4216 2335 4269 suam,
2357 4219 2457 4272 qua
2486 4203 2623 4257 bene
2649 4204 2809 4258 etiam
2837 4203 2997 4257 utitur
3033 4203 3217 4267 malis;
3241 4212 3295 4258 et
3318 4209 3379 4258 ut
3404 4213 3558 4257 notas
3580 4202 3739 4256 faciat

2164 4293 2376 4347 divitias
2398 4294 2577 4363 gloria:
2608 4309 2718 4348 sua:
2743 4294 2794 4348 in
2825 4308 2948 4348 vasa
2972 4294 3364 4361 misericordias,
3395 4310 3514 4364 qua:
3534 4294 3655 4348 facit
3679 4293 3735 4349 in

2167 4386 2443 4453 honorem,
2482 4401 2585 4439 non
2636 4380 2923 4441 damnabili
2967 4400 3156 4440 massa:
3189 4385 3444 4451 debitum,
3486 4386 3580 4440 sed
3625 4400 3737 4439 sua

2165 4479 2347 4546 gratias
2368 4477 2605 4546 largitate
2626 4476 2876 4531 donatum
2902 4495 2917 4531 :
2941 4488 3117 4531 tamen
3146 4476 3197 4530 in
3225 4476 3427 4532 eisdem
3453 4477 3546 4532 ira:
3569 4476 3733 4542 vasis,

2169 4579 2384 4639 propter
2408 4569 2652 4624 meritum
2691 4583 2880 4624 massas
2914 4569 2966 4622 in
3001 4568 3371 4623 contumeliam
3397 4568 3626 4624 debitam
3661 4569 3740 4627 lau-

2167 4660 2286 4722 ctis,
2317 4658 2370 4715 id
2389 4670 2464 4715 est
2481 4660 2547 4714 -in
2576 4660 2874 4714 hominibus
2895 4666 3110 4729 propter
3134 4669 3339 4715 uatum
3364 4659 3577 4731 quidem
3599 4660 3735 4714 bona

2167 4752 2378 4816 creatis,
2408 4750 2500 4805 sed
2529 4761 2741 4821 propter
2768 4750 2892 4804 vitia
2925 4749 3185 4821 supplicio
3215 4750 3510 4816 destinatis,
3542 4750 3735 4819 iniqui-

2170 4849 2351 4904 tatem,
2397 4854 2553 4910 quam
2594 4838 2888 4894 rectissime
2935 4838 3127 4894 veritas
3163 4838 3444 4909 improbat,
3484 4838 3732 4895 damnari

2169 4932 2314 4985 novit
2342 4931 2474 5000 ipse.
2505 4945 2609 4987 non
2641 4929 2832 4987 facere.
2861 4929 3007 4986 Sicut
3042 4931 3184 4985 enim
3214 4931 3466 4985 voluntati
3497 4929 3612 4999 ejus
3639 4928 3735 4983 tri,

2168 5021 2346 5077 builnr
2371 5022 2597 5075 humana
2625 5032 2830 5087 natura,
2861 5022 3008 5077 nullo
3034 5021 3307 5076 dubitante
3336 5020 3631 5085 laudanda;
3659 5019 3737 5074 sit

2169 5113 2399 5173 hominis
2420 5114 2673 5170 voluntati
2702 5114 2851 5185 culpa
2878 5112 3141 5179 tribuitur,
3170 5114 3313 5168 nullo
3338 5122 3615 5169 recusante
3642 5111 3738 5167 da-

2168 5204 2416 5260 mnanda.
2441 5202 2569 5271 Qua:
2595 5204 2836 5260 voluntas
2861 5204 3087 5259 hominis
3113 5212 3206 5258 aut
3228 5203 3625 5260 hareditarium
3652 5202 3736 5256 vi-

2169 5295 2298 5350 tium
2340 5293 2630 5349 transmisit
2667 5295 2721 5349 in
2750 5303 3014 5365 posteros,
3044 5309 3179 5364 quos
3207 5294 3261 5349 in
3295 5308 3353 5349 se
3396 5292 3577 5348 habuit
3614 5307 3737 5347 cum

2170 5395 2444 5456 peccaret;
2488 5395 2579 5440 aut
2612 5385 2889 5458 acquisivit
2918 5385 3075 5440 etiam
3112 5394 3303 5439 cauera
3342 5384 3486 5447 vitia,
3525 5397 3644 5437 cum
3684 5382 3736 5439 in

2168 5481 2345 5551 seipso
2369 5479 2724 5551 unusquisque
2749 5477 2953 5551 perdite
2981 5477 3205 5533 viveret.
3229 5475 3334 5534 Sed
3359 5491 3530 5548 neque
3552 5476 3622 5531 ab
3646 5475 3737 5530 illo

2233 5613 2248 5643 ι
2283 5609 2781 5663 sie3ad.m.ttr.et
2809 5606 3738 5667 mehaismtamAtmv.habet,et

2170 5672 2287 5731 dum
2300 5683 2390 5729 non
2409 5676 2501 5739 est,
2520 5679 2617 5728 etc.
