4120 6358
403 334 508 393 κες

402 444 546 518 quod
570 444 893 516 originaliter
938 444 1179 510 trahitur,
1226 460 1396 514 neque
1436 445 1615 501 abhis
1655 461 1773 516 qua:
1809 458 1975 499 unus-

404 539 628 609 quisque
663 537 715 591 in
745 538 847 591 vita
876 537 1083 608 propria
1109 536 1191 591 vel
1218 553 1321 591 non
1340 538 1355 567 ⁸
1396 537 1734 607 intelligendo
1761 537 1845 591 vel
1881 551 1976 590 no—

402 628 560 684 lendo
580 627 891 697 intelligere,
917 628 1051 681 mala
1071 635 1374 697 congregat,
1400 627 1481 681 vel
1502 626 1661 683 etiam
1690 627 1974 683 inStructus

401 735 469 775 ex
493 719 626 790 lege,
658 717 1015 773 additamento
1043 718 1486 786 prawaricationis
1509 726 1811 787 exaggerat.
1829 718 1974 786 quis-

401 825 559 881 quam
587 809 843 863 liberatur
867 818 922 863 et
944 808 1280 877 justiﬁcatur,
1313 810 1411 865 nisi
1443 808 1608 880 gratia
1644 809 1735 864 Dei
1770 825 1864 879 per
1887 809 1976 865 Je-

400 910 518 956 sum
547 898 816 954 Christum
844 899 1124 955 Dominum
1158 890 1423 966 nostrum;
1452 916 1554 955 non
1592 904 1761 956 solum
1786 902 1975 957 remis-

400 990 552 1046 sione
581 1000 916 1061 peccatorum
959 991 1053 1046 sed
1094 992 1238 1061 prius
1276 992 1441 1061 ipsius
1471 993 1811 1063 inspiratione
1852 992 1972 1046 ﬁdei

396 1093 455 1138 et
484 1082 686 1137 timoris
714 1082 827 1149 Dei,
872 1082 1140 1152 impartito
1175 1084 1460 1139 salubriter
1486 1085 1740 1140 orationis
1781 1085 1970 1141 affectu

399 1183 454 1228 et
479 1172 687 1238 ell‘ectu,
728 1172 898 1229 donec
941 1184 1093 1229 sanet
1124 1189 1309 1228 omnes
1337 1175 1614 1245 languores
1652 1184 1880 1241 nostros,
1918 1185 1972 1231 et

397 1267 623 1321 redimat
645 1267 710 1321 de
737 1269 1074 1336 corruptione
1100 1267 1257 1321 vitam
1282 1278 1537 1333 nostram,
1556 1275 1608 1321 et
1630 1278 1848 1322 coronet
1874 1282 1970 1322 nos

400 1359 454 1412 in
480 1358 817 1413 miseratione
844 1368 897 1414 et
925 1359 1283 1413 misericordia
1314 1357 1481 1431 (Psal.
1509 1374 1599 1424 cn,
1631 1360 1685 1431 5,
1712 1359 1791 1429 4).

471 1449 696 1505 CAPUT
736 1449 846 1504 Vll.
875 1451 1059 1505 —3l.
1101 1449 1295 1504 Verum
1347 1449 1433 1504 isti
1486 1451 1575 1519 qui
1628 1465 1968 1519 perstmarum

397 1551 728 1611 acceptorem
764 1541 874 1595 ﬁeri
908 1542 1209 1595 existimant
1250 1542 1433 1602 Deum,
1462 1541 1503 1594 si
1541 1541 1593 1594 in
1624 1555 1723 1595 una
1757 1540 1970 1595 eadem-

394 1647 501 1704 que
527 1647 683 1685 causa
709 1646 868 1701 super
899 1631 1030 1685 alios
1051 1633 1224 1685 veniat
1250 1630 1606 1687 misericordia
1641 1632 1773 1699 ejus,
1806 1646 1970 1698 super

397 1722 530 1776 alios
567 1737 695 1776 vero
724 1733 933 1777 maneat
959 1722 1032 1776 ira
1073 1723 1206 1790 ejus,
1252 1738 1440 1790 nempe
1465 1730 1603 1775 totas
1640 1723 1781 1777 vires
1814 1738 1967 1791 argu-

397 1814 733 1868 mentationis
760 1813 1000 1867 humanm
1032 1814 1081 1866 in
1110 1812 1341 1883 parvulis
1371 1813 1616 1881 perdunt.
1637 1811 1766 1867 Nam
1800 1822 1855 1865 ut
1882 1812 1965 1867 in-

398 1904 551 1960 terim
592 1914 791 1957 taceam
815 1902 955 1972 quod
985 1920 1087 1956 non
1115 1913 1193 1957 est
1226 1913 1415 1972 praeter
1447 1903 1712 1972 parvulos,
1737 1904 1965 1972 quamli-

396 1997 487 2051 bet
528 2006 771 2050 materno
812 2005 964 2050 utero
1006 1996 1419 2061 recentissimos,
1462 2011 1523 2048 ea
1564 2010 1718 2065 poma
1760 1996 1826 2050 de
1864 2012 1965 2066 qua

392 2088 619 2156 loquens
660 2086 943 2154 Apostolus
985 2086 1077 2151 ait,
1110 2085 1211 2140 Per
1247 2088 1395 2139 unius
1430 2087 1659 2138 delictum
1704 2087 1753 2139 in
1797 2102 1967 2139 onutes

395 2177 619 2230 homines
666 2176 734 2228 ad
773 2176 1272 2239 condenmationem;
1317 2176 1455 2227 unde
1493 2192 1596 2229 non
1645 2176 1830 2229 liberat
1866 2176 1966 2229 nisi

396 2267 654 2331 unusille,
686 2267 753 2321 de
782 2282 888 2337 quo
912 2268 1047 2320 idem
1072 2269 1163 2333 ait,
1201 2265 1301 2320 Per
1325 2268 1469 2321 unius
1480 2268 1893 2336 justiﬁcationem
1914 2268 1968 2322 in

393 2373 565 2410 armies
592 2358 815 2411 homines
834 2356 899 2409 ad
911 2358 1323 2429 jttstiﬁcationem
1346 2359 1457 2411 vita:
1474 2356 1647 2428 (Rom.
1675 2373 1729 2424 v,
1754 2360 1839 2426 18)
1872 2376 1885 2411 :
1913 2368 1968 2413 ut

392 2463 520 2517 ergo
550 2447 648 2501 hoc
687 2448 893 2501 interim
929 2448 1188 2512 omittam,
1221 2457 1274 2501 et
1311 2446 1409 2501 hoc
1441 2448 1610 2501 Solum
1637 2448 1702 2500 de.
1740 2449 1965 2516 parvulis

390 2539 587 2601 dicam,
611 2538 750 2608 quod
770 2539 866 2607 ipsi
888 2553 1095 2608 quoque
1117 2539 1427 2592 auctoritate
1454 2540 1749 2608 evangeliea
1774 2540 1963 2605 territi,

393 2630 477 2685 vel
518 2630 694 2700 potius
737 2629 1142 2683 Christianorum
1192 2630 1503 2697 populorum
1556 2630 1965 2684 concordissima

394 2720 549 2775 ﬁdei‘
577 2720 969 2788 conspiratione
1013 2720 1279 2789 perfracti,
1325 2720 1440 2774 sine
1488 2720 1587 2774 ulla
1635 2722 1967 2775 recusatione

390 2812 704 2877 Concedunt,
731 2811 872 2881 quod
898 2811 1070 2865 nullus
1095 2811 1364 2880 parvulus,
1387 2812 1488 2865 nisi
1510 2821 1722 2866 renatus
1742 2828 1804 2866 ex
1830 2828 1966 2882 aqua

392 2912 447 2957 et
472 2902 689 2972 Spiritu,
722 2902 881 2956 intrat
921 2902 971 2956 in
1000 2916 1219 2971 regnum
1256 2900 1511 2956 calorum
1542 2900 1720 2971 (Joan.
1752 2917 1830 2967 ιιι,
1852 2903 1919 2973 ’5)
1947 2918 1962 2967 ;

390 3010 549 3064 quam
584 3009 764 3063 quteso
790 2993 997 3046 allaturi
1026 3002 1148 3046 sunt
1175 3006 1409 3059 causam,
1444 2993 1582 3062 quod
1608 2994 1740 3047 alius
1766 2994 1843 3047 sic
1865 3009 1966 3063 gu-

393 3085 642 3140 hernatur
663 3094 719 3138 nt
744 3085 1038 3154 baptizatus
1057 3084 1180 3140 hinc
1199 3094 1372 3151 exeat,
1396 3085 1529 3139 alius
1550 3085 1831 3140 inﬁdelium
1856 3102 1968 3140 ma-

394 3178 547 3231 nibus
574 3177 815 3240 traditus,
848 3177 929 3230 vel
968 3177 1128 3231 etiam
1161 3175 1392 3232 ﬁdelium
1436 3177 1737 3247 priusquam
1775 3177 1844 3231 ab
1887 3178 1966 3232 eis

392 3266 736 3337 baptizandus
755 3266 1024 3331 offeratur,
1048 3266 1317 3335 exSpirat?
1341 3268 1420 3319 An
1448 3266 1549 3322 hoc
1578 3266 1700 3329 fato,
1732 3267 1821 3321 vel
1853 3265 1965 3321 for-

392 3368 533 3413 tuna:
554 3358 722 3412 daturi
764 3359 923 3412 ειιιιιῖ
956 3357 1068 3412 Νοη
1096 3356 1284 3426 opinor
1304 3371 1398 3411 eos
1427 3356 1480 3410 in
1513 3365 1711 3410 tantam
1746 3358 1967 3413 demen-

395 3449 516 3502 tiam
546 3457 911 3518 prorupturos,
933 3448 1469 3517 quantulumcumque
1498 3461 1691 3501 nomen
1722 3446 1967 3502 christia-

392 3557 515 3595 num
546 3551 727 3595 tenere
756 3539 1047 3609 cupientes.

461 3633 548 3686 32.
590 3631 695 3687 Cur
719 3648 844 3702 ergo
883 3632 934 3685 in
961 3647 1179 3702 regnum
1204 3630 1480 3694 caelorum,
1508 3647 1612 3686 non
1638 3640 1855 3702 accepto
1880 3648 1965 3688 re—

388 3726 743 3797 generationis
769 3726 995 3789 lavacro,
1034 3725 1281 3794 parvulus
1308 3724 1485 3777 nullus
1512 3724 1763 3779 intrabit?
1806 3741 1963 3778 num—

389 3817 638 3886 quidnam
674 3815 785 3885 ipse
823 3815 919 3868 sibi
947 3823 1189 3883 parentes
1227 3812 1468 3868 inﬁdeles
1496 3813 1582 3869 vel
1616 3813 1960 3885 negligentes,

387 3909 457 3962 de
488 3907 678 3977 quibus
699 3915 1023 3968 nasceretur,
1047 3903 1243 3973 elegit?
1270 3902 1406 3970 Quid
1431 3902 1600 3957 dicam
1632 3903 1697 3957 de
1724 3903 1965 3973 inopina-

390 4000 477 4063 tis,
515 4007 569 4052 et
610 3995 901 4063 repentinis
942 3992 1409 4047 innumerabilibus
1453 3992 1730 4057 mortibus,
1774 3994 1963 4059 quibus

388 4104 532 4159 saepe
553 4088 713 4142 etiam
747 4086 1109 4154 religiosorum
1138 4081 1545 4136 Christianorum
1571 4084 1963 4151 prmveniuntur

391 4193 448 4235 et
476 4180 746 4248 Baptismo
787 4176 1160 4246 prteripiuntur
1182 4172 1435 4237 infantes;
1474 4189 1594 4227 cum
1630 4188 1660 4227 e
1693 4175 1961 4229 contrario

388 4269 765 4338 sacrilegorum
805 4275 860 4323 et
895 4264 1227 4319 inimicorum
1264 4262 1459 4319 Christi
1487 4263 1666 4333 aliquo
1711 4264 1869 4337 modo
1906 4264 1958 4318 in

387 4359 792 4413 cbristianorum
821 4369 1009 4409 manus
1034 4353 1324 4417 venientes,
1355 4367 1421 4407 ex
1450 4351 1550 4407 bac
1578 4355 1682 4406 vita
1711 4367 1814 4407 non
1845 4353 1960 4409 sine

386 4449 729 4505 Sacramento
748 4443 1159 4516 regenerationis
1182 4440 1482 4512 emigrent?
1511 4442 1635 4513 quid
1661 4442 1744 4496 hic
1769 4442 1957 4497 dicturi

387 4548 530 4604 sunt,
557 4537 668 4608 qui,
711 4547 767 4590 ut
805 4536 973 4607 gratia
1002 4533 1116 4589 dari
1148 4533 1334 4603 possit,
1373 4533 1626 4587 nonnulla
1658 4533 1959 4602 praecedere

386 4632 573 4686 merita
602 4629 826 4682 humana
854 4624 1200 4689 contendunt,
1238 4638 1307 4680 ne
1328 4623 1397 4677 sit
1430 4638 1773 4693 personarum
1805 4638 1961 4679 acce-

387 4732 504 4792 ptor
529 4720 705 4777 Deus?
732 4734 849 4789 quae
875 4716 1084 4770 tandem
1123 4714 1212 4770 bic
1238 4714 1426 4769 merita
1448 4715 1865 4782 prtecesserunt?
1900 4713 1957 4769 Si

384 4810 691 4867 earumdem
709 4806 1020 4878 cogitaveris
1036 4805 1394 4876 parvulorum,
1417 4804 1559 4859 nulla
1580 4815 1701 4859 sunt
1722 4806 1951 4875 propria,

386 4903 622 4972 utrisque
662 4909 746 4955 est
775 4900 862 4954 illa
907 4912 1080 4952 massa
1113 4896 1451 4953 communis:
1479 4896 1524 4952 si
1560 4908 1835 4967 parentum
1869 4908 1953 4953 at-

387 4993 639 5058 tenderis,
667 4991 805 5047 bona
832 4997 953 5043 sunt
978 4988 1061 5042 illa
1089 5002 1312 5055 quorum
1338 4987 1428 5040 ﬁlii
1456 4987 1744 5057 repentinis
1773 4988 1952 5043 morti-

384 5086 483 5142 bus
511 5086 626 5141 sine
652 5082 846 5139 Christi
872 5081 1184 5150 baptismate
1217 5078 1516 5148 perierunt;
1544 5080 1682 5132 mala
1714 5094 1839 5134 vero
1866 5080 1951 5134 illa

384 5192 606 5248 quorum
628 5174 720 5230 ﬁlii
744 5188 840 5243 per
861 5170 1281 5227 Christianorum
1303 5170 1531 5238 aliquam
1550 5178 1865 5239 potestatem
1886 5171 1953 5227 ad

382 5269 721 5323 Sacramenta
750 5261 1006 5317 Ecclesize
1034 5268 1407 5329 pervenerunt.
1439 5259 1504 5313 Et
1539 5267 1713 5314 tamen
1732 5260 1753 5292 ³
1778 5262 1955 5332 provi-

383 5361 560 5417 dentia
590 5355 699 5423 Dei,
732 5356 816 5410 cui
844 5353 1009 5408 nostri
1034 5349 1211 5421 capilli
1239 5350 1497 5405 numerati
1533 5361 1676 5417 sunt,
1706 5356 1821 5407 sine
1858 5369 1953 5409 cu-

379 5453 465 5523 jus
500 5451 768 5505 Voluntatc
802 5462 907 5500 non
946 5444 1086 5497 cadit
1124 5457 1308 5512 passer
1350 5442 1401 5495 in
1442 5450 1632 5494 terram
1656 5441 1860 5515 (Matth.
1893 5460 1947 5510 x,

445 5565 460 5596 ¹
500 5569 547 5611 ιιι
571 5560 766 5611 excusis
780 5558 954 5609 deerat
971 5557 1051 5608 hic
1068 5557 1290 5620 negatio,
1312 5568 1456 5618 quam
1489 5556 1786 5607 restituimus
1815 5559 1954 5621 quin-

378 5622 929 5689 queltss.auctorit_ate.
1086 5687 1093 5689 _
1152 5687 1165 5689 _
1352 5678 1401 5689 η
1451 5678 1462 5689 _
1517 5684 1528 5689 _
1578 5675 1604 5689 ⁸
1667 5677 1678 5688 ,

445 5689 463 5718 ⁸
496 5686 571 5734 sic
582 5695 754 5733 omnes
772 5681 905 5740 add,
924 5687 1131 5742 excepto
1151 5687 1258 5729 Lov.
1282 5678 1365 5741 qui
1386 5678 1552 5739 habet,
1570 5675 1693 5741 ﬁeri.

447 5748 466 5777 ³
500 5753 550 5798 In
568 5744 764 5802 Μάκαι
785 5750 1061 5794 curtamen.

1533 330 2007 390 εριδτοωῐιυδι
2048 327 2317 387 CLASSIS
2354 334 2438 387 Ill.

3544 345 3655 401 886

2079 444 2169 507 29,
2198 446 2305 518 50).
2334 462 2453 517 qua:
2479 462 2576 503 nec
2613 448 2720 502 fato
2750 449 3025 519 premitur,
3054 466 3154 509 nec
3182 452 3411 531 fortuitis
3444 460 3652 515 casibus

2080 537 2380 607 impeditur,
2414 553 2512 595 nec
2540 540 2642 594 ulla
2681 541 2955 611 iniquitate
2982 546 3360 615 corrumpitur,
3389 557 3447 603 ut
3489 565 3648 605 rena-

2078 638 2292 685 scantur
2311 631 2375 686 ad
2405 632 2762 691 hazreditatem
2786 638 3079 704 caelestem,
3106 655 3209 694 non
3229 643 3456 696 consulit
3474 645 3645 698 omni-

2077 717 2179 773 bus
2214 722 2444 789 parvulis
2475 722 2704 780 ﬁliorum
2742 742 2981 792 suorum,
3021 736 3076 786 et
3113 731 3381 786 nonnullis
3416 734 3646 788 consulit

2076 810 2235 864 etiam
2266 814 2494 880 parvulis
2521 815 2820 885 impiorum.
2850 818 2950 873 lste
2973 818 3144 876 infans
3164 819 3231 875 de
3256 821 3497 878 ﬁdelibus
3518 838 3646 879 con-

2071 898 2266 969 jngatis
2297 912 2466 967 ortus,
2498 904 2673 959 l.t-titia
2708 916 2984 975 parentum
3010 919 3307 980 susceptus,
3340 913 3523 968 matris
3555 914 3645 969 vel

2077 992 2295 1048 nutricis
2324 996 2675 1052 somnolentia
2704 998 2987 1055 suffocatus
3025 1002 3081 1055 ﬁt
3106 1003 3331 1058 extorris
3358 1011 3412 1058 et
3448 1020 3641 1074 expers

2076 1084 2195 1165 ﬁdei
2225 1100 2441 1141 suorum
2465 1107 2478 1145 :
2509 1089 2595 1143 ille
2623 1088 2795 1145 infans
2818 1090 2886 1146 de
2909 1093 3162 1162 sacrilego
3180 1101 3361 1162 stupro
3382 1096 3638 1162 nascitur,

2073 1178 2273 1233 crudeli
2306 1181 2494 1235 timore
2540 1182 2724 1236 matris
2760 1183 3059 1251 exponitur,
3089 1182 3382 1239 alienorum
3425 1184 3639 1241 miseri-

2070 1268 2218 1323 cordi
2242 1269 2435 1338 pietate
2462 1271 2741 1341 colligitur,
2770 1288 2952 1329 eorum
2977 1273 3259 1328 christiana
3285 1275 3638 1333 sollicitudine

2072 1357 2385 1426 baptizatur,
2414 1359 2472 1413 ﬁt
2512 1362 2693 1414 aeterni
2720 1376 2939 1417 consors
2958 1372 3011 1418 et
3039 1363 3299 1432 particeps
3323 1365 3493 1435 regni.
3534 1365 3640 1422 Ista

2069 1449 2318 1517 cogitent,
2337 1450 2434 1503 ista
2453 1451 2808 1517 considerent,
2834 1453 2916 1509 hic
2933 1454 3161 1508 audeant
3178 1455 3354 1511 dicere
3373 1457 3535 1512 Deum
3553 1459 3636 1513 vel

2068 1549 2399 1609 acceptorem
2428 1540 2477 1593 in
2512 1555 2604 1595 sua
2634 1542 2799 1611 gratia
2829 1558 3193 1611 personarum,
3219 1545 3301 1601 vel
3328 1561 3636 1602 remunera-

2070 1636 2238 1682 torem
2262 1628 2667 1698 prtecedentium
2694 1633 3022 1687 meritormn.

2139 1719 2227 1775 33.
2267 1720 2397 1775 Nam
2420 1722 2518 1776 etsi
2539 1723 2869 1777 conabuntur
2889 1723 3103 1793 majoris
3122 1725 3290 1779 artatis
3315 1726 3488 1795 aliqua
3517 1741 3633 1781 me-

2069 1810 2167 1863 rita
2208 1811 2461 1879 suspicari
2487 1827 2581 1866 seu
2610 1812 2744 1866 bona
2774 1828 2866 1868 seu
2897 1815 3051 1879 mala,
3083 1815 3206 1884 quid
3236 1815 3301 1870 de
3329 1816 3441 1870 istis
3471 1816 3637 1871 infan-

2067 1900 2206 1955 tibus
2235 1901 2427 1967 dicent,
2460 1918 2681 1972 quorum
2711 1920 2807 1959 nec
2834 1905 2930 1959 iste
2953 1905 3051 1959 sibi
3078 1906 3198 1959 ullis
3227 1907 3452 1976 propriis
3477 1908 3635 1961 meri-

2071 1990 2137 2045 tis
2163 1992 2313 2046 malis
2340 1992 2507 2061 potuit
2538 1994 2809 2062 acquirere
2834 1995 3135 2049 violentiam
3171 1995 3496 2062 sull‘ocantis,
3535 2012 3633 2052 nec

2068 2081 2221 2136 bonis
2250 2084 2336 2138 ille
2361 2083 2681 2154 diligentiam
2717 2085 3067 2154 baptizantis?
3094 2086 3279 2142 Nimiae
3309 2088 3551 2141 vanitatis
3581 2098 3635 2140 et

2067 2176 2319 2230 etccitatis
2357 2188 2497 2243 sunt,
2529 2178 2573 2233 si
2613 2179 2772 2231 etiam
2801 2178 2881 2231 bis
2915 2178 3261 2232 consideratis
3296 2176 3530 2232 nondum
3557 2178 3636 2231 di-

2066 2275 2305 2336 gnantur
2334 2268 2630 2323 exclamare
2670 2267 2978 2323 nobiseum:
3012 2264 3054 2321 0
3097 2266 3312 2320 altitudo
3350 2268 3637 2319 divitiarum

2067 2358 2325 2425 sapientiae
2343 2368 2388 2412 et
2411 2359 2630 2412 scientia
2654 2358 2783 2414 Dei!
2814 2360 2975 2423 Quam
2999 2360 3339 2412 inscrutabilia
3366 2369 3482 2413 sunt
3492 2359 3645 2429 judi-

2068 2448 2146 2500 cia
2170 2448 2296 2517 ejus,
2328 2458 2371 2501 et
2396 2449 2756 2518 inrestigabiles
2784 2450 2873 2503 via:
2905 2449 3013 2519 ejus
3050 2449 3225 2517 (Rom.
3261 2464 3331 2513 xl,
3365 2450 3488 2520 55)!
3521 2449 3638 2505 Non

2070 2535 2245 2605 itaque
2283 2538 2656 2592 misericordia;
2690 2540 2932 2608 gratuita:
2968 2540 3056 2592 Dei
3086 2540 3502 2609 pertinacissima
3541 2541 3637 2593 ad-

2070 2637 2345 2682 versentur
2374 2627 2595 2681 insania.
2625 2627 2809 2683 Sinant
2845 2627 3034 2683 Filium
3065 2627 3292 2683 hominis
3322 2628 3373 2682 in
3404 2630 3639 2698 qualibet

2068 2727 2222 2773 aetate
2234 2735 2492 2789 qttmrere,
2507 2730 2558 2774 et
2571 2721 2769 2774 salvum
2783 2720 2955 2776 facere
2971 2722 3107 2790 quod
3123 2720 3509 2792 perierat(Luc.
3524 2737 3636 2785 ιιι.

2071 2809 2163 2878 i0)
2192 2826 2207 2863 :
2236 2824 2333 2863 nec
2369 2808 2436 2864 de
2466 2809 2893 2865 inscrotabilibus
2921 2810 3134 2879 judiciis
3161 2810 3276 2881 ejus
3303 2810 3532 2865 audeant
3552 2810 3613 2879 ju

2069 2897 2267 2965 dicare,
2301 2913 2396 2953 cur
2433 2899 2484 2953 in
2521 2915 2620 2952 una
2650 2899 2937 2969 eademque
2977 2915 3135 2954 causa
3176 2916 3335 2970 super
3361 2901 3522 2955 alium
3553 2916 3640 2955 ve-

2069 2989 2179 3043 niat
2213 2990 2573 3044 misericordia
2603 2990 2737 3060 ejus,
2780 3006 2941 3060 super
2968 2992 3127 3045 alium
3156 3000 3367 3046 maneat
3396 2992 3471 3046 ira
3499 2991 3635 3061 ejus.

2138 3079 2362 3136 CAPUT
2392 3081 2609 3137 Vlll.—
2628 3083 2716 3137 54.
2755 3082 2853 3149 Qui
2878 3084 3018 3137 enim
3044 3093 3167 3138 sunt
3194 3083 3280 3138 isti
3306 3083 3395 3153 qui
3417 3099 3657 3155 reSpon-v

2068 3170 2227 3226 deant
2247 3172 2376 3239 Deo,
2402 3172 2821 3245 quandoquidem
2852 3174 2938 3229 ille
2962 3174 3216 3229 Rebecca:
3238 3174 3450 3229 habenti
3472 3175 3640 3245 gemi-

2069 3281 2166 3321 nos
2193 3281 2260 3322 ex
2281 3282 2386 3320 uno
2403 3266 2681 3321 concubitu
2711 3266 2850 3320 Isaac
2872 3267 3034 3335 patris
3056 3266 3243 3331 nostri,
3264 3282 3384 3321 cum
3410 3266 3485 3321 illi
3514 3281 3639 3320 non-

2067 3357 2194 3412 dum
2237 3358 2343 3411 nati
2380 3357 2510 3411 nihil
2551 3357 2785 3427 egissent
2811 3356 2934 3410 boni
2963 3356 3046 3411 vel
3081 3356 3224 3422 mali,
3252 3362 3311 3409 ut
3349 3354 3639 3410 secundum

2067 3447 2379 3503 electionem
2409 3447 2732 3517 propositum
2762 3449 2876 3516 ejus
2903 3455 3160 3511 maneret,
3191 3447 3503 3501 electionem
3530 3448 3637 3501 sci-

2070 3540 2191 3595 licet
2216 3540 2417 3608 gratiae,
2442 3555 2544 3592 non
2580 3538 2760 3603 debiti,
2793 3539 3106 3594 electionem
3132 3553 3232 3608 qua
3265 3536 3535 3607 eligendos
3563 3536 3639 3590 fa-

2065 3630 2139 3685 cit
2179 3630 2311 3699 ipse,
2350 3644 2454 3684 non
2497 3630 2733 3694 invenit;
2775 3645 2877 3683 non
2907 3644 2971 3683 ex
3011 3628 3282 3697 operibus,
3313 3627 3409 3683 sed
3448 3642 3514 3682 ex
3544 3643 3641 3679 vo.

2066 3727 2221 3774 eante
2272 3718 2419 3783 dicit,
2466 3719 2657 3772 minori
2701 3719 3018 3772 serviturum
3072 3732 3191 3772 esse
3237 3716 3531 3787 majorem?
3581 3715 3639 3771 In

2066 3825 2221 3879 quam
2248 3808 2560 3864 sententiam
2584 3808 2767 3861 beatus
2788 3806 3073 3875 Apostolus
3096 3806 3256 3861 etiam
3279 3804 3639 3860 testimonium

2067 3902 2337 3970 pmphetm
2379 3900 2533 3967 longe
2569 3897 2878 3966 posterioris
2914 3896 3221 3964 assumpsit,
3258 3893 3418 3949 Iacob
3462 3894 3638 3955 dilexi,

2066 3989 2208 4044 Esau
2232 3999 2393 4043 autem
2420 3989 2535 4042 odio
2558 3987 2709 4039 Itabui
2735 3985 2995 4057 (Malae/1.
3025 4002 3062 4052 ι,
3087 3984 3143 4048 2,
3175 3984 3271 4055 5);
3301 3994 3358 4038 ut
3377 3984 3636 4053 intellige-

2065 4095 2210 4135 retur
2236 4079 2337 4135 hoc
2364 4088 2604 4148 apertum
2637 4087 2816 4147 postea
2849 4092 2942 4145 per
2966 4077 3293 4146 prephetam,
3321 4075 3460 4145 quod
3489 4085 3638 4129 ante-

2064 4187 2221 4239 quam
2261 4172 2334 4224 illi
2382 4179 2758 4233 nascerentur,
2802 4178 2918 4223 erat
2958 4169 3014 4221 in
3047 4167 3136 4222 Dei
3178 4167 3638 4236 prmdestinatione

2062 4279 2159 4334 per
2182 4262 2424 4333 gratiam.
2456 4260 2589 4328 Quid
2618 4261 2761 4316 enim
2801 4259 3051 4329 diligebat
3085 4260 3136 4314 in
3167 4258 3329 4314 Jacob
3353 4269 3634 4329 antequam

2065 4365 2217 4408 natus
2246 4352 2456 4408 fecisset
2483 4350 2683 4421 aliquid
2709 4351 2854 4417 boni,
2887 4349 2986 4404 nisi
3012 4351 3295 4420 gratuitum
3331 4350 3634 4405 miscricor-

2062 4445 2164 4500 dite
2190 4461 2299 4500 sua:
2344 4445 2576 4499 donum?
2604 4452 2659 4499 et
2696 4443 2820 4513 quid
2859 4442 3045 4498 oderat
3088 4443 3140 4496 in
3182 4443 3323 4496 Esau
3351 4451 3635 4511 antequam

2062 4546 2215 4592 natus
2241 4535 2453 4592 fet-isset
2479 4536 2676 4606 aliquid
2707 4536 2861 4601 mali,
2892 4535 2994 4589 nisi
3035 4534 3288 4605 originale
3325 4536 3638 4605 peccatum?

2060 4628 2191 4682 Nam
2222 4642 2391 4697 neque
2428 4626 2481 4680 in
2506 4626 2598 4681 illo
2632 4625 2880 4695 diligeret
2916 4624 3205 4694 justitiam,
3246 4640 3403 4695 quam
3434 4625 3635 4680 nullam

2060 4720 2148 4776 ille
2173 4719 2400 4783 fecerat;
2427 4733 2596 4788 neque
2622 4717 2675 4772 in
2706 4715 2807 4771 isto
2832 4715 3031 4771 odisset
3054 4726 3321 4780 naturam,
3352 4731 3507 4789 quam
3535 4715 3603 4770 bo

2059 4832 2179 4873 nam
2206 4815 2320 4884 ipse
2347 4814 2561 4869 fecerat.

2128 4907 2217 4962 ⁵55.
2250 4906 2436 4960 Mirum
2463 4910 2545 4959 est
2567 4909 2743 4957 autem
2764 4917 2883 4957 cum
2909 4900 2991 4956 bis
3008 4910 3341 4957 coarelantur
3358 4902 3635 4972 angustiis,

2060 4998 2113 5053 in
2142 5005 2333 5067 quanta
2359 5010 2419 5050 se
2444 4996 2664 5063 abrupta
2694 4993 3022 5063 praecipitent
3056 5002 3353 5049 metuentes
3377 4996 3509 5050 retia
3548 5010 3636 5050 ve-

2058 5090 2248 5145 ritatis.
2279 5087 2425 5152 Ideo,
2467 5086 2744 5156 inquiunt,
2788 5085 3010 5139 nondum
3038 5094 3271 5140 natorum
3310 5087 3468 5141 alium
3510 5087 3633 5142 ode-

2055 5191 2156 5245 rat,
2179 5180 2336 5235 alium
2350 5176 2609 5246 diligebat,
2622 5176 2740 5246 quia
2762 5191 2934 5229 eorum
2952 5176 3123 5245 futura
3141 5192 3292 5247 Opera
3311 5176 3635 5247 prtzvidebat.

2059 5271 2192 5340 Quis
2235 5269 2394 5324 istum
2436 5266 2797 5322 acutissimum
2843 5281 3057 5321 sensum
3105 5266 3338 5321 defuisse
3381 5267 3638 5336 Apostolo

2059 5378 2164 5419 non
2203 5358 2459 5416 miretur?
2486 5358 2599 5414 Hoc
2620 5357 2815 5429 quippe
2842 5356 2930 5411 ille
2967 5372 3071 5411 non
3098 5356 3261 5423 vidit,
3289 5355 3503 5426 quando
3534 5355 3633 5411 sibi

2058 5455 2202 5509 velut
2243 5450 2578 5508 adversantis
2616 5450 2821 5518 objecta
2862 5449 3187 5518 quaestione,
3232 5463 3336 5503 non
3381 5447 3431 5502 id
3462 5448 3637 5517 potius

2058 5554 2164 5600 tam
2193 5544 2372 5607 breve,
2398 5549 2505 5596 tam
2530 5548 2792 5611 apertum,
2812 5546 2915 5591 tam
2940 5536 3096 5607 (sicut
3117 5536 3202 5591 isti
3228 5534 3435 5609 putant)
3455 5552 3634 5591 verum

2059 5638 2460 5705 absolutumque
2486 5630 2778 5700 respondit.
2818 5628 2949 5685 Cum
2978 5628 3118 5684 enim
3160 5644 3273 5683 rem
3318 5629 3632 5700 stupendam

2057 5729 2448 5804 proposuisset,
2478 5723 2746 5798 quomodo
2786 5722 2853 5778 de
2880 5719 3110 5791 nondum
3147 5722 3283 5778 natis
3311 5737 3411 5779 nec
3439 5722 3634 5794 aliquid
