4086 6350
482 341 584 396 88⁸1

479 443 755 514 agentibus
780 440 902 496 boni
928 449 1017 495 aut
1040 439 1160 494 mali
1191 445 1331 494 recte
1353 436 1454 492 dici
1479 435 1728 506 potuerit,
1746 432 1885 504 quod
1905 449 2066 487 unum

484 537 625 590 Deus
653 531 918 598 dilexerit,
946 531 1104 585 alium
1135 530 1258 584 odio
1288 528 1563 594 habuerit,
1601 527 1710 597 ipsa
1741 526 1838 579 sibi
1865 525 2070 594 objecta

482 627 774 696 qumstione
800 631 998 678 motum
1024 620 1326 689 exprimens
1365 618 1650 679 auditoris,
1684 616 1819 681 Quid
1845 633 1959 686 ergo
1989 615 2068 667 di-

484 735 654 773 centus
675 717 700 771 ?
725 716 912 786 inquit,
946 711 1187 781 numquid
1215 711 1452 778 iniquitas
1488 709 1627 780 apud
1670 708 1873 761 Deum?
1911 707 2067 760 Absit.

486 811 586 868 llic
615 825 740 880 ergo
769 817 882 862 erat
913 809 1093 872 locus,
1137 817 1194 859 ut
1227 805 1429 858 diceret
1476 803 1616 872 quod
1667 802 1751 855 isti
1800 801 2068 855 sentiunt:

484 901 682 958 Futura
709 901 839 954 enim
861 897 996 952 Deus
1021 913 1174 965 opera
1191 894 1509 964 pra’videbat,
1537 893 1738 965 quando
1766 891 1947 944 minori
1967 907 2073 943 ma-

475 1009 643 1064 jorem
669 992 964 1046 serviturum
987 1005 1090 1042 esse
1117 986 1328 1040 dicebat.
1361 985 1474 1040 Non
1504 996 1682 1039 autem
1712 983 1813 1037 hoc
1843 983 2072 1053 Aposto-

484 1083 569 1138 lus
594 1083 738 1146 dicit,
782 1080 872 1134 sed
904 1081 1078 1150 potius
1107 1094 1172 1132 ne
1199 1079 1475 1147 quisquam
1505 1076 1572 1131 de
1597 1091 1812 1130 suorum
1851 1090 2072 1144 operum

485 1172 678 1228 audeat
708 1171 910 1226 meritis
955 1169 1189 1240 gloriari,
1235 1168 1298 1221 ad
1346 1168 1434 1221 Dei
1483 1167 1703 1235 gratiam
1752 1178 1804 1220 et
1849 1167 2071 1236 gloriam

487 1261 962 1317 commendandam
997 1259 1158 1314 voluit
1187 1258 1362 1312 valere
1399 1257 1538 1326 quod
1579 1256 1730 1310 dixit.
1761 1259 1891 1311 Cum
1931 1257 2070 1310 enim

485 1355 730 1418 dixisset,
762 1354 902 1407 Absit
923 1362 980 1406 ut
1004 1353 1073 1406 sit
1090 1351 1325 1421 iniquitas
1353 1349 1492 1418 apud
1512 1347 1711 1410 Deum;
1744 1357 1991 1419 tanquam
2024 1350 2072 1402 ei

485 1445 786 1502 diceremus
809 1486 824 1513 ,
855 1444 1006 1500 Unde
1035 1444 1133 1496 hoc
1158 1441 1393 1495 ostendis
1413 1482 1426 1503 ,
1472 1456 1592 1494 cum
1636 1455 1843 1494 asseras
1870 1458 1971 1493 non
2009 1457 2071 1493 ex

485 1538 737 1608 operibus
757 1579 770 1602 ,
801 1536 893 1591 sed
929 1551 993 1590 ex
1021 1542 1242 1588 vocante
1279 1533 1477 1586 dictum
1505 1544 1622 1584 esse
1646 1573 1659 1595 ,
1699 1529 1871 1599 Major
1898 1532 2074 1584 serviet

486 1629 671 1682 minori
689 1629 713 1682 Σ)
735 1626 905 1698 Moysi
934 1626 1064 1680 enim
1095 1624 1236 1685 dicit,
1269 1623 1455 1692 inquit,
1492 1621 1762 1675 Miserebor
1789 1623 1869 1674 cui
1901 1623 2074 1675 miser-

489 1732 569 1774 tus
597 1737 701 1784 ero,
730 1729 778 1775 et
805 1717 1200 1774 misericordiam
1230 1715 1474 1786 prazstabo
1502 1715 1581 1767 cui
1610 1715 1886 1767 misericors
1909 1713 2071 1782 fuero.

485 1811 658 1883 Igitur
694 1828 794 1864 non
834 1809 1043 1864 volentis
1072 1825 1227 1878 neque
1255 1808 1499 1860 currentis
1519 1847 1534 1872 ,
1565 1806 1653 1858 sed
1694 1807 1966 1859 ntiserentis
2003 1816 2075 1859 est

488 1902 603 1956 Dei.
626 1901 724 1957 Ubi
758 1916 898 1955 nunc
929 1901 1135 1960 merita,
1166 1899 1251 1952 ubi
1284 1913 1443 1968 opera
1475 1898 1558 1951 vel
1590 1898 1854 1966 pra-terim
1882 1899 1963 1951 vel
1999 1897 2073 1950 tuo

487 2001 604 2047 tura
653 2003 900 2061 tanquam
960 1991 1107 2045 liberi
1154 1989 1356 2043 arbitrii
1407 1989 1606 2042 viribus
1656 1987 1937 2054 adimplvta
1992 1990 2072 2043 vel

485 2083 856 2152 adimplenda?
880 2083 1065 2137 Nonne
1091 2090 1327 2151 apertam
1347 2079 2073 2149 protulitApostolusdegra-

489 2175 632 2227 tuitze
673 2173 890 2242 gratim,
924 2171 1023 2225 hoc
1073 2182 1154 2226 est
1201 2187 1340 2225 verte
1383 2171 1565 2239 gratia:
1617 2171 2077 2226 commendatione

488 2262 841 2317 sententiam?
879 2261 1066 2316 Nonne
1112 2260 1324 2315 stultam
1369 2258 1496 2314 fecit
1522 2259 1664 2313 Deus
1708 2260 2074 2314 lucretieortnn

485 2351 830 2421 sapientiam?

558 2442 646 2498 36.
676 2441 808 2509 Quid
831 2450 1007 2495 autem
1028 2441 1299 2510 agebatur,
1334 2449 1391 2494 ttt
1415 2439 1517 2494 hoc
1546 2440 1831 2510 Apostolus
1847 2439 2072 2502 diceret,

489 2543 544 2587 ut
563 2544 745 2588 eorum
764 2533 1094 2603 geminorum
1121 2539 1564 2585 commemoraret
1588 2531 1924 2599 exemplum?
1951 2532 2075 2599 quid

489 2623 809 2693 persuadere
826 2621 1174 2677 moliebatur?
1195 2620 1319 2690 quid
1340 2621 1604 2675 inculcare
1621 2621 1901 2689 cupiebat?
1919 2620 2076 2674 Nem-

483 2731 554 2784 pe
602 2715 702 2769 hoc
731 2713 872 2784 quod
920 2715 1153 2783 ipsorum
1192 2721 1463 2784 oppugnat
1507 2713 1759 2779 amentia,
1803 2713 1944 2784 quod
1989 2728 2077 2765 sn-

488 2809 636 2879 perbi
670 2809 687 2840 ¹
720 2825 823 2862 non
843 2809 1078 2877 capiunt.
1106 2806 1245 2878 quod
1274 2821 1464 2875 sapere
1493 2806 1678 2860 nolunt
1708 2807 1794 2875 qui
1824 2806 2074 2874 ignoran-

485 2911 566 2954 tes
586 2899 677 2954 Dei
702 2899 980 2970 justitiam,
1012 2909 1230 2953 etsuam
1263 2898 1502 2951 volentes
1532 2898 1874 2964 constituere,
1914 2898 2072 2968 justi-

485 2993 614 3046 titite
634 2993 725 3047 Dei
743 3008 846 3046 non
869 3000 991 3046 sunt
1008 2991 1229 3060 subjecti
1250 2990 1425 3060 (Rom.
1449 3006 1504 3055 x,
1525 2990 1578 3058 ὅ)
1613 3007 1624 3040 :
1651 2989 1716 3044 de
1740 2990 1851 3058 ipsa
1874 2991 2071 3059 quippe

484 3085 654 3155 gratia
680 3086 809 3139 satis
861 3085 1050 3154 agebat
1093 3083 1397 3152 Apostolus,
1445 3092 1496 3136 et
1536 3082 1656 3136 ideo
1705 3081 2073 3150 promissionis

471 3162 627 3230 'tilios
647 3175 1072 3230 commendabat.
1109 3172 1260 3240 Quod
1293 3174 1434 3228 enim
1461 3173 1722 3243 promittit
1752 3173 1913 3240 Deus,
1966 3188 2072 3226 non

484 3266 612 3321 facit
654 3266 755 3321 nisi
795 3266 932 3321 Deus
957 3285 970 3320 :
1000 3265 1158 3320 habet
1196 3281 1422 3334 namque
1448 3265 1644 3334 aliquid
1664 3267 1882 3319 rationis
1908 3275 2074 3320 etve-

487 3356 684 3422 vitatis,
729 3365 785 3410 ut
815 3358 974 3411 homo
1001 3356 1292 3425 promittat,
1323 3364 1378 3409 et
1410 3356 1549 3410 Deus
1579 3354 1762 3418 faciat;
1811 3364 1868 3409 ut
1893 3363 2070 3410 autem

487 3451 650 3502 homo
677 3463 736 3502 se
762 3445 937 3502 facere
964 3447 1105 3501 dicat
1135 3445 1276 3514 quod
1304 3447 1606 3516 promiserit
1635 3447 1794 3513 Deus,
1828 3448 2072 3517 superba:

486 3537 780 3606 impietatis
808 3549 890 3590 est
911 3538 1170 3606 reprobus
1190 3551 1398 3591 sensus.

559 3631 649 3684 37.
679 3629 1071 3684 Commendans
1095 3643 1222 3697 ergo
1255 3628 1392 3682 lilios
1411 3629 1799 3696 promissionis,
1830 3629 1929 3683 hoc
1959 3631 2070 3698 pri-

488 3734 635 3772 mum
663 3719 1012 3787 signiticatum
1039 3717 1292 3778 ostendit.
1323 3733 1417 3786 per
1458 3717 1601 3771 Isaac
1628 3717 1790 3771 ﬁlium
1821 3720 2068 3774 Abrahae.

489 3807 797 3862 lividentius
826 3822 1053 3874 namque
1078 3821 1210 3876 opus
1238 3807 1330 3860 Dei
1352 3816 1568 3876 apparet
1594 3807 1645 3859 in
1674 3823 1759 3872 eo,
1779 3822 1934 3877 quem
1966 3826 2070 3863 non

487 3900 670 3969 genuit
699 3886 923 3953 usitatus
943 3897 1075 3951 ordo
1103 3905 1305 3951 naturae
1325 3896 1392 3952 dc
1420 3897 1693 3951 sterilibus
1712 3892 2001 3955 visceribus
2017 3909 2072 3955 et

485 4000 762 4048 senectute
789 3989 1066 4055 conlectis,
1091 3999 1148 4044 ut
1173 3989 1225 4042 in
1254 3987 1373 4042 [iliis
1395 3989 1506 4054 Dei,
1526 3989 1612 4058 qui
1638 3988 1794 4043 futuri
1819 4006 2070 4059 praenun-

485 4075 770 4138 tiabantur,
804 4073 908 4128 hoc
930 4083 1070 4128 esset
1092 4075 1299 4143 signum
1327 4072 1488 4126 divini
1516 4077 1711 4141 Operis,
1747 4089 1854 4128 non
1881 4075 2068 4128 huma-

487 4168 562 4220 ni.
594 4165 660 4220 ln
682 4166 851 4229 Isaac,
881 4166 1074 4236 inquit,
1100 4165 1355 4219 vocabitur
1381 4166 1470 4218 tibi
1497 4182 1664 4219 semen
1694 4182 1712 4219 :
1738 4167 1832 4219 hoc
1857 4177 1946 4232 est,
1968 4185 2068 4221 non

485 4257 572 4325 qui
593 4257 688 4325 ﬁlii
717 4257 904 4321 carnis,
936 4257 972 4308 ii
996 4255 1091 4323 ﬁlii
1118 4254 1249 4318 Dei;
1291 4255 1378 4308 sed
1402 4255 1498 4323 ﬁlii
1532 4257 1877 4326 promissionis
1907 4258 2068 4328 depu-

485 4359 658 4402 tantur
683 4350 735 4401 in
759 4364 946 4402 semen.
980 4345 1339 4400 Promissionis
1360 4348 1491 4399 enim
1518 4348 1718 4400 verbum
1735 4349 1827 4401 ltoc
1856 4360 1964 4403 est:
1987 4350 2068 4404 Ad

485 4440 582 4492 hoc
607 4449 800 4508 tempus
829 4441 1044 4504 veniam,
1073 4448 1117 4491 et
1143 4441 1233 4490 erit
1263 4438 1412 4493 Sara:
1439 4439 1592 4508 ﬁlius.
1632 4438 1751 4493 Non
1777 4442 1939 4494 solum
1965 4461 2067 4498 au-

488 4541 615 4596 tem,
656 4531 844 4602 inquit,
870 4531 957 4583 sed
996 4540 1042 4583 et
1080 4529 1302 4583 Rebecca
1332 4545 1392 4582 ex
1419 4547 1516 4583 uno
1556 4533 1821 4586 concubitu
1859 4535 2064 4600 habens,

489 4619 644 4674 Isaac
684 4621 841 4690 patris
868 4622 1044 4674 nostri.
1090 4622 1203 4689 Quo
1241 4623 1497 4690 pertinuit
1525 4631 1580 4675 ut
1609 4622 1846 4687 adderet,
1875 4641 1940 4680 ea:
1966 4643 2067 4680 uno

407 4775 415 4786 ,
487 4711 775 4776 concubitu,
799 4710 900 4764 nisi
935 4718 988 4763 ut
1015 4725 1118 4764 n0u
1141 4712 1310 4764 solum
1341 4711 1406 4764 de
1428 4712 1556 4775 suis,
1585 4727 1752 4782 neque
1779 4713 1845 4768 de
1870 4731 2063 4782 paren-

488 4811 600 4857 tum
627 4801 832 4856 meritis
855 4802 1101 4866 aliorum,
1143 4802 1236 4856 sed
1273 4819 1338 4856 nc
1377 4802 1446 4857 de
1472 4802 1638 4872 ipsius
1664 4805 1874 4874 quidem
1912 4808 2066 4862 unius

485 4894 674 4966 patris,
704 4902 902 4946 mutata
952 4891 1086 4945 forte
1123 4893 1175 4946 in
1213 4893 1400 4946 melius
1435 4894 1708 4949 Voluntate
1751 4897 2066 4964 gloriaretur

486 4984 673 5050 Jacob,
705 4982 889 5038 dicens
914 4983 1033 5038 ideo
1057 4997 1114 5038 se
1144 4999 1173 5036 a
1193 4981 1448 5039 Creatore
1474 4985 1745 5051 dilectum,
1765 4989 1882 5057 quia
1915 5000 2066 5059 pater

487 5075 627 5143 ejus,
659 5072 869 5142 quando
907 5088 1028 5127 eum
1066 5074 1366 5140 seminavit,
1415 5077 1724 5131 melioribus
1754 5079 2064 5136 laudabilior

487 5164 727 5219 moribus
751 5162 882 5217 fuit?
899 5179 962 5217 ea:
986 5181 1106 5230 uno,
1129 5165 1315 5236 inquit,
1339 5168 1638 5232 concubitu;
1668 5185 1828 5223 unum
1861 5180 1980 5226 tunc
1998 5172 2063 5227 ad

486 5270 582 5308 eos
609 5253 949 5309 seminandus
985 5256 1226 5309 meritum
1257 5259 1441 5326 patris,
1473 5275 1633 5314 unum
1661 5261 1725 5314 ad
1757 5263 2063 5332 concipien-

486 5348 583 5400 dos
603 5347 848 5400 meritum
876 5347 1059 5401 matris
1092 5365 1104 5399 :
1134 5349 1254 5417 quia
1288 5351 1384 5402 etsi
1406 5358 1574 5406 mater
1599 5367 1691 5406 eos
1726 5353 1893 5409 donec
1916 5371 2064 5425 pare-

489 5447 571 5492 ret
595 5434 884 5492 visceribus
906 5439 1132 5506 portavit
1154 5440 1406 5502 inclusos,
1427 5450 1480 5496 et
1514 5442 1647 5497 forte
1673 5445 1965 5502 voluntates
1985 5447 2064 5502 al-

487 5527 850 5597 fcctionesque
887 5529 1131 5595 variavit,
1167 5545 1273 5584 non
1313 5531 1402 5584 uni
1452 5533 1544 5587 sed
1581 5534 1838 5592 ambobus
1883 5539 2062 5610 utique

490 5619 735 5684 variavit,
763 5634 894 5688 quos
915 5619 1108 5690 pariter
1129 5627 1317 5677 ventre
1350 5625 1598 5693 portavit.

549 5729 569 5764 ⁸
583 5727 718 5790 ΕΜ..
739 5728 975 5786 superbia.
1002 5737 1055 5781 At
1071 5738 1175 5782 Mss.
1191 5732 1370 5796 plures,
1393 5733 1600 5797 superbi.

1705 323 1763 376 S.
1803 318 2166 376 AUCUSTINI
2208 315 2509 373 EPlSCOl‘l

3619 305 3767 362 '888

2248 431 2336 486 53.
2367 430 2593 485 Intentio
2617 430 2772 501 igitur
2800 430 3050 486 intuenda
3078 439 3159 487 est
3185 431 3423 502 Apostoli
3441 475 3456 500 ,
3488 440 3766 504 qu0m0do

2177 533 2395 591 propter
2413 523 2631 591 gratiam
2659 522 3129 576 commendandam
3158 524 3288 576 nolit
3313 538 3434 578 eum
3457 526 3524 579 de
3549 542 3656 595 quo
3678 525 3757 580 di-
3837 585 3840 587 Α

2177 622 2318 665 etum
2359 621 2460 677 est,
2491 610 2650 665 Jacob
2690 612 2870 670 dilexi.
2899 613 2997 668 nisi
3039 613 3091 666 in
3139 614 3365 668 Domino
3389 615 3601 686 gloriari
3639 633 3652 670 :
3701 624 3764 671 ut

2176 718 2296 756 cum
2323 718 2386 756 ex
2418 702 2606 757 eodem
2639 714 2805 772 patre,
2835 705 3020 758 eadem
3067 715 3257 771 matre,
3300 722 3406 760 uno
3447 709 3759 773 concubitu,

2176 800 2458 862 antequam
2502 793 2697 863 aliquid
2741 795 2975 863 egissent
3025 794 3144 849 boni
3182 805 3272 850 aut
3324 797 3474 861 mali,
3526 799 3763 854 alterum

2181 883 2319 938 Deus
2357 884 2554 954 diligit,
2597 883 2707 939 odit
2747 887 3008 953 alterum;
3060 887 3317 958 intelligat
3357 889 3522 944 Jacob
3553 905 3618 945 ex
3667 891 3764 947 illa

2177 991 2351 1030 massa
2380 977 2649 1047 originalis
2681 978 2989 1047 iniquitatis,
3037 979 3124 1033 ubi
3167 979 3381 1034 fratrem
3426 995 3602 1046 suum,
3635 977 3762 1037 cum

2179 1084 2281 1136 quo
2321 1066 2505 1122 habuit
2532 1081 2869 1123 Communem
2918 1085 3155 1137 causam,
3189 1071 3331 1126 videt
3375 1072 3762 1143 perjustitiam

2179 1161 2437 1215 meruisse
2479 1161 2740 1224 damnari,
2776 1163 2984 1217 nonnisi
3031 1179 3123 1232 per
3161 1165 3384 1234 gratiam
3423 1179 3480 1219 se
3520 1167 3767 1234 potuisse

2179 1251 2428 1306 discerni.
2471 1251 2712 1306 Nondum
2764 1253 2905 1307 enim
2947 1255 3317 1320 nascentibus,
3349 1269 3446 1309 nec
3481 1256 3766 1325 agentibus

2180 1345 2371 1397 bonum
2394 1353 2484 1398 aut
2509 1345 2724 1408 malum,
2759 1356 2808 1397 ut
2835 1346 3107 1400 secundum
3128 1346 3414 1400 electionem
3441 1350 3762 1417 propositum

2182 1435 2276 1489 Dei
2303 1446 2538 1501 maneret,
2572 1455 2670 1490 non
2706 1455 2767 1491 ea:
2811 1439 3061 1508 operibus,
3103 1439 3192 1493 sed
3226 1455 3290 1494 ea:
3321 1449 3534 1495 vocante
3573 1442 3768 1494 dictum

2181 1539 2250 1582 cst
2277 1530 2320 1581 ei
2349 1544 2366 1582 :
2395 1527 2569 1600 Major
2594 1532 2768 1584 serviet
2801 1532 3001 1584 minori.

2251 1617 2338 1672 59.
2381 1619 2702 1673 Electionem
2749 1631 2923 1674 autem
2963 1622 3144 1690 gratiae
3183 1622 3342 1677 nullis
3382 1623 3494 1677 fieri
3539 1637 3768 1693 operum

2183 1709 2598 1777 prwcedentibns
2616 1712 2838 1776 meritis,
2867 1712 2970 1765 alio
2993 1713 3107 1766 loco
3129 1713 3459 1780 apertissime
3478 1714 3616 1768 idem
3639 1731 3772 1785 apo-

2181 1801 2346 1853 stolus
2371 1801 2657 1855 ostendens
2687 1821 2698 1854 :
2734 1803 2820 1856 Sic
2847 1821 2987 1874 ergo,
3030 1805 3219 1874 inquit,
3261 1815 3304 1859 et
3334 1806 3386 1859 in
3425 1808 3518 1860 hoc
3546 1816 3773 1877 tempore

2181 1893 2405 1960 reliquie:
2442 1892 2713 1945 secundum
2751 1895 3036 1947 electionem
3076 1897 3254 1965 gratia:
3277 1897 3427 1950 saltue
3451 1902 3601 1967 facta
3627 1909 3769 1954 sunt.

2183 1981 2244 2036 Si
2276 1993 2439 2036 autem
2466 1985 2647 2054 gratia,
2681 1986 2791 2056 jam
2837 2003 2936 2040 non
2966 2003 3028 2040 ea:
3061 1989 3325 2057 operibus;
3351 1991 3573 2059 alioquin
3602 1993 3772 2062 gratia

2172 2075 2286 2143 jam
2310 2085 2497 2128 nonest
2522 2077 2685 2145 gratia
2709 2077 2880 2145 (Rom.
2904 2094 2974 2137 xi.
2996 2079 3047 2141 5,
3063 2078 3140 2142 6).
3159 2079 3456 2133 Secundum
3487 2082 3624 2134 hanc
3641 2098 3769 2151 ergo

2181 2167 2426 2234 gratiam,
2456 2167 2615 2220 etiam
2649 2169 3016 2237 progiheticutu
3047 2171 3408 2226 testimonium
3431 2189 3772 2243 consequen-

2185 2266 2263 2309 ter
2289 2273 2588 2323 assumens,
2615 2259 2757 2311 Sicut
2788 2261 3031 2330 scriptum
3053 2271 3145 2324 est,
3181 2263 3367 2331 inquit,
3395 2263 3556 2317 Iacob
3587 2265 3765 2330 dilexi,

2184 2345 2322 2400 Esau
2351 2359 2514 2400 autem
2549 2350 2664 2402 odio
2702 2351 2890 2413 ltabui;
2928 2362 2981 2404 et
3010 2353 3280 2415 continuo,
3319 2352 3453 2416 Quid
3481 2371 3600 2423 ergo
3625 2355 3767 2408 dice—

2183 2439 2336 2492 mus?
2361 2439 2546 2508 inquit,
2575 2443 2816 2510 numquid
2841 2443 3078 2511 iniquitas
3112 2453 3186 2497 est
3205 2444 3343 2514 apud
3370 2443 3574 2499 Deum?
3601 2446 3765 2501 Absit.

2183 2529 2285 2582 Sed
2307 2546 2501 2598 quare,
2533 2531 2710 2585 Absit?
2743 2549 2808 2586 an
2839 2543 3051 2602 propter
3081 2550 3240 2603 opera
3267 2551 3386 2605 qua:
3413 2536 3584 2590 futura
3619 2552 3766 2604 prae-

2181 2621 2381 2675 sciebat
2403 2623 2848 2678 ambortnn?lnto
2877 2635 2929 2679 et
2959 2626 3058 2679 hoc
3099 2627 3238 2680 absit
3274 2645 3286 2678 :
3320 2626 3485 2696 Moysi
3517 2629 3646 2680 enim
3677 2629 3766 2681 di-

2181 2714 2267 2777 cit,
2297 2713 2572 2767 Misercbor
2598 2716 2680 2767 cui
2719 2718 2950 2769 misertus
2989 2735 3091 2782 ero,
3127 2729 3173 2772 et
3209 2717 3600 2772 misericordiam
3627 2736 3767 2789 pra-

2181 2805 2318 2857 stabo
2344 2805 2423 2857 cui
2444 2806 2721 2859 misericors
2739 2807 2897 2874 fuero.
2921 2805 3085 2878 Igitur
3108 2825 3208 2860 non
3237 2809 3441 2862 volentis
3469 2827 3626 2877 neque
3647 2826 3763 2863 cur-

2180 2897 2349 2958 rentis,
2383 2897 2469 2949 sed
2509 2897 2784 2949 miserentis
2813 2907 2884 2950 est
2923 2897 3037 2950 Dei.
3070 2900 3243 2968 Atque
3273 2907 3328 2953 ut
3367 2899 3417 2952 in
3464 2899 3606 2952 vasis
3644 2916 3767 2969 quin

2180 2985 2410 3057 perfecta
2438 2997 2560 3040 sunt
2589 2987 2639 3039 in
2665 2988 3034 3057 perditionem,
3057 3006 3175 3058 qua:
3195 2990 3456 3043 damnata:
3486 2990 3665 3044 debita
3683 3000 3769 3046 est

2182 3093 2390 3141 massae,
2421 3087 2709 3146 agnoscant
2739 3093 2860 3131 vasa
2888 3096 2951 3134 ex
2984 3080 3169 3134 eadem
3205 3096 3376 3135 massa
3412 3082 3461 3134 in
3504 3081 3763 3137 honorem

2181 3168 2315 3222 facta
2349 3168 2471 3236 quid
2514 3170 2594 3223 eis
2633 3170 2994 3224 misericordia
3044 3173 3221 3226 divina
3265 3173 3446 3241 largita
3496 3175 3583 3236 sit,
3628 3173 3767 3227 Dicit

2180 3261 2331 3322 enim,
2365 3260 2549 3328 inquit,
2580 3259 2846 3328 Scriptura
2871 3263 2938 3314 ad
2983 3261 3322 3326 Pharaonem,
3357 3263 3487 3329 Quia
3511 3266 3579 3318 ad
3601 3265 3693 3318 hoc
3719 3277 3766 3319 te

2179 3351 2412 3414 excitavi,
2441 3362 2492 3403 ut
2522 3352 2780 3404 ostendsnn
2815 3353 2866 3405 iu
2905 3363 2950 3407 te
2978 3355 3250 3424 potentiam
3277 3373 3459 3420 nteant,
3489 3367 3537 3409 et
3564 3366 3618 3409 ut
3649 3357 3765 3427 gia-

2178 3444 2402 3511 riﬁcetur
2426 3460 2604 3497 nomen
2639 3461 2802 3496 meum
2845 3445 2896 3498 in
2943 3447 3174 3499 universa
3216 3457 3368 3502 terra.
3415 3449 3653 3517 Denique
3696 3450 3763 3502 ad

2180 3543 2461 3600 utrumque
2481 3535 2766 3597 concludit,
2788 3533 2924 3605 Ergo
2955 3538 3100 3604 cujus
3125 3537 3229 3588 vult
3250 3538 3534 3605 miseretur,
3558 3548 3766 3606 etquent

2179 3621 2282 3675 vult
2311 3622 2526 3675 obdurat
2558 3637 2577 3676 :
2619 3624 2718 3678 hoc
2749 3623 2868 3677 facit
2896 3625 3032 3692 apud
3063 3641 3216 3694 quem
3238 3642 3341 3679 non
3372 3637 3461 3681 est
3488 3628 3761 3696 iniquitas.

2178 3713 2458 3766 Miseretur
2478 3713 2655 3783 itaque
2681 3715 2909 3783 gratuito
2935 3714 3108 3778 dono;
3133 3716 3358 3770 obdurat
3383 3729 3558 3771 autem
3575 3719 3764 3787 justis-

2179 3805 2314 3858 simo
2341 3805 2549 3856 merito.

2250 3895 2336 3949 ιθ.
2366 3894 2471 3949 Sed
2502 3894 2643 3948 dicat
2667 3894 2838 3951 adhuc
2862 3896 2944 3950 vel
2977 3899 3187 3966 superbi
3221 3898 3449 3953 inﬁdelis
3470 3900 3646 3962 elatio,
3676 3900 3762 3957 vel

2180 3987 2345 4056 puniti
2376 3985 2692 4039 damnabilis
2716 3987 3006 4052 excusatio,
3037 3988 3170 4053 Quid
3197 3989 3363 4042 uti/mc
3389 3992 3716 4059 conqueritur
3736 3992 3764 4045 .’

2179 4096 2294 4132 nam
2336 4078 2582 4132 voluntati
2607 4080 2714 4148 ejus
2750 4079 2862 4148 quis
2891 4080 3114 4134 resistit?
3142 4079 3302 4143 dicat,
3331 4092 3383 4134 et
3413 4083 3592 4135 audiat
3616 4082 3762 4151 quod

2177 4173 2425 4227 convenit
2451 4172 2671 4234 homini,
2721 4171 2764 4225 0
2794 4173 2963 4238 homo,
3006 4183 3058 4225 tu
3085 4174 3195 4242 quis
3233 4190 3283 4227 es
3327 4175 3415 4241 qui
3454 4175 3761 4243 respondeas

2179 4263 2286 4316 Deo
2325 4260 2433 4333 (Id.
2465 4277 2516 4314 ιχ
2537 4303 2552 4327 ,
2583 4260 2780 4332 7-25)?
2810 4272 2862 4316 ct
2899 4269 3111 4327 cartcra,
3143 4262 3209 4316 de
3235 4264 3427 4331 quibus
3459 4263 3567 4330 jam
3588 4277 3762 4332 quan-

2179 4361 2288 4404 tum
2315 4352 2456 4421 potui
2497 4351 2627 4405 satis
2661 4366 2722 4404 ac
2765 4366 2906 4420 saepe
2931 4351 3177 4405 disserui.
3217 4353 3405 4406 Audiat
3436 4352 3549 4406 haec
3578 4363 3632 4406 et
3654 4369 3761 4407 non

2176 4451 2502 4498 contemnat.
2534 4441 2685 4508 Quod
2722 4445 2766 4496 si
2814 4445 3228 4512 contempserit,
3273 4445 3432 4496 etiam
3474 4453 3530 4496 ut
3571 4453 3762 4498 conte-

2177 4542 2405 4597 mneret,
2427 4548 2482 4586 se
2508 4533 3066 4588 inveniatobduratum
3091 4536 3162 4588 :si
3190 4543 3365 4588 autem
3391 4549 3493 4587 non
3513 4545 3763 4588 contem-

2176 4625 2362 4696 p<erit,
2392 4625 2548 4677 etiam
2580 4634 2634 4678 ut
2671 4640 2774 4677 non
2793 4634 3175 4689 contemneret,
3205 4641 3264 4680 se
3285 4624 3761 4694 credatadjutum;

2176 4717 2269 4770 sed
2297 4716 2608 4770 oluluratum
2636 4717 2836 4782 debito,
2855 4717 3089 4784 adjutum
3117 4720 3282 4788 gratia
3308 4720 3347 4772 ¹.

2246 4805 2471 4861 CAPUT
2516 4806 2606 4860 ιχ.
2635 4836 2706 4846 --
2742 4808 2829 4860 tl.
2890 4808 3069 4879 Neque
3114 4811 3275 4873 enim,
3322 4812 3364 4864 si
3414 4811 3646 4865 duorum
3702 4812 3774 4865 do:

2175 4897 2321 4952 [Suae
2351 4897 2646 4966 patriarcha
2675 4901 3024 4968 geminorum,
3043 4901 3183 4971 quod
3213 4903 3426 4972 quidem
3451 4903 3556 4971 jam
3578 4917 3771 4958 osten-

2173 4989 2349 5043 dimus
2378 5001 2572 5059 quanta
2603 4992 2838 5046 caecitate
2865 4993 3090 5056 dicatur,
3124 4996 3292 5049 futura
3340 4997 3584 5066 preevidit
3618 4998 3760 5054 Deus

2175 5096 2358 5150 opera,
2389 5081 2477 5150 qui
2502 5082 2745 5135 vixerunt
2769 5093 2925 5154 atque
2951 5095 3261 5150 senuerunt,
3289 5096 3341 5140 et
3365 5099 3643 5157 pr0pterea
3667 5089 3753 5143 Ja-

2173 5171 2273 5225 cob
2297 5171 2499 5238 dilexit,
2529 5173 2662 5226 Esau
2680 5184 2853 5228 autem
2873 5175 2994 5229 odio
3017 5177 3216 5242 habuit,
3242 5178 3360 5232 ideo
3379 5180 3711 5239 moriturortl
3729 5196 3753 5236 ι

2172 5265 2333 5318 etiam
2359 5266 2693 5333 parvulorum
2726 5277 2897 5336 potest
2919 5269 3196 5338 quisquam
3222 5271 3420 5334 dicere,
3455 5283 3510 5327 ut
3541 5273 3664 5326 huic
3692 5273 3758 5326 ad

2175 5356 2567 5426 pereipiendmn
2626 5357 2948 5427 Baptismum
3004 5377 3106 5413 non
3161 5364 3423 5428 consulat,
3474 5364 3543 5416 illi
3573 5377 3755 5424 autem

2172 5448 2436 5513 consulat,
2469 5447 2635 5502 Deum
2663 5447 2836 5502 futura
2864 5467 3024 5520 opera
3048 5467 3228 5506 eorum
3258 5455 3551 5522 praevidere
3574 5473 3586 5508 :
3618 5469 3758 5526 quo-

2171 5539 2328 5594 modo
2355 5538 2494 5592 enim
2524 5538 2703 5593 futura
2722 5539 2969 5594 dicuntur
2987 5557 3106 5611 qua:
3131 5543 3274 5597 nulla
3307 5544 3502 5598 erunt?

2240 5628 2329 5684 42.
2360 5627 2466 5683 Sed
2486 5628 2645 5697 Deus,
2667 5631 2926 5701 inquiunt,
2953 5633 3007 5686 in
3026 5633 3096 5686 eis
3121 5649 3244 5702 quos
3266 5635 3380 5688 hinc
3404 5637 3591 5704 aufert,
3619 5651 3759 5708 prte-

2237 5749 2248 5774 '
2272 5750 2377 5794 Mss.
2401 5742 2673 5806 duodecim,
2697 5745 2980 5796 obduratum
2997 5747 3164 5810 debite,
3185 5749 3402 5812 adjutus:
3418 5747 3590 5815 gratis.
