4120 6358
363 371 468 430 889

364 487 497 541 uidet
516 481 937 554 quemadmodum
967 480 1186 534 victurus
1215 484 1338 533 esset
1367 476 1573 546 quisque
1597 477 1639 531 si
1660 478 1837 530 viveret
1862 484 1941 529 :et

363 577 479 630 ideo
507 592 654 646 quem
683 574 903 643 nequiter
928 573 1059 625 novit
1077 572 1232 643 fuisse
1262 569 1527 633 victurum,
1551 569 1657 621 sine
1678 566 1943 637 Baptismo

364 669 487 741 facit
515 665 670 722 emori
692 680 711 729 ;
736 666 806 719 sic
844 665 897 718 in
924 680 981 717 eo
1009 664 1220 733 puniens
1245 678 1401 731 opera
1421 661 1577 721 mala,
1609 676 1710 713 non
1729 675 1844 729 quae
1862 659 1944 735 fe-

362 762 452 827 cit,
478 758 567 813 sed
591 773 701 827 qua:
724 758 951 825 [acturus
991 755 1105 825 fuit.
1134 754 1191 809 Si
1210 768 1338 823 ergo
1362 752 1612 806 divinitus
1641 752 1799 806 ctiam
1825 766 1943 820 qua:

364 851 648 906 commissa
676 864 781 901 non
806 856 949 911 sunt,
981 846 1117 900 mala
1142 860 1304 915 opera
1324 844 1644 914 puniuntur;
1666 843 1833 912 primo
1857 851 1939 896 at-

367 941 588 997 tendant
608 928 769 1009 quam
799 938 930 992 falso
956 939 1302 1007 polliceantur
1324 938 1375 991 in
1405 936 1799 990 damnationem
1818 950 1942 1005 par-

276 1071 286 1081 .
362 1033 520 1087 vnlos
556 1048 660 1085 non
688 1030 854 1085 ituros
879 1031 966 1100 qui
1000 1029 1116 1083 sine
1147 1029 1470 1097 Baptismate
1506 1029 1824 1091 moriuntur,
1853 1026 1941 1096 qui

365 1132 647 1194 prepterea
678 1138 781 1175 non
808 1121 1160 1189 baptizantur,
1184 1121 1306 1189 quia
1334 1120 1473 1174 male
1500 1120 1684 1173 victuri
1706 1128 1878 1185 erant,
1899 1118 1942 1172 si

365 1215 641 1268 viverent:
678 1220 890 1281 propter
929 1212 1093 1280 ipsam
1125 1211 1320 1281 quippe
1359 1211 1550 1264 malam
1575 1212 1735 1263 vitam
1764 1209 1945 1279 procul

365 1306 527 1359 dubio
552 1304 960 1365 damnabuntur,
984 1304 1027 1355 si
1057 1302 1214 1356 etiam
1237 1302 1373 1355 mala
1394 1318 1512 1370 qu:e
1540 1300 1749 1355 fuerant
1774 1302 1944 1353 futura

366 1399 702 1452 dauunautur.
732 1394 948 1461 Deinde,
977 1396 1021 1449 si
1047 1396 1125 1449 eis
1142 1394 1206 1447 ad
1236 1394 1628 1463 percipiendqu
1655 1394 1946 1462 Baptisma-

366 1489 435 1542 tis
458 1486 755 1541 consulitur
785 1494 1195 1549 sacramentum,
1224 1500 1359 1554 quos
1389 1486 1534 1538 novit
1568 1485 1705 1537 Deus
1728 1486 1770 1538 si
1798 1487 1945 1539 vive-

367 1586 489 1632 rent
512 1576 646 1629 bcne
678 1574 840 1628 fuisse
865 1577 1114 1637 victuros,
1144 1591 1241 1629 cur
1266 1591 1368 1628 non
1399 1590 1584 1628 omnes
1615 1583 1858 1629 tenentur
1892 1576 1947 1630 in

366 1669 493 1732 vita,
523 1682 678 1736 quam
722 1667 873 1720 bonis
902 1668 1151 1734 operibus
1194 1668 1428 1721 ornaturi
1464 1668 1624 1722 sunt?
1666 1684 1761 1721 cur
1788 1671 1947 1723 etiam

365 1776 551 1815 eorum
586 1762 673 1829 qui
708 1761 1039 1829 baptizantur
1075 1760 1288 1829 quidam
1328 1760 1416 1813 diu
1456 1761 1691 1814 viventes
1722 1761 1948 1828 pessime

366 1855 569 1916 vivunt,
596 1863 649 1907 et
670 1868 835 1921 usque
854 1854 919 1905 ad
938 1853 1261 1921 apostasiam
1289 1852 1572 1921 aliquando
1600 1856 1949 1922 perveniunt?

367 1965 462 2002 cur
490 1949 657 2017 ipsum
683 1948 910 2017 primum
941 1946 1245 2015 conjugium
1288 1956 1644 2014 peccatorum,
1680 1963 1815 2016 quos
1843 1949 1949 2000 uti-

366 2056 469 2108 que
493 2050 710 2093 noverat
759 2040 895 2093 Deus
941 2047 1269 2107 peccaturos,
1304 2055 1407 2091 non
1438 2038 1507 2093 de
1540 2040 1786 2107 paradiso
1826 2050 1949 2095 ante

368 2130 610 2200 projecit,
646 2145 712 2182 ne
755 2129 823 2182 ibi
854 2130 1249 2182 committerent
1289 2129 1428 2198 quod
1475 2137 1577 2182 tam
1617 2140 1801 2184 s:meto
1834 2131 1948 2185 loco

367 2232 511 2277 esset
538 2220 830 2290 indignum,
863 2222 906 2273 si
933 2222 1073 2287 juste
1100 2229 1313 2295 peccata
1335 2223 1494 2274 etiam
1528 2222 1760 2275 nondum
1805 2238 1951 2275 com-

369 2314 526 2367 missa
551 2311 870 2382 puniuntur?
898 2312 1021 2381 quid
1050 2311 1281 2380 denique
1312 2320 1589 2380 pnestatur
1615 2315 1661 2366 ei
1690 2314 1775 2381 qui
1809 2314 1952 2382 rapi-

368 2414 471 2469 tur,
496 2421 561 2459 ne
587 2404 786 2458 malitia
816 2414 980 2458 mutet
1024 2405 1347 2457 intellectum
1366 2405 1500 2473 ejus,
1530 2414 1666 2458 etne
1698 2407 1837 2459 fictio
1860 2406 1953 2459 de-

366 2496 525 2564 cipiat
542 2497 771 2550 animam
798 2496 913 2564 ejus
943 2494 1095 2567 (Sap.
1128 2511 1205 2559 IV,
1242 2497 1353 2567 ll),
1404 2496 1446 2548 si
1474 2496 1613 2564 juste
1647 2497 1808 2550 etiam
1865 2498 1951 2552 illa

367 2588 677 2657 puniuntur,
708 2603 823 2656 qum
846 2588 964 2640 licet
984 2601 1085 2639 noo
1107 2586 1308 2649 fecerit,
1333 2589 1499 2639 fuerat
1528 2597 1700 2640 tamen
1729 2589 1955 2643 vivendo

368 2680 637 2734 facturus?
688 2680 964 2733 Postremo
993 2696 1089 2733 cur
1138 2696 1240 2732 non
1272 2679 1335 2733 ad
1375 2680 1769 2748 percipiendum
1802 2696 1952 2749 rege-

369 2771 661 2824 nerationis
681 2772 975 2834 lavacrum,
1004 2771 1053 2824 ei
1072 2772 1236 2840 magis
1250 2772 1541 2824 Consulitur
1557 2774 1835 2837 morituro,
1866 2774 1954 2841 qui

368 2862 505 2916 male
543 2860 961 2915 fueratvictnrus
990 2862 1031 2914 si
1064 2862 1282 2925 viveret,
1304 2871 1359 2914 ut
1388 2863 1436 2915 ei
1465 2874 1677 2931 peccata
1699 2880 1815 2933 qua:
1842 2863 1955 2919 fue-

368 2961 450 3005 rat
478 2952 876 3012 conuuissurus,
905 2952 1235 3007 remittantur
1259 2954 1307 3005 in
1338 2952 1640 3021 Baptismo?
1666 2954 1793 3021 Quis
1814 2956 1954 3009 enim

368 3052 583 3097 esttam
628 3058 832 3107 vecors,
863 3046 948 3114 qui
998 3060 1058 3098 ea
1084 3053 1241 3113 neget
1282 3061 1374 3113 per
1424 3046 1746 3115 Baptismmu
1802 3064 1957 3118 posse

370 3135 583 3199 dimitti,
611 3152 731 3203 qua:
771 3136 887 3189 sine
928 3135 1196 3204 Baptismo
1235 3136 1363 3190 dicit
1395 3153 1551 3205 posse
1574 3139 1780 3208 puniri?

438 3228 666 3282 CAPUT
697 3227 765 3284 X.
815 3258 887 3267 -â€”
914 3229 1001 3282 45.
1061 3228 1165 3282 Sed
1199 3228 1517 3297 disputando
1555 3231 1808 3284 adversus
1861 3246 1955 3287 cos

370 3317 459 3387 qui
502 3333 879 3387 usquequaque
920 3318 1145 3373 convicti
1192 3319 1354 3372 etiam
1406 3336 1509 3372 non
1548 3322 1955 3377 commissorum

374 3419 706 3478 peccatorum
738 3410 901 3463 Deum
933 3411 1249 3479 persuadere
1278 3411 1565 3465 moliuntur
1592 3414 1838 3475 ultorem,
1868 3430 1959 3468 ve-

372 3500 593 3553 rendum
625 3512 705 3555 est
737 3517 801 3553 ne
842 3517 938 3553 nos
967 3502 1017 3554 in
1064 3516 1161 3556 eos
1202 3503 1297 3555 ista
1327 3502 1523 3573 fingere
1560 3504 1954 3573 existimemur;

375 3588 448 3641 illi
476 3599 651 3643 autem
682 3591 826 3643 nullo
852 3592 1009 3645 modo
1044 3599 1150 3644 tam
1186 3591 1405 3646 hebetes
1430 3608 1548 3647 esse
1566 3594 1872 3662 credantur,
1904 3608 1959 3651 ut

374 3680 489 3734 lmec
510 3680 591 3734 vel
613 3681 858 3745 sentiant,
888 3684 968 3735 vel
1006 3684 1253 3751 cuiquam
1294 3684 1613 3751 persuadere
1648 3696 1911 3741 canentur
1941 3706 1954 3742 :

376 3780 737 3825 verumtamen
769 3772 869 3825 nisi
898 3788 992 3826 eos
1024 3772 1136 3827 luec
1166 3774 1341 3827 dicere
1370 3774 1677 3843 audiissem,
1710 3776 1959 3832 refellen-

374 3864 439 3916 da
465 3878 583 3918 esse
613 3882 713 3917 non
741 3865 1047 3919 arbitrarer.
1076 3863 1553 3935 Circumstipantur
1577 3871 1718 3924 enim
1748 3880 1801 3925 et
1825 3871 1959 3925 divi-

376 3970 562 4008 narqu
589 3954 904 4008 auctoritate
935 3956 1243 4017 lectionum,
1283 3966 1337 4010 et
1365 3959 1653 4027 antiquitus
1684 3961 1877 4015 tradito
1906 3972 1959 4016 ct

375 4059 582 4101 retento
604 4047 756 4099 firmo
785 4047 1037 4101 Ecclesia:
1060 4048 1162 4101 ritu
1192 4048 1241 4101 iu
1263 4048 1577 4117 baptismate
1592 4052 1953 4120 parvulorum,

374 4140 462 4193 ubi
489 4139 822 4208 apertissime
850 4138 1289 4192 demonstrantur
1321 4139 1566 4204 infantes,
1595 4153 1785 4197 etcum
1812 4160 1961 4199 exor-

372 4229 611 4281 cizantur
635 4237 688 4281 et
715 4243 833 4281 cum
864 4228 911 4281 ei
947 4243 1006 4281 se
1032 4243 1124 4296 per
1153 4244 1245 4282 eos
1270 4244 1298 4282 a
1329 4230 1520 4299 quibus
1547 4240 1841 4300 gestantur,
1866 4250 1955 4288 re-

375 4318 618 4372 nuntiare
646 4318 991 4387 reSpondcnt,
1025 4334 1055 4373 a
1085 4318 1280 4373 diaboli
1312 4319 1676 4377 dominatione
1708 4324 1955 4390 liberari;

374 4420 430 4465 et
461 4425 561 4462 non
587 4412 915 4464 invenientes
944 4427 1043 4480 qua
1066 4421 1275 4474 exeant,
1305 4426 1527 4482 pergunt
1555 4414 1604 4467 in
1632 4417 1957 4488 prarcipitem

374 4502 671 4569 Stultitiam,
700 4502 826 4557 dum
859 4505 1045 4557 nolunt
1068 4513 1273 4560 mutare
1296 4508 1635 4561 sententiam.

446 4594 534 4646 44.
566 4593 695 4648 Illud
724 4609 850 4648 sane
874 4595 969 4647 sibi
992 4596 1235 4649 videntur
1251 4598 1552 4653 acutissime
1573 4598 1751 4657 dicere
1776 4619 1789 4655 :
1821 4602 1959 4668 Quo-

377 4688 526 4741 modo
548 4698 818 4759 peccatunt
834 4691 1013 4743 transit
1037 4692 1090 4743 in
1121 4691 1255 4760 ï¬lios
1278 4692 1524 4760 fidelium,
1547 4696 1682 4763 quod
1702 4697 1753 4748 in
1778 4714 1959 4765 paren-

376 4779 505 4831 tibus
548 4796 650 4832 non
698 4780 982 4834 dubitamus
1028 4782 1288 4835 dimissum
1327 4799 1432 4835 esse
1476 4801 1562 4852 per
1607 4785 1960 4856 Baptismum?

377 4870 535 4935 Quasi
565 4880 841 4939 prepterea
872 4872 1035 4939 possit
1065 4889 1166 4924 non
1195 4872 1389 4928 habere
1423 4878 1694 4943 generatio
1727 4882 1959 4937 carnalis

377 4964 516 5032 quod
544 4966 655 5019 sola
707 4966 843 5018 tollit
894 4967 1226 5032 regeneratio
1269 4968 1594 5037 spiritualis:
1628 4982 1716 5026 aut
1742 4990 1867 5027 vero
1908 4977 1958 5030 in

377 5056 647 5125 Baptismo
686 5059 1127 5126 concupiscentim
1168 5061 1342 5112 carnis
1386 5062 1663 5117 infirmitas
1707 5068 1960 5121 continuo

377 5156 609 5207 sanetur,
639 5147 777 5200 Î´á½·Îµ-Î¹Î¹Î¹
810 5150 1060 5201 continuo
1084 5161 1259 5201 reatus
1284 5150 1399 5218 ejus
1424 5152 1684 5217 aboletur,
1716 5156 1806 5208 sed
1834 5173 1957 5226 gra-

378 5238 448 5289 tia
472 5236 805 5302 renascendi,
836 5252 937 5290 neu
968 5238 1268 5292 conditione
1304 5242 1573 5295 nascendi.
1622 5242 1769 5299 Unde
1808 5248 1958 5315 quis-

377 5328 493 5396 quis
540 5344 634 5397 per
659 5328 793 5383 banc
818 5331 1298 5397 concupiscentiznn
1319 5374 1331 5392 ,
1362 5334 1519 5386 etiam
1554 5335 1619 5389 de
1650 5347 1835 5390 renato
1866 5356 1961 5391 na-

380 5420 565 5483 scitur,
594 5419 708 5472 sine
734 5420 1058 5473 dubitatione
1084 5422 1251 5475 oberit
1283 5434 1426 5489 nato,
1468 5425 1570 5478 nisi
1594 5435 1647 5480 et
1668 5428 1780 5498 ipse
1808 5430 1959 5483 simi-

380 5510 499 5564 liter
522 5521 846 5565 renascatur.
872 5509 1065 5568 Verum
1092 5514 1343 5582 quidquid
1372 5526 1451 5569 est
1479 5517 1529 5569 in
1552 5517 1649 5572 hac
1670 5522 1961 5587 quaestione

378 5600 721 5667 difï¬cultatis,
754 5604 821 5656 ita
849 5605 899 5657 in
922 5619 1049 5674 agro
1078 5604 1276 5659 Christi
1304 5623 1409 5661 non
1439 5608 1658 5677 impedit
1685 5614 1962 5680 operarios

377 5692 492 5761 ejus
521 5695 800 5763 quominus
819 5694 886 5748 ab
913 5696 990 5750 eis
1013 5695 1062 5749 in
1104 5697 1472 5753 remissionem
1504 5711 1837 5769 peccatorum
1870 5703 1963 5758 ba-

378 5784 906 5855 ptizeuturiufantes,
924 5788 1034 5843 sive
1060 5787 1126 5845 de
1144 5788 1410 5861 fidelibus,
1440 5791 1550 5850 sive
1571 5790 1637 5849 de
1659 5792 1960 5853 infidelibus

1563 361 2037 419 EPISTOLARUM
2069 360 2343 420 CLASSIS
2378 363 2461 418 111.

3525 364 3633 421 890

2050 477 2157 530 nati
2202 477 2325 543 sint,
2370 478 2506 533 sicut
2544 476 2803 547 agricolas
2848 490 2951 531 non
2983 475 3203 545 impedit
3242 476 3528 546 quominus
3562 480 3632 533 ab

2048 568 2146 632 eis,
2179 568 2444 622 inserendi
2486 584 2649 633 cura,
2684 570 2736 624 in
2780 570 2928 624 oleas
2973 576 3353 625 convertantur
3390 569 3629 637 oleastri,

2049 660 2161 714 sive
2184 660 2250 715 de
2275 662 2539 725 oleastris,
2566 663 2679 715 sive
2704 662 2771 717 de
2805 662 2936 716 oleis
2964 663 3221 716 oriantur.
3253 661 3385 717 Nam
3422 671 3477 716 et
3506 661 3631 727 hoc,

2047 752 2091 807 si
2119 763 2175 806 ut
2204 755 2539 823 respondeat,
2572 756 2771 809 rustico
2792 763 3129 824 proponatur,
3151 770 3270 824 quae
3297 769 3455 809 causa
3485 755 3632 808 situt

2047 857 2167 896 cum
2202 844 2345 897 aliud
2385 846 2450 898 sit
2494 846 2629 910 olea,
2683 845 2825 899 aliud
2870 845 3119 911 oleaster,
3152 861 3256 898 non
3297 855 3475 899 tamen
3529 844 3629 898 nisi

2049 934 2277 990 oleaster
2302 937 2368 992 de
2392 939 2596 991 semine
2617 945 2839 1006 utroque
2869 946 3143 1002 nascatur;
3174 952 3278 990 non
3310 937 3507 990 omittit
3552 938 3634 990 in-

2048 1027 2259 1081 serendi
2290 1028 2674 1096 0pcrationem,
2697 1028 2903 1081 etiamsi
2928 1044 3030 1081 non
3054 1029 3218 1097 possit
3246 1028 3400 1082 istam
3423 1029 3634 1083 solvere

2049 1118 2396 1186 quaestionem
2444 1136 2457 1170 :
2489 1119 2719 1188 alioquin
2769 1118 2895 1173 dum
2938 1136 3001 1172 ex
3031 1119 3411 1189 olivaasemine
3450 1126 3633 1172 exorta

2048 1209 2273 1277 virgulta
2321 1224 2424 1263 non
2450 1209 2591 1263 aliud
2616 1225 2773 1280 quam
2815 1210 2959 1264 oleas
2985 1225 3105 1266 esse
3147 1211 3437 1275 existimat,
3469 1209 3632 1264 efficit

2051 1300 2255 1354 desidia
2302 1300 2548 1355 vanitatis
2576 1310 2633 1355 ut
2676 1311 2817 1357 totus
2856 1302 2946 1356 ille
2982 1316 3109 1372 ager
3136 1316 3315 1356 amara
3359 1300 3629 1356 sterilitate

2051 1394 2319 1448 silvescat.

2122 1488 2211 1542 45.
2252 1487 2381 1541 Nam
2422 1486 2548 1540 illud
2579 1486 2716 1556 quod
2742 1487 3206 1555 excogitaverunt,
3237 1501 3356 1539 cum
3388 1484 3626 1539 veritatis

2054 1580 2288 1649 pondere
2317 1591 2711 1649 premerentur,
2741 1580 2861 1649 quia
2895 1578 3062 1633 ï¬delis
3092 1579 3346 1632 Dominus
3375 1579 3428 1631 in
3457 1577 3632 1632 verbis

2054 1672 2184 1737 suis,
2217 1683 2269 1726 et
2309 1681 2585 1743 propterea
2611 1673 2726 1743 ejus
2755 1673 2986 1726 Ecclesia
3018 1672 3161 1725 nullo
3196 1670 3354 1725 modo
3379 1672 3630 1726 fallaciter

2055 1764 2304 1833 parvulos
2333 1765 2381 1817 in
2414 1765 2780 1817 remissionem
2812 1773 3145 1833 peccatorum
3176 1762 3425 1831 baptizal,
3458 1761 3548 1816 sed
3578 1769 3639 1814 ut

2059 1856 2160 1909 ï¬de
2188 1864 2373 1925 agatur
2395 1854 2532 1924 quod
2562 1854 2753 1924 agitur,
2778 1855 2958 1923 utique
2986 1854 3041 1907 lit
3072 1853 3211 1923 quod
3236 1852 3427 1907 dicitur
3452 1870 3464 1906 :
3494 1851 3637 1921 quod

2055 1962 2182 2016 ergo
2216 1948 2678 2015 excogitaverunt,
2706 1962 2825 2001 cum
2859 1946 2971 1999 lucc
2996 1960 3088 1999 eos
3115 1945 3446 2014 apertissima
3474 1943 3643 1997 moles

2056 2040 2293 2093 veritatis
2319 2046 2549 2107 urgeret,
2574 2037 2690 2107 quis
2716 2054 2819 2090 non
2852 2037 3169 2091 Christianus
3197 2034 3431 2094 irrideat,
3456 2049 3643 2103 quam-

2056 2132 2182 2187 libet
2220 2133 2643 2186 versutissimum
2688 2129 2911 2183 cernat?
2942 2129 3128 2182 Dicunt
3170 2128 3346 2191 enim,
3388 2126 3643 2180 Veraciter

2056 2225 2253 2295 quidem
2281 2224 2579 2295 respondere
2610 2222 2844 2291 parvulos
2873 2237 2961 2291 per
2987 2237 3075 2273 ora
3109 2220 3439 2290 gestantium,
3472 2218 3524 2269 in
3557 2234 3644 2270 re-

2058 2318 2344 2371 missionem
2369 2332 2421 2369 se
2448 2316 2648 2367 credere
2682 2322 3038 2384 peccatorum,-
3069 2328 3167 2363 non
3206 2320 3369 2361 tamen
3406 2308 3523 2376 quia
3547 2306 3644 2360 sibi

2058 2412 2389 2470 remittantur,
2430 2407 2517 2461 sed
2551 2408 2669 2476 quia
2707 2406 2913 2458 credant
2952 2404 3085 2473 quod
3122 2403 3175 2454 in
3217 2400 3443 2453 Ecclesia
3480 2399 3555 2452 vel
3590 2399 3647 2452 in

2058 2502 2318 2569 Baptismo
2362 2501 2717 2564 remittantur,
2755 2498 2807 2550 in
2852 2496 3029 2566 quibus
3066 2496 3415 2557 inveniuntur,
3456 2509 3556 2546 non
3590 2493 3647 2546 in

2059 2596 2236 2664 quibus
2263 2593 2404 2646 nulla
2433 2600 2546 2646 sunt
2573 2607 2591 2643 :
2618 2591 2693 2643 Ac
2725 2604 2821 2658 per
2846 2587 2948 2642 hoc
2977 2588 3163 2641 nolunt
3185 2602 3269 2639 eos
3299 2586 3369 2637 ita
3399 2583 3647 2653 baptizari

2059 2687 2111 2739 in
2140 2684 2481 2737 remissionem
2510 2690 2825 2747 peccatorum
2857 2689 3093 2747 tanquam
3133 2679 3185 2729 in
3212 2679 3281 2729 eis
3307 2676 3395 2744 ï¬at
3432 2675 3544 2745 ipsa
3568 2689 3649 2727 re-

2060 2778 2229 2831 missio
2251 2819 2265 2839 ,
2295 2792 2419 2841 quos
2446 2773 2751 2827 contendunt
2790 2770 2987 2823 nullum
3026 2769 3205 2821 habere
3233 2779 3486 2838 peccatum
3508 2780 3527 2828 ;
3551 2764 3642 2818 sed

2059 2871 2295 2939 quoniam
2342 2866 2455 2919 licet
2492 2865 2600 2918 sine
2637 2872 2839 2933 peccato
2865 2903 2878 2925 ,
2918 2862 2971 2913 in
3019 2876 3077 2913 eo
3120 2870 3283 2911 tamen
3332 2857 3643 2927 Baptismate

2060 2960 2380 3029 baptizantur
2399 3000 2412 3024 ,
2452 2972 2548 3022 quo
2574 2956 2628 3024 ï¬t
2656 2955 2708 3008 in
2734 2954 3005 3024 quibusque
3043 2952 3384 3022 peccatoribus
3420 2947 3645 3002 remissio

2063 3062 2397 3121 peccatorum.

2132 3144 2221 3197 46.
2264 3141 2404 3196 Fieri
2444 3139 2655 3210 quidem
2684 3145 2860 3207 potest
2887 3146 2945 3190 ut
2975 3136 3089 3189 lucc
3115 3133 3411 3202 versipellis
3452 3132 3645 3187 astutia

2062 3235 2306 3289 subtilius
2353 3242 2406 3287 et
2454 3230 2658 3285 acutius
2700 3245 2765 3283 ex
2802 3229 2909 3281 otio
2946 3227 3235 3282 refellatur.
3266 3224 3643 3279 Verumtamen

2062 3326 2356 3380 secundum
2385 3325 2539 3377 istam
2565 3337 2715 3375 suam
2738 3319 3078 3375 calliditatem
3102 3332 3204 3371 non
3230 3316 3499 3371 inveniunt
3520 3314 3647 3384 quid

2062 3422 2127 3476 ad
2154 3421 2256 3473 hoc
2281 3417 2658 3487 respondeant,
2691 3413 2830 3483 quod
2862 3412 3247 3472 exorcizantur,
3277 3418 3329 3463 ct
3357 3407 3647 3464 exsufï¬‚au-

2065 3521 2151 3565 tur
2187 3509 2454 3563 infantes:
2492 3509 2593 3560 hoc
2631 3506 2775 3560 enim
2808 3503 2989 3573 procul
3019 3503 3180 3557 dubio
3205 3500 3458 3554 fallaciter
3491 3501 3577 3563 lit,
3603 3498 3650 3551 si

2063 3602 2304 3658 diabolus
2346 3601 2421 3655 eis
2454 3615 2560 3654 non
2598 3598 2940 3661 dominatur;
2969 3595 3015 3649 si
3040 3605 3215 3648 autem
3241 3593 3559 3657 dominatur,
3592 3599 3647 3644 et

2065 3695 2185 3749 ideo
2214 3710 2318 3747 non
2362 3691 2620 3746 fallaciter
2649 3689 3019 3745 exorcizantur
3052 3696 3106 3742 et
3146 3682 3524 3747 exsufllautur,
3557 3697 3653 3751 per

2065 3788 2188 3857 quid
2224 3787 2558 3851 dominatur,
2591 3784 2690 3838 nisi
2722 3798 2816 3852 per
2847 3787 3118 3851 peccatum
3140 3820 3154 3842 ,
3195 3778 3440 3848 princeps
3468 3776 3650 3843 utique

2066 3879 2447 3952 peccatorum?
2490 3877 2717 3931 Proinde
2746 3877 2789 3929 si
2823 3876 2932 3944 jam
2968 3879 3290 3929 erubescunt
3327 3885 3425 3924 nec
3453 3868 3650 3923 audent

2064 3976 2243 4028 dicere
2292 3973 2403 4025 lucc
2449 3971 2501 4023 in
2550 3968 2789 4023 Ecclesia
2838 3964 3163 4019 mendaciter
3204 3962 3334 4031 geri,
3367 3960 3647 4024 fateantur,

2064 4063 2203 4133 quod
2232 4061 2491 4131 perierat,
2524 4060 2681 4112 etiam
2711 4059 2762 4110 in
2806 4055 3036 4124 parvulis
3062 4052 3223 4122 qumri
3252 4068 3263 4103 :
3296 4065 3464 4117 neque
3504 4049 3648 4102 enim

2065 4155 2165 4207 nisi
2196 4161 2410 4221 propter
2437 4158 2708 4219 peccatum
2741 4148 2986 4216 perierat,
3011 4143 3148 4213 quod
3179 4142 3276 4196 nisi
3310 4157 3402 4210 per
3424 4140 3648 4210 gratiam

2064 4262 2171 4300 non
2202 4250 2373 4313 potest
2402 4240 2596 4308 quaeri,
2626 4253 2731 4291 non
2758 4242 2935 4313 potest
2970 4233 3214 4287 inveniri.
3246 4230 3348 4285 Sed
3380 4231 3486 4285 Deo
3523 4246 3648 4301 gra-

2066 4337 2185 4397 tias,
2213 4332 2354 4403 quod
2383 4332 2568 4385 saltem
2608 4344 2727 4384 cum
2769 4331 3209 4396 argumentantur
3232 4332 3414 4377 contra
3454 4322 3648 4376 remis-

2065 4427 2268 4479 sionem
2300 4431 2656 4493 peceatorum,
2682 4436 2748 4474 ne
2775 4420 2886 4473 ï¬eri
2916 4418 3161 4472 credatur
3184 4417 3233 4468 in
3263 4415 3516 4483 parvulis,
3536 4412 3645 4481 jam

2066 4527 2241 4573 tamen
2264 4558 2279 4583 ,
2306 4513 2548 4585 quamvis
2579 4528 2673 4583 per
2697 4511 2857 4566 corda
2883 4519 2935 4564 et
2974 4524 3065 4562 ora
3104 4506 3362 4576 majorum
3386 4546 3398 4567 ,
3426 4503 3649 4558 credere

2065 4609 2312 4678 parvulos
2358 4606 2691 4660 conlitentur.
2735 4603 2884 4660 Sicut
2929 4616 3055 4670 ergo
3099 4599 3318 4653 audiunt
3366 4598 3645 4650 Dominum

2065 4701 2350 4763 dicentem,
2397 4697 2497 4763 Qui
2532 4713 2633 4750 non
2674 4703 2878 4748 renatus
2918 4692 3067 4764 fuerit
3106 4707 3167 4745 ea:
3199 4706 3330 4758 aqua
3365 4696 3410 4741 et
3452 4687 3648 4758 Spiritu

2065 4800 2258 4856 sancto,
2284 4805 2384 4842 non
2410 4788 2635 4841 introibit
2659 4787 2709 4838 in
2741 4801 2947 4855 regnum
2969 4782 3208 4836 cwlorum
3232 4778 3422 4851 (Joan.
3447 4793 3523 4843 ur,
3551 4777 3582 4829 5
3605 4778 3645 4845 ),

2066 4892 2282 4953 propter
2324 4879 2465 4949 quod
2509 4892 2601 4933 eos
2649 4876 2989 4946 baptizandos
3033 4889 3151 4929 esse
3197 4871 3529 4934 concedunt,
3572 4869 3651 4925 sic

2065 4972 2281 5026 audiant
2309 4970 2556 5024 eumdem
2587 4968 2867 5023 Dominum
2895 4966 3180 5030 dicentem,
3213 4963 3314 5028 Qui
3344 4978 3441 5014 non
3479 4960 3648 5012 credi-

2066 5065 2221 5127 derit,
2250 5062 2662 5117 condenmabitur
2687 5061 2705 5133 (
2730 5060 2893 5114 Marc.
2919 5076 3033 5124 xvi,
3063 5059 3171 5129 16)
3200 5076 3211 5111 :
3245 5057 3365 5127 quia
3396 5056 3531 5109 sicut
3556 5067 3645 5107 eos

2066 5156 2269 5210 renasci
2300 5171 2392 5223 per
2419 5153 2769 5208 ministerium
2808 5151 3207 5219 baptizautium,
3236 5149 3305 5201 ita
3333 5147 3492 5201 etiam
3523 5159 3645 5198 cre-

2066 5247 2193 5302 dere
2219 5262 2313 5317 per
2347 5246 2506 5299 corda
2546 5254 2599 5298 et
2635 5260 2729 5298 ora
2769 5242 3132 5297 conï¬tentium
3163 5238 3503 5295 confitentur.
3536 5236 3646 5289 Au-

2066 5338 2225 5391 deant
2270 5352 2395 5406 ergo
2434 5336 2611 5391 dicere
2655 5336 2795 5407 quod
2841 5351 2868 5386 a
2906 5334 3050 5402 justo
3086 5333 3192 5384 Deo
3235 5331 3489 5384 innocens
3524 5341 3652 5381 con-

2067 5428 2434 5493 demnabitur,
2481 5430 2524 5482 si
2566 5428 2709 5483 nullo
2755 5424 2964 5479 vinculo
3008 5421 3207 5493 peccati
3252 5418 3524 5489 originalis
3565 5417 3652 5472 iu-

2068 5520 2313 5573 nectitur.

2136 5611 2225 5665 47.
2265 5611 2318 5666 Si
2350 5626 2529 5666 sermo
2555 5612 2654 5665 iste
2692 5609 2929 5680 prolixus
2952 5616 3033 5662 est
3057 5614 3113 5661 et
3136 5617 3394 5659 onerosus
3422 5616 3651 5672 occupa-

2069 5702 2301 5758 tionibus
2324 5705 2447 5770 tuis,
2466 5703 2532 5758 da
2555 5702 2795 5765 veniam;
2819 5700 2941 5769 quia
2962 5710 3021 5752 ut
3041 5698 3153 5751 lucc
3175 5696 3238 5750 ad
3264 5703 3314 5750 te
3336 5694 3649 5761 scriberem,

2068 5806 2120 5853 et
2151 5806 2437 5867 occupatus
2467 5795 2658 5851 litteris
2688 5794 2809 5861 tuis,
2846 5791 3107 5849 indicibus
3136 5805 3257 5862 erga
3286 5804 3383 5845 nos
3411 5788 3647 5845 benevo-
