4120 6358
499 343 593 399 891
1722 332 1780 390 S.
1819 322 2185 386 AUGUSTI?"
2223 322 2524 380 EPISCOPI

502 457 674 513 lentia:
716 466 847 519 tute,
888 462 1060 507 tecum
1105 451 1200 506 ism
1239 449 1587 518 colloquerer,
1625 446 1785 500 etiam
1827 458 1926 513 ego
1965 440 2069 493 vim

488 551 599 605 feci
632 546 1078 616 interrumpendis
1102 541 1531 612 occupationibus
1564 540 1713 593 meis.
1741 538 1795 593 Si
1827 553 1926 607 qua
1957 535 2075 589 illos

499 641 602 696 alia
644 639 943 709 excogitare
983 636 1235 689 adversus
1272 632 1429 687 fidem
1469 629 1784 685 catholicam
1824 626 2070 691 scieritis,

501 743 555 788 et
581 743 927 801 quarcumqne
966 727 1221 780 adversus
1251 740 1343 779 eos
1362 766 1377 789 ,
1411 739 1477 777 ne
1502 721 1749 776 dominici
1780 720 1957 789 gregis
1987 718 2071 770 in-

503 824 652 879 firma
689 821 967 877 devastent
987 860 1000 885 ,
1028 834 1125 873 vos
1148 833 1357 887 quoque
1388 815 1526 870 fideli
1554 824 1607 869 et
1637 814 1792 884 plane
1822 810 2071 881 pastorali

502 913 784 969 dilectione
817 909 1080 965 disserltis
1103 950 1118 975 ,
1155 916 1281 962 nota
1312 906 1467 959 facile
1494 906 1663 959 nobis.
1693 902 2070 957 llmreticnrum

502 1005 693 1074 quippe
716 999 1092 1070 inquietudine,
1117 1006 1173 1051 ut
1194 997 1490 1066 Scripturas
1510 994 1808 1064 vigilantius
1833 1006 2075 1060 perscru-

504 1102 710 1158 temur,
740 1091 877 1145 unde
897 1133 911 1153 ,
940 1106 1008 1144 ne
1036 1090 1156 1143 ovili
1183 1088 1374 1142 Christi
1405 1094 1662 1148 noceant,
1690 1084 1768 1139 eis
1795 1084 1959 1152 possit
1984 1096 2074 1135 oc-

501 1183 663 1247 ettrri,
704 1190 951 1251 tanquam
993 1180 1060 1234 de
1101 1194 1289 1233 somno
1335 1178 1554 1248 ignaviae
1594 1184 1770 1229 nostra
1815 1174 2075 1227 excitatur

502 1273 758 1328 industria
796 1289 810 1326 :
858 1272 924 1325 ita
966 1286 1061 1340 per
1106 1268 1446 1338 multiplicent
1489 1267 1709 1336 gratiam
1755 1263 2070 1325 Salvatoris,

502 1366 661 1417 etiam
689 1361 828 1430 quod
856 1361 1100 1415 inimicus
1136 1361 1185 1413 in
1228 1358 1511 1429 perniciem
1545 1356 1903 1419 machinatur,
1936 1354 2073 1406 Deus

502 1456 761 1511 convertit
788 1456 837 1509 in
867 1454 1181 1522 adjutorium
1209 1469 1224 1518 ;
1250 1452 1497 1521 quoniam
1540 1449 1879 1514 diligentibus
1911 1447 2071 1498 [lt-unt

503 1547 676 1600 omnia
708 1553 1058 1613 cooperantur
1084 1544 1133 1596 in
1159 1542 1354 1595 bonum
1377 1540 1551 1608 (Rom.
1576 1554 1689 1602 vm,
1714 1539 1826 1605 28).
1852 1537 2075 1604 Semper

505 1643 557 1696 in
591 1642 697 1695 Deo
725 1641 869 1694 vivas
894 1654 1098 1694 memor
1126 1638 1311 1700 nostri,
1344 1636 1505 1689 frater
1531 1633 1861 1687 charissima.

928 1748 1254 1805 EPISTOLA
1292 1746 1509 1802 cxcv'
1551 1746 1649 1817 (a).

511 1862 849 1932 Hieronymus
874 1861 1174 1931 Augustino,
1203 1860 1458 1928 gratulans
1480 1858 1555 1910 illi
1574 1857 1706 1921 quod
1730 1856 2075 1910 hccreticorum

577 1956 800 2008 omnium
838 1953 1070 2006 meruerit
1110 1951 1317 2015 odium;
1355 1948 1489 2019 quod
1525 1948 1725 2020 quidem
1761 1948 1944 2019 gaudet
1981 1946 2075 2001 sibi

575 2063 688 2099 cum
714 2044 804 2098 illo
828 2061 934 2098 esse
953 2059 1230 2097 commune.

595 2159 820 2214 Domino
848 2166 1048 2221 saneto,
1078 2172 1140 2210 ac
1166 2156 1466 2209 beatissimo
1497 2170 1643 2224 papa:
1668 2155 1993 2218 AUGUSTINO,

1112 2247 1471 2301 "IEBONYIUS.

583 2362 734 2415 Omni
780 2360 977 2430 quidem
1027 2369 1247 2429 tempore
1291 2358 1658 2412 Beatitudinem
1697 2367 1834 2411 tuam
1879 2374 1937 2411 eo
1981 2373 2077 2426 quo

508 2454 644 2507 decet
681 2454 867 2506 honore
898 2461 1156 2505 veneratus
1182 2468 1326 2515 sum,
1361 2460 1407 2504 et
1436 2449 1737 2503 habitantem
1766 2450 1822 2503 in
1851 2458 1899 2503 te
1924 2449 2080 2503 dilexi

508 2542 781 2596 Dominum
809 2542 1121 2596 Salvatorem
1144 2556 1163 2594 :
1182 2540 1272 2593 sed
1298 2556 1449 2602 nunc,
1473 2542 1515 2594 si
1540 2540 1652 2607 fieri
1677 2550 1856 2609 potest,
1878 2540 2078 2592 cumulo

509 2635 703 2703 aliquid
726 2634 960 2688 addimus
985 2641 1029 2686 et
1057 2632 1205 2701 plena
1230 2632 1535 2699 complemus
1556 2675 1571 2699 ,
1598 2643 1651 2686 ut
1675 2634 1857 2704 absque
1887 2632 1960 2686 tui
1988 2649 2081 2686 no-

509 2724 656 2781 minis
680 2724 927 2777 mentione
948 2739 1008 2776 ne
1032 2740 1181 2776 unam
1202 2724 1402 2793 quidem
1427 2725 1602 2776 horam
1628 2724 1877 2794 prseterire
1911 2723 2079 2791 patia-

508 2832 623 2871 mur
643 2831 662 2879 ;
688 2814 774 2881 qui
798 2824 970 2867 contra
1006 2816 1186 2882 flantes
1228 2824 1396 2868 ventos
1434 2815 1616 2868 ardore
1644 2816 1762 2881 ﬁdei
1801 2815 2077 2882 perstitisti,

509 2905 846 2974 ntaluistique,
880 2916 1120 2974 quantum
1146 2905 1197 2959 in
1220 2916 1268 2959 te
1292 2907 1407 2975 fuit,
1433 2906 1568 2960 solus
1596 2907 1798 2960 liberari
1821 2905 1884 2959 de
1907 2906 2077 2961 Sodo-

509 2998 622 3060 mis,
646 3014 794 3065 quant
819 3014 932 3049 cum
954 2999 1269 3064 pereuntibus
1289 2997 1607 3049 commorari.
1635 2997 1742 3051 Scit
1766 2997 1887 3067 quid
1915 2998 2079 3051 dicam

510 3087 773 3156 prudentia
807 3097 915 3141 tua.
941 3087 1106 3141 Macte
1137 3089 1355 3151 virtute;
1376 3090 1428 3141 in
1450 3090 1566 3142 orbe
1588 3090 1872 3155 celebraris,
1896 3088 2081 3144 Catho—

509 3178 594 3237 lici
617 3190 663 3233 te
682 3181 988 3233 conditorem
1009 3181 1231 3251 antiqua:
1252 3197 1451 3233 rursum
1479 3181 1596 3248 ﬁdei
1621 3192 1917 3235 venerantur
1934 3192 2082 3252 atque

509 3270 808 3337 suspiciunt,
836 3279 881 3323 et
916 3270 1050 3339 quod
1094 3271 1292 3341 signant
1332 3271 1538 3340 majoris
1568 3271 1745 3341 glorite
1778 3280 1870 3337 est,
1912 3289 2080 3326 omnes

514 3362 733 3415 haeretici
759 3363 1065 3416 detestantur
1088 3377 1107 3415 :
1135 3374 1180 3415 et
1211 3379 1287 3415 me
1314 3363 1426 3432 pari
1451 3373 1811 3432 persequuntur
1837 3363 1995 3427 odio;
2027 3374 2080 3417 ut

522 3469 635 3520 yuos
662 3453 845 3523 gladiis
884 3464 1149 3522 nequeunt,
1185 3464 1296 3507 volo
1332 3455 1651 3523 interficiant.
1676 3455 2012 3523 Incolumem,
2036 3469 2080 3511 et

526 3542 607 3603 nei
637 3559 901 3597 memorem
928 3554 976 3597 te
999 3544 1181 3598 Christi
1224 3544 1422 3597 Domini
1449 3543 1710 3599 clementia
1736 3556 1961 3614 tueatur,
1990 3548 2081 3602 do-

516 3636 650 3698 ptine
676 3636 971 3701 venerande,
1000 3647 1044 3689 et
1072 3637 1350 3690 beatissime
1373 3654 1526 3708 papa.

934 3747 1255 3803 EPISTOLA
1280 3747 1478 3804 CXCVI
1501 3753 1540 3774 η
1563 3748 1662 3821 (b).

513 3857 819 3928 Augustinus
860 3859 1074 3913 Asellico
1112 3862 1377 3931 episcopo,
1422 3863 1603 3917 docens
1640 3880 1752 3934 qua:
1791 3866 1856 3918 sit
1895 3866 2082 3920 utilitas

585 3950 641 4003 Μ
646 3953 826 4005 osaica:
848 3952 989 4022 legis,
1016 3969 1164 4024 quam
1202 3953 1501 4008 Iudaeorum
1537 3973 1674 4010 more
1701 3957 1957 4012 observare
1984 3976 2083 4013 non

585 4042 699 4107 licet
731 4041 1028 4097 Christianis
1050 4058 1069 4097 :
1098 4044 1188 4097 hos
1216 4045 1346 4097 enim
1378 4061 1489 4099 vere
1516 4063 1619 4100 esse
1643 4045 1904 4101 Israelitas
1930 4051 2084 4120 juxta

581 4149 783 4194 sensum
802 4134 1114 4203 spiritualem
1136 4150 1157 4199 ;
1180 4145 1396 4189 attamen
1429 4137 1563 4190 istud
1596 4155 1773 4192 nomen
1798 4141 1944 4211 vulgo
1964 4143 2085 4212 ipsis

580 4223 936 4293 imponendum
983 4241 1084 4278 non
1129 4242 1252 4279 esse.
1304 4226 1604 4298 Pelagianos
1650 4230 1808 4284 obiter
1851 4241 1989 4285 notat
2031 4233 2084 4287 in

581 4311 915 4375 damnabilem
937 4311 1259 4372 Judaismum
1287 4317 1540 4373 incidisse.

584 4424 808 4491 Domino
832 4424 1135 4482 beatissimo
1158 4428 1300 4481 fratri
1322 4438 1374 4481 et
1397 4430 1709 4499 coepiscopo
1729 4433 2011 4501 Asnuaco,

824 4518 1178 4585 AUGUSTINUS,
1205 4517 1257 4575 in
1285 4519 1507 4575 Domino
1532 4523 1776 4578 salutem.

584 4627 807 4688 CAPUT
826 4629 1206 4689 PRIMUM.-—l
1222 4671 1235 4685 .
1252 4631 1475 4687 Litteras
1494 4634 1799 4690 Sanctitatis
1817 4646 1939 4703 tum,
1953 4653 2084 4708 quas

509 4720 576 4786 pd
602 4721 955 4778 venerabilem
983 4738 1164 4779 senem
1193 4724 1540 4787 Donatianum
1560 4726 1628 4799 (c)
1648 4727 1717 4785 de
1741 4729 1959 4784 cavendi
1985 4730 2085 4785 Ju—

511 4813 699 4879 daismi
728 4812 1110 4884 disceptatione
1141 4816 1357 4884 misisti,
1389 4819 1455 4873 ad
1482 4834 1568 4874 me
1597 4820 1710 4889 ipse
1734 4820 1977 4891 dignatus
2002 4832 2086 4879 est

508 4905 741 4973 mittere,
763 4914 920 4975 atque
945 4916 1001 4959 ut
1024 4907 1104 4961 eis
1128 4908 1525 4977 responderem,
1548 4910 1776 4978 petendo
1799 4911 2087 4968 vehemen-

512 4995 615 5053 tius
643 4993 918 5063 imperavit
942 5012 955 5049 :
982 5011 1140 5068 quem
1175 4998 1372 5051 veritus
1395 5009 1757 5068 contemnere,
1783 5010 1840 5056 ut
1870 5017 2083 5072 possum

508 5084 733 5148 Domino
789 5085 1070 5157 adjuvante
1125 5088 1458 5159 respondeo;
1517 5101 1724 5161 gratum
1772 5093 2083 5150 existimans

569 5218 590 5237 ‘
620 5217 795 5270 collata
815 5232 925 5276 cum
947 5232 993 5277 c.
1028 5234 1119 5270 mr.
1145 5229 1203 5277 tt.
1219 5222 1405 5276 duobus
1431 5225 1509 5275 vd.
1535 5239 1625 5277 sex
1660 5241 1709 5277 v.
1743 5236 1843 5279 Am.
1867 5228 1976 5280 Bad.
2006 5237 2083 5283 Er.

507 5287 884 5412 ωῗέβθοθᾳδίῳ
906 5342 964 5391 ad
986 5357 1037 5393 α.
1065 5343 1148 5407 bg.
1172 5342 1239 5402 bl.
1277 5358 1321 5396 c.
1346 5359 1416 5400 cc.
1442 5346 1493 5397 fl'.
1518 5362 1569 5411 ε.
1594 5364 1674 5412 gv.
1700 5349 1735 5399 l.
1755 5364 1805 5400 n.
1829 5366 1871 5403 r.
1912 5366 2002 5403 rm.
2038 5370 2083 5406 s.

510 5415 589 5467 vc.
604 5402 729 5467 duos
749 5403 963 5467 sbtduos
978 5413 1014 5455 t.
1035 5402 1241 5467 quatuor
1262 5422 1310 5457 v.
1338 5420 1438 5457 am.
1594 5402 1671 5460 ἓν.
1689 5418 1796 5462 Lov.

570 5462 647 5537 (α)
679 5465 803 5537 alias
942 5462 1239 5537 quaz'autem
1264 5470 1352 5519 195
1363 5462 1486 5531 erat,
1497 5485 1625 5522 nunc
1644 5474 1695 5523 in
1713 5474 1987 5537 Appendice
2009 5486 2088 5529 est

513 5525 803 5600 li;l;sct'i_pta
819 5525 1052 5600 facteon.
1076 5529 1186 5578 418.

569 5586 645 5697 (ιζ
679 5586 799 5638 Alias
818 5587 948 5639 ποτ
975 5603 1086 5652 quae
1107 5600 1271 5640 autem
1307 5590 1398 5641 196
1442 5599 1567 5656 erat,
1592 5596 1790 5654 nuncin
1814 5599 2087 5661 Appendicc

569 5656 586 5696 ι
649 5649 698 5697 5.
721 5657 901 5697 Scripta
924 5658 1143 5697 exeunte
1164 5664 1242 5697 an.
1268 5652 1377 5697 M8-

509 5656 589 5711 est
616 5649 698 5711 _l5.
721 5657 901 5711 Scripta
924 5649 1143 5701 exeunte
1164 5664 1242 5701 an.
1268 5652 1377 5702 418.

568 5706 639 5781 (s)
672 5706 926 5771 Primatetn
956 5712 1195 5770 etzacenze
1217 5714 1492 5779 provincize.

3654 324 3760 381 89?.

2180 436 2336 489 etiam
2385 436 2635 490 Charitati
2678 444 2799 499 tua},
2827 434 2966 506 quod
3014 434 3079 489 ad
3124 448 3179 492 te
3224 435 3524 499 scribendo.
3558 437 3631 492 illi
3664 439 3755 507 ju-

2183 526 2353 591 benti,
2380 543 2536 597 quem
2569 543 2664 597 pro
2702 529 2811 582 suis
2842 526 3046 582 meritis
3081 526 3238 582 ambo
3274 542 3618 591 veneramur,
3649 530 3751 582 ob-

2182 626 2476 693 temperare
2500 634 2604 672 non
2627 617 2800 673 renui.

2246 709 2300 762 Ξ.
2340 709 2708 776 Christianos,
2756 710 2987 764 maxime
3029 725 3093 763 ex
3140 707 3397 764 Gentibus
3439 709 3713 765 venientes
3739 751 3755 770 .

2175 800 2446 869 judaizare
2481 814 2584 853 non
2614 810 2861 869 oportere
2894 800 3086 854 Paulus
3123 800 3392 869 apostolus
3432 799 3616 865 docet,
3659 800 3750 853 ubi

2178 893 2273 957 ait,
2302 892 2424 946 Dixi
2454 891 2605 945 Petro
2628 908 2798 944 coram
2823 891 3068 954 omnibus,
3094 889 3157 945 Si
3184 902 3259 956 tu,
3289 907 3405 943 cum
3429 892 3500 944 sis
3516 890 3754 956 Iudaus,

2178 982 2427 1053 gmtiliter
2472 990 2519 1036 et
2557 998 2659 1036 non
2691 982 2899 1052 judaice
2936 981 3075 1047 vivis,
3112 980 3534 1050 quemadmodum
3573 979 3756 1035 Gentes
3834 1019 3853 1031 .

2178 1074 2314 1144 cogis
2334 1072 2644 1142 judaizare?
2672 1073 2738 1126 Et
2759 1081 2972 1128 secutus
2996 1071 3234 1140 adjunsit
3257 1088 3271 1125 :
3308 1071 3417 1125 Nos
3446 1080 3628 1124 natura
3655 1070 3757 1124 Ju-

2178 1164 2296 1230 dwi,
2325 1172 2370 1217 et
2399 1180 2499 1217 non
2524 1179 2587 1217 ea:
2612 1162 2848 1217 Gentibus
2869 1173 3169 1233 peccatores.
3197 1163 3424 1217 Scieutes
3444 1172 3609 1216 autem
3630 1180 3758 1234 quo-

2177 1257 2315 1308 niam
2337 1272 2437 1308 non
2458 1255 2774 1325 justiﬁcatur
2804 1256 2952 1307 homo
2982 1270 3045 1308 ea:
3073 1253 3304 1322 operibus
3327 1253 3476 1323 Legis
3495 1297 3509 1314 .
3536 1255 3633 1307 nisi
3664 1271 3755 1324 per

2179 1345 2329 1413 fidem
2349 1345 2471 1398 Iesu
2494 1343 2701 1408 Christi,
2729 1354 2775 1398 et
2794 1361 2884 1399 nos
2902 1345 2954 1398 in
2973 1343 3099 1398 Iesu
3120 1343 3316 1398 Christo
3340 1344 3664 1409 credidimus,
3693 1356 3750 1397 ut

2136 1474 2143 1479 .
2168 1436 2506 1507 justi/icentur
2526 1452 2614 1506 per
2632 1435 2785 1503 ﬁdem
2810 1435 3015 1500 Christi,
3038 1444 3082 1487 et
3106 1451 3205 1488 non
3226 1450 3291 1488 ex
3311 1434 3545 1503 operibus
3566 1432 3713 1505 Legis
3736 1452 3755 1497 ;

2176 1528 2413 1596 quoniam
2436 1542 2499 1581 ex
2517 1526 2744 1597 operibus
2768 1525 2916 1596 chis
2943 1542 3043 1580 non
3058 1526 3422 1597 justificabitur
3447 1526 3609 1579 omnis
3632 1541 3755 1580 caro

2180 1617 2375 1689 (Colat.
2399 1634 2455 1685 ιι,
2481 1618 2689 1687 ιιι-ιδ).

2250 1710 2303 1765 5.
2343 1708 2458 1763 Νοη
2489 1708 2661 1763 solum
2692 1716 2868 1762 autem
2905 1706 2992 1763 illa
3020 1722 3181 1776 opera
3206 1707 3382 1778 Lt'gis,
3408 1723 3526 1775 quae
3551 1716 3675 1760 sunt
3700 1708 3757 1762 in

2176 1800 2447 1856 veteribus
2472 1800 2821 1855 sacramentis
2839 1841 2853 1863 ,
2881 1807 2937 1853 et
2975 1814 3115 1853 nunc
3142 1800 3374 1853 revelato
3412 1798 3758 1853 Testamento

2177 1893 2325 1948 Novo
2346 1908 2449 1947 non
2476 1892 2821 1947 observantur
2841 1907 2869 1945 a
2889 1890 3225 1954 Christianis,
3247 1890 3401 1945 siculi
3423 1898 3506 1945 est
3527 1891 3759 1945 circum-

2178 1983 2308 2037 cisio
2338 1982 2574 2052 praeputii
2595 2024 2610 2049 ,
2640 1991 2693 2037 et
2720 1982 2922 2036 sabbati
2962 1981 3188 2036 carnalis
3215 1981 3419 2036 vacatio
3439 2022 3454 2047 ,
3491 1990 3546 2037 et
3572 1997 3602 2033 a
3629 1982 3754 2048 qui-

2178 2073 2400 2128 busdam
2443 2075 2581 2128 escis
2617 2073 2952 2137 abstinentia,
2994 2080 3049 2127 et
3088 2086 3339 2140 pecorum
3388 2072 3439 2125 in
3481 2070 3760 2126 sacrificiis

2180 2164 2494 2227 imtnolatio,
2516 2173 2571 2219 et
2596 2163 2893 2227 neomenia,
2914 2172 2967 2216 et
2990 2176 3255 2233 azymum,
3277 2170 3331 2216 et
3356 2170 3547 2217 uetera
3577 2160 3760 2231 hujus-

2180 2255 2360 2319 modi;
2402 2270 2582 2309 verum
2609 2253 2770 2308 etiam
2801 2252 2925 2307 illud
2952 2252 3095 2323 quod
3139 2254 3192 2307 in
3231 2252 3372 2323 Lege
3410 2252 3610 2306 dictum
3638 2261 3746 2314 est,

2182 2341 2304 2397 Non
2349 2343 2664 2414 concupisces
2710 2342 2920 2414 (Exod.
2964 2358 3060 2409 xx,
3103 2342 3207 2414 l7)
3257 2341 3438 2413 (quod
3477 2341 3659 2411 utique
3702 2351 3759 2397 et

2180 2433 2492 2490 Christianis
2518 2433 2690 2487 nullus
2718 2433 2933 2502 ambigit
2954 2448 3071 2487 esse
3097 2431 3433 2501 dicendum),
3466 2448 3570 2486 non
3594 2432 3756 2501 justi-

2184 2527 2301 2581 ficat
2333 2526 2597 2581 hominem
2627 2527 2726 2580 nisi
2754 2510 2849 2595 per
2887 2524 3039 2579 lident
3067 2523 3191 2578 Jesu
3221 2524 3415 2579 Christi
3444 2532 3499 2578 et
3528 2525 3753 2595 gratiam

2185 2615 2274 2671 Dei
2316 2630 2412 2684 per
2452 2614 2632 2669 Jesum
2676 2615 2942 2668 Christum
2986 2613 3264 2667 Dominum
3305 2622 3565 2668 nostrum.
3610 2611 3754 2666 ldem

2183 2708 2295 2777 ipse
2328 2707 2521 2778 quippe
2558 2707 2685 2761 dicit
2710 2707 3016 2777 apostolus:
3049 2704 3185 2771 Quid
3211 2721 3330 2776 ergo
3355 2704 3571 2759 dicemus
3592 2706 3617 2759 7
3640 2704 3752 2759 ιη

2181 2810 2436 2869 peccatum
2474 2798 2590 2853 est?
2626 2797 2784 2851 Absit.
2822 2797 2927 2852 Sed
2966 2807 3221 2867 peccatum
3248 2813 3348 2849 non
3386 2796 3628 2868 cognovi,
3654 2796 3756 2848 nisi

2181 2905 2270 2961 per
2294 2888 2516 2960 Legem:
2550 2904 2668 2941 nam
2700 2886 3152 2957 concupiscentiam
3184 2885 3489 2951 nesciebam,
3521 2884 3617 2939 nisi
3650 2884 3761 2939 Lex

2181 2982 2387 3046 diceret,
2414 2980 2529 3033 Non
2552 2980 2889 3047 concupisces.
2914 2976 3189 3031 Occasione
3207 2987 3374 3029 autem
3394 2985 3618 3047 accepta,
3641 2993 3760 3046 pec-

2180 3079 2347 3123 catum
2374 3086 2461 3140 per
2485 3069 2778 3122 mandatum
2802 3078 3059 3138 aperatum
3083 3076 3155 3121 est
3179 3068 3332 3120 inme
3350 3083 3545 3120 omnem
3570 3083 3757 3120 concuo
3784 3069 3789 3075 ’

2184 3162 2493 3232 piscentiam.
2519 3160 2643 3215 Sine
2663 3158 2794 3229 Lege
2817 3160 2949 3212 enim
2975 3168 3230 3227 peccatum
3254 3167 3505 3211 mortuum
3527 3167 3619 3212 est.
3644 3156 3758 3227 Ego

2183 3262 2349 3304 autem
2379 3250 2595 3303 vivebam
2632 3246 2904 3319 aliquando
2924 3248 3032 3300 sine
3065 3246 3216 3318 Lege.
3256 3247 3555 3300 Adveniente
3590 3252 3760 3299 autem

2183 3342 2420 3397 mandato
2450 3350 2708 3413 peccatum
2731 3339 2928 3393 revixit.
2960 3337 3069 3409 Ego
3093 3347 3256 3392 autem
3290 3347 3517 3391 mortuus
3537 3352 3649 3391 sum
3671 3352 3689 3401 ;
3712 3345 3761 3388 ct

2183 3436 2438 3489 inventum
2475 3442 2547 3487 est
2582 3432 2706 3487 mihi
2740 3431 3032 3485 mandatum
3064 3429 3199 3501 quod
3235 3438 3340 3484 erat
3370 3431 3426 3483 in
3461 3430 3634 3494 vitam,
3665 3429 3762 3482 hoc

2184 3542 2287 3579 esse
2320 3526 2373 3578 in
2406 3535 2631 3577 mortem.
2672 3522 2941 3577 Peccatum
2970 3523 3101 3575 enim
3134 3522 3393 3575 occasione
3425 3529 3628 3589 accepta
3670 3538 3763 3588 per

2185 3617 2479 3670 mandatum
2506 3615 2685 3685 fefellit
2721 3630 2818 3681 me,
2853 3624 2899 3667 et
2938 3630 3025 3685 per
3050 3612 3181 3667 illud
3212 3613 3414 3667 occidit.
3439 3611 3620 3683 Itaque
3651 3612 3762 3667 La:

2184 3708 2381 3778 quidem
2401 3713 2592 3770 sancta,
2607 3714 2654 3759 et
2672 3704 2963 3759 mandatum
2980 3713 3208 3759 sanctum
3218 3714 3267 3758 et
3278 3705 3468 3773 iustum
3486 3714 3531 3757 et
3547 3704 3756 3759 bonum.

2188 3797 2336 3862 Quod
2361 3813 2477 3866 ergo
2500 3797 2682 3849 bonum
2701 3805 2792 3856 est,
2820 3796 2942 3848 mihi
2967 3799 3156 3867 factum
3180 3806 3252 3848 est
3279 3796 3452 3850 mors?
3468 3794 3627 3848 Absit.
3651 3795 3759 3850 Sed

2188 3898 2445 3958 peccatum
2472 3896 2524 3940 ut
2548 3895 2788 3958 appareat
2815 3895 3090 3955 peccatum,
3113 3901 3203 3958 per
3226 3886 3408 3939 bonum
3431 3887 3554 3939 mihi
3580 3894 3763 3958 opera-

2185 3990 2290 4035 tum
2323 3990 2395 4034 est
2424 3989 2673 4043 mortem;
2706 3988 2761 4032 ut
2790 3979 2880 4048 ﬁat
2914 3996 3072 4047 supra
3104 3978 3309 4033 modum
3344 3988 3600 4047 peccatum
3639 3995 3761 4047 pec-

2186 4089 2306 4127 cans
2343 4087 2430 4140 per
2457 4071 2769 4125 mandatum.
2800 4069 2998 4123 Scimus
3031 4070 3163 4124 enim
3198 4070 3316 4139 quia
3350 4067 3460 4124 La
3485 4069 3763 4138 spiritualis

2186 4170 2293 4225 est;
2316 4177 2406 4232 ego
2434 4170 2600 4214 autem
2629 4159 2848 4214 carnalis
2879 4176 2988 4214 sum
3006 4201 3022 4227 ,
3056 4159 3381 4214 venumdatus
3416 4160 3506 4214 sub
3536 4170 3760 4230 peccato.

2190 4252 2337 4318 Quod
2376 4252 2510 4306 enim
2546 4268 2746 4323 operor,
2789 4251 3008 4323 ignoro;
3043 4268 3144 4305 non
3180 4252 3316 4306 enim
3347 4251 3481 4322 quod
3517 4254 3629 4307 volo
3668 4252 3764 4306 hoc

2186 4361 2282 4417 ago
2299 4386 2316 4412 ,
2347 4344 2435 4400 sed
2460 4344 2596 4414 quod
2635 4344 2721 4397 odi
2757 4342 2887 4397 illud
2916 4343 3068 4413 facio.
3092 4342 3153 4398 Si
3177 4352 3343 4397 autem
3369 4343 3503 4414 quod
3526 4344 3644 4397 nolo
3670 4343 3765 4397 hoc

2189 4440 2338 4510 facio,
2357 4439 2609 4493 consentio
2629 4438 2769 4510 Legi,
2782 4438 3017 4509 quoniam
3037 4437 3167 4491 bona
3185 4446 3258 4490 est
3278 4435 3454 4505 (Rom.
3476 4452 3571 4501 vn,
3595 4436 3763 4505 7-16).

2158 4540 2167 4545 ‘
2254 4530 2310 4584 4.
2342 4529 2590 4584 Videmus
2615 4530 2791 4599 itaque
2819 4529 2871 4583 in
2901 4529 2981 4582 his
3009 4527 3314 4597 apostolicis
3349 4527 3527 4582 verbis
3564 4527 3761 4597 Legem

2188 4637 2293 4679 non
2320 4620 2494 4680 solum
2522 4636 2626 4676 non
2655 4634 2773 4677 esse
2801 4630 3104 4691 peccatum,
3135 4619 3229 4675 sed
3274 4618 3436 4675 etiam
3478 4635 3599 4675 esse
3636 4635 3766 4673 san-

2186 4721 2346 4779 ctam,
2368 4723 2423 4767 et
2446 4712 2750 4768 mandatum
2774 4721 3014 4767 sanctum
3039 4720 3093 4767 et
3115 4711 3314 4781 justum
3338 4720 3394 4767 et
3412 4712 3631 4778 bonum,
3659 4729 3768 4780 quo

2187 4802 2385 4857 dictum
2415 4811 2528 4865 est,
2566 4801 2688 4857 Non
2714 4802 3057 4872 concupisces.
3096 4801 3203 4861 Sed
3242 4810 3515 4872 peccatum
3547 4817 3641 4870 per
3666 4803 3768 4857 bo-

2187 4910 2315 4949 num
2340 4892 2508 4961 fallit,
2538 4902 2592 4949 et
2614 4909 2709 4964 per
2739 4893 2868 4949 illud
2905 4892 3098 4949 occidit
3123 4908 3215 4948 eos
3239 4894 3329 4962 qui
3360 4908 3483 4947 eum
3510 4894 3618 4948 sint
3640 4908 3767 4948 car-

2186 4988 2363 5054 nales,
2393 4996 2579 5057 putant
2602 4987 2713 5041 suis
2739 4986 2939 5041 viribus
2958 4986 3151 5056 Legem
3178 4985 3502 5055 spiritualem
3523 5000 3583 5039 se
3609 5000 3767 5055 posse

2187 5080 2488 5149 complere;
2529 5088 2581 5135 et
2611 5094 2706 5149 per
2750 5079 2853 5134 hoc
2895 5081 3026 5133 liunt
3050 5094 3156 5134 non
3197 5078 3370 5133 solum
3417 5087 3764 5147 peccatores.

2188 5171 2327 5241 quod
2352 5180 2550 5237 essent,
2569 5170 2773 5226 etiamsi
2790 5170 2982 5240 Legem
3001 5186 3105 5224 non
3126 5170 3472 5239 accepissent,
3496 5169 3590 5224 sed
3604 5170 3767 5225 etiam

2187 5261 2622 5330 praevaricatores
2639 5300 2656 5327 ,
2688 5259 2827 5329 quod
2853 5276 2958 5314 non
2983 5268 3165 5315 essent
3189 5260 3289 5314 nisi
3318 5260 3509 5330 Legem
3530 5262 3767 5332 accepis-

2187 5363 2334 5407 sent:
2354 5353 2431 5407 sic
2448 5353 2589 5406 enim
2609 5352 2712 5406 alio
2729 5352 2848 5408 loco
2863 5352 3012 5419 dicit,
3032 5351 3130 5409 Ubi
3150 5352 3257 5407 Lex
3274 5370 3376 5406 non
3392 5363 3483 5415 est,
3508 5369 3599 5408 nec
3622 5368 3763 5423 pre-

2188 5443 2425 5496 varicatio
2450 5439 2558 5513 (Id.
2590 5456 2666 5503 tv,
2700 5441 2810 5511 15).
2836 5440 2944 5497 Lea:
2975 5458 3093 5512 ergo
3112 5442 3432 5507 subintravit,
3477 5442 3615 5497 sicut
3643 5442 3768 5498 alibi

2190 5534 2304 5603 ipse
2336 5541 2579 5600 testatur,
2605 5542 2661 5586 ut
2684 5532 2961 5587 abundaret
2997 5533 3253 5587 delictum.
3290 5532 3388 5589 Ubi
3413 5543 3580 5588 autem
3603 5535 3769 5587 abun-

2190 5625 2327 5678 davit
2356 5622 2593 5677 delictum
2620 5622 3042 5695 superabundavit
3067 5632 3112 5678 et
3137 5623 3300 5694 gratia
3329 5622 3466 5695 (Id.,
3495 5639 3549 5687 v,
3577 5623 3695 5693 20).

2196 5790 2199 5791 ν
2265 5713 2487 5774 CAPUT
2517 5714 2578 5770 ll.
2603 5744 2673 5754 —-—
2693 5714 2745 5769 5.
2779 5712 2900 5771 llaec
2919 5721 3001 5769 est
3027 5712 3185 5783 igitur
3214 5714 3406 5770 utilitas
3433 5713 3610 5786 Legis,
3640 5712 3765 5786 quia
