2060 3179
172 185 223 214 893

170 240 287 270 ostendit
298 239 431 267 hominem
441 238 490 266 sibi
506 237 566 273 ipsi,
576 243 604 265 ut
614 237 679 265 Sciat
693 237 870 264 infirmitatem
882 244 957 263 suam

171 293 198 316 et
211 287 300 315 videat
320 285 539 322 quemadmodum
555 292 601 319 per
615 283 818 319 prohibitionem
833 287 959 317 augeatur

171 334 261 370 potius
273 331 387 360 carnalis
404 330 616 365 concupiscentia
629 337 707 365 quam
726 334 845 356 sanetur.
868 329 958 363 Appe-

172 383 264 407 tuntur
285 378 356 406 enim
370 376 505 404 ardentius
517 383 575 411 quae
589 376 718 409 jvetantur
729 395 736 407 ,
757 374 820 401 dum
841 373 867 401 id
888 373 958 408 quod

171 424 343 461 spiritualiter
352 423 459 458 jubetur
470 443 478 455 ,
491 421 604 449 carnalis
625 421 767 449 observare
779 420 958 454 compellitur.

170 471 206 500 Ut
220 476 309 498 autem
322 470 357 498 sit
367 469 511 505 spiritualis
521 489 529 501 ,
544 469 588 504 qui
601 468 699 503 Legem
713 466 822 503 impleat
833 467 958 501 spiritua-

171 516 240 549 lem,
254 523 307 542 non
320 514 349 541 ﬁt
363 514 420 550 ipsa
433 514 504 549 Lege
513 534 521 548 ,
535 513 581 541 scd
595 513 694 548 gratia;
710 512 760 540 hoc
770 517 827 545 est,
842 520 893 540 non
908 512 957 539 im-

170 561 256 595 perio.
269 560 317 587 sed
332 560 476 592 beneﬁcio;
491 567 542 586 non
552 559 661 594 iubente
673 558 775 591 littera,
790 557 837 584 sed
848 557 958 592 juvante

169 606 280 641 Spiritu.
293 598 388 640 Incipit
397 610 484 633 autem
500 605 580 633 homo
595 604 738 632 secundum
752 604 862 639 gratiam
877 604 902 631 in
917 604 957 631 in-

170 651 260 679 teriori
282 651 389 679 homine
408 651 529 678 renovari
543 650 552 686 (
568 649 669 683 llCor.,
682 658 718 682 tv,
735 650 796 686 16),
818 654 846 677 ut
866 655 957 677 mente

169 701 230 732 agat
249 696 320 732 quod
342 700 431 730 amat,
448 704 497 724 nec
517 697 589 724 carni
611 696 760 723 consentiat
785 696 872 730 agenti
886 695 973 735 quod)

169 742 241 775 odit;
257 742 284 769 id
298 746 353 773 est,
368 749 421 769 non
436 746 464 768 ut
477 742 585 769 omnino
599 749 650 768 non
663 741 853 775 concupiscat,
868 740 914 767 sed
930 745 958 767 ut

169 791 229 822 post
243 787 469 822 concupiscentias
481 794 544 814 suas
558 794 609 813 non
623 790 677 814 eat.
693 785 769 819 Quod
782 785 887 820 quidem
904 790 956 812 tam

169 840 292 867 magnum
305 837 365 865 est,
382 836 411 859 ut
423 832 444 859 si
458 832 530 859 omni
543 832 622 859 modo
637 832 724 863 ﬁeret,
740 836 766 858 et
777 831 896 865 quamvis
918 831 958 857 in-

169 877 222 904 sint
232 897 240 910 ,
256 877 319 904 dum
332 884 423 904 sumus
442 877 468 904 in
483 884 595 911 corpore
608 877 700 904 mortis
717 876 810 911 hujus,
826 876 956 903 desideria

169 923 282 958 peccati,
296 923 318 949 si
329 922 393 950 nulli
406 930 497 950 eorum
511 926 598 949 tamen
611 922 797 950 adhiberemus
806 929 955 954 assensum,

169 976 222 995 non
232 973 303 995 esset
318 968 386 996 unde
400 968 548 996 diceremus
563 968 633 994 Patri
648 971 739 994 nostro
754 967 847 1001 quiest
863 967 889 994 in
902 974 958 994 cte-

169 1013 203 1040 lis
215 1021 223 1040 :
237 1012 341 1040 Dimitte
363 1012 434 1040 nobis
446 1013 526 1040 debita
541 1017 626 1039 nostra
648 1012 753 1049 (Matth.
774 1019 811 1043 vt,
828 1011 883 1048 12).
902 1012 957 1040 Nec

169 1064 256 1087 tamen
270 1058 330 1086 ideo
344 1058 410 1085 tales
428 1058 483 1093 jam
498 1065 634 1090 essemus,
659 1058 752 1092 quales
775 1057 875 1086 erimus
895 1066 956 1085 cum

169 1104 280 1132 mortale
294 1104 345 1131 hoc
356 1103 471 1131 induerit
483 1104 706 1131 immortalitatem
723 1112 729 1130 :
747 1108 808 1138 tunc
822 1104 891 1131 enim
903 1111 955 1131 non

168 1151 252 1177 solum
271 1150 335 1177 nulli
353 1149 485 1177 desiderio
502 1150 602 1184 peccati
625 1149 798 1182 obediemus,
817 1149 864 1176 sed
884 1150 954 1177 nulla

168 1200 244 1223 erunt
256 1195 385 1222 desideria
400 1195 459 1222 talia
468 1216 475 1228 .
492 1196 587 1230 quibus
600 1202 655 1222 non
667 1194 775 1222 obedire
785 1194 937 1229 jnbeamnr.

203 1241 229 1268 6.
254 1240 329 1268 Nunc
353 1248 416 1276 ergo
439 1241 483 1268 ubi
506 1240 618 1273 dicitur,
639 1240 701 1267 Iam
721 1249 770 1267 non
802 1249 848 1276 ego
866 1249 956 1276 operor

167 1285 250 1317 illud,
274 1286 318 1312 sed
340 1285 367 1312 id
391 1285 458 1320 quod
481 1285 507 1313 in
528 1293 568 1312 me
588 1285 684 1312 habitat
709 1290 836 1318 peccatum
858 1285 954 1322 (llam.

167 1339 214 1363 vn,
242 1331 298 1367 l7),
312 1331 345 1359 de
359 1331 571 1367 concupiscentia
591 1332 678 1359 carnis
694 1332 805 1365 dicitur,
820 1340 879 1367 qua:
890 1339 956 1367 ope-

167 1382 241 1404 ratur
262 1377 287 1404 in
308 1377 385 1404 nobis
406 1382 494 1405 motus
512 1385 590 1410 suos,
610 1378 689 1405 etiam
711 1378 816 1412 quando
839 1378 878 1405 eis
902 1387 954 1405 non

167 1422 321 1454 obedimus.
335 1423 396 1450 dum
409 1431 462 1450 non
477 1427 568 1458 rcgnat
582 1429 715 1458 peccatum
735 1424 761 1450 in
777 1428 868 1452 nostro
881 1432 955 1451 mor-

167 1469 212 1497 tali
223 1476 334 1504 corpore
345 1469 378 1497 ad
391 1469 567 1497 obediendum
582 1469 719 1497 desideriis
728 1469 803 1504 ejus,
821 1477 869 1496 nec
881 1470 955 1496 exhi-

166 1515 260 1543 bemus
274 1514 393 1542 mcmbra
410 1519 500 1541 nostra
513 1521 586 1541 arma
601 1514 745 1549 iniquitatis
759 1518 868 1549 peccato
881 1513 934 1550 (Id.
945 1533 954 1548 ,

166 1567 203 1592 v1,
219 1559 262 1593 12,
279 1558 322 1595 15)
336 1567 342 1585 :
359 1560 385 1586 in
396 1566 447 1594 qua
455 1558 556 1593 justitia
568 1559 685 1586 nondum
696 1563 878 1586 consummata
894 1567 954 1593 per-

166 1609 320 1632 severanter
348 1604 536 1638 proﬁcientes,
560 1603 592 1630 ad
623 1603 680 1638 ejus
699 1603 954 1631 consummationem

166 1650 324 1685 quandoque
337 1649 474 1677 veniemus
483 1670 491 1682 ,
505 1649 548 1676 ubi
563 1650 661 1684 peccati
676 1649 889 1684 concupiscentia
902 1657 954 1677 non

166 1694 311 1723 cohibenda
325 1700 404 1730 atque
425 1694 567 1728 frenanda,
588 1694 635 1722 sed
653 1695 725 1722 nulla
744 1695 788 1721 sit.
804 1695 859 1722 lloc
882 1697 954 1723 enim

166 1742 221 1771 Lex
234 1742 322 1777 posuit
336 1740 465 1775 dicendo,
487 1740 547 1768 Non
566 1741 740 1776 concupisces,
756 1749 807 1768 non
821 1741 890 1776 quod
912 1741 956 1769 hie

166 1788 316 1820 valeamus,
329 1786 375 1814 sed
388 1786 422 1814 ad
435 1786 505 1822 quod
518 1785 679 1821 proﬁciendo
692 1786 841 1813 tendamus.
857 1786 953 1814 Verum

167 1832 218 1860 hoc
230 1833 260 1859 ﬁt
273 1840 325 1859 non
338 1832 408 1867 Lege
418 1840 477 1867 qum
491 1831 541 1859 hoc
559 1832 686 1866 imperat,
702 1831 748 1859 sed
768 1832 819 1859 lidc
831 1840 891 1867 qua:
905 1832 956 1859 hoc

166 1877 307 1912 impetrat;
321 1884 375 1905 non
396 1877 481 1905 littera
501 1884 553 1912 qua
568 1877 694 1912 jubetur,
716 1877 763 1905 sed
781 1877 881 1913 Spiritu
901 1886 954 1914 quo

167 1924 303 1951 donatur:
326 1932 381 1952 non
402 1931 466 1959 ergo
481 1924 583 1951 meritis
604 1924 738 1959 operantis
752 1924 884 1956 hominis,
907 1924 954 1952 sed

168 1969 302 2003 largientis
318 1969 402 2004 gratia
414 1969 567 1996 Salvatoris.
582 1969 687 1998 litilitas
704 1969 792 2004 itaque
805 1970 882 2005 Legis
894 1977 935 1998 est
944 1991 953 2004 ,

167 2019 196 2041 ut
213 2014 346 2042 hominem
360 2014 393 2041 de
411 2021 459 2041 sua
474 2014 626 2042 inﬁrmitate
640 2015 795 2047 convincat,
817 2020 844 2042 et
863 2016 955 2050 gratiae

167 2059 325 2089 medicinam
340 2066 399 2094 quae
413 2059 438 2085 in
449 2057 556 2087 Christo
575 2063 633 2091 est,
650 2059 791 2093 implorare
803 2061 953 2094 compellat.

168 2103 257 2131 Omnis
272 2103 344 2131 enim
360 2104 403 2138 qui
419 2103 566 2131 invocaverit
585 2112 674 2131 nomen
687 2104 804 2138 Domini,
815 2105 899 2132 saluus
910 2106 955 2133 erit

167 2148 237 2184 (Joet
249 2156 280 2181 ιι,
294 2148 340 2182 52,
352 2153 375 2175 et
387 2148 443 2175 Act.
456 2156 485 2182 ιι,
500 2148 557 2184 21).
574 2148 705 2181 Quomodo
717 2158 776 2185 ergo
789 2150 936 2178 invocubunt
946 2171 954 2183 ,

166 2194 194 2222 in
206 2201 278 2227 quem
291 2202 341 2220 non
354 2193 534 2221 crediderunt?
548 2194 672 2228 quomodo
685 2195 800 2228 credent,
820 2204 893 2231 quem
905 2205 955 2223 non

168 2238 324 2265 audierunt?
336 2238 412 2266 Unde
426 2239 504 2273 paulo
524 2243 583 2274 post
593 2239 657 2266 dicit
670 2248 677 2266 :
691 2238 775 2275 Igitur
793 2241 856 2275 ﬁdes
870 2249 901 2269 ea:
909 2250 955 2271 att-

169 2284 222 2312 ditu
229 2292 239 2317 ;
250 2284 350 2311 auditus
365 2290 448 2312 autem
456 2293 500 2321 per
512 2285 611 2312 verbum
624 2285 725 2312 Christi.

206 2329 231 2356 7.
253 2329 317 2363 Qua:
331 2337 391 2357 cum
411 2330 446 2357 ita
459 2330 525 2362 sint,
545 2329 590 2364 qui
603 2337 630 2357 se
643 2330 775 2357 lsraelitas
788 2338 847 2360 esse
860 2339 955 2359 carna-

169 2375 230 2403 litcr
242 2376 370 2411 gaudent,
384 2381 410 2403 et
422 2380 518 2411 praeter
526 2375 637 2411 gratiam
649 2375 766 2410 Christi,
780 2376 806 2404 in
819 2376 889 2413 Lege
897 2378 957 2413 ςιου

171 2422 290 2454 riantur,
312 2422 329 2449 ii
350 2426 412 2449 sunt
424 2422 457 2449 de
477 2422 572 2458 quibus
587 2422 649 2449 item
664 2422 805 2457 Apostolus
826 2423 863 2451 ait
886 2423 956 2459 quod

171 2468 314 2503 ignorantes
330 2467 378 2495 Dei
394 2468 535 2504 justitiam,
549 2472 572 2495 et
584 2476 657 2494 suam
670 2468 777 2495 uolentes
789 2469 938 2496 constituere
947 2490 954 2502 ,

168 2513 274 2547 institit:
290 2513 335 2541 Dei
349 2522 400 2540 non
411 2518 469 2540 sunt
483 2514 586 2549 subjecti
597 2512 683 2548 (Rom.
696 2521 724 2546 x,
736 2514 779 2547 11,
793 2515 836 2547 1⁸1,
848 2513 888 2550 3).
908 2515 956 2544 Dei

172 2559 269 2595 quippe
283 2559 348 2587 dixit
358 2559 485 2594 justitiam
498 2581 505 2591 ,
520 2568 578 2594 qua:
595 2560 692 2587 homini
707 2568 740 2590 ex
749 2560 803 2588 Deo
816 2566 870 2594 est;
882 2569 956 2590 suam

172 2612 251 2639 vero,
262 2613 339 2640 quam
356 2611 446 2639 putant
462 2605 510 2631 sibi
526 2604 646 2632 sufficere
657 2605 690 2634 ad
706 2605 824 2636 facienda
835 2607 957 2635 mandata

172 2652 230 2678 sine
248 2651 378 2686 adjutorio
389 2656 415 2678 et
426 2651 495 2677 dono
509 2651 565 2684 cjus
580 2652 623 2685 qui
639 2651 733 2686 Legem
746 2652 828 2679 dedit.
849 2652 895 2679 Ilis
909 2661 958 2680 au-

174 2699 226 2724 tem
240 2696 340 2723 similes
353 2700 413 2722 sunt
423 2695 487 2743 .';ui
502 2703 561 2721 cum
577 2697 750 2731 proﬁteantur
762 2704 791 2723 se
809 2704 868 2724 esse
886 2697 957 2724 chri-

173 2739 292 2773 stianos,
302 2740 350 2776 ipsi
361 2739 451 2776 gratia:
461 2740 558 2768 Christi
572 2741 610 2768 sic
623 2740 807 2775 adversantur,
824 2746 852 2769 ut
865 2750 895 2770 se
908 2742 958 2769 hut-

175 2786 261 2815 manis
274 2786 374 2814 viribus
385 2786 473 2814 divina
486 2787 638 2815 existiment
651 2788 759 2822 implere
773 2788 913 2823 mandata;
927 2796 959 2817 ac

174 2831 213 2859 sic
226 2831 306 2859 etiam
320 2831 370 2867 ipsi
387 2831 538 2866 ignorantes
551 2832 596 2860 Dei
609 2832 738 2866 justitiam
750 2853 758 2865 .
782 2837 809 2861 et
821 2841 894 2861 suam
909 2842 957 2861 vo-

162 2876 261 2910 lentes
273 2876 449 2911 constituere,
462 2876 570 2918 justitia:
585 2877 631 2909 Dei
643 2885 696 2910 non
711 2883 772 2909 sunt
789 2879 919 2914 subjecti,
932 2884 959 2908 et

757 178 995 208 EPISTOLARUM
1012 178 1149 207 CLASSIS
1168 178 1211 207 111.

1016 244 1068 264 non
1085 236 1191 272 quidem
1215 236 1340 269 nomine,
1362 236 1408 264 sed
1432 241 1521 265 tamen
1541 245 1632 266 errore
1652 239 1799 274 judaizant.

1012 282 1069 309 IIoc
1080 290 1164 317 genus
1176 282 1312 310 hominum
1331 283 1417 317 capita
1431 283 1481 310 sibi
1503 284 1639 312 invenerat
1662 285 1797 321 Pelagium

1011 332 1038 354 et
1051 327 1208 361 Celestium,
1225 328 1367 363 impietatis
1382 328 1459 363 hujus
1473 335 1618 358 assertores
1631 331 1775 359 acerrimos
1788 353 1796 360 .

1011 373 1056 407 qui
1069 373 1168 400 recenti
1179 373 1279 408 judicio
1293 374 1337 401 Dei
1352 382 1400 409 per
1410 375 1548 409 diligentes
1561 379 1588 402 et
1601 375 1692 404 ﬁdeles
1705 384 1797 406 servm

1010 419 1069 454 ejus
1078 419 1293 447 etiantcatholica
1306 420 1492 448 communione
1505 421 1599 456 privati
1614 426 1685 454 sunt,
1697 427 1724 450 et
1735 430 1799 457 pro-

1011 469 1070 499 pter
1083 472 1130 491 cor
1145 465 1315 500 imptenitens
1335 465 1422 494 adhuc
1436 466 1463 493 in
1477 473 1526 494 sua
1545 467 1714 495 damnatione
1735 476 1800 503 per-

1009 510 1116 537 sistunt.

1044 555 1072 584 8.
1091 555 1216 591 Quisquis
1229 556 1263 583 ab
1278 556 1329 584 isto
1341 557 1440 584 carnali
1455 561 1482 584 et
1500 557 1606 585 animali
1616 578 1624 590 ,
1639 562 1719 593 atque
1737 558 1798 586 ideo

1009 608 1062 629 non
1072 601 1204 629 immerito
1215 602 1415 636 reprehensibili
1426 606 1503 638 atque
1510 603 1651 631 damnabili
1659 603 1798 631 Judaismo

1008 653 1069 674 esse
1080 647 1175 682 quzerit
1187 646 1304 680 alienus,
1321 655 1372 674 non
1385 648 1469 675 solum
1487 653 1589 676 veteres
1601 649 1658 676 illas
1672 649 1795 677 observa-

1010 692 1120 719 tionesa
1133 699 1163 719 se
1183 692 1269 720 facere
1287 692 1366 720 debet
1386 694 1502 726 alienas,
1524 702 1583 729 qme
1600 694 1655 729 jam
1678 695 1806 723 revelato

1010 737 1179 765 Testamento
1191 738 1264 765 Novo
1276 759 1283 770 ,
1304 743 1473 773 posteaquam
1486 745 1615 767 venerunt
1626 748 1657 767 ea
1670 748 1729 775 qum
1751 749 1799 775 per

1009 782 1068 809 illas
1088 783 1304 818 signiﬁcabantur
1322 790 1382 811 esse
1408 784 1493 810 futura
1506 804 1513 817 ,
1537 785 1628 818 procul
1641 785 1722 812 dubio
1736 793 1798 813 esse

1009 828 1167 855 necessariae
1188 828 1361 861 destiterunt,
1384 833 1412 856 ut
1434 836 1485 855 non
1497 828 1630 863 judicctur
1650 830 1676 857 in
1696 830 1756 858 cibo
1769 835 1799 858 et

1010 878 1072 908 potu
1082 895 1090 907 ,
1104 878 1131 901 et
1150 874 1176 901 in
1197 879 1270 909 parte
1283 874 1335 902 diei
1356 875 1414 902 festi
1428 880 1453 902 et
1469 874 1615 902 neomeniue
1629 880 1657 902 et
1674 875 1799 902 sabbato-

1011 928 1085 954 rum,
1101 920 1171 955 quod
1184 924 1228 948 est
1239 921 1330 947 umbra
1345 921 1491 948 htturorum
1506 920 1613 956 (Coloss.
1627 928 1655 953 ιι,
1673 920 1716 954 l6,
1732 921 1796 957 l7):

1008 974 1099 993 verum
1119 966 1197 993 etiam
1213 967 1254 994 illa
1275 975 1334 1002 qua:
1349 967 1374 994 in
1390 967 1459 1001 Lege
1478 967 1512 994 ita
1530 972 1662 1002 praecepta
1675 973 1754 1000 sunt,
1769 972 1796 994 ut

1008 1013 1115 1040 valeant
1133 1013 1165 1039 ad
1186 1012 1365 1039 inl'ormandos
1380 1020 1468 1039 mores
1482 1012 1598 1040 ﬁdelium
1620 1013 1666 1048 (id
1690 1018 1747 1047 est,
1769 1018 1805 1043 ut,

1009 1058 1160 1094 abnegantcs
1172 1059 1323 1094 impietatem
1336 1064 1359 1086 et
1371 1059 1503 1086 maculare:
1516 1060 1664 1094 cupiditates
1673 1079 1681 1093 ,
1702 1065 1797 1095 tempe-

1008 1109 1092 1131 ranter
1103 1109 1126 1131 et
1132 1105 1201 1138 juste
1209 1109 1231 1131 et
1245 1104 1285 1139 pie
1294 1104 1403 1131 vivamus
1417 1105 1443 1131 in
1455 1105 1502 1131 hoc
1515 1105 1607 1132 mcqu
1617 1104 1680 1141 [Tit.
1695 1112 1724 1137 tt,
1739 1105 1795 1141 l3];

1008 1149 1077 1176 unde
1090 1153 1131 1176 est
1144 1149 1223 1176 etiam
1237 1149 1288 1176 hoc
1302 1149 1372 1184 quod
1391 1157 1425 1177 ex
1443 1149 1513 1184 Lege
1534 1149 1648 1177 maxime
1662 1158 1797 1177 commen-

1008 1193 1121 1220 dandum
1137 1194 1216 1228 elegit
1234 1193 1392 1228 Apostolus,
1415 1193 1474 1220 Non
1489 1195 1664 1229 concupisces,
1686 1198 1713 1221 ct
1725 1202 1798 1229 quaa-

1007 1246 1120 1273 cumque
1131 1238 1165 1266 de
1177 1239 1231 1266 Deo
1243 1243 1270 1266 et
1285 1239 1405 1274 proximo
1414 1239 1547 1273 diligendo
1557 1239 1615 1266 sine
1630 1239 1690 1266 ullis
1705 1240 1797 1275 ﬁguris

1006 1287 1232 1311 sacramentorum
1246 1283 1469 1319 prtecipiunturin
1485 1284 1564 1319 Lege.
1580 1285 1605 1311 in
1620 1285 1716 1319 quibus
1730 1285 1795 1312 duo-

1007 1329 1057 1356 bus
1070 1329 1208 1364 prtcceptis
1227 1330 1307 1356 etiam
1322 1329 1378 1364 ipse
1400 1329 1527 1356 Dominus
1540 1329 1660 1356 Christus
1674 1329 1738 1357 dicit
1752 1333 1794 1357 to-

1009 1379 1061 1401 tam
1073 1375 1168 1409 Legem
1182 1375 1379 1411 Prophetasque
1391 1375 1506 1409 pendere
1519 1374 1624 1411 [Matt/1.
1641 1383 1710 1409 xxn,
1722 1375 1793 1412 40]),

1007 1421 1046 1448 sic
1058 1420 1153 1455 accipit
1163 1440 1171 1452 ,
1186 1420 1226 1448 sic
1239 1420 1422 1455 amplectitur,
1438 1421 1476 1447 sic
1494 1421 1658 1448 observanda
1670 1429 1730 1449 esse
1742 1429 1796 1449 non

1007 1466 1125 1498 dubitat,
1145 1470 1174 1493 ut
1185 1465 1311 1501 quidquid
1324 1466 1350 1493 in
1365 1466 1404 1493 eis
1424 1466 1526 1500 prolicit
1541 1474 1592 1493 n0n
1606 1466 1656 1494 sibi
1675 1467 1793 1501 tribuat,

1006 1511 1053 1539 sed
1061 1511 1153 1547 gratiae
1161 1512 1208 1539 Dei
1218 1519 1264 1546 per
1271 1511 1360 1539 Jcsnm
1369 1511 1501 1539 Christum
1514 1511 1652 1538 Dominum
1663 1516 1795 1539 nostrum.

1041 1557 1154 1586 CAPUT
1174 1557 1217 1584 III.
1230 1557 1299 1586 —9.
1320 1557 1508 1585 Verumtamen
1533 1565 1592 1584 cum
1613 1558 1725 1593 quisque
1745 1558 1795 1585 isto

1007 1604 1087 1631 modo
1105 1604 1184 1631 fuerit
1196 1611 1275 1631 verus
1293 1611 1489 1638 germanusque
1503 1603 1669 1631 Christianus
1681 1624 1689 1637 ,
1706 1607 1794 1630 utrum

1006 1650 1087 1678 etiam
1100 1649 1207 1677 Judams
1219 1653 1264 1676 aut
1276 1649 1394 1677 Israelita
1409 1649 1538 1680 dicendus
1550 1650 1601 1684 sit,
1613 1650 1708 1677 merito
1720 1658 1780 1685 quae

1007 1701 1084 1728 ritur.
1098 1700 1172 1734 Quod
1185 1700 1291 1735 quidem
1302 1700 1324 1727 si
1339 1708 1391 1727 non
1404 1707 1493 1733 carne,
1509 1700 1555 1727 sed
1570 1699 1662 1734 spiritu
1672 1699 1722 1727 hoc
1735 1706 1796 1730 esse

1007 1746 1177 1782 intelligitur,
1199 1754 1252 1773 non
1266 1745 1346 1773 debet
1363 1745 1446 1780 ipsum
1462 1752 1557 1772 nomen
1575 1744 1625 1772 sibi
1640 1745 1665 1772 in
1680 1752 1794 1772 consue-g

1007 1791 1097 1819 tudine
1110 1792 1244 1820 sermonis
1254 1792 1391 1826 imponere
1400 1810 1408 1820 .
1419 1790 1467 1817 sed
1480 1789 1609 1824 spirituali
1624 1789 1796 1824 intelligentia,

1006 1836 1134 1869 retinere,
1162 1843 1195 1863 ne
1209 1840 1319 1871 prepter
1331 1835 1528 1870 ambiguitatem
1551 1834 1687 1866 vocabuli,
1714 1841 1794 1868 quam

1006 1889 1061 1908 non
1070 1880 1358 1915 discernitquotidiana
1371 1880 1484 1912 locutio,
1496 1879 1558 1906 illud
1574 1879 1691 1914 proﬁteri
1706 1878 1796 1906 videa-.

1007 1931 1050 1954 tur
1058 1926 1129 1961 quod
1141 1930 1182 1953 est
1191 1925 1328 1953 inimicum
1344 1924 1443 1952 nomini
1454 1924 1607 1953 christiano.
1623 1923 1695 1951 Hanc
1704 1927 1795 1953 autem

1006 1970 1182 2005 qumstionem
1193 1990 1200 2003 ,
1214 1970 1239 1997 id
1252 1975 1303 2002 est,
1318 1975 1404 1996 utrum
1418 1969 1461 2003 qui
1473 1968 1638 1995 Christianus
1651 1971 1703 1999 est,
1714 1967 1796 2000 etiam

1005 2015 1114 2043 Judzeus
1125 2016 1167 2043 vel
1182 2015 1299 2042 Israelita
1313 2015 1397 2049 possit
1410 2013 1538 2048 intelligi,
1556 2012 1625 2040 idem
1640 2012 1732 2039 beatos
1744 2019 1794 2038 no-.

1007 2060 1048 2087 bis
1064 2060 1149 2095 aperit
1162 2064 1189 2087 et
1206 2059 1326 2087 dissolvit
1349 2058 1501 2092 apostolus,
1518 2057 1563 2084 ubi
1576 2057 1640 2084 dicit
1654 2065 1660 2083 :
1677 2056 1795 2085 Circum‘

1007 2106 1069 2133 cisio
1089 2106 1189 2141 quidem
1213 2105 1328 2140 prodest,
1348 2104 1370 2131 si
1392 2103 1483 2138 Legem
1505 2104 1630 2131 custodias
1645 2112 1652 2130 :
1666 2104 1688 2130 si
1710 2109 1797 2136 autem

1007 2151 1183 2186 praevaricator
1193 2150 1266 2186 Legis
1278 2150 1313 2177 sis
1322 2170 1329 2182 ,
1343 2149 1497 2176 circumcisio
1511 2154 1554 2175 tua
1565 2149 1714 2184 prwputium
1726 2151 1797 2184 facit;

1006 2202 1053 2224 est.
1064 2196 1095 2225 Si
1107 2197 1184 2232 igitur
1196 2198 1345 2231 prtepntium
1355 2195 1463 2229 iustitia:
1474 2195 1548 2230 Legis
1562 2195 1696 2228 custodiat,
1712 2203 1799 2222 nonne

1007 2242 1158 2278 praeputium
1171 2242 1225 2277 ejus
1238 2242 1264 2269 in
1276 2241 1488 2270 circumcisionem
1499 2239 1655 2274 reputabitur
1665 2261 1674 2273 .
1690 2245 1712 2267 et
1721 2240 1796 2274 judi:

1007 2287 1072 2315 cabit
1083 2287 1149 2323 quod
1159 2295 1191 2317 ea;
1202 2292 1292 2313 natura
1305 2290 1341 2313 est
1353 2286 1503 2322 praputium
1512 2306 1519 2318 ,
1535 2284 1626 2320 Legem
1643 2285 1774 2320 perﬁciens
1783 2296 1796 2323 ,λ

1007 2339 1031 2360 te
1039 2334 1082 2368 qui
1094 2342 1139 2369 per
1147 2333 1255 2361 litteram
1265 2337 1288 2359 et
1304 2331 1518 2361 circumcisionem
1531 2331 1708 2365 prauaricator
1719 2330 1797 2368 Legis

1007 2379 1053 2406 es?
1066 2378 1127 2406 Non
1141 2378 1207 2405 enim
1221 2378 1264 2413 qui
1277 2377 1304 2404 in
1315 2377 1448 2411 manifesto.
1459 2375 1567 2403 Judaus
1578 2380 1614 2403 est
1625 2396 1633 2408 ,
1646 2384 1724 2412 neque
1737 2383 1797 2410 qut;

1007 2424 1034 2455 in
1047 2424 1180 2460 manifesto
1194 2424 1220 2450 in
1233 2431 1308 2450 carne
1317 2427 1352 2449 est
1366 2422 1540 2455 circumcisio;
1550 2421 1594 2448 sed
1605 2422 1648 2457 qui
1658 2421 1685 2448 in
1694 2421 1796 2449 almum

1008 2469 1061 2499 dita
1073 2469 1179 2497 Judteus
1192 2474 1228 2496 est
1235 2489 1244 2502 ,
1255 2473 1279 2495 et
1292 2468 1448 2498 circumcisio
1458 2468 1542 2495 cordis
1553 2487 1560 2499 .
1579 2475 1636 2503 qute
1644 2468 1734 2502 spiritu
1743 2472 1796 2502 est,

1008 2523 1059 2542 non
1071 2515 1153 2542 littera
1165 2535 1173 2547 ,
1188 2516 1261 2550 cujus
1282 2514 1339 2541 lous
1351 2522 1401 2541 non
1416 2522 1447 2541 ea:
1458 2513 1599 2541 hominibus
1608 2534 1615 2546 ,
1634 2514 1679 2541 sed
1695 2522 1727 2541 ea:
1740 2513 1799 2548 Βία

1008 2567 1044 2588 est
1059 2560 1145 2597 (Rom.
1161 2568 1190 2591 ιι.
1205 2560 1250 2593 25,
1264 2560 1321 2595 29).
1337 2560 1402 2587 Cum
1425 2560 1504 2595 igitur
1525 2560 1663 2589 audiamus
1683 2560 1798 2594 Apostor,

1009 2606 1063 2637 lum
1075 2606 1172 2635 Christi
1185 2606 1413 2639 commendantem
1427 2606 1504 2634 nobis
1515 2606 1634 2638 Judaeum
1650 2606 1676 2634 in
1685 2606 1799 2639 ADSOOD:

1010 2653 1081 2685 dito,
1097 2660 1149 2680 non
1163 2653 1251 2680 carnis
1264 2653 1480 2687 circumcisione,
1501 2653 1548 2683 sed
1570 2652 1675 2684 cordis,
1696 2657 1724 2679 et
1743 2653 1799 2687 spis

1010 2699 1062 2727 ritu
1072 2717 1080 2729 ,
1093 2705 1144 2725 non
1158 2698 1262 2731 littera;
1278 2699 1337 2733 quis
1349 2703 1390 2726 est.
1402 2699 1450 2726 iste
1459 2719 1466 2731 ,
1481 2699 1531 2726 nisi
1544 2697 1727 2725 Christianus?

1046 2743 1081 2770 10
1103 2743 1148 2771 Sic
1172 2744 1259 2779 itaque
1271 2751 1362 2771 sumus
1380 2744 1464 2775 Iuda-i
1476 2764 1485 2778 ι
1510 2751 1562 2771 non
1575 2743 1717 2771 carnaliter
1728 2763 1736 2775 ,
1750 2742 1798 2770 sed

1010 2787 1201 2823 spiritualiter;
1222 2789 1443 2823 quemadmodum
1456 2797 1547 2817 sumus
1561 2797 1654 2817 semen
1667 2788 1782 2816 Abraha:

1012 2841 1063 2861 non
1078 2834 1222 2862 secundum
1235 2841 1358 2867 carnem,
1381 2836 1450 2862 sicut
1464 2835 1501 2862 illi
1513 2835 1557 2871 qui
1572 2834 1606 2863 de
1619 2835 1677 2869 ipso
1691 2834 1799 2862 nomine

1013 2879 1112 2910 carnali
1126 2880 1247 2915 superbia
1263 2880 1423 2915 gloriantur,
1445 2881 1491 2913 sed
1509 2881 1655 2909 secundum
1677 2880 1798 2916 spiritum
