4086 6350
509 349 613 406 ωε

507 464 634 518 Μιιί
653 505 673 531 ,
719 461 860 532 quod
893 475 998 515 non
1026 458 1119 514 illi.
1148 458 1357 514 Scimus
1381 455 1522 511 enim
1551 469 1650 510 nos
1677 451 1837 508 fuisse
1867 448 2095 520 promis-

511 570 604 608 sos
623 595 638 617 ,
665 553 878 623 quando
902 553 950 605 ei
973 551 1106 605 dixit
1133 549 1270 604 Deus
1298 565 1313 604 :
1345 547 1550 602 Patrem
1578 545 1850 598 multarum
1877 539 2099 611 gentium

513 646 660 716 posui
680 655 728 698 te
750 643 903 715 (Gen.
937 657 1065 702 xvu.
1088 642 1165 712 ι).
1192 641 1259 694 Et
1280 655 1436 710 quam
1469 637 1628 692 multa
1657 635 1730 690 (lo
1756 635 1853 687 hac
1878 648 1938 687 re
1961 631 2104 685 dicat

513 736 803 806 Apostolus
823 735 1082 788 novimus.
1119 733 1342 786 Dicimus
1364 731 1516 787 enim,
1543 727 1732 798 inquit,
1753 723 1991 796 quoniam
2011 721 2099 774 de-

517 836 694 886 putata
721 837 792 881 est
830 826 1046 879 Abrahae
1085 824 1212 894 ﬁdes
1259 823 1327 876 ad
1359 822 1632 893 jus‘titiam.
1685 815 1950 882 Quomodo
1981 829 2099 884 ergo

512 920 756 988 deputata
779 928 851 972 est
868 918 894 970 .9
916 933 1030 970 cum
1057 917 1110 969 in
1133 914 1510 969 circumcisione
1534 920 1696 975 esset,
1732 927 1799 962 an
1825 924 1938 962 cum
1975 915 2104 961 esset

515 1009 567 1062 in
591 1009 837 1080 pra’putio
854 1009 880 1062 ?
899 1007 1016 1060 Non
1045 1007 1095 1060 in
1122 1005 1517 1067 circumcisione,
1549 1004 1636 1058 sed
1659 1002 1711 1055 in
1738 1001 2002 1069 praeputio.
2037 997 2104 1050 Et

515 1101 716 1170 signum
741 1101 932 1164 accepit
953 1099 1365 1163 circumcisionis,
1393 1096 1710 1166 signaculum
1723 1095 1940 1164 justitiaz
1959 1092 2100 1160 ﬁdei,

515 1207 628 1259 qua
653 1192 800 1244 estin
845 1191 1135 1261 prtt'ptttio:
1168 1199 1223 1243 ut
1256 1190 1320 1244 sit
1363 1200 1503 1260 pater
1533 1189 1755 1240 omnium
1800 1185 2106 1239 credentium

519 1297 606 1338 iter
626 1281 930 1351 prwputium
950 1323 964 1346 ,
993 1291 1046 1333 ut
1067 1281 1331 1350 deputetur
1352 1290 1397 1334 et
1425 1279 1526 1332 illis
1547 1279 1614 1330 ad
1628 1278 1920 1348 justitiam;
1959 1285 2012 1327 ut
2041 1275 2106 1326 sit

520 1383 664 1443 pater
701 1373 1090 1427 circuntcisionis
1113 1415 1128 1439 ,
1169 1390 1270 1426 non
1314 1373 1376 1425 iis
1423 1372 1586 1424 solum
1625 1370 1713 1438 qui
1741 1386 1804 1422 ea:
1843 1367 2108 1421 circumci-

519 1465 660 1517 sione
687 1473 836 1527 sunt,
863 1464 949 1516 sed
975 1473 1021 1516 et
1049 1463 1111 1516 iis
1140 1463 1226 1533 qui
1267 1471 1543 1534 sequuntur
1572 1461 1780 1530 vestigia
1810 1458 1929 1526 ﬁdei
1954 1498 1968 1521 ,
1996 1473 2107 1526 qua:

521 1564 594 1607 est
621 1554 673 1607 in
699 1555 947 1624 praeputio
985 1555 1144 1624 patris
1169 1554 1327 1606 nostri
1359 1551 1631 1606 Abraham.
1669 1549 1736 1603 Et
1765 1549 1920 1618 paulo
1950 1555 2067 1617 post
2091 1565 2105 1600 :

521 1643 685 1708 Ideo,
734 1644 938 1714 inquit,
975 1661 1038 1698 ea:
1067 1645 1166 1712 ﬁde
1186 1687 1200 1710 ,
1230 1653 1285 1698 ut
1324 1643 1594 1698 secundum
1623 1641 1838 1712 gratiam
1867 1641 2015 1708 ﬁrma
2044 1640 2109 1693 sit

522 1735 786 1802 promissio
809 1734 944 1786 onmi
976 1735 1188 1797 semini;
1211 1751 1310 1787 non
1337 1733 1382 1787 ei
1406 1743 1597 1786 tantum
1618 1730 1754 1802 quod
1778 1747 1839 1784 ea:
1860 1729 1994 1800 Lege
2014 1737 2108 1795 est,

520 1825 610 1878 sed
628 1835 673 1878 et
691 1825 736 1877 ei
759 1824 894 1894 quod
908 1841 970 1878 ex
994 1825 1096 1893 ﬁde
1121 1835 1192 1878 est
1209 1823 1485 1889 Abraham,
1518 1823 1603 1894 qui
1625 1831 1695 1876 est
1719 1831 1860 1892 pater
1887 1821 2112 1873 onmium

525 1923 772 1978 nostrum,
797 1915 922 1969 sicut
938 1918 1181 1984 scriptum
1200 1925 1295 1980 est,
1323 1915 1453 1981 Quia
1471 1926 1664 1985 patrem
1683 1915 1954 1966 multarum
1985 1927 2111 1981 gen-

525 2010 649 2060 tium
680 2009 823 2077 posui
845 2018 890 2062 te
917 2010 1090 2078 (Rom.
1125 2024 1198 2072 tv,
1229 2009 1409 2079 9-H).
1431 2006 1560 2061 Item
1581 2006 1645 2060 ad
1669 2005 1922 2061 Galatas:
1965 2003 2111 2058 Sicut

521 2099 779 2151 Abraham
798 2139 812 2161 ,
837 2100 1026 2168 inquit,
1056 2099 1265 2152 credidit
1288 2098 1396 2153 Deo
1418 2139 1432 2163 ,
1453 2108 1499 2152 et
1523 2097 1818 2168 deputatum
1843 2106 1915 2149 est
1934 2094 2016 2148 illi
2042 2094 2110 2146 ad

521 2188 790 2258 justitiam.
837 2188 1114 2259 Intelligite
1139 2207 1258 2261 ergo
1287 2191 1522 2259 quoniant
1547 2191 1631 2260 qui
1658 2205 1720 2242 ea:
1763 2187 1892 2257 ﬁde,
1923 2187 1974 2240 hi
1997 2195 2114 2240 sunt

528 2277 626 2345 ﬁlii
662 2279 938 2332 Abraham.
971 2280 1252 2334 Providens
1277 2290 1442 2334 autem
1468 2280 1738 2349 Scriptura
1772 2280 1889 2348 quia
1922 2294 1986 2332 ex
2010 2279 2111 2346 ﬁde

520 2367 768 2439 justiﬁcat
792 2379 962 2438 gentes
986 2369 1139 2429 Deus.
1167 2373 1519 2441 praenuntiavit
1539 2370 1774 2433 Abrahce,
1805 2371 1936 2436 Quia
1959 2370 2110 2423 bene-

523 2459 750 2511 dicentur
773 2461 888 2512 inte
910 2477 1082 2514 onmes
1107 2471 1275 2531 gentes
1311 2477 1328 2515 :
1356 2462 1427 2514 ita
1449 2471 1503 2514 ut
1523 2462 1608 2529 qui
1640 2477 1704 2514 ex
1731 2460 1832 2527 ﬁde
1852 2469 1966 2513 sunt
1986 2501 1999 2524 ,
2023 2460 2110 2512 be-

526 2549 824 2602 nedicuntur
850 2567 962 2602 cum
988 2549 1128 2616 ﬁdeli
1155 2551 1431 2604 Abraham.
1471 2552 1586 2606 Jam
1612 2551 1881 2620 aliquanto
1910 2561 2028 2619 post
2061 2549 2112 2602 in

523 2641 709 2694 eadem
740 2641 973 2710 Epistula
1009 2660 1021 2695 :
1057 2642 1292 2706 Fratres,
1323 2644 1522 2714 inquit,
1560 2643 1836 2697 secundum
1863 2641 2114 2694 hominem

525 2731 677 2796 dico;
721 2742 887 2786 tanton
933 2734 1151 2787 hominis
1193 2735 1544 2802 conﬁrmatum
1586 2742 1931 2788 testamentum
1969 2747 2114 2784 nemo

528 2825 730 2877 irritum
759 2825 880 2894 facit
906 2836 992 2879 aut
1030 2827 1404 2898 superordinat.
1432 2827 1650 2880 Abrahae
1677 2825 1827 2878 dicta:
1853 2833 1970 2877 sunt
1997 2839 2118 2891 pro-

527 2916 785 2971 missiones
810 2927 857 2971 et
884 2919 1061 2971 semini
1081 2919 1208 2988 ejus.
1241 2916 1360 2972 Non
1383 2918 1506 2971 dicit
1530 2959 1545 2984 ,
1583 2917 1644 2970 Et
1670 2917 1960 2978 seminibus,
1997 2925 2117 2967 tan-

523 3023 674 3073 quam
705 3007 756 3060 in
785 3007 989 3071 multis;
1015 3009 1104 3061 sed
1135 3018 1372 3077 tanquam
1411 3009 1464 3062 in
1511 3023 1641 3072 uno,
1681 3005 1748 3060 Et
1786 3006 1964 3060 semini
1993 3015 2117 3068 tuo,

525 3097 660 3166 quod
683 3107 755 3152 est
781 3098 1030 3152 Christus.
1065 3098 1196 3152 Item
1230 3100 1384 3167 paulo
1414 3108 1531 3167 post
1558 3117 1571 3152 :
1605 3097 1790 3151 Omnes
1827 3098 1958 3150 enim
1985 3113 2072 3150 vos
2101 3139 2116 3162 ,

528 3190 725 3258 inquit,
756 3207 909 3243 unum
935 3191 1052 3242 estis
1087 3190 1139 3243 in
1183 3190 1380 3244 Christo
1417 3189 1575 3253 Jesu;
1618 3191 1662 3242 si
1683 3199 1848 3242 autem
1875 3201 1970 3242 ‘vos
1994 3189 2116 3242 estis

526 3279 716 3333 Christi
733 3322 747 3344 ,
775 3296 892 3351 ergo
917 3279 1134 3334 Abrahae
1157 3297 1320 3338 semen
1339 3281 1455 3334 estis
1475 3321 1490 3346 ,
1519 3281 1792 3334 secundum
1821 3281 2114 3350 promissio-

529 3387 643 3424 nem
667 3371 889 3425 hatredes
910 3369 1107 3438 (Galat.
1141 3388 1215 3437 Ill,
1246 3372 1426 3440 6-29).

602 3462 689 3516 ll.
731 3462 1032 3516 Secundum
1065 3464 1226 3518 istum
1257 3479 1384 3533 ergo
1412 3463 1737 3518 intellectum
1768 3462 2116 3532 apostolicum

531 3554 869 3608 inveniuntur
916 3554 1084 3608 Judaei
1111 3555 1199 3624 qui
1239 3555 1524 3610 Christiani
1557 3570 1661 3609 non
1689 3564 1848 3619 sunt,
1894 3569 2017 3607 cum
2046 3567 2114 3606 ex

531 3658 695 3698 cartte
719 3643 1220 3712 Abram-originem
1241 3644 1454 3710 ducant,
1475 3661 1578 3697 non
1604 3659 1721 3697 esse
1748 3644 1840 3696 lilii
1865 3642 2112 3697 Abralne.

529 3735 663 3787 Cum
689 3735 832 3789 enim
859 3735 1006 3801 dicit,
1034 3733 1308 3806 Intelligite
1325 3751 1445 3806 ergo
1464 3737 1702 3806 quoniam
1720 3735 1806 3805 qui
1825 3751 1887 3788 ea:
1905 3735 2026 3802 ﬁde,
2068 3734 2122 3786 hi

529 3837 647 3880 sunt
676 3827 771 3896 ﬁlii
797 3827 1044 3892 Abrahae;
1091 3826 1330 3897 proiecto
1359 3828 1619 3896 signiﬁcat
1657 3841 1751 3880 eos
1773 3827 1860 3896 qui
1901 3841 1965 3880 ex
2014 3825 2117 3880 tide

533 3935 638 3973 non
666 3929 827 3986 sunt,
879 3934 981 3973 ιιοιι
1010 3935 1132 3975 esse
1161 3920 1296 3974 lilios
1324 3919 1570 3974 Abrahae.
1612 3921 1689 3973 Ac
1737 3935 1830 3988 per
1855 3919 1955 3971 hoc
1975 3960 1990 3983 ,
2020 3918 2121 3972 nisi

532 4011 734 4066 ludatis
759 4028 825 4067 eo
856 4012 1012 4066 modo
1038 4014 1105 4067 sit
1133 4022 1284 4082 pater
1313 4013 1899 4083 Abraham,'qnomodo
1929 4021 2010 4066 est
2036 4026 2124 4065 no-

535 4105 616 4158 bis
637 4145 651 4170 ,
687 4104 812 4174 quid
838 4106 915 4158 eis
941 4105 1176 4174 prodest,
1207 4103 1348 4174 Quod
1377 4104 1443 4158 de
1463 4120 1624 4160 carne
1651 4104 1767 4173 ejus
1792 4105 1958 4157 exorti
1976 4111 2119 4168 sunt,

535 4206 594 4251 et
641 4210 834 4251 nomen
883 4195 999 4251 sine
1032 4197 1226 4250 virtute
1257 4196 1273 4228 ¹
1308 4195 1792 4250 tenuerunt?Cum
1836 4203 2011 4248 autem
2055 4193 2122 4247 ad

532 4289 806 4343 Christum
853 4296 1158 4352 transeunt,
1203 4295 1259 4342 et
1289 4289 1547 4358 incipiunt
1589 4303 1708 4342 esse
1758 4302 1823 4341 ex
1876 4285 1978 4340 ﬁde
2031 4284 2123 4339 lilii

537 4381 794 4443 Abrahm,
829 4391 956 4435 tunc
981 4391 1138 4436 erunt
1157 4381 1326 4435 λιιι]ςυί
1354 4423 1367 4446 ,
1393 4395 1496 4436 non
1527 4381 1578 4433 in
1609 4379 1922 4443 manifesto,
1951 4376 2045 4432 sed
2070 4377 2122 4430 in

537 4473 867 4539 abscondito,
896 4475 1300 4527 circumcisione
1323 4473 1522 4535 cordis;
1551 4473 1760 4541 spiritu,
1793 4485 1896 4524 non
1925 4472 2120 4530 littera;

535 4580 759 4634 quorum
792 4566 906 4618 laus
937 4582 1038 4619 non
1070 4567 1138 4619 sit
1161 4581 1224 4620 ex
1257 4565 1592 4629 hominibus,
1625 4564 1717 4618 sed
1753 4581 1817 4618 ex
1864 4565 1996 4618 Deo.
2041 4564 2124 4619 Ab

542 4658 641 4711 hac
665 4665 842 4711 autem
872 4657 973 4712 lide
996 4657 1230 4722 alienati,
1263 4657 1313 4710 in
1346 4657 1505 4710 ramis
1534 4656 1711 4709 fractis
1731 4655 2126 4722 deputabuntur

543 4763 611 4803 ex
645 4747 731 4801 illa
761 4749 876 4801 olea
909 4747 960 4800 in
989 4747 1140 4812 cujus
1172 4747 1401 4802 radicem
1435 4747 1573 4800 idem
1594 4745 1719 4800 dicit
1752 4747 2023 4814 apostolus
2042 4746 2126 4799 in-

539 4839 644 4894 seri
675 4839 985 4904 oleastrum,
1019 4838 1068 4892 id
1100 4849 1181 4892 est
1203 4848 1387 4908 gentes
1421 4838 1596 4908 (Rom.
1631 4854 1716 4900 st,
1750 4837 1960 4906 16-35);
1984 4837 2125 4908 quod

539 4934 722 5003 utique
751 4947 855 4986 non
883 4931 942 4985 ﬁt
971 4947 1064 5001 per
1089 4947 1338 4994 carnem,
1373 4931 1464 4984 sed
1496 4947 1589 5000 per
1621 4929 1806 4996 tidem;
1837 4946 2007 5000 neque
2034 4946 2128 4999 per

541 5026 768 5095 Legem,
819 5025 913 5079 sed
961 5041 1054 5092 per
1091 5025 1347 5095 gratiam;
1382 5041 1480 5078 nec
1503 5041 1596 5093 per
1622 5025 1884 5087 litteram,
1917 5024 2009 5078 sed
2032 5039 2128 5093 per

538 5119 818 5187 Spiritum;
866 5134 1038 5186 neque
1076 5118 1254 5172 carnis
1281 5119 1720 5183 circumcisione,
1774 5117 1867 5171 sed
1913 5117 2124 5182 eordis;

540 5225 642 5266 nec
664 5211 714 5264 in
741 5211 1052 5273 manifesto,
1081 5210 1173 5264 sed
1193 5211 1245 5264 in
1266 5210 1610 5272 abscondito;
1636 5224 1734 5264 nec
1757 5209 1911 5263 laude
1938 5225 2004 5263 ex
2033 5209 2129 5260 ho-

540 5303 772 5357 minihus
796 5344 810 5368 ,
856 5302 948 5356 sed
993 5319 1056 5357 ex
1087 5304 1194 5356 Deo
1229 5321 1241 5355 :
1275 5311 1331 5355 ut
1373 5303 1439 5354 sit
1467 5303 1835 5370 unusquisque
1871 5300 2130 5356 Christia-

541 5411 675 5462 nas,
705 5396 838 5449 sicut
866 5412 969 5449 non
999 5396 1228 5449 carnalis
1258 5394 1350 5447 sed
1382 5393 1669 5461 spiritualis
1699 5393 1926 5446 Abrahrc
1956 5393 2124 5456 ﬁlius;

542 5487 613 5543 ita
647 5503 752 5542 non
777 5489 1004 5542 carnalis
1047 5488 1138 5542 sed
1181 5486 1472 5554 spiritualis
1495 5485 1709 5540 .Iudtcus
1729 5527 1743 5551 ,
1777 5500 1874 5539 nec
1900 5485 2128 5538 carnalis

541 5579 635 5634 sed
654 5579 945 5650 spiritualis
968 5579 1224 5632 Israelita.
1251 5577 1381 5632 Nam
1397 5586 1452 5632 et
1476 5575 1654 5630 deisto
1673 5575 1885 5630 nomine
1899 5577 1974 5631 sic
1989 5579 2129 5646 Apo-

539 5671 712 5728 stolus
741 5670 1008 5739 loquitur:
1036 5667 1155 5722 Non
1175 5669 1308 5721 enim
1329 5684 1497 5722 omnes
1522 5668 1608 5740 qui
1628 5683 1689 5722 ex
1713 5665 1896 5733 Israel,
1932 5667 1982 5721 hi
2010 5677 2126 5721 sunt

601 5781 625 5817 ⁸
659 5789 786 5833 vols
808 5793 840 5832 e
855 5781 1001 5833 vstic.
1025 5787 1154 5840 Mss,
1176 5779 1386 5831 veritate.

1715 336 1771 392 Β.
1812 326 2178 391 AUGUSTINI
2218 325 2512 384 EPISCOH

2205 441 2368 498 Israel
2397 459 2416 498 :
2445 461 2602 512 neque
2645 445 2731 515 qui
2771 455 2884 499 sunt
2927 462 3093 500 semen
3123 445 3379 501 Abraham
3401 487 3416 511 ,
3448 463 3623 501 omnes
3649 447 3792 516 ﬁlii;

2203 536 2291 589 sed
2317 535 2367 589 in
2394 534 2546 590 Isaac
2575 538 2830 590 vocabitur
2855 537 2940 592 tibi
2978 554 3145 592 semen
3173 553 3192 592 :
3216 538 3311 591 hoc
3336 548 3410 592 est
3433 579 3448 604 ,
3495 555 3599 592 non
3630 539 3667 592 ii
3706 539 3796 602 qui

2205 627 2300 695 ﬁlii
2325 628 2506 688 carnis,
2535 628 2588 680 hi
2607 629 2702 696 ﬁlii
2731 628 2842 692 Dei,
2873 628 3079 698 sed'ﬁlii
3107 629 3451 698 prontissionis
3479 631 3796 701 deputantur

2204 724 2256 777 in
2279 741 2445 778 semen
2480 722 2593 794 (Id.
2629 740 2708 786 ix,
2743 725 2899 795 6-8).
2944 724 3133 779 Nonne
3163 725 3424 779 mirabilia
3455 741 3646 795 magna
3667 735 3799 780 sunt

2207 817 2305 870 ista
2327 859 2340 880 ,
2376 817 2795 888 profundumque
2839 818 3147 888 mysterium
3173 859 3188 880 ,
3237 826 3294 872 ut
3324 817 3471 872 multi
3529 834 3593 873 ex
3633 817 3796 872 Israel

2209 908 2315 962 nati
2341 949 2356 973 ,
2397 924 2502 962 non
2532 909 2638 962 sint
2665 907 2824 962 Israel
2849 909 2889 970 ί.
2919 915 2975 962 et
3014 907 3165 962 multi
3210 923 3316 962 non
3367 909 3476 963 sint
3508 908 3639 974 lilii,
3670 924 3798 964 eum

2209 1001 2313 1054 sint
2337 1015 2517 1054 semen
2550 999 2813 1054 Abrahae?
2838 1000 3116 1068 Quomodo
3142 1001 3282 1056 enim
3326 1017 3431 1054 non
3459 1012 3586 1055 sunt
3609 1043 3623 1063 ,
3655 1017 3797 1070 quo-

2211 1091 2367 1144 modo
2395 1107 2492 1145 nos
2505 1093 2525 1122 ’
2543 1106 2726 1145 sumus
2741 1091 2764 1144 τ
2781 1093 2882 1145 nisi
2898 1093 3020 1161 quia
3037 1109 3140 1146 non
3161 1102 3286 1146 sunt
3310 1094 3400 1146 lilii
3425 1093 3804 1162 promissionis

2209 1181 2273 1236 ad
2300 1181 2496 1237 Christi
2526 1184 2746 1252 gratiam
2784 1186 3107 1252 pertinentes
3131 1225 3146 1248 ,
3201 1184 3294 1239 sed
3335 1186 3428 1239 lilii
3471 1186 3650 1239 carnis
3699 1202 3801 1238 ιιο-

2211 1289 2333 1327 rnen
2365 1274 2519 1328 inane
2545 1276 2852 1344 gestantes?
2879 1275 2957 1329 Ac
2988 1291 3080 1344 per
3105 1275 3207 1330 hoc
3230 1292 3329 1330 nec
3356 1277 3428 1330 illi
3457 1289 3581 1332 sunt
3605 1275 3805 1342 Israel,

2211 1367 2348 1418 sicut
2367 1381 2548 1418 SUIIIlls
2571 1381 2667 1418 nos
2690 1382 2704 1429 ;
2733 1381 2831 1420 nec
2857 1381 2954 1420 nos
2972 1381 3155 1421 sumus
3174 1367 3356 1427 Israel.
3381 1369 3516 1422 sicut
3544 1379 3671 1422 sunt
3697 1367 3807 1422 illi.

2211 1457 2320 1512 Nos
2352 1457 2494 1511 enim
2525 1472 2706 1511 sumus
2731 1457 3021 1512 secundum
3071 1459 3399 1528 spiritualem
3431 1463 3791 1529 regeneratio-

2215 1565 2334 1602 nem
2355 1591 2369 1613 ,
2404 1549 2476 1602 illi
2500 1550 2789 1604 secundum
2817 1533 3086 1604 carnalem
3117 1553 3542 1621 generationem.

2286 1640 2371 1694 Ii.
2415 1638 2728 1695 Intuendum
2756 1649 2838 1695 est
2864 1640 3057 1710 quippe
3085 1656 3145 1695 ac
3170 1641 3603 1709 discernendum,
3633 1644 3802 1698 alium

2215 1744 2334 1784 esse
2357 1730 2512 1783 Israel
2542 1731 2630 1799 qui
2663 1741 2878 1799 propter
2904 1746 3116 1786 carnem
3147 1747 3340 1787 nomen
3371 1734 3598 1802 accepit,
3630 1735 3808 1790 alium

2217 1835 2345 1874 vero
2369 1821 2458 1890 qui
2489 1830 2705 1890 propter
2724 1822 2988 1890 spiritum,
3007 1838 3118 1876 rem
3141 1839 3258 1892 quze
3280 1824 3370 1878 illo
3393 1828 3608 1879 nomine
3628 1825 3804 1895 signi--

2219 1913 2424 1974 licatur,
2457 1912 2704 1966 obtinuit.
2734 1913 2996 1982 Numquid
3017 1914 3156 1967 enim
3179 1930 3243 1968 ex
3274 1923 3413 1984 Agar
3432 1916 3623 1969 ancilla
3653 1919 3802 1972 Sara:

2220 2003 2327 2057 nati
2359 2015 2482 2057 sunt
2509 2003 2789 2058 Israelitae?
2818 2019 2994 2059 nonne
3017 2005 3206 2059 Ismael
3235 2021 3300 2060 ex
3326 2007 3409 2060 illa
3432 2015 3588 2061 natus
3616 2018 3717 2069 est,
3749 2019 3804 2064 ct

2219 2113 2323 2150 non
2351 2095 2725 2160 lsraelitarum,
2755 2095 2851 2149 sed
2881 2095 3262 2151 Ismaelitarum
3279 2105 3490 2166 gentem
3517 2115 3617 2151 suo
3639 2102 3802 2153 semi-

2220 2203 2288 2242 ne
2314 2185 2660 2257 propagavit?
2683 2187 2757 2242 De
2781 2186 2909 2242 Sara
2938 2202 3166 2256 namque
3181 2188 3323 2242 venit
3345 2187 3504 2241 Israel
3523 2206 3618 2257 per
3635 2189 3802 2254 Isaac,

2220 2281 2308 2350 qui
2338 2295 2403 2333 ex
2452 2278 2800 2348 promissione
2832 2287 2986 2332 natus
3026 2287 3108 2333 est
3148 2279 3396 2333 Abrahae.
3439 2279 3647 2335 Tamen
3682 2297 3810 2334 cum

2221 2369 2513 2424 secundum
2541 2369 2882 2438 propaginem
2911 2368 3086 2422 carnis
3106 2383 3166 2423 se
3190 2368 3261 2423 ita
3282 2385 3369 2424 res
3395 2370 3585 2424 habeat
3605 2411 3620 2435 ,
3652 2373 3803 2425 veni.

2223 2473 2310 2518 tur
2345 2462 2410 2516 ad
2433 2463 2753 2516 intellectum
2776 2461 3100 2532 spiritualem
3122 2502 3135 2524 ,
3165 2469 3218 2515 et
3240 2461 3577 2516 inveniuntur
3613 2462 3684 2516 ad
3711 2464 3804 2517 Sa-

2224 2571 2336 2611 ram
2361 2571 2463 2609 non
2493 2555 2756 2625 pertinere
2779 2555 3020 2609 carnales
3050 2551 3320 2620 Israelitte,
3347 2554 3438 2624 qui
3466 2571 3530 2608 ex
3567 2555 3655 2608 illa
3681 2571 3804 2609 car-

2225 2647 2307 2700 nis
2345 2646 2602 2716 originem
2649 2646 2879 2709 ducunt;
2927 2654 2982 2700 et
3025 2645 3289 2715 pertinere
3336 2645 3404 2699 ad
3459 2659 3576 2700 eam
3629 2647 3815 2715 potius

2224 2738 2530 2804 Christiani,
2561 2737 2650 2808 qui
2681 2753 2785 2792 non
2812 2737 3102 2792 secundum
3126 2737 3314 2793 Ismael
3339 2737 3427 2791 lilii
3449 2747 3574 2792 sunt
3599 2739 3816 2806 carnis,

2224 2829 2319 2884 sed
2363 2829 2651 2883 secundum
2693 2827 2839 2882 Isaac
2877 2829 2968 2882 lilii
3014 2836 3137 2882 sunt
3177 2827 3562 2897 promissionis,
3593 2843 3699 2881 non
3742 2829 3814 2882 ad

2225 2923 2389 2994 ipsius
2415 2922 2560 2976 Isaac
2587 2921 2797 2975 carnale
2832 2935 3036 2984 semen,
3074 2919 3167 2974 sed
3196 2919 3260 2973 ad
3284 2919 3558 2988 Spirituale
3605 2929 3813 2990 myste-

2227 3016 2363 3069 rium
2400 3015 2744 3084 pertinentes.
2786 3013 2858 3067 Ita
2905 3013 3100 3082 quippe
3147 3010 3214 3066 ad
3263 3010 3476 3067 Galatas
3524 3013 3816 3080 Apostolus

2227 3107 2478 3177 loquitur,
2530 3105 2696 3160 Dicite
2721 3104 2871 3168 mihi,
2903 3102 2991 3158 sub
3031 3103 3163 3173 Lege
3191 3118 3296 3155 esse
3342 3102 3558 3156 volentes
3578 3144 3593 3168 ,
3627 3101 3818 3173 Legem

2227 3214 2326 3252 non
2353 3197 2605 3250 audistis?
2635 3195 2895 3262 Scriptum
2938 3203 3010 3247 est
3045 3196 3177 3247 enim
3213 3191 3347 3262 quod
3387 3193 3644 3245 Abraham
3682 3193 3814 3246 duos

2227 3291 2360 3359 ﬁlios
2381 3289 2571 3353 habuit,
2607 3304 2764 3341 unum
2791 3288 2854 3340 de
2880 3286 3087 3350 ancilla,
3120 3295 3164 3339 et
3200 3302 3358 3338 unum
3391 3285 3454 3338 de
3489 3286 3666 3338 libera.
3700 3285 3810 3339 Sed

2225 3383 2312 3436 ille
2331 3381 2528 3453 quidem
2558 3380 2644 3449 qui
2677 3380 2740 3432 de
2759 3378 2967 3441 ancilla,
2999 3376 3272 3431 secundum
3297 3392 3496 3429 carnem
3524 3385 3673 3429 natus
3697 3386 3766 3429 est
3793 3393 3811 3428 :

2226 3473 2310 3542 qui
2339 3483 2502 3524 autem
2529 3471 2592 3523 de
2622 3470 2796 3534 libera,
2828 3485 2916 3540 per
2950 3467 3425 3537 repromissionem;
3459 3481 3573 3535 qua
3605 3473 3722 3518 sunt
3757 3465 3811 3518 in

2226 3565 2488 3635 allegoria.
2527 3562 2650 3616 "(re
2685 3563 2815 3616 enim
2840 3570 2954 3614 sunt
2987 3560 3090 3612 duo
3117 3557 3449 3612 Testamenta.
3485 3556 3659 3612 Unum
3694 3559 3813 3627 qui-

2227 3656 2339 3709 dem
2377 3672 2408 3708 a
2434 3664 2600 3707 monte
2643 3653 2792 3719 Sina,
2821 3652 2873 3704 in
2913 3652 3196 3706 servitutem
3243 3666 3506 3720 generous,
3560 3649 3697 3716 quod
3742 3659 3815 3703 est

2227 3751 2366 3819 Agar
2393 3763 2412 3801 :
2440 3747 2568 3802 Sina
2608 3746 2739 3800 enim
2771 3761 2914 3798 mons
2944 3755 3014 3798 est
3050 3744 3104 3796 in
3131 3743 3316 3796 Arabia
3336 3783 3352 3808 ,
3393 3741 3480 3812 qui
3513 3742 3816 3808 conjunctus

2226 3852 2300 3896 est
2325 3841 2440 3894 huic
2463 3855 2576 3909 quae
2599 3855 2731 3892 nunc
2751 3849 2822 3892 est
2840 3835 3144 3903 Jerusalem,
3173 3847 3216 3890 et
3240 3836 3392 3890 servit
3409 3851 3523 3888 cum
3544 3835 3668 3903 ﬁliis
3683 3835 3808 3888 suis.

2229 3935 2356 4000 Qua:
2383 3942 2548 3986 autem
2585 3948 2786 3985 sursum
2815 3941 2888 3984 est
2933 3928 3250 3994 Jerusalem,
3283 3929 3439 3982 libera
3466 3937 3575 3992 est;
3600 3943 3717 3997 qui:
3743 3937 3814 3980 est

2227 4036 2388 4079 nurter
2421 4033 2612 4079 nostra.
2645 4022 2901 4092 Scriptum
2934 4030 3006 4074 est
3032 4021 3196 4086 enim,
3229 4019 3429 4072 Lectare
3453 4018 3638 4072 sterilis
3658 4060 3670 4082 ,
3701 4033 3820 4087 quo

2227 4138 2330 4173 non
2361 4121 2516 4188 paris,
2540 4133 2742 4186 erumpe
2769 4125 2815 4170 et
2839 4116 3096 4179 exclama,
3127 4129 3238 4182 qua:
3266 4129 3367 4166 non
3396 4111 3655 4182 parturis;
3695 4110 3814 4178 quia

2228 4212 2373 4264 multi
2402 4211 2496 4279 ﬁlii
2520 4210 2728 4263 deserta:
2746 4249 2761 4274 ,
2789 4206 2950 4276 magis
2976 4221 3127 4275 quam
3152 4204 3259 4272 ejus
3297 4217 3410 4272 quw
3438 4201 3584 4254 habet
3627 4201 3810 4252 cirum.

2231 4301 2343 4356 Nos
2369 4312 2556 4365 autem,
2594 4300 2804 4369 fratres,
2845 4296 3117 4350 secundum
3153 4293 3304 4347 Isaac
3340 4291 3684 4363 promissionis
3718 4289 3818 4358 ﬁlii

2229 4411 2423 4450 smnus.
2467 4391 2570 4447 Sed
2616 4391 2742 4445 sicut
2781 4399 2916 4451 tunc,
2964 4388 3050 4458 qui
3097 4385 3372 4441 secundum
3423 4397 3624 4437 carnem
3665 4391 3816 4434 natus

2231 4491 2431 4561 fuerat,
2470 4483 2853 4556 persequebatur
2889 4498 3001 4536 eum
3028 4482 3113 4550 qui
3148 4477 3423 4532 secundum
3451 4476 3719 4547 spiritum,
3743 4474 3816 4525 ita

2230 4594 2277 4638 et
2298 4599 2449 4638 nunc.
2481 4581 2586 4637 Sed
2611 4579 2732 4650 quid
2759 4578 2877 4631 dicit
2906 4574 3213 4648 Scriptura?
3238 4571 3379 4642 Ejice
3402 4570 3645 4623 ancillam
3670 4577 3714 4621 et
3745 4568 3814 4635 ﬁ-

2232 4677 2357 4731 lium
2385 4677 2532 4746 ejus;
2560 4689 2661 4727 non
2699 4672 2832 4726 enim
2858 4671 3018 4724 hteres
3056 4667 3146 4721 erit
3176 4666 3313 4735 ﬁlius
3333 4663 3534 4717 ancilltc
3563 4678 3679 4714 cum
3704 4661 3818 4728 ﬁlio

2232 4770 2416 4824 liberat.
2453 4765 2564 4819 Nos
2584 4774 2772 4828 autem,
2803 4768 3003 4834 fratres,
3037 4777 3135 4814 non
3162 4775 3335 4812 sumus
3359 4755 3560 4810 ancilla:
3587 4754 3703 4822 ﬁlii,
3726 4753 3819 4806 sed

2233 4861 2433 4923 liberte;
2461 4874 2560 4929 qua
2586 4857 2810 4910 libertate
2852 4852 3086 4910 Christus
3125 4866 3215 4904 nos
3243 4849 3470 4903 liberavit
3500 4843 3698 4917 (Galat.
3727 4860 3781 4898 tv
3799 4884 3819 4908 ,

2229 4949 2444 5021 21-51).

2304 5045 2390 5098 l5.
2432 5042 2571 5096 Ecce
2611 5037 2901 5096 secundum
2945 5035 3098 5091 istam
3135 5030 3460 5103 spiritualem
3495 5037 3657 5097 atque
3683 5040 3816 5094 apo-

2232 5137 2470 5192 stolicam
2500 5131 2897 5203 intelligentiam
2929 5143 3027 5184 nos
3052 5127 3224 5196 potius
3245 5122 3573 5195 pertinemus
3593 5117 3661 5172 ad
3684 5114 3822 5171 libe-

2233 5244 2346 5282 ram
2370 5226 2579 5289 Saram,
2622 5223 2710 5292 qui
2749 5237 2814 5275 ex
2858 5220 2946 5275 illa
3001 5217 3200 5272 nullam
3241 5213 3440 5285 carnis
3468 5223 3818 5280 propaginem

2233 5320 2488 5373 trahimus
2523 5336 2536 5368 ;
2565 5314 2729 5370 Jtulmi
2752 5322 2948 5376 autem,
2977 5309 3065 5380 qui
3092 5324 3156 5362 ex
3175 5306 3260 5360 illa
3277 5304 3452 5359 carnis
3470 5313 3818 5372 proiiagtuem

2235 5411 2469 5472 trahunt,
2497 5407 2561 5462 ad
2591 5407 2729 5476 Agar
2758 5405 2928 5474 potius
2953 5401 3193 5455 ancillam
3218 5397 3484 5468 pertinere
3513 5399 3821 5446 monstran-

2235 5516 2338 5569 tur,
2370 5503 2564 5570 de'qua
2592 5499 2766 5552 carnis
2797 5493 3224 5566 propagationcnt
3249 5506 3352 5543 non
3381 5486 3617 5541 traltunt.
3646 5484 3701 5538 In
3722 5495 3819 5536 ne-

2232 5597 2447 5669 potibus
2475 5593 2632 5647 etiam
2659 5588 2884 5643 Abrahae
2909 5595 2963 5641 et
2993 5585 3158 5649 Sane,
3213 5582 3264 5636 id
3294 5589 3373 5635 est
3416 5578 3537 5633 liliis
3578 5577 3726 5630 Isaac
3765 5581 3823 5629 et

2298 5714 2312 5742 ι
2349 5710 2421 5757 sic
2441 5713 2547 5755 Mss.
2575 5711 2628 5753 At
2649 5702 2760 5750 cdd.
2785 5701 2985 5758 habent,
3003 5712 3066 5749 ex
3095 5694 3243 5747 Israel
3265 5707 3358 5747 non
3384 5692 3514 5752 nati;
3533 5691 3630 5758 sint
3652 5685 3824 5743 Israel.

2295 5776 2316 5806 ¹
2351 5755 2456 5820 uad.
2485 5778 2581 5816 Am.
2602 5772 2674 5814 Et‘.
2704 5778 2716 5814 :
2743 5755 2980 5826 Quomodo
2994 5760 3120 5812 enim
3135 5771 3228 5810 non
3242 5763 3367 5820 sunt,
3389 5755 3626 5822 quomodo
3640 5758 3769 5805 sunt.
