4120 6358
322 381 427 440 897

324 499 601 558 Rebecca),
632 494 735 548 illis
764 493 985 563 genuinis
1019 492 1157 545 Esau
1182 500 1233 544 et
1255 490 1439 554 Jacob,
1471 492 1558 559 qui
1586 500 1766 559 postea
1810 505 1905 541 vo-

325 600 473 647 catus
499 596 582 642 est
612 587 790 648 Israel,
833 584 935 637 hoc
971 585 1140 650 ipsum
1189 596 1435 651 maguum
1484 588 1540 635 et
1589 578 1908 649 profundum

324 681 638 754 mysterium
671 678 953 746 reperitur.
983 675 1057 729 De
1074 688 1179 743 quo
1207 673 1343 726 idem
1363 671 1636 741 apostolus
1662 672 1904 740 loquens,

323 792 444 831 cum
469 790 563 843 per
591 774 735 827 Isaac
770 768 1136 839 promissionis
1167 767 1303 821 ﬁlios
1338 771 1812 821 commemorasset
1838 762 1907 817 ad

323 866 518 919 Christi
546 865 765 931 gratiam
798 862 1118 930 pertinentes
1150 875 1163 912 :
1192 858 1312 912 Non
1329 858 1493 912 solum
1510 865 1698 922 autem,
1718 855 1903 925 inquit.

322 957 411 1011 sed
436 966 478 1010 et
508 955 727 1008 Rebecca
757 970 819 1007 ea:
856 968 958 1005 uno
1003 949 1273 1003 concubitu
1303 948 1509 1012 habens,
1556 946 1704 1001 Isaac
1749 948 1907 1016 patris

322 1049 500 1103 nostri.
532 1046 774 1101 Nondum
805 1045 937 1098 enim
960 1044 1110 1109 natis,
1143 1059 1233 1095 nec
1259 1042 1344 1112 qui
1364 1041 1552 1111 egerint
1572 1040 1765 1105 aliquid
1792 1039 1905 1093 boni

321 1148 410 1193 aut
440 1140 578 1203 mali,
610 1148 662 1190 ut
681 1136 952 1191 secundum
983 1135 1269 1188 electionem
1287 1133 1597 1204 propositum
1616 1131 1708 1184 Dei
1729 1146 1903 1184 inane-

323 1244 415 1297 ret,
445 1249 543 1285 non
564 1247 631 1285 ea:
652 1229 904 1299 operibus,
931 1227 1018 1281 sed
1044 1243 1107 1281 ea:
1129 1234 1334 1280 vocante
1363 1225 1550 1279 dictant
1575 1233 1646 1279 est
1674 1224 1738 1286 ei,
1774 1223 1905 1289 Quia

322 1325 485 1393 major
509 1322 683 1376 serviet
704 1321 889 1372 minori
913 1336 929 1383 ;
966 1320 1093 1373 sicut
1118 1318 1361 1387 scriptum
1388 1324 1489 1377 est,
1526 1314 1688 1369 Iacob
1714 1314 1900 1379 dilexi,

326 1412 459 1469 Esau
484 1421 647 1464 autem
678 1409 795 1462 odio
831 1407 983 1461 habui
1024 1406 1198 1478 (Rom.
1232 1422 1317 1471 ιιι,
1352 1404 1559 1475 Ill-15).
1594 1404 1719 1458 ΙΙωο
1759 1413 1904 1458 certe

316 1502 559 1558 doctrina
586 1499 873 1569 apostolica
905 1507 1063 1567 atque
1083 1496 1342 1551 catholica
1371 1497 1501 1549 satis
1531 1495 1805 1550 evidenter
1825 1494 1906 1547 in-

318 1597 462 1651 dicat
492 1594 669 1658 nobis,
694 1591 985 1645 secundum
1016 1590 1271 1659 originem
1300 1587 1478 1642 carnis
1504 1586 1569 1640 ad
1592 1585 1777 1641 Saratn
1811 1586 1905 1639 Ju-

310 1689 467 1741 daeos
487 1729 502 1750 ,
553 1685 602 1739 id
623 1694 706 1739 est
736 1682 1027 1742 lsraelitas;
1058 1680 1120 1733 ad
1151 1685 1289 1749 Agar
1311 1694 1438 1732 vero
1465 1677 1755 1732 Ismaelitas
1785 1691 1904 1745 pcr-

314 1779 490 1833 tinere
536 1794 550 1829 :
603 1775 893 1830 secundum
948 1780 1125 1826 autem
1175 1770 1484 1841 mysterium
1540 1769 1787 1838 spiritus,
1834 1766 1901 1821 ad

319 1871 503 1924 Soram
528 1867 873 1929 Christianos,
903 1863 967 1916 ad
991 1866 1130 1932 Agar
1162 1860 1396 1915 Judaios.
1442 1859 1570 1912 Item
1607 1856 1900 1913 secundum

322 1962 578 2030 originem
600 1959 776 2015 carnis
801 1958 864 2009 ad
896 1957 1055 2021 Esau,
1085 1955 1172 2024 qui
1194 1954 1365 2008 dictus
1392 1959 1474 2007 est
1506 1952 1665 2006 etiam
1710 1951 1898 2015 Edoni,

321 2063 532 2122 gentem
564 2049 950 2111 Iduniaeorum;
983 2046 1047 2099 ad
1074 2044 1239 2099 Iacob
1265 2052 1470 2107 autem,
1501 2042 1589 2111 qui
1616 2041 1788 2096 dictus
1821 2050 1905 2097 est

322 2147 479 2199 etiam
521 2143 717 2205 Israel,
764 2148 975 2209 gentem
1023 2137 1326 2192 Iudaeorum
1358 2152 1369 2187 :
1402 2148 1563 2204 porro
1609 2133 1901 2188 secundum

324 2235 632 2307 mysterium
662 2233 898 2301 spiritus,
923 2230 987 2283 ad
1015 2229 1154 2283 Esau
1182 2227 1393 2283 Judreos
1413 2269 1427 2292 ,
1456 2226 1523 2283 ad
1548 2226 1706 2280 Israel
1738 2227 1901 2295 perti-

326 2344 451 2384 nere
468 2326 815 2381 Christianos.
846 2322 917 2377 Ita
954 2323 1148 2392 quippe
1186 2320 1435 2390 impletur
1475 2318 1615 2388 quod
1645 2318 1900 2388 scriptum

316 2431 426 2488 est,
459 2420 632 2490 Major
655 2417 829 2470 serviet
858 2415 1066 2479 minori,
1092 2412 1142 2467 id
1171 2421 1273 2476 est,
1303 2412 1447 2480 prior
1487 2419 1641 2464 natus
1679 2409 1904 2480 populus

324 2514 639 2573 Judaeoruur
686 2508 966 2579 posteriori
1034 2514 1159 2560 nato
1215 2505 1409 2574 populo
1459 2502 1901 2557 Christianorum.

326 2606 463 2660 Ecce
489 2599 933 2673 quemadmodum
975 2612 1162 2651 sumus
1191 2595 1347 2649 Israel
1376 2594 1660 2664 adoptione
1690 2593 1864 2646 divina
1886 2635 1900 2657 ,

318 2711 433 2751 non
456 2694 685 2747 humana
715 2689 1030 2758 cognatione
1058 2687 1373 2757 gloriantes;
1393 2699 1491 2739 nec
1516 2684 1571 2737 in
1602 2684 1901 2749 manifesto,

324 2786 417 2841 sed
448 2786 497 2839 in
529 2783 777 2846 occulto;
816 2794 913 2834 nec
951 2779 1121 2833 littera
1146 2819 1160 2843 ,
1189 2776 1283 2831 sed
1314 2776 1538 2845 Spiritu;
1573 2790 1670 2829 nec
1706 2775 1903 2841 carnis,

320 2878 416 2933 sed
438 2874 613 2930 cordis
638 2870 1040 2927 circumcisione
1074 2867 1263 2923 Judaei.

397 2964 624 3021 CAPUT
663 2963 752 3017 IV.
791 2991 864 3004 ——
902 2961 988 3015 14.
1028 2959 1157 3027 Qua:
1182 2973 1304 3013 cum
1333 2958 1404 3012 ita
1425 2971 1483 3012 se
1509 2955 1770 3024 habeant,
1796 2971 1908 3010 non

318 3066 503 3113 tamen
526 3059 783 3112 debemus
803 3051 1243 3109 consuetudinem
1271 3050 1537 3104 sermonis
1575 3049 1793 3104 humani
1828 3049 1910 3104 in-

327 3162 445 3219 epta
477 3148 797 3218 loquacitate
837 3143 1182 3207 confundere,
1214 3142 1344 3196 etin
1374 3140 1909 3196 rebusdiscerncndis

317 3240 663 3310 frequentata
692 3236 948 3290 voeabula
979 3235 1282 3303 perturbata
1313 3232 1694 3301 significatione
1721 3231 1910 3286 misce-

326 3346 407 3395 re,
437 3341 490 3382 ut
517 3343 611 3383 eos
638 3329 726 3396 qui
768 3325 1053 3399 Christiani
1093 3332 1216 3377 sunt
1257 3332 1311 3377 et
1348 3322 1703 3391 appellatione
1741 3322 1908 3376 usita-

328 3421 527 3475 tissima
555 3418 839 3473 Christiani
878 3424 1168 3479 vocantur,
1216 3415 1468 3468 inusitato
1508 3414 1769 3470 vocabqu
1809 3415 1910 3467 ali-

321 3514 444 3582 quis
486 3513 698 3566 all'eetct
758 3510 1024 3579 appellare
1068 3506 1314 3570 Judmos;
1366 3506 1447 3560 vel
1497 3521 1617 3559 cum
1677 3508 1745 3559 sit
1798 3506 1911 3573 ipse

321 3614 653 3672 voceturque
693 3601 1042 3665 Christianus,
1072 3598 1322 3652 Israelita:
1358 3597 1531 3665 potius
1576 3598 1789 3651 nomine
1817 3597 1913 3652 de-

320 3696 552 3751 lectetur
569 3710 584 3759 ;
602 3703 657 3749 et
672 3693 811 3763 quod
831 3693 882 3746 in
901 3691 1153 3761 mysterio
1171 3689 1329 3743 debet
1347 3704 1557 3755 semper
1579 3689 1875 3757 intelligere
1892 3730 1906 3754 ,

326 3790 536 3860 parcius
562 3798 737 3841 autem
765 3802 857 3839 ore
881 3784 1136 3855 proferre,
1165 3783 1263 3838 hoc
1286 3783 1336 3836 in
1363 3782 1667 3852 quotidiana
1690 3782 1909 3851 loquen-

330 3882 381 3934 di
410 3878 796 3934 cmisuetudine
817 3878 983 3946 magis
1007 3876 1165 3944 eligat
1196 3874 1533 3943 frequentare
1560 3874 1737 3942 inepta
1769 3874 1912 3927 inso-

326 3972 511 4037 lentia,
538 3978 625 4034 et,
657 3970 699 4022 si
727 3968 829 4021 diei
857 3973 1050 4035 potest,
1097 3965 1337 4035 imperita
1372 3965 1613 4018 scientia.
1646 3963 1911 4033 Numquid

330 4066 470 4119 enim
504 4061 765 4131 Apostoli,
790 4074 882 4127 per
906 4072 1038 4126 quos
1056 4071 1116 4109 ea
1140 4056 1437 4119 didicimus,
1461 4056 1559 4108 ista
1583 4055 1907 4119 nesciebant,

328 4154 598 4225 quomodo
629 4167 724 4205 nos
746 4152 928 4221 potius
955 4149 1121 4201 simus
1151 4161 1335 4200 semen
1366 4145 1591 4199 Abrabai
1618 4145 1909 4198 secundum

330 4246 480 4301 Isaac
521 4240 885 4313 promissionis
934 4236 1209 4301 lueredes;
1242 4243 1297 4290 et
1339 4234 1509 4290 Judaai
1547 4234 1757 4303 Spiritu,
1804 4249 1911 4287 non

327 4339 537 4399 littera;
589 4332 765 4388 cordis
808 4328 1232 4392 circumcisione,
1286 4340 1391 4379 non
1448 4325 1665 4389 carnis;
1714 4332 1910 4378 etnon

327 4426 620 4482 secundum
671 4436 884 4477 carnem
933 4419 1124 4481 Israel,
1157 4417 1251 4473 sed
1297 4415 1460 4471 Israel
1500 4414 1633 4470 Dei?
1663 4415 1913 4470 Sciebant

326 4522 512 4589 utique
534 4519 629 4571 ista
658 4515 824 4569 multo
853 4511 1143 4581 sapientius
1177 4509 1479 4578 certiusque
1508 4523 1665 4579 quam
1706 4523 1831 4572 nos;
1859 4516 1914 4562 et

322 4620 508 4669 tamen
540 4609 592 4662 in
631 4604 877 4677 loquendi
907 4600 1291 4658 consuetudine
1317 4599 1530 4654 Iudaeos
1558 4608 1612 4653 et
1644 4598 1912 4653 lsraclitas

321 4718 426 4760 cos
462 4699 841 4770 appellabant,
881 4696 969 4766 qui
1015 4692 1307 4750 secundum
1365 4706 1579 4746 carnem
1617 4691 1685 4745 de
1744 4691 1912 4745 Abra-

328 4794 415 4850 ha:
440 4792 606 4862 stirpe
638 4789 931 4854 venientes,
986 4785 1055 4839 ab
1096 4783 1344 4839 omnibus
1391 4782 1762 4837 vocitabautur
1811 4780 1914 4837 hoc

330 4888 565 4944 nomine.

404 4979 496 5033 I5.
535 4975 708 5030 Judtei
745 4975 889 5045 signa
934 4979 1126 5043 petunt,
1173 4970 1246 5025 ait
1292 4970 1565 5042 apostolus
1612 4968 1826 5034 Paulus,
1865 4976 1913 5023 et

333 5068 497 5124 (ἔνωεί
557 5067 854 5137 sapientiam
902 5071 1133 5137 quierunt
1179 5077 1197 5115 :
1233 5078 1324 5115 nos
1368 5070 1534 5116 autem
1581 5062 1914 5131 praedicamus

333 5158 585 5215 Christum
610 5156 929 5224 cruciﬁxum,
951 5152 1149 5206 ludatis
1185 5151 1385 5221 quidem
1423 5151 1737 5216 scandalum,
1776 5151 1913 5206 Gen-

333 5249 462 5303 tibus
495 5257 663 5302 autem
698 5246 1005 5308 stultitiam;
1032 5243 1157 5312 ipsis
1188 5250 1355 5294 autem
1401 5243 1589 5296 vocatis
1629 5242 1826 5296 ludatis
1868 5252 1916 5296 et

336 5339 547 5405 Graecis,
592 5336 849 5393 Christum
882 5333 979 5389 Dei
1027 5332 1305 5394 Virtutem,
1337 5340 1383 5385 et
1410 5332 1503 5385 Dei
1536 5332 1849 5402 Sapientiam
1873 5334 1915 5404 (l

334 5428 453 5484 Car.
476 5445 553 5498 xr,
584 5427 794 5503 22-24).
835 5427 978 5492 Quos
1010 5425 1143 5479 dixit
1181 5423 1415 5489 Graecos,
1460 5423 1558 5478 hos
1591 5425 1747 5478 etiam
1775 5425 1917 5479 Gen-

336 5523 468 5577 tium
492 5524 706 5576 nomine
732 5520 1065 5592 signiﬁcavit,
1097 5532 1162 5573 eo
1183 5517 1323 5587 quod
1356 5517 1469 5571 lucc
1493 5518 1669 5587 lingua
1691 5519 1918 5575 maxime

334 5612 549 5667 excellit
590 5612 639 5665 in
681 5611 974 5666 Gentibus:
1011 5608 1225 5664 Judaios
1267 5617 1445 5661 tamen
1495 5607 1641 5676 ipsos
1690 5609 1915 5675 vocavit,

337 5718 473 5774 quos
492 5717 681 5757 omnes
704 5701 805 5756 hoc
836 5699 1047 5755 nomine
1077 5698 1363 5769 appellant.
1393 5697 1525 5752 Nam
1558 5699 1601 5752 si
1630 5697 1917 5753 Christiani

338 5794 440 5861 ipsi
467 5801 592 5850 sunt
610 5792 796 5860 Judaei,
821 5791 1140 5848 Christianis
1166 5798 1248 5846 est
1268 5804 1399 5862 ergo
1422 5789 1728 5846 scandalum
1763 5790 1917 5848 Chri-

1501 374 1972 433 EPIS'I’OliAIIUM
2014 374 2283 434 (ILASSIS
2324 379 2408 435 III.

3483 387 3588 444 898

2017 501 2130 543 stus
2174 494 2475 561 crucifixus,
2523 495 2588 551 de
2629 513 2734 568 quo
2774 499 2971 554 dictum
2999 508 3079 555 est
3108 518 3120 555 :
3153 500 3348 556 luditis
3388 504 3588 574 quidem

2014 582 2328 637 scandalum.
2361 586 2488 651 Quis
2531 588 2628 643 hoc
2658 592 2757 647 nisi
2800 593 3162 648 iusanissimns
3208 594 3432 649 sentiat?
3459 594 3589 649 Item

2014 673 2165 729 dicit:
2189 677 2313 732 Sine
2323 678 2594 744 o/fensione
2616 693 2767 738 estote
2778 684 2974 739 Judwis
2994 697 3039 740 et
3066 686 3253 749 Grtcris
3278 698 3323 741 ct
3342 687 3586 742 Ecclesia!

2013 764 2109 819 Dei
2164 766 2273 837 (Id.
2329 786 2395 835 x,
2443 772 2551 840 59.).
2584 775 2859 851 Quomodo
2900 777 2997 831 ista
3042 779 3406 849 distingueret,
3456 780 3499 833 si
3537 788 3593 837 et

2014 857 2304 915 Ecclesium
2353 862 2442 915 Dei
2480 863 2532 916 in
2572 866 2873 933 quotidiana
2920 870 3162 939 loquendi
3206 870 3591 926 consuetudine

2012 947 2225 1004 Judtnos
2250 953 2518 1019 appellare
2557 954 2811 1011 deberet?
2839 959 2965 1012 Item
3005 960 3077 1013 ait
3106 978 3118 1013 :
3154 960 3289 1025 Quos
3318 970 3365 1014 et
3400 961 3592 1015 vocavit

2012 1057 2122 1105 nos,
2156 1059 2255 1095 non
2277 1044 2439 1097 solum
2462 1061 2524 1098 ea:
2542 1044 2760 1111 Iudaeis,
2783 1050 2872 1103 sed
2892 1052 3042 1104 etiam
3066 1068 3127 1104 ex
3155 1050 3415 1105 Gentibus.
3437 1051 3586 1119 Quo-

2012 1130 2171 1184 modo
2192 1133 2394 1187 vocavit
2418 1149 2484 1187 ex
2513 1134 2731 1199 Iuda-is,
2762 1139 2806 1192 si
2834 1141 3004 1207 potius
3040 1156 3107 1194 ex
3135 1156 3239 1195 non
3276 1141 3472 1195 Judzeis
3497 1157 3594 1195 vo-

2010 1222 2150 1275 cavit
2172 1262 2187 1287 ,
2220 1232 2277 1276 ut
2302 1233 2481 1278 essent
2509 1226 2719 1280 Jtidmi?
2747 1228 2873 1282 Item
2906 1231 2972 1284 de
3002 1232 3285 1287 lsraclitis:
3318 1232 3453 1298 Quid
3473 1251 3590 1305 ergo

2011 1310 2285 1367 dicemus?
2319 1313 2488 1383 inquit
2527 1331 2540 1366 :
2587 1317 2716 1381 Quia
2764 1329 2930 1389 gentes
2977 1337 3089 1392 qua:
3137 1338 3235 1375 non
3279 1324 3592 1378 sectabantur

2000 1403 2271 1471 justitiam,
2323 1408 2761 1474 apprehenderunt
2809 1412 3094 1483 justitiam;
3131 1416 3379 1484 justitiam
3424 1426 3591 1470 autem

2009 1509 2122 1562 qua:
2145 1511 2208 1548 ea:
2231 1496 2332 1563 [ide
2354 1506 2445 1549 est.
2474 1496 2639 1553 Israel
2660 1510 2824 1553 autem
2848 1519 3144 1571 persequens
3172 1505 3328 1575 legem
3338 1507 3555 1575 justititn
3572 1548 3587 1573 ,

2009 1584 2062 1636 in
2087 1585 2241 1654 legem
2264 1587 2476 1657 justitite
2495 1606 2593 1641 non
2621 1592 2858 1658 pervenit.
2888 1591 3055 1655 Quare
3074 1595 3099 1647 ?
3119 1594 3249 1657 Quia
3268 1612 3366 1649 non
3383 1613 3445 1649 ea:
3466 1597 3588 1663 fide,

2009 1680 2096 1727 sed
2142 1677 2284 1745 quasi
2332 1695 2395 1731 ex
2440 1680 2669 1747 operibus
2712 1680 3072 1748 :o/fenderunt
3108 1686 3239 1739 enim
3277 1687 3328 1739 in
3374 1687 3592 1756 lapidem

2010 1765 2298 1834 offensionis
2328 1767 2499 1841 (Rom.
2531 1788 2581 1825 tx
2604 1813 2618 1837 ,
2647 1772 2737 1838 2i,
2768 1774 2967 1837 50-32).
3000 1776 3124 1829 Item
3158 1794 3170 1829 :
3202 1777 3279 1830 Ad
3305 1776 3465 1832 Israel
3491 1796 3591 1831 au-

2010 1868 2104 1911 tent
2131 1858 2250 1928 quid
2269 1859 2390 1912 dicit
2415 1860 2585 1914 ?Tota
2627 1863 2708 1916 die
2738 1866 2935 1918 extendi
2969 1884 3147 1922 manus
3179 1885 3313 1921 meas
3337 1869 3404 1922 ad
3431 1887 3594 1938 papu-

2011 1948 2114 2002 lum
2140 1966 2238 2002 non
2280 1952 2557 2005 credentem
2601 1964 2647 2006 et
2696 1957 3115 2010 contradicentem
3148 1958 3256 2029 (Id.
3301 1976 3352 2022 x,
3378 1959 3489 2031 2i).
3525 1962 3588 2015 Et

2010 2050 2221 2095 secutus
2262 2044 2500 2113 adjuugit
2533 2065 2545 2097 :
2584 2046 2706 2100 Dico
2730 2066 2882 2119 ergo,
2933 2050 3193 2122 Numquid
3231 2055 3411 2125 repulit
3454 2054 3595 2108 Deus

2011 2134 2199 2203 plebem
2221 2139 2408 2192 suam?
2429 2139 2581 2192 Absit.
2617 2138 2755 2194 Nam
2787 2153 2831 2195 et
2858 2160 2947 2213 ego
2984 2143 3217 2198 Israelita
3248 2164 3379 2211 sum,
3420 2164 3482 2201 ex.
3512 2165 3564 2202 se
3589 2148 3613 2191 ι’

2011 2226 2143 2278 mine
2165 2224 2381 2280 Abrahae
2406 2228 2467 2282 de
2496 2230 2623 2283 tribu
2653 2231 2938 2301 Benjamin.
2969 2234 3087 2287 Non
3110 2238 3290 2304 repulit
3320 2236 3457 2290 Deus
3487 2237 3594 2307 ple-

2011 2316 2117 2368 bem
2156 2333 2337 2383 suam,
2374 2336 2524 2388 quam
2559 2324 2804 2391 praesciuit
2836 2323 2942 2394 (Id.
2978 2341 3047 2388 χι,
3094 2327 3141 2387 I,
3164 2325 3199 2379 2
3225 2326 3267 2396 ).
3314 2327 3592 2394 Quomodo

2013 2406 2097 2461 hic
2123 2410 2407 2478 appellavit
2430 2412 2715 2479 Apostolus
2746 2414 2906 2468 Israel
2938 2430 3041 2469 non
3067 2416 3369 2471 credentem
3399 2428 3450 2472 et
3475 2434 3596 2474 con.

2014 2499 2385 2564 tradieentem,
2417 2502 2459 2555 si
2482 2502 2769 2558 Christiani
2798 2516 2917 2560 sunt
2938 2505 3119 2571 Israel,
3143 2508 3223 2563 vel
3248 2510 3512 2578 quomodo
3537 2526 3596 2566 se

2013 2591 2303 2659 appellavit
2332 2591 2666 2646 lsraelitam?
2706 2593 2968 2665 Numquid
2992 2613 3056 2651 ex
3083 2613 3147 2650 eo
3172 2599 3311 2667 quod
3340 2598 3596 2654 Christia-

2014 2694 2114 2732 nus
2138 2679 2304 2733 factus
2331 2682 2482 2736 erat?
2524 2683 2635 2737 Non
2665 2684 2879 2755 utique;
2914 2687 3005 2741 sed
3036 2703 3100 2742 ex
3136 2705 3201 2745 eo
3221 2690 3361 2759 quod
3402 2705 3595 2745 secun-

2014 2769 2139 2823 dum
2176 2786 2389 2825 carnem
2424 2772 2593 2828 fuerat
2633 2789 2699 2828 ex
2756 2776 2961 2830 semine
3002 2778 3292 2844 Abraham,
3348 2779 3415 2833 de
3458 2782 3595 2836 tribu

2016 2858 2322 2927 Beniamin;
2350 2862 2489 2931 quod
2525 2881 2626 2917 non
2665 2880 2846 2919 sumus
2887 2881 2982 2920 nos
3017 2869 3307 2923 secundum
3346 2885 3593 2937 carnem,

2016 2951 2255 3019 quamvis
2284 2951 2574 3006 secundum
2616 2953 2769 3008 ﬁdem
2811 2955 2979 3010 simus
3014 2974 3193 3013 semen
3228 2961 3451 3014 Abraba:
3473 3003 3487 3027 ,
3534 2977 3596 3015 ac

2016 3054 2113 3109 per
2144 3039 2244 3095 hoc
2269 3048 2321 3093 et
2351 3041 2528 3096 Israel.
2560 3044 2663 3098 Sed
2701 3046 2841 3113 aliud
2868 3056 2949 3102 est
2975 3049 3111 3117 quod
3138 3053 3373 3120 agnoscit
3393 3052 3597 3107 altioris

2018 3131 2362 3200 intelligentia
2390 3136 2730 3201 sacramenti,
2756 3136 2898 3190 aliud
2926 3139 3063 3208 quod
3085 3142 3321 3209 exposcit
3346 3142 3599 3211 quotidia-

2018 3238 2083 3276 na
2113 3224 2437 3277 consuetudo
2458 3225 2701 3279 vocabuli

2090 3312 2176 3365 16.
2222 3312 2454 3383 Denique
2477 3316 2646 3383 Aptus
2677 3317 2690 3342 ‘
2728 3316 2828 3371 iste
2851 3319 3030 3372 nescio
3058 3320 3195 3389 quis,
3228 3320 3295 3375 de
3328 3337 3434 3391 quo
3463 3324 3599 3378 scri‘

2020 3405 2167 3473 psisti
2190 3404 2333 3474 quod
2360 3405 2545 3460 doceat
2569 3407 2840 3475 judaizare
2859 3408 3205 3474 Christianus,
3238 3427 3305 3467 eo
3331 3414 3489 3469 modo
3516 3430 3595 3477 se,

2018 3495 2154 3548 sicut
2188 3495 2469 3551 insinuavit
2515 3497 2777 3553 Sanctitas
2819 3510 2924 3567 tua,
2953 3502 3193 3557 JUdiDlIlII
3227 3515 3280 3559 et
3307 3506 3599 3563 lsraelitam

2018 3597 2189 3651 vocat,
2225 3599 2280 3643 ut
2310 3589 2375 3643 ab
2400 3591 2535 3644 escis
2577 3591 2877 3661 prohibeat,
2910 3609 2937 3646 a
2972 3596 3162 3664 quibus
3209 3612 3306 3666 pro
3348 3600 3600 3668 temporis

2021 3680 2158 3735 illius
2212 3684 2552 3750 congruentia
2596 3684 2703 3738 Lex
2760 3701 2856 3754 per
2903 3698 3139 3740 sanctum
3200 3687 3452 3743 tantulum
3504 3691 3600 3745 Dei

2019 3770 2236 3841 Moysen
2277 3771 2396 3825 data
2428 3773 2761 3841 prohibebat,
2812 3784 2865 3829 et
2918 3786 3138 3830 cmteras
3177 3779 3314 3832 illius
3351 3782 3601 3850 temporis

2018 3862 2456 3927 observationes,
2493 3863 2601 3933 jam
2650 3880 2787 3919 nunc
2825 3865 2963 3935 apud
3002 3865 3334 3922 Christianos
3376 3870 3600 3924 abolitas

2018 3963 2386 4020 remotasquc,
2448 3955 2801 4021 perSuadeat;
2861 3972 2993 4025 quas
3056 3958 3269 4013 umbras
3306 3959 3599 4014 futurorum

2019 4044 2552 4112 appellatApostolus
2575 4043 2788 4115 (Coloss.
2815 4061 2871 4111 ιι,
2904 4048 2990 4111 16,
3025 4046 3135 4118 17),
3163 4058 3217 4102 ιιι
3242 4058 3293 4102 et
3325 4051 3599 4119 pr0plictia

2020 4134 2072 4189 in
2101 4137 2200 4189 illis
2222 4136 2570 4207 intelligatur,
2600 4146 2653 4192 et
2678 4154 2861 4193 eorum
2888 4140 3188 4194 observatio
3211 4142 3320 4210 jam
3347 4153 3597 4197 evacuata

2022 4234 2382 4281 monstretur:
2419 4228 2556 4282 unde
2586 4238 2803 4298 apparet
2848 4245 3013 4299 quare
3050 4246 3108 4285 se
3152 4232 3252 4286 iste
3278 4235 3444 4302 Aptus
3470 4236 3599 4289 velit

2020 4317 2309 4374 Israelitam
2340 4319 2686 4390 Judmuntqrre
2711 4322 2950 4387 vocitari,
2986 4338 3087 4375 non
3112 4324 3470 4392 spiritualiter,
3504 4328 3599 4382 sed

2020 4410 2238 4465 omnino
2264 4411 2565 4465 carnaliter.
2607 4412 2713 4466 Nos
2747 4422 2921 4467 autem
2961 4430 3056 4469 nec
3085 4416 3188 4469 illis
3216 4416 3601 4473 observationi-

2020 4499 2138 4563 bus,
2169 4516 2285 4571 qure
2312 4501 2459 4556 Novo
2486 4502 2827 4557 Testamento
2862 4505 3094 4559 revelato
3136 4517 3403 4561 evacuatze
3427 4518 3552 4565 sunt
3580 4550 3597 4575 ,

2022 4601 2263 4648 tenemur
2309 4594 2578 4654 obstricti.
2613 4604 2667 4650 et
2723 4605 2982 4665 pra'cepta
3034 4598 3207 4666 Legis,
3265 4599 3387 4655 huic
3437 4601 3596 4656 etiam

2022 4682 2246 4751 tempori
2300 4685 2618 4748 necessaria,
2669 4686 2842 4754 qualia
2885 4699 3027 4752 sunt,
3083 4687 3205 4742 Non
3253 4689 3598 4756 adulterabis,

2024 4770 2143 4825 Non
2185 4772 2510 4826 homicidium
2550 4775 2725 4845 facies,
2762 4774 2880 4829 Non
2925 4780 3247 4849 concupisces
3288 4781 3477 4852 (Exod.
3506 4798 3597 4847 xx,

2025 4863 2239 4934 I3-I7),
2272 4864 2393 4917 etsi
2422 4864 2562 4933 quod
2590 4873 2671 4918 est
2695 4865 2836 4919 aliud
2868 4867 3204 4933 mandatum,
3235 4870 3375 4938 quod
3408 4872 3459 4926 in
3502 4871 3601 4925 hoc

2022 4970 2269 5010 sermone
2305 4957 2677 5025 recapitulatur
2700 4999 2714 5021 ,
2758 4957 2950 5030 Diliges
2994 4962 3275 5029 proximum
3311 4971 3452 5017 tuum
3489 4974 3601 5033 tan-

2021 5064 2173 5117 quam
2200 5048 2411 5118 teipsum
2444 5046 2618 5118 (Rom.
2652 5065 2767 5115 χιιι,
2795 5049 2879 5120 9);
2930 5068 3035 5103 non
3080 5051 3280 5106 viribus
3330 5051 3597 5120 humanis,

2023 5140 2173 5211 quasi
2225 5148 2459 5194 nostram
2509 5141 2889 5196 constituentes
2938 5143 3241 5211 justitiam,
3283 5144 3378 5199 sed
3431 5146 3601 5216 gratia

2026 5234 2117 5287 Dei
2164 5249 2259 5302 per
2298 5232 2480 5287 Jesum
2524 5231 2791 5287 Christum
2840 5235 3119 5289 Dominum
3163 5246 3425 5303 nostrum,
3456 5238 3506 5292 in
3538 5244 3601 5294 ea

2021 5323 2246 5391 justitia,
2273 5339 2392 5392 qum
2415 5323 2571 5379 nobis
2596 5325 2662 5379 ab
2690 5325 2776 5378 illo
2800 5336 2901 5390 est,
2932 5326 3259 5381 observanda
3282 5344 3401 5384 esse
3424 5320 3621 5385 didiei-I

2027 5429 2146 5467 mus
2174 5423 2227 5468 et
2251 5414 2519 5470 docemus.
2542 5415 2651 5470 Nec
2678 5426 2851 5471 tamen
2880 5418 2998 5471 ideo
3019 5433 3115 5472 nos
3141 5434 3394 5489 negamus
3417 5435 3603 5477 semen

2026 5504 2278 5572 Abrahzc,
2328 5506 2518 5577 quibus
2567 5507 2693 5562 dicit
2740 5509 3040 5577 Apostolus,
3081 5508 3181 5563 Vos
3226 5527 3342 5581 ergo
3390 5511 3605 5568 Abraha

2026 5614 2192 5653 semen
2217 5598 2335 5652 estis
2362 5598 2553 5669 (Gatat.
2589 5615 2663 5662 ιιι,
2687 5600 2777 5669 29)
2800 5616 2813 5663 ;
2846 5610 2936 5653 aut
2961 5600 3172 5654 Judmos
3190 5602 3239 5656 in
3257 5598 3602 5673 abscondito,

2028 5689 2095 5745 de
2118 5689 2360 5760 qualibus
2390 5689 2524 5743 idem
2552 5690 2697 5755 dicit,
2735 5690 2852 5744 Non
2879 5692 3007 5745 enim
3030 5692 3115 5762 qui
3142 5694 3191 5746 in
3218 5695 3480 5767 manifesto
3501 5696 3602 5751 lu:-

2094 5804 2108 5833 ι
2130 5800 2263 5861 Fdd.,
2290 5800 2468 5865 Aptius.
2496 5808 2551 5850 at
2572 5807 2675 5849 Mss.
2705 5802 2847 5851 \‘atic.
2876 5811 2925 5853 et
2947 5805 3027 5854 alii
3051 5818 3204 5871 prope
3223 5818 3422 5870 omnes,
3448 5816 3599 5869 aptus
