2060 3179
238 175 293 207 899

237 235 308 262 deus
321 235 367 263 est.
381 239 458 267 neque
468 238 524 267 qut:
532 230 558 257 in
570 230 701 266 ntaulfesto
713 229 740 257 in
754 236 830 256 carne
839 233 874 256 est
892 228 1026 256 circumci-

237 279 292 310 sio;
305 277 349 305 sed
362 277 406 313 qui
425 278 451 303 in
472 275 617 303 abscondito
629 274 735 301 ludam
756 278 801 305 est.
822 278 846 301 et
869 274 1025 301 ctrcumcisio

237 322 331 355 cordis,
345 329 402 356 qua
415 326 450 348 est
461 321 551 356 spiritu
561 340 569 352 ,
584 328 635 346 non
657 319 749 351 littera.
767 319 841 354 cujus
858 319 913 345 laus
930 326 981 345 non
994 326 1027 345 ea;

238 366 388 399 honiinibus,
402 366 446 393 sed
457 374 488 393 ea:
502 364 556 392 Deo
569 369 605 391 est
617 363 737 400 (Rom.n,
747 363 791 396 9.8,
800 363 847 399 ΞΩ)
855 372 863 397 ς
872 368 917 390 aut
924 362 1027 391 Israeli-

238 418 279 441 tas
293 412 452 447 spirituales,
463 410 497 438 ad
511 418 572 437 eum
586 410 688 437 scilicet
702 409 866 444 pertinentes
876 409 917 437 cui
928 409 1023 437 minori

238 458 393 493 pnedictum
418 460 460 484 est
481 456 640 483 serviturum
663 462 722 482 esse
744 455 871 489 majorem
886 463 892 481 :
907 454 953 482 sed
969 455 1026 481 haec

237 503 366 531 vocabula
387 502 464 529 nobis
486 508 538 529 non
565 500 718 528 indecenter
740 499 919 534 imponimus;
941 507 1026 534 eaque

239 548 423 585 mysteriorum
439 546 610 581 intelligentia
628 546 806 579 continemus,
819 553 873 573 non
886 544 1025 572 verborum

239 594 378 623 insolentia
391 594 561 622 ventilamus.

444 638 608 667 EPISTOLA
628 637 754 665 CXCVII‘
771 637 820 674 (ιι).

237 685 391 722 Augustinus
399 684 528 720 Hesychia
542 683 695 711 Salonitano
705 683 833 718 episcopo,
846 682 877 709 de
887 682 927 709 die
936 689 1026 717 supre-

274 740 316 759 mo
340 730 431 758 mundi
455 738 506 757 non
534 728 694 765 inquirendo,
719 728 798 764 deque
821 726 1028 754 Hebdomadibus

272 775 398 804 Dauielis.

300 831 412 859 Domino
421 829 574 858 beatissimo
587 829 718 857 Hssvculo
732 827 781 864 (ὁ),
792 828 968 857 Ausus-riuus.

274 887 342 914 LAd
349 885 519 913 Sanctitatem
527 889 598 911 tuam
607 883 661 910 filio
668 882 1028 918 tuocompresbyteronostro

237 937 373 960 remeante
384 931 500 959 Cornuto
511 930 530 963 ί,
542 937 591 965 per
603 937 682 964 quem
692 929 793 956 litteras
809 933 859 955 tum
872 928 1028 956 Veneratio-

238 979 281 1007 nis
292 978 392 1013 accepi,
404 978 500 1013 quibus
515 977 685 1012 exiguitatem
700 983 787 1006 meam
805 975 914 1002 visitare
936 974 1029 1009 digna-

241 1028 284 1051 tus
307 1031 347 1056 es,
364 1023 468 1050 tandem
485 1022 613 1057 rescripta
628 1021 759 1056 persolvo,
785 1025 812 1048 et
824 1020 941 1047 debitum
954 1027 1026 1046 resa-

241 1068 376 1096 lutationis
388 1067 555 1102 obsequium,
571 1067 681 1093 multum
695 1074 737 1092 me
748 1064 937 1093 commendans
950 1071 1027 1091 acce-

238 1113 365 1149 ptissimis
391 1113 501 1139 Domino
525 1111 645 1145 precibus
668 1111 729 1143 tuis,
745 1110 852 1137 domine
877 1109 1028 1137 beatissime

238 1159 329 1185 t'rater.
349 1158 385 1184 De
405 1156 566 1191 propheticis
577 1160 665 1182 autem
678 1155 756 1182 dictis
770 1155 826 1182 sive
838 1154 981 1190 praedictis,
994 1154 1028 1180 de

238 1203 333 1238 quibus
345 1201 451 1229 voluisti
466 1205 494 1228 ut
507 1200 606 1235 aliquid
620 1200 775 1232 scriberem,
791 1199 885 1226 melius
906 1198 971 1225 mihi
990 1198 1029 1225 vi-

239 1257 297 1276 sum
309 1253 350 1277 est
362 1248 444 1276 sancti
460 1246 613 1282 Hieronymi
625 1245 740 1272 hominis
753 1244 900 1271 doctissimi
922 1243 1027 1278 exposi-

238 1295 324 1321 tiones
337 1293 490 1320 eorumdem
518 1291 658 1318 verborum
672 1290 722 1325 (ne
739 1290 796 1317 illas
820 1289 887 1317 forte
908 1297 960 1316 non
982 1288 1030 1315 ha-

239 1340 303 1367 beas
315 1339 325 1375 )
337 1338 370 1366 de
383 1338 517 1373 opusculis
527 1337 584 1372 ejus
596 1340 733 1370 excerptas
744 1336 858 1370 dirigere
868 1334 1027 1362 Beatitudini

238 1391 300 1412 tnze.
322 1385 349 1411 Si
362 1389 449 1411 autem
464 1384 518 1417 jam
531 1390 577 1410 eas
591 1382 715 1412 habebas,
733 1388 782 1408 nec
801 1379 963 1415 inquisitioni
977 1385 1028 1407 tua:

238 1429 445 1460 satisfaciebant,
461 1428 523 1463 quid
535 1427 569 1455 de
590 1427 631 1454 his
646 1427 755 1459 sentias,
772 1430 833 1460 peto
846 1424 911 1452 mihi
931 1425 1030 1452 rescri-

239 1475 302 1503 bere
326 1482 378 1502 non
398 1474 534 1510 graveris;
562 1477 589 1500 et
609 1471 829 1507 quemadmodum
854 1471 909 1506 ipse
935 1471 1027 1498 eadem

240 1520 395 1555 prophetica
405 1519 511 1547 oracula
531 1518 670 1552 intelligas.
686 1517 740 1552 Ego
756 1517 825 1544 enim
841 1517 954 1543 maxime
965 1516 1027 1543 illud

240 1566 274 1593 de
301 1564 514 1592 Hebdomadibus
540 1563 656 1590 Daniclis
678 1562 823 1590 secundum
837 1565 940 1597 tempus
954 1560 1024 1595 quod

239 1611 292 1646 jam
304 1615 464 1638 transactum
478 1614 527 1640 est.
540 1608 736 1644 intelligendum
751 1612 814 1642 pntn
828 1616 836 1634 :
851 1615 911 1634 nam
926 1607 959 1634 de
971 1606 1028 1634 Sal.

240 1657 339 1684 vatoris
350 1656 473 1688 adventu,
489 1654 533 1690 qui
550 1658 718 1688 exspectatur
731 1653 756 1680 in
774 1653 835 1683 fine,
847 1657 964 1687 tempora
980 1652 1022 1679 di-

239 1709 380 1730 numerare
394 1709 445 1728 non
456 1701 558 1732 audeo;
573 1707 621 1727 nec
636 1699 751 1734 aliquem
767 1699 923 1734 prophetam
933 1697 967 1725 de
980 1698 1028 1725 hac

239 1756 268 1775 re
282 1754 420 1775 numerum
435 1753 564 1773 annorum
585 1745 708 1772 existimo
730 1743 893 1778 prxfiniisse,
905 1743 951 1771 scd
964 1743 1027 1770 illud

239 1792 326 1826 potius
348 1791 502 1826 praevalere,
524 1789 594 1824 quod
611 1789 668 1824 ipse
682 1789 810 1816 Dominus
820 1789 864 1821 ait,
878 1787 960 1815 Nemo
982 1797 1027 1823 po-

239 1842 285 1864 test
294 1844 443 1872 cognoscere
454 1840 574 1871 tempora,
588 1842 644 1869 qua:
660 1834 739 1860 Pater
752 1834 835 1870 posuit
848 1834 875 1860 in
886 1842 934 1860 sua
955 1838 1026 1869 pote-

239 1888 304 1909 stato
318 1882 327 1918 (
340 1882 395 1908 Act.
409 1882 453 1912 1,7
466 1881 488 1917 ).

274 1929 301 1955 2.
323 1927 399 1961 Quod
413 1928 482 1955 enim
498 1927 524 1954 in
544 1926 596 1954 alio
612 1926 672 1953 loco
684 1925 730 1958 ait,
748 1925 786 1952 De
798 1925 838 1951 die
851 1929 933 1951 autem
946 1924 991 1952 illa
1005 1930 1026 1952 et

242 1975 306 2001 hara
317 1981 389 2000 nemo
401 1972 447 1999 scit
460 1972 468 2008 (
479 1971 571 1998 Matt/1.
588 1978 666 2002 xxiv,
682 1969 749 2004 56),
762 1969 878 2004 suntqui
892 1969 931 1996 sic
954 1970 1025 1996 acci-

240 2019 327 2053 piunt,
341 2022 370 2044 ut
391 2021 483 2052 putent
501 2023 531 2044 se
544 2023 624 2051 posse
638 2018 791 2050 computare
806 2019 943 2049 tempora;
956 2014 1025 2041 diem

238 2071 302 2091 vero
316 2061 496 2089 tantummodo
519 2061 604 2095 ipsum
623 2064 650 2087 et
670 2060 763 2086 horam
784 2059 916 2086 neminem
932 2059 1000 2087 scire
1017 2068 1023 2087 :

238 2107 281 2135 ubi
297 2107 390 2134 omitto
411 2107 501 2134 dicere
522 2105 742 2141 quemadmodum
767 2105 869 2132 soleant
883 2104 1027 2140 Scriptura:

238 2153 308 2181 diem
323 2153 365 2181 vel
377 2153 468 2180 horam
480 2151 559 2180 etiam
575 2159 624 2186 pro
635 2156 755 2186 tempore
765 2158 872 2185 ponere.
889 2151 941 2178 Sed
954 2157 1026 2178 certe

238 2197 303 2225 illud
315 2197 349 2225 de
362 2197 508 2231 ignorantia
521 2200 668 2231 temporum
677 2196 845 2230 apertissime
858 2195 959 2223 dictum
973 2200 1024 2223 est.

238 2243 303 2269 Nam
316 2250 375 2270 cum
397 2242 458 2269 hinc
472 2241 597 2269 Dominus
610 2242 784 2275 interrogatus
798 2246 869 2268 esset
881 2249 896 2267 a
911 2240 1027 2275 discipu-

238 2287 272 2314 lis
285 2288 341 2314 suis
354 2296 362 2313 :
381 2286 472 2320 Nemo,
483 2287 576 2322 inquit,
589 2290 667 2321 potest
677 2294 823 2321 cognoscere
835 2291 958 2321 tempora,
969 2295 1026 2322 qua

243 2332 322 2359 Pater
335 2332 417 2367 posuit
428 2332 453 2359 in
466 2340 513 2359 sua
537 2337 666 2367 potestate.
680 2331 738 2358 Non
758 2332 827 2358 enim
841 2331 917 2364 dixit,
938 2332 1023 2366 Diem,

238 2378 290 2410 vel,
303 2378 411 2411 lloram,
434 2377 490 2410 sed,
516 2382 647 2410 tempora;
660 2385 718 2412 qua:
739 2377 765 2403 in
786 2377 860 2404 brevi
873 2378 958 2413 spatio
972 2385 1024 2405 non

238 2423 325 2451 solent
348 2423 410 2456 dici,
435 2424 503 2450 sicut
525 2422 583 2450 dies
596 2422 638 2449 vel
652 2423 726 2454 hora,
741 2423 855 2450 maxime
868 2424 889 2450 si
909 2431 1024 2458 graecum

237 2469 387 2496 intueamur
398 2468 542 2503 eloquium,
556 2476 588 2495 cx
602 2475 652 2503 qua
673 2468 760 2503 lingua
776 2469 801 2495 in
818 2473 934 2497 nostram
950 2478 1024 2498 eum-

268 2523 277 2556 ξ
294 2526 348 2556 Mss.
360 2523 445 2556 Victor.
454 2523 522 2547 (mh.
533 2526 559 2547 et
569 2529 631 2547 unus
641 2523 734 2548 evatic.
742 2523 782 2548 hic
789 2527 815 2549 et
826 2523 851 2548 in
858 2524 1024 2556 subsequente

237 2553 340 2585 epistola
351 2554 491 2585 [it-aferunt,
503 2557 653 2578 coronatum.

268 2593 595 2619 'Correctaestadbl.cb.
611 2593 941 2620 tl‘.r.vc.duossb.duost.
964 2596 1025 2621 duos

235 2631 261 2650 1.
273 2629 322 2649 Am.
334 2625 389 2648 Bad.
402 2628 438 2649 Er.
450 2628 504 2649 ων.

268 2654 305 2710 (a1
322 2656 384 2694 Alias
394 2655 425 2679 78
436 2662 443 2680 :
456 2662 510 2691 quas
520 2658 602 2680 autem
619 2655 663 2680 197
675 2658 737 2685 erat,
760 2662 824 2680 nunc
844 2656 877 2692 in_
887 2657 1023 2692 Itppeudice

268 2689 277 2710 t
302 2685 327 2710 6.
337 2689 428 2710 amota
446 2686 542 2710 videtur
552 2687 600 2710 sub
610 2686 683 2710 tinem
692 2692 732 2710 an.
743 2686 798 2710 418.
815 2690 857 2710 aut
871 2691 923 2710 mit.
936 2687 991 2710 M9.

237 2685 278 2712 est
288 2685 327 2710 ιϐ.
337 2686 428 2716 scripta
446 2685 542 2710 videtur
552 2687 600 2711 sub
610 2686 683 2711 ﬁnem
692 2692 732 2710 an.
743 2686 798 2715 418,
815 2690 857 2711 aut
871 2685 927 2711 init:
936 2687 991 2712 419.

267 2716 303 2747 (b)
321 2716 361 2748 ttic
372 2720 425 2740 erat
435 2716 584 2741 salouitanus
599 2717 735 2748 episcoyus,
748 2723 780 2741 ex
798 2721 851 2741 mss.
864 2718 951 2742 nostris
965 2722 1023 2743 ϐει-

235 2746 345 2771 manensi
357 2750 383 2771 et
392 2747 540 2777 t'orbeiensi,
558 2746 663 2772 testante
674 2746 747 2771 etiam
759 2747 888 2778 Augustino
900 2748 924 2771 in
939 2748 981 2773 lib.
993 2749 1024 2775 20

238 2777 350 2813 de‘civit.
363 2778 414 2814 Dei,
426 2784 448 2802 c.
460 2778 476 2802 5
488 2784 494 2802 :
506 2784 555 2803 non
565 2779 664 2833 qgidem
674 2777 737 2809 apud
748 2777 823 2813 atrus,
835 2778 869 2801 uti
882 2779 940 2803 satis
951 2780 1023 2804 intel-

238 2807 321 2833 hmtur
333 2815 364 2833 ex
375 2812 447 2833 eiust.
464 2808 518 2833 199.
530 2815 554 2832 n.
598 2825 606 2833 .
624 2817 635 2831 ι
646 2812 703 2832 sunt
714 2814 779 2832 emm
790 2808 853 2833 apud
864 2815 916 2833 nos.
928 2809 974 2833 hoc
985 2814 1023 2833 est

238 2807 364 2843 Iigiturlrex
375 2807 447 2839 epist.
464 2808 554 2843 199,_n.
567 2807 606 2843 to,
624 2817 635 2831 ι
644 2807 703 2843 sunt
714 2808 779 2843 enim
790 2808 853 2839 apud
864 2809 974 2843 nos,_boc
985 2814 1024 2835 est

241 2848 252 2860 ι
266 2838 289 2862 in
301 2838 400 2872 Africa,i
414 2843 471 2866 εις..
483 2840 527 2863 sed
537 2840 600 2870 apud
611 2838 728 2872 palm-atas
734 2845 748 2872 ;_
754 2838 875 2872 idemque,
888 2839 1021 2872 opinamur,

235 2876 291 2894 cum
303 2875 333 2893 eo
344 2870 382 2894 cui
395 2876 499 2894 animus
510 2876 547 2901 pa;
555 2869 570 2894 a
580 2870 675 2900 scripsit
685 2875 724 2893 an.
736 2869 790 2893 ιιθ.

844 172 873 201 S.
893 168 1073 201 AUGUSTINI
1093 168 1242 200 EPlSCOPI

1817 177 1873 207 900

1078 227 1139 256 dem
1150 228 1257 261 librum,
1271 228 1317 256 ubi
1331 228 1381 256 hoc
1395 229 1521 265 scriptum
1534 233 1586 263 est,
1599 230 1697 259 scimus
1705 238 1766 260 esse
1778 237 1868 262 trans-

1078 273 1178 306 latum:
1193 275 1313 309 quamvis
1325 275 1405 303 latine
1418 276 1483 304 satis
1501 277 1614 312 exprimi
1625 285 1677 305 non
1686 280 1810 313 potuerit.
1827 281 1868 308 lbi

1077 319 1148 346 enim
1166 327 1252 355 grrece
1272 320 1377 355 legitur,
1393 326 1487 356 χρόνους
1508 325 1523 352 ἢ
1544 325 1652 357 καιρούς.
1675 323 1764 351 Νοειτί
1777 330 1869 353 autem

1077 369 1218 399 utrumque
1228 364 1278 392 hoc
1284 365 1393 392 verbum
1407 369 1526 401 tempora
1536 367 1682 401 appellant,
1692 369 1748 395 sive
1760 375 1869 404 χρόνους,

1078 408 1135 436 sive
1146 413 1249 445 καιροὺς,
1261 417 1320 437 cum
1335 410 1448 438 habeant
1460 411 1518 438 haec
1531 411 1583 439 duo
1594 412 1664 440 inter
1676 420 1705 440 se
1715 420 1767 440 non
1779 415 1868 450 negli—

1077 453 1190 489 gendam
1202 454 1386 482 diﬂ'erentiam.
1403 459 1507 491 Καιροῠς
1519 458 1616 492 quippe
1634 458 1768 493 appellant
1779 459 1869 488 Graeci

1078 503 1197 534 tempora
1218 500 1348 535 quaedam,
1372 508 1424 528 non
1444 505 1533 529 tamen
1545 509 1605 537 qua:
1618 503 1645 530 in
1660 504 1807 538 spatium
1818 513 1870 532 vo-

1078 544 1220 572 luminibus
1234 549 1382 580 transeunt,
1407 546 1455 574 sed
1476 554 1537 582 quas
1557 548 1583 574 in
1608 548 1688 576 rebus
1710 549 1744 576 ad
1767 550 1871 585 aliquid

1078 591 1234 625 opportunis
1247 590 1289 618 vel
1312 591 1469 626 importunis
1494 592 1663 624 sentiuntur;
1677 594 1746 621 sicut
1758 595 1868 627 messis,

1078 636 1219 668 vindemia,
1231 636 1313 669 calor,
1328 636 1418 673 frigus,
1434 645 1495 672 pax,
1511 638 1621 671 bellum,
1635 643 1662 665 et
1682 639 1704 666 si
1725 646 1776 674 qua
1788 640 1870 668 simi-

1078 681 1111 707 lia
1125 690 1132 707 :
1148 686 1242 716 χρόνους
1255 687 1344 709 autem
1359 682 1415 717 ipsa
1428 684 1513 717 spatia
1527 688 1674 718 temporum
1687 689 1792 712 vocant.

1113 725 1140 752 5.
1162 725 1196 752 Et
1210 725 1261 753 hoc
1272 732 1344 754 certe
1356 727 1406 761 ipsi
1420 728 1542 762 Apostoli
1564 736 1618 754 non
1639 728 1675 755 ita
1689 730 1865 764 quaesierunt,

1078 771 1152 805 quasi
1165 779 1245 798 unum
1259 772 1430 799 novissimum
1449 772 1518 800 diem
1532 773 1574 801 vel
1593 772 1700 806 horam,
1716 774 1741 800 id
1754 779 1796 802 est
1805 775 1867 802 exi-

1078 822 1157 849 guam
1177 815 1231 843 diel
1256 821 1357 851 partem
1377 817 1446 844 scire
1463 817 1626 851 voluissent;
1650 818 1698 846 sed
1711 823 1797 846 utrum
1808 819 1867 854 jam

1078 865 1150 888 esset
1161 866 1337 897 opportunum
1351 866 1456 897 tempus
1463 870 1516 897 quo
1530 870 1639 898 regnum
1661 869 1868 898 repraesentare-

1079 910 1122 933 tur
1142 906 1232 934 Israel.
1255 907 1330 934 Tunc
1354 907 1502 939 audierunt,
1519 907 1602 935 Nemo
1616 913 1696 943 potest
1717 917 1869 944 cognoscere

1078 956 1200 985 tempora.
1214 960 1271 986 qua
1280 951 1357 979 Pater
1372 953 1452 987 posuit
1467 952 1494 979 in
1506 960 1552 980 sua
1571 958 1701 988 potestate,
1715 954 1740 980 id
1754 958 1797 981 est
1810 959 1870 989 χρὸ-

1079 1008 1128 1028 ιους
1144 1001 1158 1027 ἣ
1171 1000 1265 1032 καιρούς
1280 1006 1287 1025 :
1300 998 1371 1032 quod
1391 999 1414 1025 si
1437 998 1517 1025 latine
1529 998 1671 1031 diceretur,
1697 1004 1811 1034 tempore
1822 1004 1868 1026 aut

1079 1042 1287 1077 opportunitates,
1299 1050 1346 1070 nec
1361 1043 1400 1070 sic
1413 1043 1483 1077 quod
1497 1043 1595 1070 dictum
1610 1048 1661 1077 est,
1677 1049 1747 1072 esset
1757 1052 1869 1079 expres-

1079 1095 1155 1118 sum;
1170 1088 1231 1122 quia
1238 1089 1293 1115 sive
1306 1093 1463 1123 opportuna,
1477 1090 1533 1117 sive
1542 1091 1689 1124 importuna
1700 1091 1752 1117 sint
1764 1095 1870 1126 tempo-

1079 1140 1119 1165 ra,
1131 1138 1210 1169 καιροὶ
1221 1133 1352 1160 dicuntur.
1365 1133 1495 1169 Tempora
1506 1142 1569 1170 ergo
1578 1135 1800 1170 computare,hoc
1813 1142 1866 1168 est.

1079 1182 1186 1213 χρόνοὺς.
1201 1183 1230 1205 ut
1250 1179 1365 1206 sciamus
1376 1179 1480 1214 quando
1494 1180 1529 1208 sit
1550 1180 1610 1207 finis
1623 1180 1701 1215 hujus
1721 1181 1813 1208 smculi
1824 1182 1866 1210 vel

1079 1222 1209 1250 adventus
1220 1223 1332 1257 Domini,
1348 1224 1413 1251 nihil
1423 1224 1488 1251 mihi
1497 1223 1569 1251 aliud
1580 1224 1694 1259 videtur,
1704 1233 1783 1263 quam
1796 1227 1868 1255 scire

1080 1270 1148 1297 velle
1159 1269 1230 1304 quod
1242 1270 1299 1304 ipse
1312 1270 1350 1297 ait
1359 1271 1426 1297 scire
1439 1270 1571 1298 neminem
1585 1279 1674 1306 posse.

1114 1315 1141 1342 4.
1154 1314 1342 1351 Opportunitas
1356 1323 1419 1343 vero
1433 1315 1504 1343 illius
1529 1317 1656 1351 temporis
1677 1316 1797 1351 profecto
1811 1325 1865 1345 non

1078 1361 1130 1388 erit
1142 1366 1282 1395 antequam
1297 1361 1454 1395 pnedieetur
1466 1361 1636 1396 Evangelium
1646 1363 1672 1389 in
1684 1362 1805 1390 universo
1817 1371 1864 1390 or-

1080 1405 1114 1433 be
1135 1406 1161 1433 in
1190 1400 1368 1433 testimonium
1393 1408 1516 1435 omnibus
1540 1408 1672 1442 gentibus.
1691 1409 1867 1444 Apertissima

1079 1453 1149 1479 enim
1162 1452 1196 1480 de
1209 1452 1260 1480 hac
1272 1460 1301 1480 re
1314 1453 1409 1488 legitur
1419 1455 1550 1481 sententia
1568 1454 1711 1481 Salvatoris
1734 1454 1863 1482 dicentis:

1080 1496 1113 1523 Et
1124 1497 1299 1531 pradicubitur
1311 1498 1358 1525 hoc
1368 1497 1533 1534 Euangelium
1551 1499 1621 1534 regni
1633 1499 1661 1526 in
1673 1500 1793 1527 universo
1805 1501 1868 1527 orbe

1079 1543 1105 1569 in
1131 1543 1297 1570 testimonium
1318 1544 1431 1571 omnibus
1449 1544 1572 1579 gentibus,
1591 1550 1614 1571 et
1631 1550 1689 1572 tunc
1709 1546 1788 1572 ueniet
1806 1546 1867 1580 linis
1884 1539 1886 1541 ’

1080 1589 1088 1622 (
1105 1588 1198 1615 Matth.
1219 1596 1293 1619 xxiv,
1309 1589 1341 1616 M
1353 1591 1371 1624 ).
1387 1589 1458 1616 Tum:
1477 1590 1567 1622 ueniet,
1588 1590 1650 1624 quid
1668 1595 1718 1622 est.
1734 1591 1785 1618 nisi
1802 1596 1866 1619 ante

1080 1642 1131 1660 non
1140 1635 1251 1662 veniet?
1265 1635 1370 1668 Quanto
1382 1640 1442 1670 post
1456 1643 1519 1670 ergo
1530 1635 1629 1668 veniat,
1646 1636 1776 1663 incertum
1786 1637 1865 1664 nobis

1079 1684 1138 1712 est;
1158 1684 1220 1707 ante
1235 1684 1324 1707 tamen
1341 1689 1393 1707 non
1416 1688 1476 1708 esse
1490 1685 1628 1708 venturum
1642 1681 1762 1710 dubitare
1775 1683 1866 1717 utique

1079 1733 1132 1751 non
1149 1725 1286 1752 debemus.
1299 1726 1327 1753 Si
1338 1733 1402 1760 ergo
1409 1725 1575 1760 susciperent
1586 1726 1658 1754 hunc
1676 1727 1793 1755 laborem
1805 1736 1867 1756 ser-

1079 1770 1104 1797 vi
1120 1771 1177 1804 Dei,
1191 1776 1230 1804 ut,
1242 1776 1380 1806 peragrato
1389 1772 1454 1799 orbe
1466 1776 1606 1804 terrarum,
1617 1777 1743 1807 quantum
1758 1779 1867 1809 possent

1078 1816 1233 1851 colligerent
1254 1817 1316 1851 quid
1338 1823 1455 1845 remanet
1477 1819 1594 1852 gentium
1621 1819 1664 1846 ubi
1687 1820 1802 1846 noadum
1824 1825 1867 1847 est

1080 1861 1250 1896 Evangelium
1270 1862 1454 1896 praedicatum,
1478 1863 1540 1890 hinc
1563 1863 1702 1891 advertere
1719 1870 1863 1899 utcumque

1079 1915 1217 1941 possemus
1228 1912 1354 1942 quantum
1368 1908 1419 1935 hoc
1429 1913 1531 1943 tempus
1540 1909 1617 1943 longe
1627 1910 1661 1937 sit
1672 1917 1687 1936 a
1701 1910 1753 1937 line
1762 1912 1864 1938 smcnli.

1079 1953 1154 1986 Quod
1180 1953 1202 1980 si
1216 1958 1326 1988 propter
1338 1954 1459 1988 qua-dam
1473 1954 1529 1981 [om
1543 1954 1736 1983 inaccessibilia
1749 1960 1777 1983 et
1789 1955 1867 1982 inhoo

1078 2000 1146 2034 spita
1168 2001 1224 2027 fieri
1239 2008 1316 2033 posse
1333 2008 1386 2028 non
1400 2001 1526 2032 creditur.
1555 2007 1582 2028 ut
1595 2009 1611 2028 a
1623 2003 1709 2029 servis
1723 2002 1768 2029 Dei
1789 2009 1869 2036 pes-a-

1077 2050 1167 2080 gretnr
1182 2045 1264 2076 m-bis,
1278 2051 1304 2072 et
1316 2052 1378 2079 (μιυι
1394 2051 1550 2079 quantaque
1563 2047 1615 2073 sint
1628 2048 1713 2073 adhuc
1722 2050 1815 2081 gentes
1828 2047 1866 2072 si-

1080 2097 1112 2116 ne
1123 2090 1220 2116 Christi
1232 2090 1382 2124 Evangelio,
1397 2091 1702 2124 fideliterrenuntietnr;
1718 2093 1801 2119 multo
1814 2092 1867 2118 tui-

1078 2143 1128 2162 nus
1142 2137 1262 2162 existimo
1274 2136 1298 2162 in
1312 2137 1453 2170 Scriptmis
1465 2144 1541 2170 posse
1554 2136 1753 2171 comprehendi,
1764 2141 1865 2171 quanta

1078 2190 1161 2217 usque
1173 2183 1207 2210 ad
1222 2184 1300 2210 tincm
1315 2183 1401 2210 futura
1413 2187 1466 2210 sint
1476 2188 1604 2218 tempora,
1613 2183 1824 2218 quandoquidem
1836 2183 1865 2210 in

1079 2228 1118 2255 eis
1128 2229 1239 2263 legimus
1254 2237 1261 2255 :
1279 2228 1362 2255 Nemo
1369 2233 1446 2263 potest
1457 2237 1603 2264 cognoscere
1612 2234 1733 2264 tempora,
1745 2237 1801 2263 qua:
1810 2228 1866 2255 Pa-
1891 2235 1892 2242 ‘

1078 2278 1115 2300 ter
1128 2274 1209 2308 posuit
1218 2274 1244 2300 iu
1254 2282 1300 2300 sua
1312 2278 1441 2309 potestate.
1458 2273 1531 2301 Unde
1544 2274 1566 2301 si
1586 2274 1641 2309 jam
1658 2274 1733 2301 nobis
1745 2273 1865 2301 certissi-

1080 2326 1124 2346 me
1136 2318 1284 2346 nuntiatum
1294 2318 1387 2345 fuisset
1396 2318 1422 2345 in
1430 2318 1553 2346 omnibus
1561 2319 1683 2353 gentibus
1691 2318 1864 2353 Evangelium

1077 2364 1226 2399 praedicari,
1240 2370 1289 2390 nec
1302 2363 1341 2390 sic
1349 2371 1489 2398 possemus
1499 2364 1586 2391 dicere
1597 2369 1722 2398 quantum
1735 2364 1864 2398 temporis

1077 2415 1227 2436 remaneret
1237 2416 1321 2443 usque
1335 2409 1368 2435 ad
1388 2409 1482 2441 linem;
1498 2409 1544 2435 sed
1566 2410 1650 2443 magis
1662 2409 1797 2444 magisque
1808 2410 1864 2443 jam

1077 2455 1253 2490 propinquare
1262 2456 1355 2482 merito
1366 2455 1522 2482 diceremus.
1534 2455 1588 2482 Nisi
1601 2455 1659 2489 quis
1668 2455 1737 2482 forte
1749 2463 1864 2490 respon-

1076 2500 1147 2531 deat,
1162 2504 1233 2527 tanta
1255 2500 1392 2527 celeritate
1416 2501 1557 2534 praedicata
1571 2500 1714 2535 Evangelio
1729 2501 1865 2528 Romanas

1076 2550 1169 2580 gentes
1193 2550 1220 2572 et
1240 2545 1379 2580 plerasque
1402 2546 1527 2573 barbaras
1548 2552 1700 2580 occupatas,
1722 2552 1800 2581 atque
1827 2547 1863 2573 ita

1076 2592 1217 2619 nonnullas
1229 2599 1281 2619 non
1298 2592 1432 2626 paulatim,
1446 2592 1494 2619 sed
1518 2592 1604 2619 subito
1627 2593 1660 2619 ad
1674 2593 1751 2620 fidem
1764 2592 1863 2620 Christi

1077 2636 1158 2664 fuisse
1170 2644 1322 2670 conversas,
1334 2642 1362 2664 ut
1375 2644 1429 2664 non
1451 2638 1485 2664 sit
1503 2637 1658 2666 incredibile
1670 2639 1760 2673 paucis
1773 2639 1862 2671 annis,

1076 2683 1126 2710 etsi
1137 2690 1189 2710 non
1200 2683 1260 2710 vita:
1270 2687 1367 2709 nostra:
1377 2682 1421 2717 qui
1432 2683 1487 2717 jam
1497 2683 1643 2715 senuimus,
1653 2687 1725 2711 certe
1735 2683 1863 2718 iuvenum

1076 2730 1120 2764 qui
1130 2729 1234 2757 venturi
1245 2733 1306 2755 sunt
1319 2728 1352 2755 ad
1369 2732 1512 2762 senectam,
1528 2728 1664 2756 universas
1675 2729 1783 2756 omnino
1794 2727 1864 2756 resi-

1077 2775 1143 2807 duas
1157 2779 1250 2809 gentes
1261 2773 1404 2809 Evangelio
1417 2780 1495 2808 posse
1504 2774 1639 2808 compleri.
1649 2772 1702 2802 Sed
1714 2774 1738 2801 si
1751 2774 1786 2801 ita
1797 2774 1862 2805 erit,

1076 2820 1190 2853 facilius,
1201 2827 1261 2847 cum
1274 2819 1369 2847 factum
1381 2819 1469 2853 fuerit,
1483 2819 1588 2854 probari
1600 2820 1769 2855 experiendo,
1783 2827 1863 2855 quam

1075 2866 1196 2902 legendo,
1210 2869 1351 2893 anteanam
1367 2864 1421 2898 fiat,
1436 2865 1547 2893 inveniri
1560 2870 1656 2901 potest.
