4120 6358
314 304 411 363 901

386 420 438 474 5.
469 416 579 471 lloc
604 428 688 468 me
716 411 967 482 compulit
993 410 1169 465 dicere
1196 407 1469 479 cujusdam
1500 406 1699 477 opinio,
1730 416 1887 473 quem

317 510 596 581 presbyter
637 519 849 576 quoque
891 503 1243 572 Hieronymus
1267 501 1586 555 temeritatis
1612 506 1760 552 notat
1790 495 1886 565 (a),

315 602 456 668 quod
504 613 665 654 ausus
704 594 863 652 fuerit
900 593 1132 650 Danielis
1179 590 1549 647 “ebdomadas
1572 589 1639 644 de
1662 588 1890 641 adventu

314 692 512 749 Christi
536 691 728 753 futuro,
751 702 857 742 non
874 686 941 741 de
970 685 1237 756 praeterito
1256 698 1541 755 exponere.
1562 682 1618 735 Si
1647 679 1773 750 quid
1798 695 1894 732 au-

318 798 424 838 tem
454 798 551 852 pro
579 781 784 836 meritis
826 778 1137 848 potioribus,
1170 784 1368 831 sanctae
1400 772 1682 827 humilitati
1713 768 1890 825 cordis

318 878 394 930 tui
447 874 702 929 Dominus
733 871 924 925 melius
948 869 1204 923 revelavit
1247 866 1359 922 sive
1388 863 1717 927 revelaverit,
1769 870 1892 931 peto

320 966 593 1020 nobiscum
619 961 1009 1018 communicare
1023 956 1275 1029 digneris,
1295 967 1348 1011 et
1371 958 1482 1010 haec
1504 964 1680 1011 nostra
1702 952 1895 1007 rescri-

320 1069 406 1126 pta
436 1057 512 1111 sic
540 1055 801 1124 accipere,
843 1061 1094 1121 tanquam
1127 1051 1376 1114 hominis,
1421 1049 1506 1117 qui
1536 1047 1750 1102 mallem
1777 1046 1893 1115 qui-

318 1150 440 1203 dem
483 1160 669 1201 eorum
721 1158 840 1214 qua:
870 1158 899 1195 a
930 1157 1015 1196 me
1059 1139 1341 1210 inquisisti,
1382 1139 1573 1193 habere
1617 1136 1893 1192 scientiam

318 1252 474 1307 quam
504 1233 886 1305 ignorantiam;
908 1231 1009 1286 'sed
1030 1231 1151 1300 quia
1189 1230 1240 1284 id
1263 1228 1493 1283 nondum
1514 1228 1681 1299 potui,
1712 1226 1888 1296 magis

319 1330 460 1399 eligo
510 1335 720 1381 cautam
770 1323 1124 1394 ignorantiam
1178 1319 1441 1388 conﬁteri,
1492 1334 1653 1391 quam
1707 1317 1893 1374 falsam

321 1420 595 1474 scientiam
639 1416 892 1487 proﬁteri.

764 1524 1090 1582 EPISTOLA
1128 1523 1375 1579 CXCVIII
1409 1526 1427 1546 ‘
1449 1523 1542 1591 (b).

326 1620 376 1673 11
382 1619 608 1691 esgchius
630 1617 926 1688 Augustino,
948 1615 1240 1685 signiﬁcans
1268 1612 1590 1667 consideratis
1616 1611 1793 1665 divinis
1818 1620 1894 1664 te-

393 1709 639 1765 stimoniis
659 1708 721 1761 de
744 1706 916 1761 seaculi
937 1706 1037 1772 ﬁne
1056 1704 1213 1759 videri
1238 1704 1333 1759 sibi
1357 1703 1490 1756 diem
1512 1702 1706 1770 quidem
1732 1712 1779 1755 et
1804 1702 1897 1755 ho-

393 1819 502 1856 ram
524 1802 548 1869 Ῑ
548 1810 715 1853 rustra
733 1798 918 1868 inquiri
942 1812 960 1857 ;
988 1806 1207 1850 attamen
1231 1794 1462 1865 cognosci
1490 1810 1632 1865 posse
1654 1810 1717 1848 ea:
1739 1793 1898 1864 signis

394 1909 513 1946 num
530 1893 643 1962 jam
664 1891 811 1943 instet
835 1900 1027 1957 tempus
1047 1887 1286 1939 adventus
1315 1884 1517 1949 Christi,
1549 1900 1694 1955 quem
1718 1892 1771 1938 ut
1797 1884 1897 1938 cito

395 1996 655 2042 venturum
683 1985 764 2055 pie
789 1981 1065 2053 exspectari
1086 1982 1247 2033 docet.

326 2078 550 2132 Domino
586 2074 921 2136 beatissimo,
954 2080 1008 2125 et
1043 2070 1298 2124 charitate
1338 2068 1693 2122 sincerissima
1730 2082 1897 2123 vene-

399 2147 566 2201 rando
606 2143 753 2197 fratri
791 2152 845 2197 et
885 2141 1199 2211 coepisc0po
1227 2141 1547 2204 Aecusrmo,
1582 2138 1899 2208 Hssvcuws,

399 2218 452 2271 in
479 2216 700 2270 Domino
720 2214 967 2269 salutem.

399 2311 451 2364 1.
484 2305 799 2361 Desideranti
819 2314 864 2358 et
892 2301 1197 2373 exspectanti
1222 2301 1344 2355 mihi
1362 2310 1562 2355 sanctus
1582 2299 1903 2371 compresbg-

266 2393 280 2404 ’
329 2411 403 2453 ter
420 2407 587 2452 noster
612 2394 862 2451 Cornutus
890 2394 1078 2448 litteras
1105 2392 1306 2453 pertulit
1329 2408 1453 2460 quas
1478 2391 1674 2454 misisti,
1695 2406 1808 2460 qute
1826 2406 1904 2444 me

329 2490 669 2558 lattiﬁcarunt,
690 2486 809 2557 quia
836 2484 1125 2539 memoriam
1150 2482 1306 2536 nostri
1324 2481 1506 2535 bonam
1521 2478 1702 2534 habere
1722 2480 1904 2550 digna-

332 2595 413 2633 tus
436 2594 509 2643 es,
537 2577 623 2647 qui
648 2586 693 2629 et
718 2575 840 2629 mihi
864 2574 1057 2646 paucis,
1086 2588 1311 2627 sermone
1333 2572 1537 2642 praprio
1563 2579 1751 2625 sanctte
1771 2586 1906 2625 mcu-

330 2670 396 2722 tis
415 2678 534 2733 tuaz,
557 2671 620 2719 de
640 2666 717 2720 his
741 2680 852 2734 qua:
868 2664 1122 2731 petieram,
1142 2662 1195 2715 in
1223 2663 1435 2716 transitu
1456 2661 1769 2732 signiﬁcasti.
1787 2659 1903 2714 Ali-

330 2770 516 2831 quanta
539 2770 707 2812 autem
727 2757 789 2810 de
825 2755 1080 2828 opusculis
1105 2754 1267 2808 sancti
1306 2753 1692 2824 compresbyteri
1717 2751 1905 2806 IIiero-

333 2851 471 2921 ngmi
490 2848 789 2920 adjunxisti,
811 2856 865 2900 ut
888 2862 1049 2899 meam
1077 2844 1395 2914 quastionem
1421 2843 1627 2897 lectione
1654 2845 1762 2914 ejus
1787 2860 1909 2913 ape-

330 2943 403 2995 ris
422 2941 485 2994 de
495 2940 681 2995 sanctis
702 2938 982 3008 Scripturis
999 2936 1197 3005 explere
1219 2951 1436 3005 possem.
1454 2934 1523 2988 Et
1543 2935 1660 3005 quia
1676 2936 1907 3006 dignatus

333 3051 386 3088 es
407 3035 462 3087 id
483 3042 642 3103 petere
660 3048 693 3085 a
715 3031 872 3095 nobis,
899 3040 952 3083 ut
978 3029 1098 3095 quid
1125 3029 1421 3083 senserimus
1445 3028 1506 3081 de
1530 3029 1651 3099 ipsis
1669 3030 1906 3098 quiestio-

334 3126 499 3190 nibus,
542 3141 630 3193 per
650 3122 837 3176 litteras
865 3132 966 3176 tua:
986 3121 1334 3175 sincerissima:
1359 3120 1594 3196 charitati
1620 3122 1907 3175 insinuare-

334 3229 487 3280 ntus;
511 3214 579 3268 ad
602 3232 661 3268 ea
686 3213 749 3267 de
770 3214 947 3285 quibus
973 3213 1165 3282 scripta
1192 3213 1308 3283 legi,
1339 3222 1489 3284 prout
1512 3213 1790 3268 intellectus
1808 3214 1914 3269 eai-

336 3323 465 3377 guus
494 3321 617 3360 mea:
662 3305 1022 3359 mediocritatis
1066 3305 1249 3359 sentire
1295 3306 1453 3374 potuit
1496 3314 1585 3358 aut
1611 3305 1909 3376 intelligere,

318 3399 473 3466 .infra
495 3395 694 3464 scripsi.

405 3485 462 3541 Ω.
502 3486 630 3540 Cum
663 3484 757 3539 Dei
796 3470 1147 3555 omnipotentis
1183 3483 1454 3538 conditoris
1491 3484 1640 3537 totius
1674 3492 1915 3538 creatura

337 3579 544 3632 arbitrio
564 3587 611 3633 et
641 3587 880 3647 potestate
910 3588 1091 3632 cuncta
1108 3589 1382 3649 gerantur;
1402 3579 1478 3632 vel
1496 3593 1609 3647 quia
1630 3581 1762 3650 facta
1776 3587 1912 3647 sunt,

336 3670 414 3723 uel
437 3685 551 3741 quae
570 3670 719 3723 etiam
745 3669 915 3738 futura
934 3678 1070 3735 sunt,
1088 3679 1375 3724 sanctorum
1423 3667 1800 3740 Prophetarum
1820 3685 1912 3723 vo-

338 3763 475 3817 cibus
504 3772 885 3833 cognoscuntur,
904 3762 988 3832 qui
1010 3763 1299 3832 priusquam
1314 3763 1486 3832 ﬁerent
1516 3780 1574 3818 ea
1602 3778 1713 3831 qua:
1740 3765 1913 3834 futura

340 3862 499 3917 erum,
517 3854 768 3908 voluntate
787 3853 956 3907 divina
980 3853 1260 3908 hominibus
1279 3863 1395 3908 sunt
1425 3852 1595 3907 locuti.
1628 3852 1774 3909 Unde
1793 3855 1914 3908 satis

338 3946 668 3999 admiratione
684 3945 884 4015 plenum
908 3954 979 3998 est
1006 3946 1045 3998 si
1065 3944 1273 3999 eaDeus
1293 3961 1404 4015 quae
1418 3946 1624 4015 prtedici
1643 3944 1795 3998 voluit
1810 3986 1826 4010 ,
1848 3945 1916 3998 ad

340 4037 594 4091 hominum
633 4052 806 4089 sensus
841 4036 1036 4103 penitus
1064 4051 1164 4087 non
1192 4051 1335 4102 pesse
1359 4036 1614 4103 pervenire
1640 4035 1912 4099 constituit,

338 4127 612 4181 secundum
636 4127 729 4179 hoc
753 4124 1029 4193 capitulum
1054 4124 1190 4193 quod
1218 4122 1465 4177 Dominus
1482 4122 1639 4177 beatis
1664 4124 1917 4192 Apostolis

338 4219 537 4272 loculus
556 4226 651 4283 est,
684 4216 891 4269 dicens:
924 4233 943 4266 t
970 4213 1135 4267 Nemo
1163 4222 1322 4284 potest
1354 4229 1649 4285 cognoscere
1671 4224 1913 4285 tempora,

336 4325 454 4381 quia
492 4308 649 4362 Pater
680 4307 844 4378 posuit
884 4307 936 4360 in
971 4322 1064 4360 sua
1095 4314 1351 4377 potestate.
1383 4324 1403 4357 ι
1446 4305 1679 4359 Primum
1716 4308 1832 4377 quia
1864 4308 1917 4362 in

337 4400 698 4471 antiquissimis
736 4398 875 4454 libris
911 4396 1253 4452 Ecclesiarum
1291 4414 1393 4452 non
1435 4398 1508 4457 ita
1545 4400 1788 4468 scriptum
1822 4410 1911 4467 est,

346 4512 369 4545 e
394 4490 561 4546 Nemo
589 4499 781 4562 potest;
802 4509 820 4542 ι
849 4491 937 4544 sed
976 4490 1217 4559 scriptum
1255 4498 1345 4553 est,
1382 4508 1399 4541 I
1430 4489 1547 4545 Non
1587 4503 1659 4545 est
1703 4500 1919 4547 vestrum

340 4598 487 4636 nosse
526 4590 749 4650 tempora
786 4580 863 4635 vel
902 4590 1181 4644 momenta,
1205 4595 1319 4650 quae
1348 4577 1505 4634 Pater
1537 4581 1702 4650 posuit
1731 4582 1782 4635 in
1826 4599 1919 4636 sua

343 4682 583 4745 potestate
608 4688 628 4727 :
658 4691 676 4724 ι
720 4688 833 4743 quia
874 4672 1005 4726 ratio
1045 4672 1289 4726 sermonis
1328 4674 1547 4741 sequenti
1601 4672 1745 4726 verba
1790 4681 1921 4728 recte

342 4764 649 4836 completur,
683 4781 796 4818 cum
830 4766 970 4833 dicit,
1005 4783 1026 4817 α
1050 4764 1155 4819 Sed
1177 4764 1316 4819 eritis
1346 4765 1473 4818 mihi
1519 4773 1663 4819 testes
1686 4766 1740 4818 in
1764 4763 1920 4819 Jeru-

342 4856 520 4923 salem,
542 4864 589 4909 et
613 4856 667 4908 in
692 4854 897 4919 Judtea,
923 4863 970 4909 et
996 4855 1049 4908 in
1084 4855 1343 4921 Samaria,
1362 4865 1407 4909 et
1428 4872 1581 4926 usque
1598 4854 1666 4908 ad
1689 4856 1920 4909 ultimum

344 4954 491 4999 terra:
517 4964 536 4996 ι
571 4944 703 5017 (Act.
731 4960 770 5009 ι,
794 4945 850 5012 ’7,
876 4945 953 5017 8).
1004 4943 1126 4999 Non
1165 4961 1283 5016 ergo
1313 4944 1579 5017 Apastolos
1615 4957 1757 5000 testes
1797 4964 1921 5001 con-

342 5036 693 5090 summationis
720 5035 916 5102 mundi,
945 5034 1034 5090 sed
1075 5035 1291 5089 nominis
1330 5043 1378 5090 et
1420 5038 1793 5093 resurrectionis
1818 5053 1925 5092 suae

345 5125 498 5179 soluit
525 5125 759 5197 intelligi.
1438 5114 1443 5119 ’

413 5216 469 5271 3.
518 5215 658 5271 Nam
700 5216 765 5270 de
800 5216 1103 5289 temporibus
1139 5218 1492 5289 cognoscendis
1532 5219 1642 5289 ipse
1682 5218 1924 5275 Dominus

343 5316 547 5363 monet:
581 5328 599 5361 ι
627 5307 872 5375 Quisnam
895 5317 967 5363 est
1009 5307 1176 5378 ﬁdelis
1203 5325 1374 5364 servus
1411 5318 1459 5364 et
1500 5310 1720 5381 prudens
1739 5354 1753 5378 ,
1778 5329 1924 5382 quem

342 5440 716 5566 αἱᾉίὲθὲῗεω
733 5440 847 5492 Cdd.
873 5447 1084 5506 excepto
1116 5452 1214 5491 uno
1242 5440 1319 5491 sb.
1341 5448 1393 5492 et
1412 5442 1612 5507 insuper
1641 5443 1701 5493 ad
1731 5458 1817 5509 gg.
1842 5458 1922 5496 ea-

430 5586 482 5650 ςι)
513 5587 845 5650 Hieronymus.
867 5586 917 5636 in
955 5593 1070 5635 nam
1094 5585 1213 5650 οοθς

431 5646 481 5714 b)
513 5646 639 5698 Alias
657 5646 720 5697 79
745 5661 757 5696 :
783 5661 894 5714 quae
925 5654 1092 5699 autem
1139 5648 1226 5698 198
1273 5655 1404 5711 erat,
1429 5661 1555 5699 nunc
1602 5648 1707 5701 148.
1741 5650 1922 5714 Scripta

349 5711 490 5762 sauia
512 5718 619 5771 post
639 5710 962 5772 superiorem.

1450 291 1775 350 EPISTOIA
1788 284 1933 343 ιιωι
1971 283 2249 346 CLASSIS
2283 288 2366 345 III.

3468 290 3579 349 Μ

1994 405 2248 459 constituit
2281 403 2522 461 Dominus
2541 422 2692 477 super
2720 404 2966 475 familiam
2987 422 3153 472 suam,
3184 415 3238 461 ut
3265 406 3347 463 det
3373 408 3475 463 illis
3502 409 3575 462 ei-

1994 494 2112 548 bum
2136 495 2187 549 in
2217 497 2472 566 tempore?
2498 496 2685 552 Beatus
2710 497 2798 553 ille
2818 513 2989 553 servus
3006 514 3151 563 quem
3175 498 3373 555 veniens
3399 498 3570 555 Domi-

1996 602 2089 639 nus
2116 587 2228 657 ejus
2250 586 2488 643 invenerit
2514 588 2586 643 sic
2609 589 2888 659 facientem.
2916 608 2936 643 ι
2970 587 3191 644 Familia
3215 588 3400 645 Christi
3426 591 3573 649 verba

2000 678 2370 747 praedicationis
2402 679 2641 748 pascitur,
2671 689 2719 735 et
2739 681 2909 749 ﬁdelis
2933 683 3154 752 famulus
3191 681 3456 749 invenitur,
3486 684 3573 753 qui

1994 768 2049 822 in
2074 778 2292 839 tempore
2316 771 2709 838 exspectantibus
2733 770 3027 838 Dominum,
3051 772 3381 826 necessariam
3405 789 3570 827 escam

1997 858 2306 914 credentibus
2329 871 2552 930 prastat.
2593 860 2765 916 Malus
2798 863 2930 915 enim
2951 879 3118 918 servus
3149 862 3220 916 sic
3245 864 3572 931 reprehendi-

1996 957 2078 1002 tur
2100 966 2119 1003 :
2145 968 2163 1001 ι
2197 951 2343 1016 Quod
2367 952 2412 1006 si
2438 952 2620 1006 dixerit
2663 953 2826 1007 malus
2859 969 3047 1021 servus,
3080 952 3279 1008 Moram
3318 955 3439 1025 facit
3475 955 3571 1009 do-

1997 1043 2163 1095 minus
2192 1060 2331 1098 meus
2358 1045 2557 1110 venire;
2585 1045 2741 1098 veniet
2776 1045 3007 1100 dominus
3035 1047 3144 1117 ejus
3171 1048 3224 1100 in
3249 1047 3331 1101 die
3359 1063 3461 1115 qua
3488 1066 3575 1101 ne-

1995 1135 2105 1200 scit,
2134 1144 2181 1187 et
2202 1134 2328 1189 hora
2352 1153 2450 1206 qua
2474 1137 2707 1208 ignorat;
2736 1156 2756 1189 ι
2781 1146 2827 1191 et
2846 1137 3057 1207 reliqua.
3090 1136 3216 1190 Item
3237 1138 3403 1208 arguit
3421 1154 3577 1207 quare

1996 1234 2190 1294 tempus
2216 1243 2315 1281 non
2341 1238 2663 1297 agnoscatur,
2690 1228 2903 1283 dicendo
2926 1245 2944 1285 :
2972 1247 2994 1281 ι
3026 1227 3321 1301 Hypanim
3339 1268 3354 1294 ,
3395 1230 3577 1301 faciem

1996 1317 2109 1371 carli
2143 1318 2298 1372 nostis
2335 1318 2564 1388 probare,
2592 1329 2785 1390 tempus
2810 1320 2904 1374 hoc
2938 1336 3093 1391 quare
3120 1298 3219 1373 min
3258 1320 3527 1391 agnoscitis
3553 1340 3572 1372 ι

1999 1408 2151 1479 (Luc.
2172 1426 2270 1473 xu,
2292 1410 2383 1479 42,
2406 1411 2497 1477 4⁸5,
2520 1412 2609 1478 45,
2626 1411 2750 1483 56)?
2775 1410 2905 1465 Item
2930 1412 3198 1479 Apostolus
3220 1424 3239 1443 ο
3269 1430 3287 1462 ι
3312 1409 3377 1464 In
3408 1412 3577 1465 novis-

1995 1500 2136 1556 simis
2151 1500 2323 1555 diebus
2351 1501 2605 1555 instabunt
2632 1511 2857 1573 tempora
2881 1502 3164 1572 periculosa
3192 1521 3211 1554 ι
3236 1501 3307 1569 (11
3332 1500 3466 1554 Tim.
3494 1516 3573 1565 ιιι,

1998 1591 2024 1645 1
2046 1588 2098 1661 ):
2123 1598 2168 1643 et
2210 1591 2422 1661 reliqua.
2449 1589 2578 1645 Item
2598 1591 2868 1661 Apostolus
2891 1606 2910 1645 :
2939 1611 2957 1643 ι
2980 1591 3056 1644 De
3083 1592 3389 1661 temporibus
3406 1601 3574 1644 autem

1998 1690 2044 1733 et
2069 1681 2330 1753 mamentis
2366 1698 2466 1736 non
2502 1698 2698 1736 necesse
2737 1681 2975 1736 habemus
3017 1682 3152 1735 vobis
3194 1681 3407 1737 scribere
3442 1696 3460 1735 :
3489 1697 3578 1735 vos

1998 1772 2130 1826 enim
2164 1772 2259 1842 ipsi
2284 1772 2547 1844 diligenter
2572 1774 2709 1828 scitis
2732 1774 2852 1844 quia
2877 1773 2981 1827 dies
3018 1773 3243 1839 Domini,
3266 1774 3391 1826 sicut
3413 1775 3498 1841 fur
3523 1773 3578 1826 in

2000 1874 2159 1928 nocte,
2187 1864 2258 1917 ita
2281 1866 2457 1919 veniet.
2500 1864 2625 1920 Cum
2653 1866 2782 1919 enim
2811 1865 3045 1927 dixerint,
3082 1864 3197 1918 Pax
3223 1875 3268 1919 et
3296 1866 3576 1929 securitas;

2000 1962 2117 2008 tunc
2140 1955 2428 2010 subitaneus
2454 1956 2558 2010 illis
2584 1956 2841 2027 apparebit
2868 1956 3115 2022 interitus,
3142 1954 3392 2018 quomodo
3427 1955 3576 2009 dolo-

2002 2062 2080 2099 res
2106 2047 2446 2115 parturientis,
2468 2056 2630 2101 etnon
2654 2046 2892 2116 elfugient
2915 2066 2935 2100 ι
2956 2046 3000 2119 (1
3014 2045 3185 2102 Thess.
3204 2062 3258 2113 γ,
3283 2047 3420 2119 ινδ).
3448 2046 3580 2101 Item

2002 2137 2272 2207 Apostolus
2307 2154 2326 2193 :
2369 2158 2388 2192 ι
2422 2137 2545 2193 Νοη
2584 2140 2801 2194 retinetis
2844 2140 3085 2194 memOria
3119 2141 3236 2211 quia
3272 2156 3387 2193 cum
3422 2156 3580 2195 essem

2003 2228 2143 2294 apud
2185 2244 2270 2283 vos
2291 2268 2307 2295 ,
2336 2228 2442 2284 htec
2478 2230 2702 2285 dicebant
2728 2230 2863 2285 vobis
2881 2231 2907 2284 .9
2944 2229 3007 2283 Et
3036 2246 3170 2284 nunc
3195 2230 3315 2300 quid
3344 2232 3578 2295 detineat,

2003 2317 2155 2384 scitis,
2186 2327 2240 2370 ut
2267 2319 2507 2372 reveletur
2530 2321 2582 2374 in
2608 2337 2699 2374 suo
2722 2330 2961 2391 tempore.
3002 2320 3143 2374 Nam
3170 2322 3457 2391 mysterium
3482 2321 3585 2375 ini-

2005 2408 2206 2477 quitatis
2227 2409 2341 2479 jam
2380 2419 2650 2481 operatur;
2678 2409 2981 2487 tantumqui
3017 2420 3177 2475 tenet,
3204 2410 3354 2464 modo
3400 2419 3580 2476 teneat,

2006 2500 2161 2554 donec
2180 2501 2242 2553 de
2257 2501 2418 2555 medio
2439 2503 2527 2571 ﬁat
2546 2516 2566 2557 :
2583 2513 2629 2557 et
2644 2512 2762 2556 tunc
2780 2502 3074 2556 revelabitur
3090 2503 3179 2558 ille
3192 2503 3411 2573 iniquus,
3435 2520 3582 2574 quens

2007 2590 2254 2647 Dominus
2275 2592 2428 2647 Jesus
2452 2595 2713 2663 intcrﬁciet
2734 2594 2915 2664 spiritu
2949 2595 3051 2649 oris
3088 2596 3168 2649 sui
3195 2614 3213 2647 ι
3238 2596 3303 2664 (II
3327 2596 3500 2649 Thess.
3522 2612 3581 2663 ιι,

2008 2682 2156 2752 5-8).
2198 2680 2328 2737 Item
2369 2683 2617 2737 Dominus
2658 2686 2709 2737 in
2750 2684 3021 2755 Evangelia
3066 2686 3288 2755 increpat
3332 2683 3542 2738 Iudaeas
3567 2700 3586 2739 :

2015 2790 2033 2823 ‹
2060 2771 2124 2826 Et
2152 2782 2226 2835 tu,
2259 2774 2303 2829 si
2325 2775 2635 2845 cognovisses
2671 2784 2862 2843 tempus
2892 2776 3189 2830 uisitationis
3218 2786 3336 2837 tute,
3368 2777 3581 2846 forsitan

2011 2866 2363 2935 permansisses
2379 2882 2400 2932 ;
2419 2883 2552 2920 nunc
2566 2877 2731 2920 autem
2750 2866 3039 2921 abscondita
3059 2875 3174 2921 sunt
3188 2867 3251 2920 ab
3262 2867 3417 2921 oculis
3439 2868 3535 2921 tuis
3559 2886 3579 2919 ›

2013 2956 2158 3029 (Luc.
2184 2975 2299 3021 XIX,
2326 2958 2436 3030 42).
2479 2958 2547 3013 Et
2588 2959 2838 3019 Dominus
2873 2960 2945 3014 sic
2973 2961 3212 3030 prwdicat
3243 2960 3311 3013 ad
3335 2958 3543 3014 Iudaeos
3568 2975 3588 3013 .'

2018 3067 2036 3099 ι
2066 3047 2415 3103 Ρωηὶιεηιίαιη
2462 3052 2593 3121 agite
2612 3066 2634 3115 ;
2679 3052 2927 3119 completa
2963 3058 3080 3104 sunt
3128 3060 3380 3121 tempora,
3406 3051 3589 3104 credite

2012 3136 2286 3210 Evangelia
2310 3157 2327 3191 ι
2364 3139 2548 3213 (Marc.
2575 3157 2613 3205 ι,
2635 3141 2743 3212 15).
2787 3141 2853 3195 Et
2893 3142 2961 3194 ad
2982 3140 3191 3196 Iudicas
3222 3143 3423 3213 quidem
3458 3153 3593 3197 recte

2013 3233 2260 3303 completa
2284 3235 2494 3301 dicebat,
2524 3235 2641 3306 quia
2664 3251 2836 3289 eorum
2864 3244 3089 3307 tempora
3117 3245 3229 3307 post
3261 3237 3371 3307 ejus
3401 3237 3590 3308 praedi-

2014 3323 2256 3377 cntionem
2284 3334 2329 3377 et
2356 3324 2557 3395 triginta
2589 3333 2636 3379 et
2672 3325 2919 3395 quinque,
2946 3326 3023 3380 vel
3060 3328 3395 3399 quadraginta
3432 3343 3593 3381 asinos

2017 3412 2161 3476 ﬁnita
2199 3422 2333 3467 sunt.
2376 3414 2440 3466 Et
2465 3415 2518 3467 in
2546 3414 2755 3468 Daniele
2776 3430 2795 3469 :
2820 3433 2839 3466 ι
2865 3415 3203 3491 Quoadusqne
3228 3417 3489 3488 interfecta
3514 3428 3590 3471 est

2016 3504 2187 3569 bestia,
2219 3515 2264 3559 et
2312 3507 2490 3574 periit,
2519 3517 2566 3561 et
2608 3524 2791 3579 corpus
2827 3509 2934 3578 ejus
2978 3510 3154 3583 datpm
3194 3519 3268 3564 est
3296 3520 3350 3563 ut
3387 3511 3593 3565 combu-

2016 3610 2190 3662 ratur;
2219 3607 2263 3651 et
2290 3598 2594 3667 reliquarum
2622 3599 2891 3654 bestiarum
2929 3618 3139 3671 regnum
3174 3601 3471 3655 translatum
3494 3611 3590 3669 est,

2018 3697 2062 3740 et
2092 3687 2383 3755 magnitudo
2410 3690 2523 3741 vita;
2546 3688 2664 3741 data
2690 3699 2758 3741 est
2784 3689 2856 3743 eis
2894 3706 3049 3759 usque
3082 3691 3147 3743 ad
3172 3699 3364 3761 tempus
3390 3701 3436 3745 et
3471 3701 3594 3744 tem-

2019 3796 2112 3850 pus
2135 3797 2154 3845 ;
2181 3798 2200 3831 ι
2231 3780 2367 3849 quod
2392 3796 2554 3850 graece
2576 3780 2777 3846 dicitur,
2805 3788 2886 3842 ἕως
2914 3793 3079 3852 χρόνον
3104 3793 3186 3837 καὶ
3204 3793 3388 3852 καιροῦ.
3417 3782 3484 3835 Et
3506 3785 3594 3838 in-

2017 3872 2236 3941 sequitur
2259 3886 2278 3924 :
2299 3890 2315 3921 ι
2342 3870 2408 3923 Et
2435 3888 2546 3924 ecce
2571 3888 2681 3925 cum
2709 3872 2919 3925 nubibus
2944 3873 3053 3927 caeli
3078 3873 3223 3941 quasi
3244 3871 3411 3926 Filius
3437 3874 3599 3928 homi-

2019 3963 2097 4015 nis
2115 3961 2311 4015 veniens
2334 3979 2353 4012 ι
2383 3960 2638 4033 (Dan.vtt,
2663 3959 2867 4033 lI-I5).
2896 3961 3191 4032 Mysterium
3221 3965 3386 4017 bestia:
3411 3952 3600 4018 e'reli-

2019 4070 2229 4123 quarum
2265 4053 2533 4107 bestiarum
2568 4052 2894 4107 translatione
2931 4052 3318 4125 intelligentibus
3362 4054 3599 4125 Scriptu-

2020 4162 2128 4198 ram
2156 4146 2475 4213 manifestum
2501 4154 2593 4198 est.

2090 4238 2143 4292 4.
2184 4237 2436 4291 Adventus
2465 4236 2668 4291 Domini
2697 4236 2982 4308 diligendus
3023 4245 3094 4292 est
3130 4246 3176 4291 et
3215 4240 3603 4309 exspectandus.

2023 4328 2113 4383 Est
2138 4326 2267 4383 enim
2292 4345 2480 4400 magna
2515 4327 2767 4382 beatitudo
2811 4326 3127 4399 diligentibus
3169 4330 3277 4400 ejus
3310 4329 3603 4392 adventum,

2022 4423 2148 4475 sicut
2177 4420 2510 4475 testimonium
2533 4420 2752 4490 perhibet
2772 4420 2944 4474 beatus
2962 4421 3218 4491 apostolus
3230 4420 3426 4477 Paulus
3440 4437 3459 4476 .'
3490 4442 3513 4474 ε
3532 4422 3613 4475 De

2023 4521 2217 4574 caetero,
2234 4530 2252 4562 ι
2278 4512 2451 4582 inquit,
2482 4529 2501 4562 ι
2525 4511 2746 4581 reposita
2764 4520 2836 4564 est
2852 4509 2976 4563 mihi
2994 4526 3179 4564 corona
3191 4510 3421 4583 justitite,
3457 4529 3607 4582 quam

2022 4601 2194 4657 reddet
2219 4602 2341 4655 mihi
2366 4599 2612 4655 Dominus
2627 4601 2801 4673 justus
2816 4600 2980 4672 judex
3008 4599 3060 4654 in
3088 4599 3178 4654 illa
3220 4601 3301 4655 die
3327 4616 3346 4655 :
3372 4618 3477 4655 non
3512 4618 3607 4653 au-

2024 4702 2120 4746 tem
2137 4691 2259 4745 mihi
2274 4690 2457 4757 solum,
2475 4690 2563 4745 sed
2582 4700 2625 4744 et
2646 4690 2708 4744 iis
2726 4691 2810 4760 qui
2830 4690 3043 4761 diligunt
3063 4689 3325 4744 adventum
3346 4689 3560 4745 Domini
3588 4712 3603 4739 ι

2029 4783 2088 4853 (11
2112 4781 2245 4836 Tim.
2273 4797 2360 4849 tv,
2381 4780 2458 4851 8).
2500 4780 2568 4835 Et
2588 4779 2838 4834 Dominus
2870 4780 2923 4834 in
2945 4779 3216 4852 Evangelia
3234 4796 3254 4835 :
3279 4800 3296 4833 t
3319 4779 3462 4835 Tunc
3478 4781 3609 4851 justi

2027 4872 2284 4945 fulgebunt
2299 4872 2427 4926 sicut
2451 4870 2530 4927 sol
2550 4872 2603 4925 in
2622 4888 2773 4943 regno
2793 4871 2952 4943 patris
2970 4871 3049 4925 sui
3079 4890 3098 4923 ι
3121 4870 3327 4942 (Matth.
3355 4887 3474 4937 xm,
3496 4871 3610 4939 45).

2026 4963 2156 5018 Item
2181 4963 2424 5035 propheta
2448 4978 2467 5017 :
2492 4981 2510 5015 ι
2534 4961 2664 5017 Ecce
2690 4962 2819 5016 enim
2849 4960 3064 5016 tenebris
3102 4971 3148 5015 et
3191 4962 3353 5032 caligo
3381 4959 3611 5032 operient

2027 5068 2212 5112 terram
2254 5072 2407 5127 super
2447 5062 2614 5131 gentes
2640 5069 2662 5119 ;
2684 5054 2737 5108 in
2765 5062 2812 5107 te
2837 5069 2951 5107 vero
2980 5052 3239 5125 apparebit
3268 5051 3528 5119 Dominus,
3566 5061 3613 5106 et

2028 5148 2263 5218 mujestas
2299 5148 2409 5217 ejus
2453 5146 2506 5200 in
2540 5155 2588 5200 te
2619 5144 2862 5199 videbitur
2884 5163 2904 5198 ›
2930 5142 3189 5216 (Isai.t.x,
3209 5143 3289 5214 2).
3337 5141 3471 5197 Item
3488 5160 3612 5214 pro-

2030 5239 2179 5310 pheta
2203 5254 2223 5293 :
2252 5256 2271 5289 t
2318 5237 2417 5304 Qui
2453 5252 2568 5291 vero
2603 5244 2888 5308 exspectant
2934 5234 3204 5289 Dominum
3226 5275 3242 5301 ,
3290 5234 3608 5289 exsultabunt

2029 5346 2142 5384 cum
2162 5329 2377 5394 virtute;
2406 5328 2678 5398 producent
2705 5344 2893 5399 pennas
2931 5327 3059 5381 sicut
3084 5325 3270 5396 aquilae
3288 5367 3303 5391 ,
3333 5336 3531 5379 current
3562 5342 3610 5381 eo

2030 5439 2131 5476 non
2147 5418 2463 5485 laborabunt,
2484 5418 2809 5473 ambulabunt
2824 5426 2869 5472 et
2894 5434 2994 5471 non
3014 5417 3257 5471 esurienti
3271 5415 3378 5489 (Id.
3399 5416 3555 5478 11.,3I
3569 5418 3607 5483 ).

2031 5512 2096 5565 Et
2121 5510 2341 5581 plurinta
2367 5509 2488 5564 talia
2504 5547 2520 5577 ,
2548 5525 2660 5581 quae
2682 5508 2750 5562 ad
2776 5508 3130 5563 beatitudinem
3148 5523 3323 5563 eorum
3342 5508 3610 5579 pertinere,

2029 5604 2115 5676 qui
2144 5603 2357 5673 diligunt
2380 5601 2650 5657 adventum
2678 5599 2899 5666 Domini,
2928 5600 3265 5656 inveniuntur.

2100 5699 2154 5753 5.
2188 5694 2336 5762 Quod
2360 5705 2527 5750 autem
2549 5711 2693 5751 nemo
2721 5697 2875 5767 possit
2900 5710 3159 5751 mensuras
3189 5707 3465 5757 temporum
3500 5696 3610 5751 col-
