4120 6358
500 343 623 410 905Δ

491 467 661 538 ligere,
693 445 1010 528 manifestum
1049 461 1139 508 est.
1178 445 1502 520 Evangelium
1532 442 1735 514 quidem
1762 443 1973 538 dicit
2005 443 2078 498 De

491 536 575 613 die
599 555 691 610 illa
712 562 756 608 et
788 553 911 606 hora
940 563 1082 602 nemo
1109 540 1241 599 scit:
1275 561 1294 593 ι
1321 557 1410 610 ego
1435 547 1599 591 autem
1631 552 1722 607 pro
1749 536 2084 605 possibilitate

492 647 770 702 intellectus
797 643 891 695 mei
916 641 1028 693 dico
1049 679 1063 703 ,
1087 651 1248 704 neque
1272 632 1404 685 diem
1422 671 1436 696 ,
1461 644 1619 700 neque
1648 644 1863 682 mensem
1889 667 1904 693 ,
1928 642 2086 696 neque

493 753 682 792 annum
721 734 961 788 adventus
989 729 1146 798 ipsius
1175 723 1291 779 sciri
1328 727 1514 792 posse;
1540 719 1628 773 sed
1654 719 1798 790 signa
1826 733 1941 790 quin
1968 727 2084 771 sunt

493 828 734 881 adventus
759 820 969 877 videnda
995 827 1041 873 et
1068 815 1334 876 credendo,
1360 821 1405 866 et
1425 819 1714 880 exspectare
1734 826 1811 862 me
1835 809 2081 871 convenit,

495 929 543 974 et
585 914 895 972 credentibus
933 926 1098 965 escam
1137 909 1266 961 hanc
1303 905 1605 966 retribuere,
1644 911 1698 955 ut
1743 909 2085 971 exspcctantes

496 1009 710 1080 diligant
735 1005 1002 1058 adventum
1031 1003 1160 1069 ejus,
1191 999 1277 1070 qui
1307 997 1455 1061 dixit,
1488 1014 1506 1047 ‹
1533 994 1662 1066 ,Ηωσ
1685 995 1854 1048 omnia
1881 1010 1994 1045 cum
2014 993 2085 1045 vi-

496 1101 686 1160 deritis,
707 1098 878 1152 scitote
897 1094 1133 1165 quoniam
1165 1106 1322 1160 prape
1349 1096 1418 1142 est
1449 1088 1502 1140 in
1518 1087 1715 1156 januis.
1743 1105 1761 1137 i
1788 1085 1949 1155 Signa
1968 1100 2086 1155 ergo

496 1191 782 1262 evangelica
805 1198 850 1242 et
873 1186 1164 1257 praphetica
1182 1198 1294 1252 quae
1315 1184 1369 1235 in
1393 1181 1534 1234 nobis
1562 1178 1812 1250 completa
1829 1186 1966 1242 sunt,
1991 1178 2086 1230 ad-

497 1293 693 1340 ventum
723 1281 926 1335 Domini
953 1279 1087 1332 mani
1095 1280 1295 1348 festam.
1332 1272 1469 1328 Nam
1503 1274 1692 1342 {rustra
1717 1280 1807 1324 aut
1835 1273 1920 1338 qui
1947 1285 2086 1340 qua:-

497 1385 647 1440 runt,
676 1385 762 1428 aut
783 1375 866 1442 qui
893 1371 1267 1426 calumniantur
1289 1410 1304 1433 ,
1332 1368 1438 1421 dies
1480 1375 1524 1419 et
1562 1381 1722 1418 annos
1761 1364 1813 1416 in
1855 1373 2088 1433 computo

497 1465 916 1539 comprehendere
941 1469 1170 1533 quazrunt
1193 1501 1206 1524 ,
1231 1475 1343 1512 cum
1373 1458 1622 1523 scriptum
1650 1455 1712 1508 sit
1736 1496 1751 1521 ,
1779 1455 1896 1523 quia
1938 1471 1956 1504 ι
1994 1453 2088 1505 nisi

498 1559 769 1615 abbreviati
798 1558 1004 1627 fuissent
1031 1556 1136 1607 dies
1162 1554 1257 1615 illi,
1284 1568 1385 1605 non
1413 1551 1548 1619 ﬁeret
1573 1549 1712 1603 salva
1742 1550 1904 1600 omnis
1932 1561 2049 1600 caro
2072 1561 2090 1599 :

499 1653 588 1708 sed
611 1661 811 1721 propter
826 1649 1001 1702 electos
1023 1644 1372 1699 breviabuntur
1389 1641 1494 1695 dies
1519 1641 1594 1693 illi
1607 1658 1624 1691 ι
1649 1637 1821 1711 (Matt.
1845 1635 2086 1700 xxiv,36,

502 1747 592 1811 33,
618 1744 732 1816 22).
766 1741 965 1797 Certum
996 1748 1065 1793 est
1096 1748 1288 1808 tempus
1323 1750 1492 1787 carere
1531 1740 1762 1802 computo
1787 1771 1801 1791 ,
1826 1730 1958 1798 quod
1977 1731 2091 1782 bre—

501 1837 741 1892 viandum
762 1843 830 1888 est
857 1850 888 1884 a
921 1830 1159 1894 Domina,
1192 1826 1276 1897 qui
1309 1835 1534 1894 tempora
1568 1822 1860 1885 constituit;
1903 1837 2092 1889 appro-

505 1932 772 2003 pinquasse
805 1935 969 1978 autem
1001 1922 1263 1975 adventum
1294 1919 1400 1988 ejus
1421 1957 1436 1981 ,
1480 1916 1625 1984 cujus
1666 1914 1809 1984 signa
1853 1912 2093 1965 adventus

504 2021 674 2090 aliqua
704 2016 924 2070 videmus
950 2029 1012 2066 ex
1034 2014 1095 2082 iis
1126 2025 1238 2082 qua:
1266 2011 1399 2080 facta
1429 2015 1564 2070 sunt,
1599 2020 1703 2058 esse
1741 2003 2006 2072 completa,
2048 2011 2094 2054 ct

429 2112 454 2150 Γ(
503 2112 683 2166 iterum
708 2109 858 2162 dicit:
890 2125 908 2158 ι
943 2103 1036 2158 His
1063 2115 1229 2156 autem
1251 2101 1360 2170 ﬁeri
1390 2098 1761 2168 incipientibus,
1786 2094 2094 2165 respirabitis

505 2211 550 2256 et
575 2200 794 2255 levabitis
837 2197 1002 2265 capita
1043 2203 1202 2246 vestra
1229 2234 1242 2255 ,
1271 2190 1520 2268 quoniam
1545 2185 1965 2257 appropinquabit
2011 2201 2091 2238 re-

505 2294 723 2364 demptio
759 2301 937 2344 vestra.
967 2307 984 2339 ι
1041 2285 1168 2351 Qua!
1198 2295 1364 2337 autem
1388 2283 1532 2352 signa
1559 2281 1690 2333 dixit
1717 2279 1953 2342 videnda,
1982 2295 2090 2330 ma-

505 2386 741 2457 nifestum
769 2391 838 2436 est
878 2381 930 2433 in
963 2376 1240 2448 Evangelia
1270 2375 1430 2427 sancti
1461 2372 1612 2424 Luae
1637 2385 1654 2423 :
1678 2389 1694 2420 ι
1724 2368 1788 2422 Et
1810 2368 2097 2422 Jerusalem

505 2477 778 2530 calcabitur
814 2489 845 2526 a
888 2459 1333 2542 gentibus,'danec
1378 2464 1683 2534 impleantur
1711 2471 1934 2532 tempora
1973 2478 2095 2531 gen-

507 2569 652 2622 tium.
678 2584 696 2617 ι
735 2563 844 2618 Hoc
870 2567 1059 2633 factum
1088 2568 1180 2625 est,
1207 2567 1251 2612 et
1279 2557 1390 2626 ﬁeri
1417 2554 1543 2608 nulli
1573 2554 1776 2606 dubium
1802 2562 1893 2606 est.
1926 2551 1988 2604 Et
2014 2552 2095 2604 in-

506 2661 730 2730 sequitur
753 2673 770 2712 :
794 2676 812 2709 ‹
838 2655 902 2709 Et
931 2662 1072 2708 erunt
1099 2652 1242 2721 signa
1271 2651 1324 2703 in
1352 2648 1458 2702 sole
1477 2689 1491 2712 ,
1525 2656 1568 2699 et
1595 2646 1715 2700 luna
1732 2685 1748 2710 ,
1771 2653 1816 2697 et
1842 2644 1895 2696 in
1918 2643 2094 2708 stellis,

514 2762 563 2804 et
588 2753 640 2804 in
677 2760 807 2803 terra
834 2761 1067 2817 pressura
1093 2743 1328 2813 gentium.
1362 2757 1380 2791 ι
1429 2737 1506 2790 Ea
1535 2752 1646 2806 qua:
1687 2735 1907 2806 patimur
1939 2734 2102 2803 conﬁ-

512 2842 607 2896 teri
640 2850 686 2895 et
715 2854 858 2909 paena
885 2834 1158 2904 compellit,
1182 2833 1223 2887 si
1253 2834 1382 2904 forte
1407 2845 1506 2883 non
1532 2838 1667 2881 curet
1691 2829 1921 2881 voluntas
1944 2842 1962 2879 :
1983 2843 2100 2880 nam

507 2936 561 2988 in
586 2949 686 2986 una
714 2940 935 3000 tempore
972 2935 1018 2980 et
1055 2925 1199 2994 signa
1224 2925 1274 2976 in
1315 2924 1456 2984 coelo,
1490 2929 1535 2975 et
1560 2937 1846 2990 pressuram
1874 2919 2099 2992 gentium

508 3027 561 3080 in
580 3024 721 3078 terris
738 3021 798 3075 ab
812 3018 1094 3073 hominibus
1111 3017 1265 3070 videri
1281 3024 1325 3067 et
1337 3014 1567 3068 sustineri
1583 3013 1900 3083 manifestum
1918 3021 1990 3066 est
2002 3009 2096 3084 (a).

510 3115 580 3171 Et
608 3113 925 3184 insequitur:
959 3127 979 3161 c
1002 3108 1349 3162 Arescentibus
1379 3103 1663 3158 hominibus
1691 3119 1797 3174 pra:
1822 3104 2025 3170 timore,
2053 3112 2101 3157 et

511 3206 878 3278 exspectatione
897 3217 1009 3271 qua:
1044 3198 1388 3270 supervenient
1418 3197 1646 3249 universo
1672 3194 1799 3247 orbi.
1835 3213 1852 3246 ι
1887 3192 2101 3247 Nullam

511 3297 760 3368 patriam,
795 3292 994 3345 nullum
1021 3297 1189 3343 locum
1226 3286 1409 3341 nostris
1449 3285 1754 3354 temporibus
1799 3301 1898 3338 non
1924 3285 2097 3354 aﬂngi;

509 3398 598 3440 aut
626 3382 884 3439 humiliari
909 3392 1102 3435 certum
1123 3388 1212 3446 est,
1237 3379 1363 3431 sicut
1389 3377 1576 3430 dictum
1602 3387 1694 3440 est,
1729 3394 1748 3426 ‹
1773 3391 1880 3447 pra:
1901 3377 2097 3439 timore,

508 3490 554 3534 et
589 3476 953 3548 exspectatione
991 3488 1104 3544 qua:
1136 3471 1479 3541 supervenient
1507 3470 1735 3524 universa
1758 3471 1863 3522 orbi
1893 3488 1910 3520 ι
1935 3467 2096 3541 (Luc.

507 3568 826 3640 xxr,24-28)
865 3585 877 3620 :
909 3577 952 3619 et
983 3566 1150 3618 omnia
1175 3565 1339 3634 signa,
1370 3579 1485 3632 qua:
1510 3563 1740 3632 superius
1772 3561 2101 3632 Evangelium

509 3661 782 3733 legentibus
810 3660 1114 3729 manifestat,
1151 3671 1213 3708 ex
1239 3655 1459 3708 maxima
1490 3665 1630 3723 parte
1658 3654 1902 3722 completa
1926 3662 2062 3706 sunt.

578 3754 632 3808 6.
677 3751 823 3818 Quod
866 3760 1034 3804 autem
1078 3749 1268 3800 dictum
1313 3754 1420 3812 est,
1450 3763 1468 3796 ‹
1500 3743 1565 3798 Et
1611 3744 1966 3815 pratdieabitur
2007 3742 2100 3796 hoc

510 3845 841 3916 Evangelium
881 3843 931 3895 in
962 3841 1189 3894 universo
1228 3838 1418 3892 munda
1443 3877 1460 3902 ,
1487 3846 1532 3890 et
1577 3847 1693 3889 tunc
1739 3837 1896 3889 veniet
1933 3835 2050 3904 [inis
2075 3854 2094 3887 ι

509 3937 722 4008 (Matth.
748 3951 875 3990 XXIV
895 3976 910 4000 ,
936 3930 1056 4006 14);
1089 3931 1308 4002 primum
1343 3930 1476 3994 quod
1501 3930 1660 3999 ipsius
1693 3927 1899 3981 Domini
1929 3944 2101 3999 repra-

508 4032 678 4085 missio
711 4030 826 4083 talis
854 4029 967 4097 fuit,
997 4036 1051 4079 ut
1080 4025 1178 4092 ipsi
1202 4023 1430 4094 Apostoli
1475 4025 1582 4091 ejus
1617 4022 1832 4075 nominis
1857 4033 1901 4076 et
1929 4039 2098 4076 resur-

508 4122 740 4176 rectionis
768 4128 910 4173 testes
939 4118 1113 4188 ﬁerent
1139 4117 1192 4168 in
1217 4114 1542 4179 Jerusalem,
1572 4123 1616 4166 et
1653 4114 1704 4166 in
1740 4111 1946 4180 Iudam,
1975 4124 2020 4167 et
2048 4115 2099 4168 in

509 4213 768 4276 Samaria,
797 4221 843 4264 et
874 4225 1032 4278 usque
1055 4207 1123 4260 ad
1147 4215 1426 4260 extremum
1454 4215 1618 4270 teme,
1647 4215 1690 4257 et
1712 4203 1981 4271 Apostolus
2007 4204 2102 4258 hae

507 4303 804 4358 auctoritate
829 4301 969 4355 docet
995 4315 1013 4353 :
1041 4318 1058 4350 ι
1097 4297 1202 4352 Sed
1227 4297 1360 4361 dico,
1393 4295 1635 4366 numquid
1661 4312 1761 4348 non
1787 4296 2053 4349 audii-runt
2075 4297 2102 4350 7

507 4395 574 4450 In
598 4411 794 4448 onmem
825 4403 1008 4448 terram
1034 4391 1182 4444 exivit
1211 4406 1362 4443 sonus
1404 4405 1572 4442 eorum
1597 4431 1612 4454 ,
1640 4397 1684 4441 et
1720 4389 1771 4441 in
1799 4389 1924 4457 fines
1967 4389 2100 4443 orbis

509 4497 654 4541 teme
670 4483 814 4538 verba
835 4499 1008 4538 eorum
1032 4501 1050 4534 ι
1077 4481 1253 4549 (Rom.
1274 4496 1327 4540 χ.
1349 4479 1458 4550 18).
1493 4477 1623 4532 Item
1647 4494 1664 4531 .'
1690 4497 1708 4529 ‹
1731 4478 1945 4549 PrOpter
1959 4496 2100 4550 spem

508 4595 621 4650 qua:
647 4579 865 4649 reposita
895 4586 967 4630 est
992 4575 1150 4641 vobis,
1173 4590 1323 4644 quam
1349 4583 1464 4626 ante
1493 4571 1703 4626 audistis
1732 4572 1781 4624 iu
1808 4571 1952 4625 verba
1973 4573 2100 4626 veri-

508 4672 624 4725 tatis
654 4667 950 4740 Evangelii,
995 4667 1129 4738 quod
1168 4665 1367 4718 advenit
1407 4668 1462 4718 in
1489 4679 1604 4725 vos,
1630 4664 1756 4717 sicut
1795 4674 1840 4717 et
1883 4664 2100 4718 inomni

507 4781 628 4818 mun
642 4765 696 4817 lo
716 4771 788 4817 est
814 4761 1124 4834 fructiﬁcans
1151 4768 1197 4812 et
1223 4774 1445 4813 crescens
1465 4776 1482 4809 ι
1508 4755 1722 4827 (Coloss.
1746 4773 1794 4821 ι,
1817 4757 1877 4819 5,
1898 4755 1974 4826 6).
1995 4756 2100 4812 Sed

507 4856 569 4911 ab
601 4856 852 4929 Apostalis
878 4854 1108 4908 nuntiata
1138 4853 1154 4883 ι
1187 4851 1313 4920 ﬁdes
1358 4851 1410 4903 in
1435 4849 1679 4920 gentibus,
1719 4849 1889 4903 habuit
1917 4850 2099 4904 multos

509 4956 866 5020 persecutores,
889 4954 941 4999 ut
968 4953 1160 4998 retenta
1181 4942 1373 4998 tardius
1398 4941 1738 5005 iuvalesceret,
1770 4951 1820 4995 ut
1844 4943 1974 4996 illud
1999 4943 2096 4997 im-

510 5040 749 5112 pleretur,
777 5056 797 5090 ί
822 5038 948 5091 Ante
985 5040 1092 5090 [nec
1131 5035 1322 5102 omnia,
1354 5034 1570 5105 primum
1597 5033 1650 5087 in
1679 5049 1763 5088 vos
1793 5051 1969 5088 manus
1999 5034 2096 5088 im-

508 5131 702 5190 mittent
739 5145 876 5194 suas,
908 5137 954 5182 et
979 5135 1348 5198 persequentur,
1371 5135 1417 5179 et
1448 5124 1642 5179 tradent
1681 5141 1766 5179 vos
1798 5125 1850 5177 in
1874 5142 2096 5196 synago-

509 5240 600 5294 gas
643 5232 688 5276 et
733 5221 788 5276 in
829 5219 1099 5282 custodias,
1138 5218 1370 5271 ducentes
1399 5216 1466 5269 ad
1493 5233 1632 5285 reges
1665 5224 1711 5268 et
1743 5214 1810 5267 ad
1835 5214 2093 5284 prmsides,

512 5323 717 5387 propter
743 5329 922 5366 nomen
950 5327 1112 5364 meum
1148 5329 1166 5362 ι
1194 5307 1344 5380 (Luc.
1372 5307 1597 5374 xx1,1‘2)
1624 5323 1639 5362 :
1672 5317 1725 5360 ut
1752 5307 1882 5361 illud
1918 5307 2100 5377 imple-

579 5448 596 5480 ι
628 5453 738 5497 uss.
760 5444 858 5494 duo
881 5444 1027 5495 vatio.
1055 5450 1109 5492 et
1129 5455 1304 5492 omnes
1323 5440 1485 5491 Gallic.
1501 5453 1600 5490 uno
1629 5448 1857 5502 excepto,
1886 5439 2094 5492 initiata.

574 5529 648 5593 (a)
673 5526 1134 5593 Respicitdfortassis
1158 5525 1239 5593 _a(_l_
1248 5525 1500 5593 insignem
1523 5521 1657 5571 illum
1679 5522 1806 5593 solis
1829 5523 2094 5593 defectum,

511 5584 660 5654 quem
695 5584 820 5638 anxio
838 5587 945 5648 418,
969 5589 1051 5656 die
1076 5588 1134 5656 19
1153 5584 1261 5649 julii
1297 5584 1562 5656 contigisse
1590 5654 1598 5656 _
1608 5586 1816 5656 produnt
1839 5585 2057 5656 [listorici
2079 5600 2093 5646 ;

518 5645 769 5722 quemue
792 5669 815 5697 ι
835 5645 967 5722 tanta
989 5645 1179 5722 siccitas
1195 5645 1487 5722 .swuw'eSt
1507 5681 1520 5703 ,
1551 5645 1621 5696 uti
1645 5647 1811 5722 scribit
1839 5645 2098 5722 minister;

516 5707 702 5775 s'gius',
725 5721 780 5762 ut
802 5711 1058 5762 multorum
1081 5710 1327 5775 hominum
1363 5707 1664 5772 aliorumque
1707 5707 1981 5758 ardmlium
2026 5710 2098 5758 in-

512 5795 538 5828 q
568 5771 760 5825 Euctam
783 5775 963 5837 ubique
988 5779 1194 5822 mortem
1218 5771 1472 5821 inferret»

1737 327 1793 385 S.
1835 325 2204 387 AUGUSTINI
2241 325 2545 386 EPISCOPI

3677 325 3788 390 904

2185 453 2324 497 retur
2351 443 2486 514 quod
2508 443 2753 512 scriptum
2780 453 2916 510 erat;
2941 463 2958 498 ‹
2989 439 3057 499 Et
3081 445 3309 501 velociter
3334 445 3724 516 recediﬁcaberis
3753 465 3786 501 α

2185 536 2361 601 quibus
2389 536 2638 589 destructa
2664 552 2735 590 es.
2769 557 2788 588 ι
2836 537 2972 590 Nam
3001 554 3062 591 ea:
3092 555 3188 609 quo
3217 538 3586 592 clementissimi
3615 539 3783 609 impe-

2187 637 2377 682 ratores
2414 629 2678 682 christiani
2723 628 2819 683 Dei
2862 631 3114 683 voluntate
3156 625 3261 685 ess’e
3300 640 3592 702 coeperunt;
3620 647 3785 701 quan-

2187 736 2338 791 quam
2371 723 2614 790 paulatim
2648 722 2793 790 ﬁdes,
2822 741 2973 776 causa
3005 724 3362 793 persecutionis
3388 766 3402 787 ,
3444 726 3690 778 crescebat
3731 725 3784 776 in

2188 811 2393 874 steculo,
2422 813 2569 879 factis
2601 813 2800 883 regibus
2822 813 3141 876 Christianis,
3169 814 3350 885 ubique
3383 815 3434 868 in
3478 831 3634 886 parvo
3660 825 3790 868 temo

2188 919 2309 973 pore
2337 899 2520 956 Christi
2562 902 2892 975 Evangelium
2930 904 3222 974 penetravit.

2263 993 2314 1046 7.
2357 990 2624 1062 Expositio
2651 1011 2772 1047 sane
2813 996 2940 1049 beati
2980 995 3205 1049 Dauielis
3247 995 3310 1049 de
3353 994 3786 1062 Hebdomadibus,

2189 1101 2339 1154 quam
2376 1085 2450 1138 vir
2478 1098 2680 1139 sanctus
2709 1087 3077 1158 compresbgter
3106 1098 3274 1142 noster
3315 1088 3654 1161 Hieronymus
3693 1107 3790 1144 ea:-

2192 1177 2379 1244 posuit,
2406 1178 2620 1246 qualiter
2641 1179 2867 1233 doctores
2897 1179 3237 1241 Ecclesiarum
3266 1182 3608 1244 tradidissent,
3631 1184 3789 1236 lecto-

2190 1283 2296 1321 rem
2321 1269 2600 1340 suspendit.
2636 1269 2775 1324 Nam
2799 1271 2843 1326 si
2863 1273 2969 1342 ipse
2989 1273 3304 1326 doctissimus
3327 1275 3399 1328 vir
3418 1277 3792 1345 compresbyter

2193 1369 2359 1414 noster
2385 1363 2454 1414 ait
2479 1363 2812 1432 periculosum
2839 1379 2944 1418 esse
2966 1364 3027 1418 de
3057 1367 3411 1436 magistrorum
3443 1365 3790 1421 Ecclesiarum

2183 1452 2421 1522 judicare
2447 1455 2736 1520 sententiis,
2765 1463 2810 1507 et
2847 1455 3059 1508 alterunt
3100 1459 3338 1527 praeferre
3374 1458 3559 1522 alteri;
3597 1468 3791 1527 quanto

2193 1545 2355 1614 magis
2381 1544 2474 1596 hac
2504 1545 2658 1597 lector
2684 1545 2850 1613 facere
2869 1563 2970 1600 non
2995 1557 3174 1616 potest,
3199 1547 3336 1617 quod
3361 1549 3594 1618 magister
3620 1548 3792 1617 facere

2195 1635 2480 1689 dubitavit!
2528 1635 2638 1689 Nos
2689 1645 2853 1690 autem
2906 1639 3155 1692 credimus
3205 1639 3343 1710 quod
3389 1639 3635 1694 Dominus
3679 1641 3794 1694 ait:

2202 1741 2221 1776 ‹
2243 1726 2375 1790 Quia
2401 1726 2578 1779 ctelum
2606 1735 2653 1780 et
2694 1736 2826 1780 terra
2855 1730 3094 1783 transient
3117 1744 3136 1793 ;
3158 1731 3262 1783 iota
3299 1741 3465 1784 autem
3493 1749 3677 1797 unum,
3709 1733 3793 1787 uel

2196 1833 2326 1870 unus
2338 1833 2468 1886 apex
2483 1834 2582 1870 non
2603 1819 2808 1873 transiet
2828 1837 2857 1872 a
2870 1819 3021 1891 Lege,
3036 1821 3192 1875 donec
3207 1823 3377 1876 omnia
3391 1823 3516 1891 ﬁant
3528 1844 3546 1876 ι
3565 1823 3790 1894 (Matth.

2195 1922 2250 1972 v,
2287 1907 2394 1977 18).
2439 1908 2701 1973 Quomodo
2745 1927 2862 1981 ergo
2907 1913 3198 1981 mysterium
3239 1913 3686 1969 Hebdomadurum
3723 1919 3796 1971 sit

2196 1996 2456 2066 impletum
2485 2016 2639 2068 usque
2665 2001 2731 2052 ad
2761 2002 3067 2056 nativitatem
3092 2011 3137 2056 et
3162 2005 3444 2074 passionem
3466 2005 3672 2070 Christi,
3696 2008 3797 2060 ad-

2197 2087 2393 2151 miror;
2423 2105 2536 2141 cum
2563 2090 2694 2143 illud
2721 2092 2772 2144 in
2817 2093 3025 2146 dimidio
3052 2093 3380 2150 hebdomade:
3408 2095 3670 2168 Propheta
3709 2099 3796 2152 lo-

2197 2187 2344 2231 cutus
2369 2188 2462 2245 est,
2481 2181 2690 2233 dicenda
2715 2198 2732 2235 :
2758 2200 2774 2233 ι
2803 2180 2870 2236 1η
2897 2184 3106 2261 dimidio
3128 2187 3454 2242 hebdomadas
3482 2188 3684 2242 tolletur
3703 2207 3795 2242 sa-

2198 2270 2447 2338 cri/icium
2475 2288 2659 2338 meum,
2692 2282 2737 2326 et
2777 2275 3108 2345 supplicatio,
3142 2277 3508 2336 desolatianum
3537 2280 3793 2342 interitus.

2201 2369 2246 2412 et
2272 2360 2340 2413 ad
2364 2362 2668 2430 sacri/icium
2691 2363 2996 2419 abaminatio
3024 2387 3042 2419 ι
3081 2367 3242 2438 (Dan.
3267 2385 3341 2434 ιχ,
3363 2370 3476 2440 27).
3509 2369 3638 2425 Huic
3674 2388 3796 2443 ergo

2200 2451 2503 2506 abaminatia
2531 2454 2574 2506 si
2593 2455 2710 2525 jam
2753 2458 2998 2526 completa
3028 2460 3223 2527 fuerin,
3250 2462 3500 2531 quomoda
3538 2461 3798 2518 Dominus

2201 2553 2366 2596 monet
2392 2553 2437 2596 et
2479 2544 2597 2596 dicit
2627 2561 2645 2598 :
2673 2565 2690 2596 ι
2713 2545 2841 2600 Cum
2869 2548 3089 2604 videritis
3132 2550 3556 2608 abominatianem
3592 2555 3799 2611 desola-

2203 2635 2371 2698 tionis,
2393 2637 2529 2705 quod
2557 2638 2747 2692 dictant
2777 2651 2848 2695 est
2882 2659 2971 2711 per
3011 2641 3275 2699 Danielem
3303 2647 3625 2716 prophetam,
3650 2659 3798 2703 stan-

2204 2737 2302 2782 tem
2331 2729 2516 2786 inloco
2552 2743 2725 2786 sancta
2749 2775 2764 2801 ,
2792 2734 2877 2805 qui
2914 2736 3066 2806 legit,
3089 2738 3334 2809 intelligat
3356 2756 3382 2792 ι
3411 2739 3620 2810 (Matth.
3638 2757 3794 2806 xxxv,

2205 2822 2362 2890 i5)?
2404 2823 2512 2895 Ego
2557 2836 2724 2879 autem
2766 2843 2829 2880 ne
2864 2828 3116 2896 petitionis
3153 2815 3486 2884 Beatitudinis
3527 2841 3625 2885 tute
3671 2849 3799 2886 can-

2204 2925 2419 2988 temptor
2436 2933 2610 2981 essem,
2633 2919 2738 2973 lucc
2757 2920 3177 2990 quemadmodum
3198 2922 3351 2985 sensi,
3369 2923 3547 2994 scripsi
3569 2922 3638 2976 ad
3653 2934 3799 2976 tuan:

2204 3005 2529 3062 Charitatem.
2555 3009 2764 3064 Plenius
2784 3022 2950 3065 autem
2974 3011 3185 3082 dignare
3209 3029 3302 3067 nos
3327 3013 3469 3067 verba
3491 3015 3667 3084 gratim
3687 3023 3795 3068 tua

2203 3100 2519 3155 rescribendo
2548 3101 2795 3156 instruere
2828 3114 2873 3157 et
2903 3104 3181 3173 laeti/icore.
3777 3113 3781 3118 ’

2614 3193 2948 3250 EPISTOLA
2985 3196 3197 3252 CXCIX
3235 3200 3254 3221 ⁶
3293 3196 3388 3272 (a).

2712 3301 2780 3340 ns
2805 3301 2927 3339 ωδε
2953 3301 3148 3342 secum
3181 3287 3277 3359 (ὁ).

2204 3369 2516 3441 Augustinus
2543 3371 2812 3444 Hesychia,
2831 3388 3227 3430 commanstrans
3246 3379 3498 3448 quomodo
3521 3381 3620 3433 sint
3640 3381 3766 3435 intel
3779 3410 3798 3422 -

2277 3463 2478 3535 “genua
2519 3465 2802 3536 Scriptura:
2838 3468 2951 3521 loca
2987 3486 3101 3538 quae
3141 3471 3278 3524 varie
3304 3470 3576 3540 loquuntur
3602 3472 3665 3526 de
3694 3474 3799 3540 ﬁne

2275 3560 2477 3622 saeculi;
2497 3558 2728 3630 quodque
2756 3571 2958 3629 praestat
2989 3579 3089 3615 non
3113 3563 3364 3633 inquirere
3383 3575 3580 3629 tempus
3601 3567 3798 3619 adven-

2279 3659 2358 3702 tus
2386 3648 2590 3712 Christi,
2613 3650 2700 3703 sed
2723 3653 2815 3703 hoc
2839 3668 2986 3722 agere
3005 3662 3060 3704 ut
3087 3655 3424 3724 unusquisque
3447 3655 3514 3707 ad
3542 3656 3798 3725 excipien-

2274 3739 2394 3792 dum
2420 3740 2564 3792 illaut
2589 3741 2650 3794 sit
2672 3752 2898 3812 paratus.

2204 3830 2429 3885 Domino
2457 3831 2786 3896 beatissimo,
2811 3842 2862 3886 ct
2884 3833 3256 3888 venerabiliter
3279 3834 3614 3904 suspicienda
3644 3835 3795 3891 fratri

2276 3933 2328 3978 et
2349 3924 2664 3993 coepiscopo
2691 3923 2976 3991 llssrcuto,
3005 3925 3358 3992 AUGUSTINUS,
3387 3927 3438 3980 in
3455 3927 3684 3982 Domino
3707 3942 3798 3982 sa-

2276 4015 2461 4070 Intern.

2274 4105 2498 4160 CAPUT
2524 4105 2947 4161 PRIMUM.—l.
2972 4108 3165 4177 Accepi
3195 4107 3397 4163 litteras
3416 4109 3794 4168 Venerationis

2205 4206 2337 4264 tum,
2367 4199 2561 4268 quibus
2597 4198 2748 4252 valde
2786 4199 3069 4254 salubriter
3093 4202 3392 4256 exhortaris
3418 4211 3476 4257 ut
3499 4204 3794 4258 Salvator-is

2205 4289 2371 4345 nostri
2399 4289 2647 4360 diligatur
2672 4299 2726 4344 et
2754 4289 3086 4346 desideretur
3113 4292 3391 4349 adtentus.
3423 4294 3574 4349 Facis
3602 4295 3706 4350 hoc.
3734 4306 3796 4350 ut

2205 4394 2392 4434 servus
2415 4380 2584 4435 bonus
2606 4380 2843 4449 ejusdem
2875 4381 3289 4450 patrisfamilias,
3311 4384 3496 4440 avidus
3522 4387 3791 4441 lucrorum

2206 4475 2414 4530 Domini
2447 4477 2553 4540 tui,
2586 4484 2643 4530 et
2683 4477 2870 4532 Volens
2916 4477 3114 4532 habere
3159 4477 3417 4546 plurimos
3451 4481 3626 4535 socios
3652 4481 3795 4537 dile-

2203 4567 2397 4620 ctionis
2437 4582 2540 4638 qua
2584 4568 2696 4636 ipse
2738 4569 3002 4637 prmcipue
3027 4578 3081 4623 et
3109 4580 3512 4638 perseveranter
3536 4571 3796 4626 accende-

2204 4657 2299 4714 ris.
2333 4657 2601 4714 lutuentes
2630 4660 2786 4730 igitur
2806 4661 2945 4730 quod
2968 4663 3398 4717 connneinorasti
3421 4663 3488 4717 de
3507 4664 3792 4732 Apostolo,

2203 4751 2326 4820 quia
2366 4750 2646 4805 Dominum
2694 4751 2827 4804 dixit
2867 4751 3195 4806 redditurum
3239 4769 3490 4808 coronam
3530 4753 3792 4823 justitim,

2203 4858 2309 4898 non
2357 4853 2557 4897 tantum
2598 4843 2731 4909 sibi,
2760 4843 2855 4898 sed
2885 4854 2938 4899 et
2965 4847 3214 4902 omnibus
3236 4847 3327 4916 qui
3352 4847 3577 4917 diligunt
3616 4850 3794 4903 inani-

2204 4932 2545 4990 testationem
2575 4935 2690 5004 ejus
2723 4935 2787 5006 (ll
2820 4935 2952 4990 Tim.
2983 4953 3054 5004 tv,
3083 4937 3163 5007 8),
3204 4938 3272 4993 ita
3298 4949 3443 4994 recte
3463 4940 3710 5006 vivimus,
3737 4951 3794 4995 et

2203 5023 2256 5078 in
2302 5026 2404 5080 hoc
2438 5025 2634 5080 smculo
2659 5036 2902 5096 tanquam
2933 5030 3200 5099 peregrini
3227 5031 3465 5100 agimus,
3493 5046 3616 5085 cum
3645 5047 3704 5086 se
3735 5049 3790 5086 in

2202 5118 2303 5174 hac
2330 5119 2615 5175 dilectione
2639 5135 2734 5174 cor
2753 5132 2992 5175 nostrum
3023 5123 3361 5192 proﬁcienter
3379 5124 3649 5187 extendit;
3672 5126 3791 5179 sive

2265 5253 2284 5272 ‘
2317 5260 2444 5301 Itane
2466 5253 2829 5320 emendqvimus
2850 5253 2908 5302 ad
2923 5266 2974 5320 _a.
2999 5255 3083 5317 bg.
3108 5254 3174 5320 bl.
3195 5269 3239 5305 c.
3264 5269 3334 5304 cc.
3361 5257 3436 5304 cb.
3459 5255 3507 5305 ll‘.
3527 5269 3576 5318 g.
3596 5269 3680 5320 ες.
3708 5271 3790 5319 gv.

2199 5315 2309 5426 Eas.
2325 5316 2522 5426 s.st.
2551 5329 2622 5365 vc.
2645 5315 2769 5366 duos
2795 5316 2879 5365 bu.
2904 5315 3027 5366 duos
3043 5315 3091 5366 δ.
3129 5318 3253 5367 duos
3287 5325 3324 5368 t.
3365 5315 3571 5381 quatuor
3599 5315 3657 5369 ῐτῖ
3685 5315 3791 5367 Ain.

2301 5414 2311 5424 .
2353 5384 2366 5394 ‘
2398 5414 2410 5425 .
2465 5389 2543 5426 ov.

2301 5414 2311 5424 .
2337 5384 2410 5426 Er.
2434 5384 2543 5426 LOV.

2264 5461 2337 5524 (a)
2362 5459 2484 5509 Alias
2502 5460 2564 5510 80
2587 5473 2600 5509 :
2619 5473 2740 5526 quin,
2752 5469 2918 5512 autem
2939 5461 3027 5512 199
3050 5469 3173 5524 erat,
3190 5474 3316 5512 nunc
3341 5461 3449 5512 262.
3475 5466 3658 5525 Scripta
3681 5470 3796 5526 post.

2202 5536 2523 5584 superiorem,
2547 5523 2767 5572 311.7419.

2266 5584 2338 5648 (ιι)
2368 5593 2482 5650 cum
2516 5585 2707 5650 librum
2737 5584 2913 5650 ederet
2935 5585 3216 5634 vicesimum
3237 5584 3302 5634 de
3324 5587 3528 5650 civitate
3550 5587 3656 5644 Dei,
3680 5597 3790 5650 cap.

2201 5643 2503 5710 3,7'tn'eminit
2536 5645 2755 5710 epistola:
2800 5647 2963 5709 bu_'us,
3008 5665 3029 5693 α
3051 5660 3195 5710 quam
3237 5649 3484 5710 rescripsi,
3505 5643 3681 5710 inquit,
3730 5643 3790 5696 5d

2211 5727 2233 5754 ι
2255 5709 2413 5758 bentze
2448 5709 2695 5757 memoriae
2720 5708 2874 5772 virum
2896 5708 3180 5772 llcsycliium
3205 5708 3488 5772 salomtsnze
3511 5708 3651 5772 urbis
3682 5711 3793 5772 epi-

2211 5788 2234 5818 ι
2256 5784 2480 5834 scopum,
2507 5773 2644 5833 cujus
2666 5770 2884 5831 epistola:
2908 5768 3076 5821 titulus
3095 5778 3188 5831 est,
3210 5771 3273 5821 de
3297 5773 3412 5822 lente
3432 5768 3617 5822 seculi.
3631 5786 3660 5816 δ
