4120 6358
365 326 469 384 905

361 442 518 497 citius
547 440 660 495 sive
700 440 898 496 tardius
934 441 1114 496 veniat
1137 454 1294 510 quam
1321 447 1552 510 putatur,
1583 440 1733 509 cujus
1773 441 1941 493 mani-

359 532 571 587 !estatio
615 533 752 587 lideli
802 535 1060 588 charitate
1100 532 1354 602 diligitur.
1390 541 1442 585 ct
1487 532 1572 599 pio
1611 530 1941 585 desideratur

358 626 572 680 affectu.
603 625 799 680 Servus
825 626 1018 696 quippe
1048 624 1137 679 ille
1159 625 1248 694 qui
1288 623 1444 688 dicit,
1473 621 1674 676 Moram
1698 621 1819 692 facit
1844 620 1938 674 do-

359 717 527 770 minus
552 732 726 781 meus;
752 723 808 770 et
835 717 1063 786 percutit
1091 728 1384 770 conservos
1411 727 1557 779 suos,
1586 711 1864 766 manducat
1886 719 1940 766 et

359 803 495 860 bibit
538 821 656 861 cum
699 807 923 860 ebriosis
965 805 1113 877 (Luc.
1154 821 1264 872 xu,
1291 806 1402 875 45),
1435 819 1538 858 non
1567 806 1746 874 utique
1774 803 1942 873 diligit

359 895 840 951 manifestationcm
867 897 1004 966 ejus.
1044 897 1123 952 Ex
1158 896 1396 950 moribus
1419 895 1558 949 enim
1583 902 1802 964 apparet
1828 894 1942 947 ani-

359 1001 480 1042 mus
504 986 648 1056 ejus;
677 1001 810 1056 quos
839 1002 1050 1053 mores,
1080 987 1201 1042 licet
1239 986 1488 1052 breviter,
1531 985 1653 1040 ideo
1693 984 1941 1054 magister

356 1078 528 1134 bonus
551 1079 753 1133 curavit
772 1080 1092 1150 exprimere,
1117 1078 1167 1132 id
1189 1088 1270 1132 est
1290 1079 1590 1147 superbiam
1612 1086 1767 1147 atque
1790 1078 1942 1130 luxu-

357 1169 490 1222 riam
515 1209 530 1232 ,
561 1185 628 1222 ne
653 1169 796 1240 quod
841 1169 1081 1234 dicebat,
1113 1169 1311 1223 Moram
1335 1169 1458 1239 facit
1489 1169 1721 1222 dominus
1767 1183 1936 1233 mens,

356 1258 622 1312 desiderio
647 1259 846 1313 domini
887 1260 970 1314 sui
1009 1260 1188 1314 dicere
1227 1259 1553 1325 crederetur,
1579 1274 1684 1328 quo
1719 1258 1941 1312 ardebat

356 1347 450 1402 ille
475 1348 564 1418 qui
593 1349 804 1404 dicebat
831 1367 844 1402 :
870 1348 1038 1403 Sitiuit
1077 1350 1245 1402 anima
1271 1366 1382 1402 mea
1418 1348 1487 1402 ad
1533 1348 1692 1401 Deum
1727 1349 1888 1400 vivunt
1918 1362 1939 1400 :

352 1438 556 1508 quotido
587 1439 800 1504 veniam,
823 1447 869 1492 et
893 1439 1144 1508 apparebo
1166 1448 1280 1491 ante
1303 1438 1484 1508 [aciem
1504 1437 1596 1491 Dei
1620 1435 1787 1508 (Paul.
1811 1453 1933 1504 xu,

353 1531 446 1592 3)?
477 1530 705 1585 Dicendo
729 1531 903 1597 enim,
936 1531 1136 1600 quando
1173 1530 1406 1585 veniam?
1443 1544 1620 1584 moras
1647 1545 1706 1584 se
1734 1531 1935 1600 perpeti

353 1620 576 1675 moleste
603 1621 838 1686 ierelrat;
865 1623 986 1691 quia
1025 1621 1186 1675 etiam
1226 1621 1367 1690 quod
1407 1630 1643 1690 tempore
1671 1622 1936 1674 accelera-

353 1721 458 1780 tur,
490 1712 753 1768 desiderio
779 1715 983 1768 tardum
1006 1713 1230 1768 videtur.
1253 1712 1528 1780 Quomodo
1554 1721 1730 1766 autem
1753 1711 1935 1766 tardus

351 1813 436 1858 est
461 1802 575 1873 ejus
601 1803 892 1870 adventus,
937 1804 1018 1858 vel
1061 1803 1328 1873 quomodo
1373 1803 1528 1872 longe
1573 1800 1780 1855 futurus
1817 1809 1929 1867 est,

349 1909 472 1949 cum
499 1895 598 1964 ipsi
625 1895 884 1965 Apostoli,
916 1901 1153 1963 tempore
1174 1909 1276 1964 quo
1304 1893 1479 1947 adhuc
1498 1901 1649 1946 erant
1673 1891 1728 1946 in
1749 1907 1930 1958 carne,

350 1986 609 2052 dixerint,
639 1985 929 2041 Novissima
951 1987 1078 2040 hora
1099 1996 1173 2041 est
1199 1985 1244 2055 (l
1268 1984 1426 2042 Joan.
1453 2001 1516 2053 ιι,
1543 1985 1630 2058 18)
1649 1986 1671 2039 ?
1693 1987 1932 2056 quamvis

351 2091 382 2129 a
411 2076 634 2132 Domino
675 2076 972 2144 audierint,
1004 2075 1123 2130 Non
1161 2085 1234 2130 est
1275 2085 1491 2129 rastrum
1525 2079 1653 2130 scire
1683 2085 1929 2147 tempora.

350 2165 465 2221 Hoc
487 2181 614 2235 ergo
639 2166 944 2222 nesciebant
972 2166 1112 2236 quod
1155 2166 1424 2222 nescimus
1453 2176 1505 2219 et
1529 2182 1626 2221 nos
1655 2165 1930 2237 (quantum

347 2255 417 2309 ad
439 2271 524 2310 me
547 2256 733 2310 attinet
758 2256 898 2321 dico,
926 2267 978 2310 et
999 2271 1093 2310 eos
1119 2257 1207 2324 qui
1241 2256 1340 2310 hoc
1379 2270 1586 2310 mecum
1629 2255 1928 2328 nesciunt);

348 2356 404 2400 et
425 2356 598 2400 tamen
636 2347 826 2416 quibus
863 2345 1060 2400 dictum
1102 2354 1217 2409 est,
1269 2344 1391 2399 Non
1436 2355 1509 2400 est
1546 2357 1762 2399 uestrum
1803 2349 1932 2400 scire

347 2446 593 2507 tempora,
619 2452 730 2506 qua
757 2447 901 2508 pater
935 2437 1096 2502 posuit
1122 2437 1174 2489 in
1202 2453 1297 2489 sua
1323 2444 1562 2506 potestate
1592 2436 1724 2508 (Act.
1767 2452 1805 2502 ι,
1848 2436 1926 2506 7),

351 2526 636 2598 diligebant
663 2527 778 2596 ejus
805 2526 1281 2581 t-naniiestationem
1305 2568 1319 2592 ,
1352 2536 1406 2581 et
1431 2527 1626 2580 dabant
1653 2527 1930 2581 conservis

347 2617 458 2672 suis
495 2617 547 2672 in
581 2625 819 2688 tempore
848 2619 1043 2672 cibaria
1065 2659 1078 2682 ,
1109 2634 1206 2672 nec
1231 2619 1595 2686 percuticbunt
1622 2634 1715 2672 eos
1749 2618 1926 2672 domi-

347 2708 523 2763 nando
543 2708 642 2776 eis,
671 2725 771 2764 nec
796 2709 1193 2764 luxuriabantur
1216 2725 1336 2764 cum
1365 2711 1692 2765 amatoribus
1719 2709 1923 2778 mundi,

349 2801 607 2867 dicentes,
636 2800 836 2855 Moram
861 2803 984 2874 facit
1009 2802 1256 2856 Dominus
1283 2817 1442 2856 meus.

347 2947 350 2950 λ
418 2892 473 2946 2.
513 2893 632 2946 Alia
669 2903 753 2948 est
780 2909 904 2965 ergo
931 2895 1225 2964 ignorantia
1258 2902 1592 2962 temporum,
1635 2895 1738 2951 alia
1783 2896 1926 2952 labes

348 3001 556 3060 morum
597 3000 850 3056 amorque
892 2987 1157 3040 vitiorum.
1186 2985 1317 3039 Nam
1345 2987 1694 3054 ctapostolus
1731 2987 1926 3042 Paulus

347 3076 560 3146 quando
585 3077 816 3144 dicebat,
840 3074 962 3130 Non
987 3077 1084 3130 cito
1107 3076 1401 3129 moveamini
1427 3086 1606 3143 mente,
1637 3093 1794 3148 neque
1823 3087 1926 3132 ter-

348 3168 560 3223 reamini
579 3209 595 3234 ,
629 3169 732 3222 sive
759 3184 847 3239 per
885 3170 1086 3221 verbum
1115 3168 1216 3220 sive
1244 3183 1334 3237 per
1365 3168 1664 3238 epistolam,
1690 3180 1925 3240 tanquam

347 3277 438 3332 per
457 3276 548 3316 nos
572 3261 806 3328 missam,
833 3261 975 3332 quasi
1008 3260 1154 3314 instet
1182 3260 1288 3313 dies
1315 3258 1520 3314 Domini
1546 3261 1612 3333 (ll
1643 3260 1814 3316 Thess.
1851 3278 1888 3317 ιι
1905 3303 1922 3330 ,

345 3355 438 3426 2);
466 3353 678 3409 nolebat
705 3353 886 3422 utique
913 3360 967 3406 ut
991 3353 1270 3406 crederent
1307 3351 1386 3406 eis
1425 3352 1514 3422 qui
1552 3351 1662 3422 jam
1706 3355 1924 3423 propin-

341 3461 512 3515 quare
556 3445 762 3501 Domini
809 3445 1199 3500 arbitrabantur
1241 3445 1523 3500 adventum
1557 3464 1570 3500 :
1600 3462 1699 3501 nec
1747 3456 1924 3503 tamen

345 3538 567 3610 volebat
599 3545 686 3602 ut,
730 3545 978 3607 tanquam
1021 3550 1208 3590 servus
1252 3537 1359 3603 ille,
1399 3536 1676 3603 dicerent,
1723 3537 1925 3593 Moram

347 3629 468 3698 facit
511 3627 754 3681 Dominus
779 3643 916 3680 meus
943 3626 1106 3680 venire
1126 3667 1140 3692 ,
1163 3635 1218 3680 et
1243 3627 1514 3681 traderent
1555 3642 1614 3683 se
1659 3629 1923 3698 superbia:

346 3718 671 3788 lnxnrimque
719 3717 1052 3786 perdendos;
1081 3717 1174 3771 sed
1211 3718 1288 3772 sic
1315 3732 1410 3772 eos
1447 3719 1656 3774 nolebat
1693 3720 1760 3774 de
1796 3735 1923 3790 pro-

345 3808 632 3880 pinquante
649 3809 736 3864 die
758 3809 1046 3866 novissimo
1089 3809 1232 3863 falsis
1259 3809 1558 3866 auscultare
1597 3796 1919 3880 rumoribus,

345 3909 405 3954 ut
439 3908 616 3957 tamen
654 3902 818 3957 vellet
849 3916 944 3956 eos
977 3909 1185 3970 paratos
1225 3901 1511 3956 adventum
1551 3902 1756 3957 Domini
1800 3904 1918 3972 sui,

345 3991 542 4048 lumbis
566 3993 817 4048 accinctis
840 4001 895 4046 et
923 3993 1155 4047 lucernis
1177 3992 1483 4047 ardentibus
1510 3995 1743 4063 opperiri
1769 3995 1918 4066 (Luc.

344 4099 450 4149 xu,
478 4085 567 4151 55,
600 4083 940 4156 56):quibus
981 4084 1143 4149 dicit,
1185 4083 1282 4137 l'os
1336 4093 1520 4149 autem,
1567 4089 1767 4157 fratres,
1819 4069 1921 4141 non

345 4176 466 4229 estis
507 4176 557 4228 in
587 4175 828 4240 tenebris,
856 4184 910 4226 ut
940 4190 1024 4228 vos
1066 4175 1171 4226 dies
1211 4175 1298 4228 ille
1333 4185 1566 4245 tanquam
1592 4177 1677 4246 fur
1701 4194 1921 4247 compre-

344 4265 557 4319 hendat.
592 4264 777 4319 Omnes
809 4265 941 4318 enim
961 4280 1044 4317 vos
1065 4263 1159 4331 ﬁlii
1184 4263 1311 4318 lucis
1336 4265 1452 4318 estis
1472 4275 1516 4317 et
1540 4267 1635 4334 filii
1655 4267 1790 4332 dici;
1816 4285 1919 4323 non

341 4374 518 4413 sumus
557 4358 718 4411 noctis
757 4373 912 4427 neque
939 4355 1250 4410 tenebrarum
1281 4356 1322 4428 (1
1347 4356 1521 4411 Thess.
1556 4374 1609 4424 ν,
1641 4360 1696 4425 4,
1725 4360 1799 4431 5).
1826 4361 1920 4417 Ille

343 4459 522 4504 autem
541 4450 735 4519 quisic
759 4449 904 4508 dicit.
937 4447 1138 4503 Moram
1163 4449 1285 4518 facit
1303 4448 1553 4506 Dominus
1573 4467 1712 4506 meus
1731 4457 1914 4521 venire,

343 4551 400 4596 ut
427 4543 687 4611 percutiat
706 4556 991 4596 conservos
1010 4557 1157 4607 suos,
1179 4549 1234 4596 et
1261 4543 1506 4612 epuletur
1524 4560 1644 4599 cum
1667 4547 1914 4616 ebriosis,

344 4647 449 4686 non
475 4639 558 4687 est
587 4631 726 4685 ﬁlius
749 4630 899 4694 lucis,
922 4631 1016 4686 sed
1044 4631 1410 4697 tenebrarum;
1440 4641 1494 4687 et
1518 4634 1637 4690 ideo
1662 4652 1783 4690 eum
1813 4647 1919 4692 tan-

341 4737 498 4793 quam
538 4720 624 4777 fur
649 4722 766 4778 dies
793 4722 878 4776 ille
911 4722 1324 4792 comprehendet
1349 4740 1362 4776 :
1390 4724 1530 4794 quod
1561 4729 1917 4799 unusquisque

342 4813 502 4868 debet
519 4813 679 4868 etiam
707 4811 776 4867 de
801 4812 888 4866 die
914 4813 1069 4882 hujus
1098 4813 1218 4867 vitae
1255 4829 1365 4868 suae
1407 4815 1696 4872 novissimo
1731 4818 1917 4874 formi-

342 4904 489 4960 dare.
524 4903 579 4958 lu
606 4918 710 4974 quo
729 4903 869 4959 enim
894 4919 1153 4973 quemque
1174 4905 1435 4960 invenerit
1454 4921 1581 4962 suus
1601 4910 1917 4968 novissimus

341 4994 490 5060 dies,
525 4993 579 5048 in
623 4993 726 5055 hoc
763 5008 887 5048 eum
923 4993 1339 5062 comprehendet
1375 4997 1556 5052 mundi
1603 5001 1917 5056 novissimus

341 5085 457 5139 dies
476 5101 490 5151 ;
512 5085 758 5154 quoniam
781 5083 953 5153 qualis
982 5084 1032 5137 in
1057 5084 1142 5140 die
1167 5086 1269 5142 isto
1293 5086 1514 5157 quisque
1534 5089 1777 5157 moritur,
1798 5091 1917 5146 talis

341 5177 395 5232 in
424 5176 511 5232 die
536 5176 626 5230 illo
641 5174 981 5245 judicabitur.

413 5269 468 5324 3.
506 5266 588 5322 Ad
628 5266 729 5320 hoc
767 5265 994 5334 pertinet
1026 5263 1167 5334 quod
1211 5264 1262 5318 in
1309 5265 1589 5337 Evangelia
1627 5270 1918 5325 scctmdum

343 5359 573 5414 Marcum
602 5359 672 5412 ita
697 5358 950 5426 scriptum
985 5363 1106 5410 est:
1141 5355 1357 5426 Vigilate
1392 5374 1528 5430 ergo,
1559 5361 1678 5428 quia
1720 5364 1918 5417 nescitis

342 5450 545 5519 quando
565 5449 796 5503 dominus
835 5448 1012 5502 domus
1045 5450 1245 5511 veniat;
1279 5466 1408 5510 sero,
1445 5467 1510 5505 an
1554 5454 1717 5506 media
1756 5465 1916 5523 nocte,

344 5560 410 5596 an
435 5541 562 5613 galli
585 5552 734 5593 cantu
751 5579 768 5605 ,
797 5557 862 5592 an
891 5555 1062 5605 mane,
1089 5556 1151 5593 ne
1175 5555 1290 5592 cum
1317 5543 1498 5595 venerit
1523 5554 1754 5612 repente,
1780 5545 1918 5600 inve-

343 5636 449 5687 niat
464 5648 545 5685 vos
565 5631 882 5684 dormientes.
903 5629 1047 5693 Quod
1064 5639 1226 5682 autem
1243 5630 1376 5684 vobis
1393 5631 1526 5699 dico,
1545 5634 1770 5690 omnibus
1781 5637 1913 5702 dico,
1954 5676 1960 5680 .

297 5729 304 5734 “
351 5723 567 5794 i'igilate
583 5717 770 5793 (Marc.
790 5735 900 5785 xm,
916 5720 1002 5785 55,
1022 5720 1133 5792 57).
1151 5720 1348 5786 Quibus
1366 5722 1504 5779 enim
1523 5726 1751 5784 omnibus
1768 5728 1914 5798 dicit,

620 5816 844 5877 Sanc'r.
893 5817 1167 5875 Auens'r.
1203 5817 1281 5878 Il.

1557 329 1835 385 El’iS’l‘Ol.
1847 328 2028 385 1111311
2069 329 2338 385 CLASSIS
2379 329 2458 386 111.

2053 438 2151 492 nisi
2174 441 2355 496 elecds
2377 454 2428 496 et
2445 443 2649 499 dilectis
2671 446 2778 501 suis
2794 447 2856 500 ad
2872 463 3058 518 corpus
3077 449 3192 522 ejus
3211 453 3615 523 pertinentibus,

2048 531 2189 599 quod
2215 542 2294 586 est
2321 534 2592 590 Ecclesia?
2614 536 2728 592 Non
2761 540 2929 594 solum
2964 555 3089 611 ergo
3115 542 3216 596 illis
3241 544 3400 611 dixit,
3428 547 3620 613 quibus

2049 631 2172 676 tunc
2199 623 2534 681 audientibus
2561 626 2899 698 loquebatur;
2925 631 3021 686 sed
3051 633 3210 688 etiam
3247 634 3348 690 illis
3378 636 3468 706 qui
3498 630 3620 693 l‘uc-

2047 723 2170 768 runt
2191 726 2307 785 post
2339 717 2458 771 illos
2485 728 2608 774 ante
2636 736 2752 788 nos,
2784 733 2835 777 et
2860 723 2925 777 ad
2952 739 3050 778 nos
3081 726 3244 795 ipsos,
3272 736 3324 781 et
3351 729 3438 798 qui
3463 739 3622 786 erunt

2045 817 2164 876 post
2184 823 2280 864 nos
2310 826 2476 881 usque
2498 811 2564 867 ad
2591 813 2707 883 ejus
2732 816 3073 871 novissimum
3111 818 3415 873 adventum.
3454 820 3622 876 Num-

2045 899 2168 968 quid
2189 911 2363 957 autem
2390 919 2576 960 omnes
2594 906 2904 963 inventurus
2928 899 3008 964 est
3030 910 3143 966 dies
3172 901 3258 968 ille
3284 913 3335 967 in
3362 914 3461 968 hac
3487 914 3618 983 vita,

2043 1001 2135 1045 aut
2176 994 2450 1063 quisquam
2496 997 2733 1051 dicturus
2777 1013 2856 1054 est
2891 1002 3030 1070 quod
3056 1003 3120 1055 ad
3147 1002 3420 1060 defunctus
3457 1007 3619 1062 etiam

2045 1083 2308 1150 pertineat
2330 1085 2468 1154 quod
2497 1088 2600 1153 ait,
2642 1087 2883 1160 Vigilate,
2916 1107 2978 1145 ne
3005 1109 3119 1145 cum
3157 1105 3359 1164 repente
3393 1099 3576 1151 venerit
3598 1139 3618 1167 ,

2042 1170 2262 1226 inveniat
2308 1189 2392 1228 vos
2425 1175 2760 1233 dormientes?
2796 1178 2903 1235 Cur
2949 1183 3124 1252 itaque
3167 1186 3410 1242 omnibus
3452 1189 3615 1253 dicit,

2041 1263 2181 1332 quod
2207 1263 2274 1318 ad
2301 1280 2393 1320 eos
2416 1267 2559 1323 solos
2589 1271 2848 1338 pertineat
2882 1273 2972 1342 qui
3009 1281 3130 1328 tunc
3162 1285 3346 1343 erunt,
3377 1278 3474 1332 nisi
3496 1280 3618 1348 quia

2041 1368 2106 1410 eo
2147 1356 2305 1411 modo
2339 1357 2414 1412 ad
2457 1373 2641 1414 omnes
2682 1363 2936 1431 pertinet,
2984 1365 3248 1434 quomodo
3285 1367 3427 1422 dixi?
3467 1360 3618 1424 Tune

2041 1445 2184 1498 enim
2212 1446 2492 1518 unicuique
2525 1450 2701 1504 veniet
2747 1452 2861 1506 dies
2897 1454 3018 1520 ille,
3049 1471 3168 1509 eum
3197 1461 3399 1513 Venerit
3425 1461 3474 1514 ei
3502 1461 3616 1516 dies

2042 1548 2098 1590 ut
2124 1538 2241 1592 talis
2269 1540 2388 1594 hinc
2412 1550 2600 1609 exeat,
2629 1543 2796 1613 qualis
2820 1544 3136 1614 judicandus
3163 1558 3244 1602 est
3278 1550 3366 1604 illo
3407 1549 3511 1604 die.
3538 1553 3615 1608 Ac

2039 1643 2135 1699 per
2163 1630 2260 1684 hoc
2288 1633 2503 1702 vigilare
2532 1634 2688 1690 debet
2711 1638 2884 1691 omnis
2907 1639 3252 1706 Christianus,
3285 1659 3349 1696 ne
3384 1644 3614 1712 impara-

2041 1725 2148 1771 tum
2179 1718 2412 1776 inveniat
2431 1738 2552 1777 eum
2578 1724 2778 1778 Domini
2801 1726 3076 1782 adventus.
3103 1729 3414 1798 imparatum
3436 1745 3613 1788 autem

2039 1806 2268 1863 inveniet
2291 1811 2378 1866 ille
2404 1813 2537 1880 dies,
2561 1830 2716 1882 quem
2746 1815 3058 1885 imparatum
3081 1818 3338 1874 invenerit
3364 1838 3472 1876 sua:
3494 1829 3614 1878 vita:

2038 1897 2194 1967 hujus
2215 1900 2425 1954 ultimus
2445 1901 2578 1957 dies.
2601 1902 2756 1960 Certe
2773 1905 2913 1960 enim
2939 1907 3038 1962 hoc
3062 1909 3246 1963 saltem
3279 1911 3612 1967 manifestum

2035 1996 2150 2042 erat
2191 1991 2491 2060 Apostolis,
2521 2010 2624 2049 non
2652 2013 2836 2052 eorum
2880 1997 3236 2071 temporibus,
3269 2015 3390 2060 cum
3431 2001 3514 2058 hic
3559 2003 3613 2056 itt

2035 2095 2195 2137 carne
2225 2083 2489 2152 viverent,
2524 2087 2801 2144 Dominum
2843 2105 2962 2146 esse
3002 2104 3278 2158 venturum
3307 2115 3320 2150 :
3346 2109 3400 2152 et
3437 2109 3613 2155 tamen

2034 2171 2154 2241 quis
2192 2172 2395 2228 dubitet
2433 2190 2528 2230 eos
2565 2179 2827 2249 praecipue
2852 2181 3099 2253 vigilasse
3123 2192 3175 2238 et
3203 2202 3444 2242 servasse
3473 2191 3612 2259 quod

2033 2262 2279 2317 omnibus
2299 2263 2453 2332 dixit,
2474 2282 2540 2320 ne
2558 2268 2843 2337 imparatos
2859 2281 3076 2340 repente
3091 2275 3612 2333 veniensinveniret?

2033 2421 2036 2424 Δ
2104 2350 2327 2408 CAPUT
2366 2353 2595 2410 11.-4.
2642 2357 2886 2412 Nondum
2930 2376 3058 2416 sane
3100 2363 3336 2435 intelligo
3378 2383 3612 2436 quonam

2033 2441 2193 2494 modo
2222 2444 2390 2517 accipi
2416 2445 2605 2501 debeat
2650 2450 2788 2516 quod
2823 2451 3033 2520 scripsit
3069 2453 3328 2510 Sanctitas
3355 2466 3462 2525 tua,
3494 2477 3615 2528 pto-

2032 2540 2212 2600 ptcrea
2257 2533 2457 2590 dixisse
2505 2536 2786 2591 Dominum
2822 2540 3122 2609 Apostolis,
3157 2543 3273 2599 Non
3303 2557 3372 2600 est
3399 2561 3614 2605 oestrum

2033 2638 2177 2678 nosse
2203 2635 2426 2696 tempora
2454 2628 2528 2682 vel
2553 2641 2822 2698 momenta,
2865 2649 2980 2701 quae
3023 2633 3180 2691 Pater
3215 2640 3383 2708 posuit
3429 2641 3480 2696 in
3520 2659 3614 2697 sua

2032 2723 2309 2782 potestate;
2334 2717 2582 2786 quoniam
2610 2729 2822 2774 secutus
2848 2723 3115 2792 adjuuxit,
3160 2727 3264 2781 Sed
3305 2730 3444 2784 eritis
3485 2733 3610 2787 mihi

2031 2813 2177 2897 testes
2207 2807 2259 2859 in
2279 2807 2580 2876 Jerusalem,
2605 2821 2650 2864 et
2667 2812 2720 2865 in
2738 2811 2770 2865 .1
2779 2815 2943 2882 ιιιιωα,
2967 2827 3010 2869 et
3031 2818 3082 2871 in
3106 2818 3363 2889 Samaria,
3392 2833 3436 2878 et
3457 2843 3613 2897 usque

2031 2895 2099 2948 ad
2127 2896 2357 2951 ultimum
2385 2908 2532 2953 terrae
2561 2902 2697 2971 (Act.
2719 2918 2756 2970 ι,
2780 2904 2830 2970 7,
2854 2905 2933 2976 8).
2974 2907 3138 2972 Quem
3168 2910 3457 2982 Scriptura:
3485 2895 3612 2972 sen-

2030 3000 2148 3039 sum
2182 2988 2260 3042 sic
2288 2991 2507 3058 exponis
2527 3030 2541 3054 ,
2575 3000 2627 3045 ut
2657 2993 2802 3048 dicas
2824 3011 2846 3069 τ’
2871 2994 2993 3049 Non
3023 3015 3140 3069 ergo
3169 3000 3436 3073 Apostolos
3465 3015 3610 3063 testes

2030 3081 2471 3135 consummationis
2496 3083 2691 3148 mundi,
2709 3085 2798 3138 sed
2817 3088 3033 3142 nominis
3048 3101 3094 3143 et
3114 3096 3488 3151 resurrectionis
3504 3115 3610 3154 suc

2029 3167 2182 3222 voluit
2224 3171 2453 3243 intelligi.
2492 3173 2608 3227 Non
2645 3175 2855 3244 quidem
2885 3178 2973 3233 ille
2997 3181 3092 3248 ait,
3114 3181 3229 3238 Non
3265 3195 3347 3240 est
3376 3196 3608 3244 vestrum

2030 3260 2318 3328 pra-dicare
2341 3272 2607 3332 tempora;
2629 3265 2744 3331 sed,
2765 3265 2817 3320 Ν
2821 3284 2886 3321 on
2907 3279 2976 3324 est
2995 3282 3210 3326 vestrum
3226 3290 3371 3330 nosse
3389 3293 3410 3331 .'
3427 3293 3608 3336 verum

2029 3351 2072 3404 si
2095 3352 2166 3405 ita
2195 3353 2274 3408 vis
2300 3354 2516 3424 intelligi
2547 3357 2686 3426 quod
2713 3359 2807 3425 ait,
2830 3359 2951 3414 Non
2972 3373 3045 3416 est
3070 3375 3284 3419 vestrum
3301 3368 3450 3436 scire,
3475 3386 3539 3427 ac
3559 3374 3608 3428 si

2028 3441 2269 3509 diceret,
2325 3445 2440 3500 Non
2491 3456 2573 3502 est
2622 3459 2856 3506 vestrum
2899 3453 3373 3529 scientes'lacere,
3405 3462 3454 3516 id
3484 3473 3603 3530 est,

2027 3550 2134 3590 non
2168 3545 2250 3590 est
2289 3546 2524 3593 vestrum
2565 3539 2668 3596 hoc
2704 3541 2939 3611 docere;
2973 3547 3369 3616 quis‘nostrum
3410 3553 3604 3611 docere

2026 3629 2248 3696 audeat,
2270 3631 2350 3686 vel
2374 3647 2434 3687 se
2456 3634 2592 3689 scire
2619 3648 2903 3704 prmsumat
2925 3641 3064 3708 quod
3086 3642 3223 3698 Deus
3245 3644 3331 3699 ille
3356 3647 3605 3717 magiSter

2027 3737 2127 3776 nec
2150 3737 2243 3777 eos
2267 3721 2557 3794 discipulos
2582 3727 2781 3794 docuit,
2803 3745 2832 3784 a
2857 3732 3046 3801 quibus
3068 3738 3420 3803 prtesentibus
3446 3739 3604 3798 inter-

2024 3823 2240 3885 rogatus
2266 3825 2348 3871 est
2377 3833 2629 3887 praesens,
2653 3836 2752 3876 nec
2777 3822 2849 3876 illi
2881 3831 2984 3878 tam
3012 3828 3179 3882 sancti
3205 3831 3484 3903 magnique
3503 3834 3603 3889 do-
3626 3866 3640 3878 ο

2025 3918 2200 3962 etores
2223 3909 2516 3964 Ecclesium
2539 3914 2732 3968 docere
2759 3918 3078 3982 potuerunt?

2095 4000 2149 4054 5.
2190 4000 2272 4053 An
2299 4001 2722 4070 respondebitur,
2755 4003 2870 4060 haec
2899 4022 3000 4060 non
3026 4007 3270 4066 docuisse
3295 4012 3599 4083 Apostolus,

2023 4089 2117 4143 sed
2147 4089 2477 4158 Pr0phetas?
2503 4091 2612 4146 Hoc
2636 4093 2775 4147 enim
2804 4095 2951 4161 aisti,
2993 4105 3047 4151 et
3087 4114 3266 4154 verum
3307 4112 3418 4170 est,
3459 4107 3599 4174 quod

2023 4195 2085 4235 ea
2122 4198 2235 4253 qua:
2265 4183 2437 4253 futura
2475 4193 2618 4248 sum,
2663 4195 2948 4240 sanctorum
2990 4187 3363 4259 Prophetarum
3401 4195 3599 4250 uocibus

2022 4282 2417 4342 cognoscuntur;
2439 4274 2522 4345 qui
2546 4275 2835 4345 priusquam
2861 4277 3053 4344 fierent,
3083 4281 3272 4350 inquis,
3294 4299 3352 4337 ea
3377 4301 3489 4355 qua:
3512 4289 3584 4355 fw

2022 4371 2135 4414 tura
2159 4371 2299 4415 erant
2314 4403 2328 4428 ,
2352 4362 2603 4416 voluntate
2625 4363 2795 4418 divina
2819 4365 3102 4422 hominibus
3132 4382 3247 4426 sunt
3287 4375 3459 4429 loculi.
3487 4375 3594 4432 Sed

2020 4453 2065 4507 si
2085 4454 2318 4509 venratio
2337 4464 2420 4507 tua
2436 4455 2562 4508 satis
2587 4455 2915 4512 admiratione
2940 4457 3145 4530 plenum
3170 4478 3278 4516 esse
3301 4465 3437 4531 dicit,
3470 4468 3514 4520 si
3540 4485 3600 4523 ea

2020 4541 2159 4598 Deus
2173 4559 2284 4614 qua:
2299 4546 2505 4614 pra’dici
2521 4547 2691 4611 voluit,
2711 4548 2777 4600 ad
2799 4548 3056 4604 hominum
3079 4569 3254 4608 sensus
3283 4557 3480 4626 penitus
3495 4576 3598 4614 non

2021 4652 2167 4706 posse
2192 4637 2446 4706 pervenire
2461 4639 2750 4704 constituit;
2774 4651 2970 4709 quanto
3010 4645 3210 4713 majore
3248 4648 3596 4708 admiratione

2020 4726 2230 4795 plenum
2249 4736 2346 4792 est,
2363 4728 2406 4781 si
2431 4744 2492 4782 ea
2517 4744 2634 4798 quae
2646 4729 2923 4800 Propheta:
2952 4733 3251 4792 hominibus
3267 4749 3388 4793 sunt
3413 4740 3589 4806 locuti,

2021 4817 2136 4872 haec
2149 4819 2384 4887 Apostoli
2401 4821 2482 4874 vel
2510 4821 2647 4876 scire
2674 4830 2795 4876 sunt
2815 4823 3062 4892 prohibiti
3085 4829 3164 4882 vel
3199 4830 3421 4885 docere!
3449 4830 3601 4899 Quc~

2021 4910 2179 4966 inodo
2198 4919 2376 4966 autem
2399 4911 2678 4980 Propheta:
2704 4915 2822 4979 ista,
2839 4915 2905 4970 de
2930 4919 3121 4986 quibus
3147 4921 3334 4988 agitur,
3356 4930 3593 4992 tempora

2020 4998 2302 5065 docentes,
2332 5015 2436 5053 non
2465 5001 2882 5070 intelligerentur
2901 5006 2971 5060 ab‘
2992 5007 3285 5075 Aposmlis,
3323 5011 3368 5064 si
3397 5011 3592 5068 intelli-

2019 5098 2214 5159 guntur
2231 5104 2261 5142 a
2281 5089 2466 5144 nobis?
2488 5099 2575 5144 aut
2595 5091 2640 5146 si
2662 5107 2756 5147 eos
2775 5094 3012 5163 Apostoli
3030 5097 3418 5167 intellexerunt,
3438 5101 3591 5162 istam

2021 5195 2320 5233 mensuram
2353 5181 2604 5248 temporis
2640 5184 3045 5253 prophetantcs;
3071 5188 3342 5257 quomodo
3366 5206 3470 5246 non
3495 5193 3594 5248 do-

2020 5279 2203 5323 cerent
2227 5269 2365 5338 quod
2393 5270 2791 5339 intellexerunt,
2819 5276 3026 5345 quando
3054 5293 3145 5346 per
3172 5288 3355 5336 eorum
3389 5297 3593 5351 praeco—

2021 5362 2166 5413 nium
2191 5368 2246 5414 et
2272 5360 2369 5430 ipsi
2392 5360 2667 5432 Propheta)
2696 5366 3113 5434 innotescebant,
3143 5369 3230 5438 qui
3255 5385 3347 5424 eos
3370 5374 3481 5427 suis
3499 5373 3593 5428 Li-

2021 5450 2130 5505 bris
2167 5451 2267 5505 ista
2319 5451 2648 5508 docuerunt?
2683 5455 2746 5509 Et
2783 5456 2910 5512 ideo
2949 5472 3044 5526 per
3083 5474 3213 5527 quas
3257 5460 3482 5517 Litteras
3523 5477 3587 5518 ea

2022 5541 2118 5609 ipsi
2157 5540 2478 5607 didicerant,
2514 5559 2609 5614 per
2644 5546 2857 5601 easdem
2887 5557 3130 5617 poterant
3164 5549 3252 5604 alii
3294 5568 3501 5624 quoque
3535 5553 3590 5611 in

2021 5631 2104 5686 his
2128 5633 2369 5702 gentibus
2392 5633 2597 5690 discere
2613 5677 2626 5699 ,
2655 5637 2705 5710 in
2731 5637 2920 5707 quibus
2944 5641 3179 5708 Apostoli
3220 5644 3588 5702 auctoritatem

2023 5730 2381 5803 prOpheticam
2408 5732 2865 5789 Commendabant.
2885 5735 2990 5789 Cur
3010 5751 3133 5806 ergo
3159 5737 3234 5790 eis
3260 5737 3457 5793 dictum
3485 5749 3582 5810 est,

2871 5825 2905 5906 (
2913 5828 3352 5906 1"ingl-neuf.)
