4120 6358
535 383 638 439 9υ7
656 460 667 465 ψ

539 501 660 554 Νοιι
689 506 758 553 est
786 508 999 550 vestrum
1034 509 1195 557 scire,
1222 494 1302 542 vel
1344 490 1386 542 si
1428 487 1496 541 ita
1562 483 1957 553 intelligendum
1997 490 2096 533 est.

533 593 650 649 Non
669 598 750 645 est
778 597 1007 643 vestrum
1034 586 1224 637 docere
1254 592 1474 649 tempora
1493 617 1509 643 ,
1544 590 1655 646 quae
1677 573 1832 627 Pater
1859 572 2023 643 posuit
2052 572 2104 625 in

536 700 631 737 sua
653 687 891 750 potestate
905 695 923 743 ;
937 672 1355 745 quandoquidem
1370 670 1444 722 sic
1462 684 1521 720 ea
1537 665 1818 728 docebant,
1837 677 1954 716 cum
1977 660 2029 714 hi
2052 661 2102 714 in

534 787 759 842 quorum
803 768 1019 825 Litteris
1043 765 1393 826 discet-eatur,
1418 776 1511 830 per
1533 759 1647 813 illos
1674 752 2105 812 innotescebant?

538 865 691 922 Unde
715 860 1017 918 credibilius
1045 866 1162 923 est,
1191 871 1294 910 non
1340 855 1502 908 Deum
1531 851 1762 905 noluisse
1803 847 1924 903 sciri
1966 842 2105 916 quod

531 953 698 1009 voluit
723 952 740 984 ¹
766 947 1074 1021 praedicari,
1105 945 1197 1002 sed
1229 944 1458 998 uoluisse
1496 938 1765 1010 prmdicari
1792 936 1932 1007 quod
1959 936 2105 989 vide-

532 1047 623 1101 bat
648 1058 751 1097 non
779 1040 973 1095 utiliter
1000 1036 1144 1093 sciri.

602 1135 656 1190 6.
686 1132 787 1189 Cur
815 1148 952 1202 ergo,
984 1128 1176 1198 inquis,
1207 1124 1594 1194 de'temporibus
1621 1118 1974 1192 cognoscendis
2002 1118 2107 1187 ipse

532 1224 780 1279 Dominus
807 1228 992 1287 monet,
1016 1219 1097 1273 ubi
1120 1218 1238 1270 dicit
1263 1230 1324 1270 :‘t
1354 1215 1596 1280 Quisnam
1628 1212 1699 1265 est
1738 1211 1899 1278 ﬁdelis
1936 1224 2107 1262 servus

531 1326 578 1369 et
622 1312 871 1383 prudens,
916 1325 1057 1380 quem
1090 1305 1357 1361 constituit
1400 1304 1631 1357 dominus
1672 1318 1820 1387 super
1859 1299 2106 1369 familiam

528 1420 703 1472 suam,
740 1413 793 1457 ut
827 1402 906 1456 det
948 1399 1047 1454 illis
1083 1398 1244 1453 cibum
1287 1397 1339 1451 in
1377 1395 1635 1467 tempore!
1663 1413 1682 1445 ι
1710 1402 1811 1447 etc.
1833 1391 1949 1446 ιιιιο
1978 1405 2107 1445 vero

531 1503 736 1561 mouet,
761 1508 864 1547 non
893 1500 950 1545 ut
981 1491 1149 1545 bonus
1174 1500 1358 1544 servus
1395 1492 1682 1556 cognoscat
1719 1492 2011 1552 temporum
2042 1481 2106 1535 li-

530 1606 686 1656 nem;
713 1588 803 1643 sed
836 1596 890 1643 ut
932 1586 1073 1641 omni
1119 1594 1355 1653 tempore
1402 1583 1453 1636 in
1503 1591 1666 1651 opere
1710 1578 1852 1633 bono
1894 1577 2105 1647 vigilet,

529 1680 650 1749 quia
676 1679 845 1734 nescit
873 1684 1171 1748 temporum
1204 1674 1382 1728 linem.
1410 1671 1522 1726 Non
1553 1680 1732 1726 monet
1766 1678 1821 1723 ut
1849 1672 2104 1738 tempora,

528 1785 649 1842 quas
678 1770 830 1823 Pater
854 1769 1029 1837 posuit
1060 1768 1111 1821 in
1141 1780 1234 1819 sua
1260 1772 1523 1834 potestate
1543 1802 1557 1825 ,
1583 1774 1928 1829 assequamur
1950 1773 2110 1826 super

530 1860 847 1928 Apostolus;
888 1858 981 1912 sed
1021 1863 1203 1912 monet
1235 1865 1292 1908 ut
1325 1852 1572 1923 quoniam
1611 1852 1873 1904 nescimus
1893 1848 2104 1919 quando

528 1951 706 2005 veniat
747 1950 1031 2013 Dominus,
1085 1949 1139 2002 in
1187 1946 1362 2001 cordis
1414 1943 1794 2014 prmparatione
1839 1942 2103 1994 imitemur

527 2042 815 2112 Apostolos
844 2058 856 2095 :
886 2039 1026 2095 unde
1048 2039 1155 2108 jam
1183 2052 1340 2107 supra
1368 2034 1495 2090 Satis
1521 2034 1728 2089 locutus
1754 2048 1891 2087 sum.
1924 2031 2109 2101 Arguit

528 2143 701 2187 autem
732 2131 944 2186 .ludazos
972 2144 1138 2199 quare
1166 2138 1370 2197 tempus
1398 2139 1501 2179 non
1531 2131 1871 2189 cognoscant,
1899 2121 2105 2187 dicens,

533 2221 847 2293 Ilypocritcc,
892 2220 1071 2291 [aciem
1107 2218 1217 2272 caeli
1256 2216 1458 2286 potestis
1494 2215 1743 2284 probare,
1794 2222 1896 2266 etc.
1959 2210 2106 2282 (Luc.

530 2327 624 2375 xu,
647 2311 734 2375 49.,
768 2310 898 2379 56);
934 2309 1180 2378 quoniam
1219 2306 1348 2360 illud
1384 2313 1593 2373 tempus
1620 2301 2111 2379 noti’agnoscebant

530 2401 669 2470 quod
696 2401 802 2471 jam
830 2399 1035 2454 volebat
1063 2396 1297 2466 agnosci,
1328 2395 1378 2449 id
1410 2403 1495 2450 est
1520 2395 1669 2463 primi
1698 2392 1957 2447 adventus
1982 2391 2062 2446 sui
2089 2430 2106 2459 ,

533 2509 637 2562 quo
667 2492 719 2546 in
746 2507 864 2545 eum
893 2489 1174 2544 crederent
1198 2489 1285 2558 qui
1306 2486 1530 2541 alterum
1560 2486 1672 2555 ejus
1695 2485 1976 2539 adventum
2004 2484 2112 2539 vei-

536 2582 646 2637 lent
690 2589 1000 2651 exspectare
1052 2579 1328 2649 vigilantes
1357 2617 1372 2643 ,
1418 2576 1859 2646 quandocumque
1908 2574 2111 2629 futurus

534 2680 694 2727 esset.
723 2672 822 2739 Qui
842 2671 981 2725 enim
999 2669 1279 2723 adventum
1310 2667 1514 2721 Domini
1546 2682 1650 2720 non
1681 2665 2112 2735 cognoveritpri-
2148 2736 2151 2739 _

533 2778 703 2827 mum,
734 2755 1029 2833 pra-parare
1067 2776 1125 2815 se
1151 2774 1253 2812 non
1298 2758 1490 2828 poterit
1535 2755 1601 2810 ad
1654 2755 2113 2821 secundum,ere-

532 2852 706 2907 dendo
725 2852 775 2904 iu
793 2866 913 2905 eum
948 2844 1272 2919 ﬁdeliterque
1300 2846 1584 2917 vigilando,
1608 2862 1673 2900 ue
1695 2844 1840 2899 illum
1864 2856 2109 2914 tanquam

532 2943 616 2998 l'nr
661 2944 711 2997 in
760 2942 990 2997 tenebris
1025 2939 1470 3012 comprehendat,
1513 2939 1623 2992 sive
1651 2937 1850 2992 tardius
1870 2937 2108 3003 venerit,

530 3034 643 3090 sive
670 3034 822 3088 citius
852 3048 1005 3101 quam
1029 3042 1289 3103 speratur.

603 3121 827 3181 CAPUT
868 3123 1037 3178 lll.—-
1074 3123 1124 3175 7.
1167 3121 1300 3175 Dicit
1325 3120 1504 3184 etiam,
1531 3119 1667 3174 sicut
1686 3118 1960 3185 admones,
1985 3133 2113 3188 apo-

534 3218 701 3271 stolas
729 3215 943 3279 Paulus,
986 3212 1052 3268 In
1081 3212 1357 3268 novissimis
1386 3210 1685 3282 temporibus
1710 3211 1961 3264 instabunt
1982 3222 2110 3264 tcm~

533 3324 658 3378 pora
675 3306 972 3377 periculosa,
992 3315 1044 3361 et
1061 3305 1257 3375 reliqua
1282 3300 1343 3375 (ll
1367 3302 1495 3357 Tim.
1522 3318 1599 3367 ιιι,
1627 3301 1703 3372 1).
1726 3293 1831 3356 Sed
1856 3300 2110 3369 numquid

533 3398 653 3452 ideo
679 3397 837 3452 docet
866 3405 1122 3466 tempora,
1172 3410 1291 3464 quae.
1330 3393 1489 3448 Pater
1530 3392 1704 3462 posuit
1743 3394 1797 3445 in
1840 3406 1932 3446 sua
1965 3400 2112 3460 pote-

533 3491 703 3546 state?
731 3486 1580 3557 autideoquisquamnovitquam
1608 3483 1765 3554 longa
1808 3484 1892 3537 vel
1932 3483 2107 3537 brevia

532 3583 639 3636 sint
681 3581 865 3637 eadem
904 3580 1048 3648 ipsa,
1090 3595 1207 3647 qua:
1238 3577 1502 3631 latendum
1527 3584 1607 3631 est
1636 3590 1754 3629 esse
1790 3574 2110 3629 novissima?

532 3671 776 3741 Cogitare
822 3669 1013 3737 quippe
1041 3669 1293 3722 debemus
1318 3683 1473 3736 quam
1499 3667 1626 3720 olim
1651 3665 1850 3720 dictum
1879 3666 1966 3733 sit,
2011 3664 2110 3720 Fi-

539 3761 665 3823 lioli,
700 3760 969 3813 novissima
1010 3758 1134 3811 hora
1162 3767 1232 3811 est
1254 3756 1292 3827 (1
1315 3757 1468 3810 Joan.
1499 3771 1555 3821 tt,
1587 3754 1697 3827 18).

602 3850 655 3905 8.
697 3849 902 3903 Rursus
930 3847 1177 3903 eumdem
1206 3847 1499 3915 apostolum
1540 3847 1739 3901 dixisse
1780 3862 2108 3902 commemo-

535 3956 654 3996 ras:
687 3939 765 3993 De
784 3920 1088 4008 temporibus
1116 3947 1281 3991 autem
1309 3946 1355 3991 et
1384 3936 1643 3991 momentis
1669 3954 1769 3990 non
1793 3953 1987 3992 necesse
2010 3940 2108 3992 Ita-

533 4031 701 4084 bemus
723 4029 935 4084 scribere
957 4028 1090 4087 vobis
1110 4044 1128 4081 :
1143 4044 1227 4081 vos
1256 4027 1387 4081 enim
1413 4026 1514 4096 ipsi
1535 4027 1795 4097 diligenter
1828 4027 1963 4081 scitis
1988 4029 2108 4097 quia

533 4120 640 4173 dies
660 4118 869 4173 Domini
894 4119 1019 4173 sicut
1046 4120 1131 4188 [ur
1157 4118 1209 4171 in
1237 4126 1398 4182 nocte,
1428 4117 1499 4169 ita
1532 4118 1725 4182 veniet;
1749 4126 1794 4171 et
1821 4132 1935 4171 cum
1959 4118 2105 4172 dixe-

531 4213 655 4279 rint,
687 4210 803 4265 Pax
844 4219 890 4264 et
936 4210 1196 4274 securitas,
1228 4217 1347 4263 tunc
1385 4207 1670 4273 subitaneus
1711 4209 1815 4264 illis
1849 4212 2108 4280 apparebit

533 4302 783 4366 interitus,
807 4300 1053 4371 quomodo
1075 4298 1273 4353 dolores
1302 4299 1647 4370 parturientis,
1676 4308 1719 4352 et
1744 4316 1843 4353 non
1871 4299 2107 4372 effugient

529 4390 575 4461 (Ι
599 4390 778 4445 Thess.
804 4405 859 4457 v,
890 4392 1021 4461 1-5).
1050 4390 1115 4444 Ει
1142 4391 1227 4444 hic
1252 4406 1354 4444 non
1378 4390 1509 4445 dixit
1535 4398 1651 4460 post
1681 4402 1930 4461 quantum
1969 4402 2106 4447 tem~

486 4506 489 4509 η
531 4482 677 4552 poris
704 4482 805 4535 hoc
841 4479 1072 4534 futurum
1099 4480 1186 4543 sit,
1216 4479 1309 4534 sed
1334 4480 1600 4550 quomodo
1642 4480 1871 4535 futurum
1914 4485 2013 4549 sit;
2057 4484 2104 4537 id

530 4582 636 4639 est,
666 4588 771 4628 non
801 4583 994 4642 quanta
1023 4571 1123 4627 erit
1151 4574 1319 4625 aetatis
1336 4573 1564 4627 brevitas
1591 4572 1673 4627 vel
1703 4573 1991 4641 prolixitas,
2013 4574 2105 4628 sed

530 4664 915 4734 quantumlibet
929 4663 1259 4718 intervallum
1276 4663 1344 4717 sit
1357 4664 1688 4733 spatiumque
1709 4666 1981 4735 temporis,
2000 4682 2104 4720 non

532 4764 708 4809 tamen
748 4752 826 4807 eis
856 4752 954 4807 hoc
996 4752 1170 4807 veniet
1205 4752 1400 4805 malum
1438 4752 1800 4816 novissimum,
1844 4754 1944 4809 nisi
1983 4770 2105 4810 cum

516 4833 782 4911 'dixerint,
813 4841 930 4896 Pax
953 4851 999 4896 et
1026 4842 1285 4897 securitas.
1313 4841 1512 4909 Quibus
1540 4842 1716 4898 verbis
1736 4843 1945 4898 videtur
1964 4844 2105 4915 Apo-

530 4935 700 4990 stolus
727 4934 882 5005 hujus
906 4934 1176 4989 novissimi
1211 4933 1314 4989 diei
1350 4935 1433 4989 vel
1470 4950 1617 5005 spem
1644 4935 1723 4990 vel
1766 4937 2008 4991 timorem
2038 4950 2106 4992 an

529 5024 633 5079 hoc
661 5034 842 5080 nostro
882 5034 1119 5099 temppre
1163 5026 1451 5081 removisse
1487 5043 1503 5082 :
1541 5044 1643 5081 non
1683 5028 1822 5081 enim
1867 5029 2104 5085 videmus

528 5114 674 5184 ipsos
698 5122 961 5169 amatores
990 5114 1143 5185 hujus
1170 5114 1371 5181 steculi,
1398 5116 1586 5184 quibus
1612 5117 1916 5172 subitaneus
1938 5134 2103 5189 appa-

529 5207 669 5263 rebit
692 5206 956 5273 interitus,
976 5206 1084 5275 jam
1112 5205 1310 5271 dicere,
1338 5202 1455 5260 Pax
1474 5215 1516 5261 et
1535 5209 1794 5262 securitas.

596 5298 651 5353 9.
690 5294 825 5362 Quid
858 5309 988 5365 ergo
1028 5295 1165 5349 scire
1190 5293 1437 5359 sufﬁciat,
1478 5296 1606 5350 satis
1634 5297 1746 5366 ipse
1778 5298 2104 5354 demonstrat

525 5388 827 5458 Apostolus,
846 5384 1094 5451 dicendo,
1116 5385 1190 5440 De
1206 5388 1507 5457 temporibus
1523 5396 1569 5439 et
1585 5390 1843 5443 momentis
1864 5406 1962 5443 non
1978 5408 2103 5461 opus

524 5481 763 5535 habemus
802 5476 940 5533 nabis
982 5477 1227 5542 scribere;
1254 5478 1335 5533 vel
1365 5477 1501 5533 sicut
1532 5479 1619 5532 alii
1645 5480 1855 5535 codices
1886 5482 2099 5548 habent,

529 5570 651 5639 Non
676 5586 805 5639 opus
831 5569 1020 5626 habetis
1058 5569 1192 5624 vobis
1234 5568 1403 5623 scribi.
1447 5569 1555 5625 Nec
1593 5580 1802 5626 Secutus
1843 5574 2100 5642 adjunxit,

502 5706 609 5817 ’
627 5712 757 5767 ων..
772 5704 899 5768 quod
915 5701 1061 5755 noluit
1084 5700 1365 5767 prtcdicari.
1389 5696 1673 5753 Sedmelius
1690 5704 1871 5777 aliquot
1884 5713 2010 5767 λιιι,
2025 5720 2101 5758 ω.

1761 372 1817 423 S.
1862 370 1898 421 Α
1910 366 2217 423 UtlUS’l'INl
2261 365 2558 422 EPISCOPI

3686 373 3794 431 908

2212 478 2316 533 Vos
2343 481 2484 535 erum
2513 481 2611 554 ipsi
2641 482 2917 552 diligenter
2945 484 3093 539 scitis
3122 494 3374 554 quantum
3408 488 3665 556 temporis
3702 505 3791 545 reo

2209 578 2340 635 stet;
2372 570 2464 625 sed
2489 572 2581 636 ait,
2625 570 2721 626 Vos
2748 574 2877 628 enim
2906 575 3005 644 ipsi
3030 576 3293 646 diligenter
3330 578 3487 643 scitis,
3518 583 3637 648 quia
3662 582 3790 633 hora

2209 657 2413 714 Domini
2450 662 2577 715 sicut
2608 664 2694 733 fur
2730 665 2783 718 in
2813 676 2974 732 nocte,
3014 666 3085 721 ita
3122 668 3298 722 veniet.
3340 669 3450 724 lloc
3486 686 3613 740 ergo
3652 674 3792 728 seire

2210 766 2343 821 opus
2372 762 2469 813 est,
2495 762 2552 806 ut
2576 764 2762 808 curent
2787 755 2875 809 lilii
2916 756 3046 811 lueis
3072 773 3191 813 esse
3220 767 3273 813 et
3299 768 3483 829 parato
3511 762 3676 816 corde
3704 764 3790 817 vi-

2208 841 2393 910 gilare,
2424 843 2513 912 qui
2557 843 2739 897 nolunt
2766 844 2834 898 ab
2861 846 2946 899 illa
2993 846 3118 901 lucra
3164 849 3301 902 sicut
3323 864 3353 903 a
3382 857 3641 905 nocturno
3671 850 3792 907 iure

2210 932 2607 998 comprehendi.
2635 934 2765 989 Nam
2786 937 2828 990 si
2846 937 2909 991 ad
2927 940 3217 993 cavendbm
3247 940 3348 996 hoc
3367 943 3582 1009 malum,
3612 944 3662 999 id
3680 953 3786 1009 est,

2211 1037 2277 1078 ne
2303 1024 2428 1077 hora
2452 1025 2654 1078 Domini
2680 1035 2921 1097 tanquam
2951 1030 3031 1082 lur
3048 1030 3277 1084 inveniat
3296 1032 3629 1101 imparatum,
3652 1051 3793 1105 opus

2210 1124 2349 1167 esset
2379 1130 2534 1171 nosse
2560 1122 2858 1185 temperem
2900 1118 3088 1187 spatia,
3120 1135 3223 1174 non
3262 1121 3463 1177 diceret
3502 1124 3791 1194 Apostolus

2211 1221 2315 1259 non
2337 1220 2470 1276 Opus
2496 1222 2612 1262 esse
2641 1218 2698 1262 ut
2729 1208 2828 1262 hoc
2857 1211 3132 1278 scriberet,
3151 1211 3243 1266 sed
3263 1210 3364 1267 hoc
3385 1215 3557 1282 potius
3572 1216 3649 1269 eis
3668 1231 3791 1271 esse

2210 1297 2545 1352 scribendum
2577 1306 2822 1369 tauquam
2849 1300 3037 1355 doctor
3070 1302 3558 1370 providentissimus
3578 1304 3790 1374 judica-

2210 1398 2306 1442 ret.
2345 1387 2494 1443 Nunc
2531 1399 2705 1442 autem
2745 1403 2845 1444 nec
2883 1391 2986 1445 illis
3014 1390 3115 1446 hoc
3141 1398 3276 1462 opus
3305 1407 3423 1449 esse
3450 1395 3787 1461 monstravit,

2209 1479 2398 1549 quibus
2425 1478 2719 1534 sufficiebat
2745 1489 2802 1535 ut
2826 1482 3023 1536 scirent
3050 1483 3318 1551 imparatis
3338 1494 3494 1554 atque
3517 1485 3794 1540 dormieno'

2204 1570 2351 1624 tibus
2381 1569 2562 1625 horam
2590 1571 2798 1625 Domini
2818 1573 2953 1627 sicut
2976 1572 3144 1627 furem
3169 1584 3287 1629 esse
3310 1584 3604 1641 venturam,
3628 1583 3792 1648 atque

2211 1660 2312 1716 hoc
2336 1662 2553 1717 sciendo
2581 1673 2761 1717 essent
2797 1664 2895 1733 ipsi
2928 1664 3207 1733 vigilanter
3232 1668 3397 1735 parati
3427 1676 3544 1737 poSt
3567 1680 3793 1739 quantas

2208 1750 2339 1805 iibet
2367 1760 2599 1821 tempera
2630 1754 2863 1819 veniret;
2914 1763 2970 1810 et
3012 1770 3163 1810 suum
3203 1760 3431 1813 servavit
3469 1761 3703 1825 modum,
3730 1772 3792 1818 ιιι

2208 1840 2336 1895 iieet
2361 1843 2651 1910 apostolus,
2684 1852 2789 1897 non
2831 1855 3003 1898 tamen
3038 1849 3381 1915 praesumeret
3422 1849 3556 1905 alios
3596 1850 3791 1906 docere

2210 1933 2351 2004 quod
2375 1935 2641 2003 Apostolis
2670 1935 2946 1990 Dominum
2973 1936 3171 1992 dixisse
3188 1950 3530 2010 cognoverat,
3570 1940 3687 1995 Non
3716 1951 3793 1996 est

2210 2033 2423 2076 vestrum
2441 2024 2585 2077 scire.
3436 2080 3439 2081 ν
3738 2032 3771 2059 ⁸

2283 2114 2369 2169 10.
2404 2114 2568 2170 Panis
2593 2115 2751 2170 etiam
2795 2116 2934 2187 quod
2974 2116 3115 2172 idem
3158 2118 3271 2187 ipse
3312 2119 3444 2176 dixit
3475 2122 3789 2192 apostolus:

2214 2200 2335 2255 Non
2359 2204 2576 2258 retinetis
2604 2206 2841 2259 ntemoria
2869 2208 2986 2276 quia
3027 2222 3141 2260 cum
3169 2222 3325 2262 essent
3361 2211 3499 2277 apud
3530 2226 3638 2275 vos,
3681 2213 3790 2266 hare

2208 2293 2434 2347 dicebant
2457 2294 2592 2349 vobis
2607 2296 2633 2349 ?
2655 2294 2723 2349 Et
2749 2313 2881 2350 nunc
2905 2298 3027 2367 quid
3045 2298 3279 2366 detineat,
3300 2301 3457 2366 scitis,
3479 2311 3531 2354 ut
3548 2301 3794 2356 reveletur

2211 2386 2263 2439 in
2293 2403 2384 2440 suo
2414 2397 2655 2459 tempore.
2684 2389 2822 2445 Nam
2861 2394 3145 2461 mysterium
3157 2393 3269 2462 jam
3292 2405 3525 2464 aperatur
3543 2395 3791 2466 iniquita-

2213 2477 2309 2541 tis;
2338 2487 2531 2532 tantum
2559 2481 2645 2549 qui
2669 2489 2817 2546 tenet,
2850 2482 2997 2535 modo
3021 2491 3197 2547 teneat,
3226 2483 3381 2537 donec
3403 2485 3465 2538 de
3489 2485 3651 2539 medio
3676 2487 3766 2553 [ias

2213 2579 2260 2623 et
2287 2578 2402 2624 tunc
2430 2571 2729 2625 revelabitur
2752 2573 2838 2626 ille
2856 2573 3075 2643 iniquus,
3106 2592 3251 2646 quem
3271 2574 3517 2630 Dominus
3536 2576 3687 2632 Jesus
3707 2579 3793 2631 in-

2214 2662 2419 2729 ter/iciet
2442 2664 2628 2733 spiritu
2658 2664 2759 2718 oris
2784 2666 2863 2719 sui
2901 2665 2963 2736 (ll
2995 2664 3167 2722 Thess.
3198 2683 3257 2734 rt,
3286 2669 3401 2724 5-8.
3446 2668 3484 2722 V
3488 2670 3557 2722 id.
3581 2670 3693 2726 Lib.
3715 2670 3792 2725 20

2213 2751 2276 2804 de
2312 2751 2522 2807 Civitate
2564 2752 2681 2819 Dei,
2707 2770 2753 2807 c.
2785 2754 2896 2826 19).
2926 2756 3053 2822 Qua:
3077 2758 3233 2811 verba
3262 2760 3547 2827 apostolica
3585 2761 3789 2814 utinam

2214 2858 2317 2897 non
2347 2846 2708 2899 tantummodo
2736 2860 2950 2913 ponere,
2984 2862 3164 2901 verum
3196 2848 3352 2902 etiam
3396 2861 3663 2919 exponere
3700 2850 3791 2904 di-

2212 2932 2448 3002 guareris
2468 2948 2482 2986 :
2504 2932 2579 2987 ita
2607 2948 2732 2988 sane
2757 2936 2977 2989 obseura
3001 2944 3192 2990 suntet
3212 2937 3431 3007 mystice
3452 2939 3610 3005 dicta,
3629 2947 3686 2991 ut
3707 2948 3793 2992 tab

2215 3038 2333 3076 men
2356 3031 2602 3091 appareat
2622 3038 2740 3077 eum
2767 3024 2893 3077 nihil
2910 3025 2976 3079 de
2996 3013 3204 3080 Statutis
3222 3026 3419 3082 dixisse
3440 3029 3787 3098 temporibus,

2216 3112 2519 3181 nullumque
2545 3129 2727 3168 eorum
2772 3114 3102 3169 intervallum
3132 3113 3465 3187 spatiumque
3493 3117 3789 3186 aperuisse.

2216 3203 2301 3257 Ait
2331 3204 2493 3271 enim,
2522 3214 2576 3259 ut
2603 3201 2843 3259 reveletur
2870 3207 2922 3260 in
2960 3224 3051 3261 suo
3094 3214 3349 3279 tempore:
3379 3222 3477 3265 nec
3509 3210 3642 3265 dixit
3671 3223 3792 3281 post

2213 3306 2463 3365 quantum
2492 3300 2743 3368 temporis
2769 3298 2869 3354 hoc
2894 3300 3124 3355 futurum
3149 3301 3238 3357 sit.
3265 3302 3464 3358 Deinde
3488 3303 3785 3371 subjunxit,

2212 3386 2331 3441 Jam
2356 3389 2486 3442 enim
2509 3390 2800 3460 mysterium
2825 3400 3060 3460 operatur
3077 3392 3371 3459 iniquitatis.
3402 3394 3513 3448 Hoc
3543 3395 3794 3464 iniquitas

2216 3479 2281 3531 tis.
2312 3479 2616 3550 mysterium
2648 3480 3041 3550 quomodolibet
3068 3484 3389 3553 intelligatur
3430 3485 3556 3554 quid
3601 3488 3692 3551 sit,
3722 3487 3792 3540 ab

2212 3571 2315 3624 alio
2344 3572 2439 3637 sic,
2468 3572 2534 3625 ab
2558 3572 2660 3625 alio
2687 3582 2862 3645 autem
2895 3573 3004 3639 sic;
3032 3576 3282 3644 quamdiu
3312 3584 3489 3630 tamen
3515 3585 3787 3645 operetur,

2213 3663 2474 3719 occultum
2516 3675 2616 3718 est.
2648 3664 2828 3735 Neque
2858 3665 2907 3719 id
2936 3667 3195 3735 expressit
3224 3668 3507 3736 Apostolus
3539 3678 3788 3736 tanquam

2216 3753 2464 3823 Ιιοιιιοηοχ
2493 3770 2674 3809 eorum
2715 3771 2933 3809 numero
2975 3756 3165 3825 quibus
3207 3756 3404 3812 dictum
3436 3765 3537 3823 est,
3568 3756 3686 3811 Non
3714 3764 3788 3812 est

2211 3856 2427 3899 uestrum
2454 3846 2579 3900 seire
2605 3856 2825 3917 tempora
2844 3862 2862 3899 :
2877 3848 3114 3916 quamvis
3129 3849 3268 3901 enim
3288 3847 3518 3902 nondum
3546 3848 3683 3903 inter
3694 3862 3791 3903 eos

2212 3943 2346 3999 erat,
2372 3934 2581 4005 quando
2604 3935 2681 3989 eis
2710 3935 2807 3989 hoc
2833 3936 3027 3989 dictum
3046 3946 3155 4003 est;
3180 3939 3243 3990 ad
3261 3953 3442 3991 eorum
3475 3948 3650 3993 tamen
3674 3939 3791 3992 coh

2213 4025 2405 4095 legium
2434 4034 2591 4096 atque
2621 4026 2927 4082 societatem
2959 4027 3115 4081 etiam
3142 4027 3313 4097 ipsum
3342 4044 3446 4082 non
3472 4028 3790 4099 ambigimus

2213 4116 2496 4185 pertinere.

2286 4206 2369 4259 11.
2410 4205 2537 4261 item
2567 4206 2705 4277 quod
2734 4207 2989 4277 sequitur,
3016 4205 3234 4262 Tantum
3254 4209 3340 4278 qui
3362 4210 3508 4263 modo
3532 4218 3682 4276 tenet,
3717 4222 3791 4263 te.

2212 4306 2344 4362 neat,
2387 4298 2544 4351 donec
2571 4298 2633 4352 de
2670 4299 2833 4352 medio
2862 4300 2990 4368 ﬁat:
3015 4309 3060 4353 et
3085 4310 3201 4354 tunc
3236 4302 3531 4356 revelabitur
3556 4301 3644 4355 ille
3681 4304 3785 4355 ini-

2210 4399 2359 4454 quus,
2388 4404 2533 4457 quem
2576 4387 2819 4442 Dominus
2860 4389 3009 4443 Jesus
3046 4390 3305 4460 interﬁciat
3335 4392 3512 4462 spiritu
3556 4393 3658 4446 atris
3683 4394 3784 4459 sui,

2211 4475 2363 4530 docet
2395 4494 2491 4531 nos
2530 4479 2908 4533 Antichristqu
2942 4482 3275 4536 manifestum
3308 4482 3534 4537 futurum
3571 4502 3585 4537 :
3621 4485 3788 4554 siqui-

2210 4568 2329 4622 dem
2360 4568 2527 4639 ipsum
2554 4570 3042 4641 νίιιοιιιιειιίςιυτιιιιο
3068 4573 3379 4628 evidentiori
3401 4573 3787 4642 signiﬁcatione

2213 4661 2444 4731 tetigisse
2474 4662 2885 4717 interﬁciendum
2915 4662 3100 4732 spiritu
3124 4665 3231 4718 oris
3254 4665 3460 4719 Domini
3484 4663 3609 4720 Iesu
3632 4666 3788 4721 Citri-

2208 4752 2307 4815 sti;
2339 4753 2431 4807 sed
2463 4761 2580 4821 post
2604 4764 2854 4823 quantum
2883 4756 3135 4826 temporis
3162 4755 3299 4810 istud
3320 4757 3441 4822 erit,
3469 4772 3568 4811 nec
3595 4758 3788 4813 saltent

2210 4844 2434 4900 obscure
2458 4845 2663 4899 locutus
2693 4858 2791 4901 est.
2822 4846 3074 4913 Quisnam
3101 4848 3169 4903 sit
3191 4848 3331 4903 enim
3361 4850 3444 4917 qui
3465 4849 3614 4902 modo
3636 4859 3785 4913 tenet,

2210 4935 2291 4991 vel
2321 4936 2446 5007 quid
2474 4944 2653 5003 teneat,
2682 4938 2764 4992 vel
2790 4937 2917 5008 quid
2956 4939 3056 4993 sibi
3085 4940 3207 4993 velit
3235 4939 3372 5009 quod
3402 4940 3495 5000 ait.
3528 4940 3591 4994 de
3617 4940 3787 4993 medio

2210 5029 2315 5097 fiat,
2350 5038 2523 5097 potest
2547 5030 2768 5099 quisque
2794 5046 2851 5086 se
2878 5041 3148 5087 cnarctare
3181 5041 3240 5085 ut
3277 5031 3551 5101 intelligat,
3581 5032 3661 5087 vel
3688 5033 3789 5085 ali-
3830 5046 3839 5059 '

2207 5128 2465 5188 quatenus
2490 5120 2805 5189 suspicetur,
2829 5122 3076 5193 quoniam
3105 5137 3316 5192 quoquo
3343 5123 3500 5176 modo
3529 5124 3787 5193 scriptum

2206 5210 2363 5281 legit:
2388 5212 2633 5281 quamdiu
2658 5224 2832 5266 autem
2855 5222 3037 5277 teneat,
3062 5222 3114 5267 et
3137 5223 3251 5283 post
3272 5224 3467 5283 quanta
3490 5224 3788 5285 temporum

2206 5303 2372 5371 spatia
2404 5302 2465 5355 de
2491 5302 2652 5356 medio
2678 5304 2786 5371 ﬁat,
2823 5303 2906 5357 hic
2933 5304 3148 5356 omnino
3180 5312 3413 5358 tacetur.

2278 5393 2500 5448 CAPUT
2537 5388 2623 5447 IV.
2643 5423 2712 5434 --
2738 5393 2818 5447 19..
2862 5390 2991 5448 Item
3022 5394 3288 5460 Dominus,
3322 5395 3512 5465 inquis,
3540 5394 3589 5447 in
3618 5393 3790 5447 Evan-

2207 5484 2336 5555 gelia
2364 5484 2587 5553 increpat
2624 5482 2852 5551 Judaros,
2897 5486 3102 5539 dicens:
3131 5502 3149 5536 ι
3182 5484 3251 5538 Et
3281 5496 3354 5551 tu,
3393 5486 3436 5537 si
3474 5486 3789 5554 cognorisscs

2208 5586 2402 5647 tempus
2426 5578 2722 5632 uisitationis
2741 5586 2859 5641 tute,
2888 5578 3099 5647 forsitan
3129 5578 3516 5648 permansisses;
3538 5593 3671 5630 nunc
3695 5594 3789 5629 au-

2209 5686 2304 5724 tem
2333 5670 2622 5723 abscondita
2642 5680 2757 5724 sunt
2784 5670 2845 5724 de
2867 5669 3024 5724 oculis
3052 5670 3146 5722 tuis
3171 5688 3187 5721 ι
3220 5656 3365 5747 (Luc.
3400 5685 3514 5734 xrx,
3537 5666 3649 5735 42).
3678 5666 3785 5722 Sed

2209 5763 2310 5818 hoc
2354 5761 2418 5817 ad
2459 5772 2668 5834 tempus
2697 5762 2849 5833 primi
2875 5762 3130 5819 adventus
3157 5761 3360 5817 Domini
3393 5762 3642 5829 pertinet,
3676 5776 3786 5815 non
