4120 6358
255 389 359 448 909

253 501 492 567 secundi,
520 499 590 558 de
616 508 720 570 quo
745 511 882 556 nunc
909 496 1131 568 quiestio
1152 503 1253 550 est.
1277 493 1352 548 De
1375 491 1610 547 secundo
1628 490 1822 560 quippe

255 595 483 649 adventu
509 607 608 646 suo
630 590 782 654 dixit,
819 576 942 643 Non
965 595 1036 642 est
1059 593 1272 640 uestrum
1293 583 1421 638 scire
1445 591 1688 651 ternpora,
1717 593 1822 634 non

254 684 322 739 de
365 684 567 752 primo:
590 680 657 736 de
698 681 787 734 illo
827 680 971 735 enim
1009 679 1076 733 ab
1115 691 1181 732 eo
1213 675 1536 746 qumsierunt
1573 671 1823 741 Discipuli

254 785 412 843 quem
442 770 749 841 sperabant,
780 783 885 824 non
914 768 982 824 de
1010 768 1111 823 isto
1135 782 1292 838 quem
1331 766 1441 836 jam
1469 763 1735 820 videbant.
1766 761 1824 817 Si

255 863 399 919 enim
423 863 645 932 primum
663 859 777 930 eius
790 859 1071 914 adventum
1094 857 1264 913 Judaei
1282 855 1670 926 cognovissent,
1689 867 1825 908 nun-

255 967 415 1023 quam
445 950 723 1006 Dominum
749 950 931 1020 gloria
953 947 1340 1004 'eruciiixissent
1363 946 1408 1016 (l
1433 944 1549 1000 Cor.
1572 959 1630 1011 ιι,
1653 944 1742 1015 8);
1773 950 1827 998 et

257 1046 378 1102 ideo
407 1059 511 1100 non
540 1043 724 1108 everti,
759 1041 854 1097 sed
881 1045 1189 1112 permanere
1224 1040 1537 1110 potuissent.
1580 1037 1826 1094 Jamvero

256 1135 398 1206 quod
424 1135 498 1188 ait
523 1132 590 1188 ad
613 1148 727 1199 eos,
750 1129 1104 1188 Pcuitentiam
1123 1132 1284 1203 ague;
1305 1131 1550 1201 corripieta
1572 1139 1688 1184 sunt
1705 1139 1827 1182 tem-

258 1241 404 1296 pora,
436 1223 656 1278 credite‘
681 1222 956 1294 Evangelia
981 1221 1171 1293 (llam.
1198 1237 1239 1289 ι,
1271 1221 1382 1292 15),
1416 1221 1574 1276 etiam
1601 1221 1712 1288 ipse
1739 1219 1829 1273 lir-

259 1314 416 1370 t'nasti
445 1315 511 1370 de
539 1316 604 1370 iis
630 1314 952 1384 temporibus
983 1313 1179 1369 dictum
1207 1328 1327 1368 esse
1351 1312 1672 1370 Judzeorum.
1709 1325 1828 1379 qua:

257 1406 508 1460 continuo
531 1412 652 1474 post
668 1415 865 1475 paucos
881 1415 1049 1459 annos
1063 1403 1270 1459 fuerant
1294 1404 1597 1469 transitura,
1621 1411 1673 1456 et
1689 1415 1830 1456 nunc

260 1496 504 1550 novimus
528 1495 636 1563 jam
663 1509 784 1550 esse
810 1500 1091 1560 transacta,
1117 1509 1301 1550 eversa
1321 1495 1524 1549 scilicet
1542 1495 1752 1547 civitate
1772 1490 1825 1546 in

259 1601 361 1658 qua
381 1603 609 1657 regnum
636 1602 819 1642 eorum
839 1585 1010 1642 fuerat
1026 1585 1391 1641 constitutum.

331 1661 420 1732 i3.
460 1675 687 1732 Proinde
722 1676 865 1746 quod
889 1690 954 1731 ex
979 1675 1198 1730 Danieie
1237 1674 1304 1729 de
1346 1673 1616 1728 interfema
1661 1670 1828 1726 bestia

261 1768 438 1840 posuit
463 1767 845 1822 Venerabilitas
870 1775 981 1834 tua,
1011 1773 1068 1821 et
1104 1765 1170 1820 de
1197 1765 1512 1834 reliquarum
1545 1761 1826 1816 bestiarum

261 1866 446 1928 regno,
477 1865 531 1913 et
554 1858 693 1913 inter
720 1857 834 1912 haec
859 1855 926 1912 de
950 1855 1058 1910 (ilio
1079 1855 1308 1910 hominis
1327 1854 1570 1908 veniente
1586 1867 1704 1906 cum
1733 1845 1831 1905 nu-

262 1944 416 2004 bibus
455 1947 609 2014 cteli,
652 1946 984 2002 manifestum
1031 1960 1152 2001 esse
1193 1943 1371 2000 dixisti
1423 1940 1832 2012 intelligentibus

261 2036 608 2106 Scripturams
629 2035 734 2092 Sed
753 2035 798 2089 si
823 2035 1065 2105 dignatus
1091 2033 1254 2088 fueris
1277 2047 1540 2102 exponere
1565 2030 1830 2100 quomodo

263 2124 363 2181 ista
395 2126 691 2194 pertineant
730 2125 797 2179 ad
837 2124 1260 2195 cognOScendum
1311 2122 1561 2192 temporis
1601 2121 1828 2191 spatium

263 2225 384 2286 post
406 2215 546 2286 quod
569 2216 668 2270 erit
692 2210 979 2270 Saivatoris
1004 2214 1282 2280 adventus,
1313 2213 1384 2267 ita
1412 2223 1469 2266 ut
1498 2213 1832 2266 inveniantur

263 2306 378 2360 sine
405 2306 508 2360 ulla
536 2304 874 2374 ambiguitate
916 2303 1227 2368 manifesta;
1272 2302 1476 2357 fatebor
1519 2303 1677 2357 etiam
1719 2302 1832 2370 ipse

264 2411 384 2450 cum
411 2409 598 2464 magna
625 2395 832 2449 actione
858 2393 1166 2464 gratiarum,
1197 2391 1322 2448 illud
1358 2391 1496 2463 quod
1534 2392 1608 2445 ait
1650 2392 1830 2446 Domi-

264 2499 384 2549 nus,
412 2483 533 2538 Non
558 2495 632 2540 est
652 2491 866 2538 oestrum
891 2484 1017 2538 scire
1035 2493 1280 2552 tempora,
1304 2481 1666 2538 tantummodo
1683 2482 1830 2550 Apo-

262 2573 414 2628 stolis
437 2588 556 2629 esse
579 2573 798 2639 dictum,
816 2588 921 2628 non
949 2571 1174 2642 posteris
1196 2586 1401 2639 eorum,
1430 2571 1518 2643 qui
1544 2586 1606 2626 ca
1629 2570 1828 2625 fuerant

265 2664 540 2734 cognituri.

336 2753 556 2810 CAPUT
599 2754 660 2808 V.
683 2755 865 2809 -14.
908 2753 1211 2824 Diligentius
1257 2768 1383 2823 ergo
1410 2761 1512 2812 est.
1543 2761 1596 2807 et
1637 2767 1832 2822 empe-

263 2846 487 2900 ctandus
519 2846 745 2912 Domini,
767 2847 902 2899 sicut
931 2854 1110 2900 sancte
1134 2845 1382 2910 hortaris,
1405 2845 1692 2909 adventus;
1721 2856 1834 2900 ma-

262 2951 522 3006 gnamque
547 2935 679 3006 dicis
704 2951 824 2990 esse
849 2936 1222 2991 beatitudinem
1243 2935 1577 3006 diligentibus
1599 2936 1714 3005 eius
1737 2935 1834 2990 ad-

265 3039 500 3092 ventum,
528 3036 582 3080 et
601 3027 822 3082 adhibes
842 3027 1079 3096 Apostoli
1097 3026 1476 3090 testimonium,
1503 3025 1652 3095 cujus
1673 3026 1832 3081 verba

265 3118 346 3171 sic
375 3118 558 3186 ponis:
579 3116 660 3171 De
683 3125 860 3171 cetera
889 3117 1105 3186 reposita
1132 3127 1206 3170 est
1246 3116 1369 3169 nti/ti
1393 3133 1582 3170 corona
1601 3117 1830 3183 iustitiae,

262 3224 416 3277 quam
441 3208 613 3262 reddet
640 3208 762 3260 mihi
791 3207 1037 3261 Dominus
1052 3208 1222 3278 justus
1241 3207 1406 3279 judea:
1423 3208 1472 3260 in
1488 3208 1579 3262 illa
1599 3208 1714 3262 die:
1734 3224 1834 3263 non

264 3298 429 3351 solum
448 3307 616 3350 autem
638 3297 782 3362 mihi,
813 3297 900 3350 sed
923 3307 968 3352 et
989 3297 1066 3350 Itis
1093 3297 1178 3366 qui
1204 3297 1417 3365 diligunt
1441 3297 1703 3350 adventum
1731 3298 1837 3352 Do-

265 3386 389 3438 mini
416 3386 433 3452 (
453 3385 494 3438 ll
525 3385 634 3439 Tim
663 3401 736 3450 tv,
774 3386 850 3453 8).
877 3385 1024 3438 Tunc
1068 3386 1230 3450 enim,
1273 3385 1408 3438 sicut
1445 3400 1508 3438 ex
1554 3385 1835 3456 Evangelia

266 3487 675 3537 commemoras,
706 3473 846 3527 Iusti
869 3472 1128 3545 fulgebunt
1158 3463 1285 3526 sicut
1307 3475 1382 3527 sol
1404 3474 1454 3526 in
1480 3489 1633 3544 regno
1663 3472 1836 3527 Patris

266 3565 347 3617 sui
375 3563 584 3637 (Matth.
609 3579 723 3629 xui,
751 3561 838 3636 45)
860 3582 874 3617 :
893 3573 947 3618 et
965 3564 1103 3632 quod
1129 3563 1380 3632 prOpIteta
1397 3563 1544 3629 dicit,
1567 3563 1693 3616 Ecce
1707 3565 1836 3617 enim

265 3656 429 3729 caligo
453 3665 500 3710 et
523 3656 734 3710 tenebrat
757 3657 976 3725 operient
1004 3665 1186 3707 terram
1209 3670 1357 3725 super
1376 3665 1578 3725 gentes;
1594 3655 1644 3708 in
1662 3664 1708 3708 te
1724 3671 1836 3708 vero

267 3748 524 3819 apparebit
555 3747 816 3813 Dominus,
841 3757 888 3802 et
911 3748 1145 3818 mujestos
1170 3748 1278 3817 ejus
1293 3748 1345 3800 in
1365 3757 1410 3800 te
1425 3747 1669 3802 videbitur
1684 3747 1732 3820 (1
1739 3747 1834 3801 sui.

269 3851 364 3903 ιι,
395 3838 487 3909 2);
520 3839 642 3893 item
675 3837 814 3908 quod
839 3838 1093 3908 scriptum
1121 3848 1220 3904 est,
1267 3838 1364 3903 Qui
1403 3853 1514 3891 vero
1557 3847 1837 3910 exspectant

271 3927 563 3991 Dominum,
592 3927 908 3982 exsultabant
946 3944 1059 3980 eum
1101 3929 1312 3990 virtute;
1349 3927 1621 3998 producent
1649 3945 1838 3996 pennas

267 4021 398 4075 sicut
430 4021 631 4090 aquilw,
659 4028 858 4072 current
896 4027 942 4071 et
975 4035 1074 4071 non
1099 4017 1413 4086 laborabunt,
1443 4019 1768 4073 ambulabunt
1791 4028 1839 4074 et

269 4128 372 4167 non
391 4111 606 4177 esuriem
634 4109 745 4181 (Id.
772 4126 856 4174 XL,
881 4106 993 4180 51).

343 4196 433 4257 15.
475 4201 585 4256 lioc
623 4200 778 4268 plane
823 4199 1056 4267 piissime
1081 4206 1148 4266 .et
1187 4197 1462 4253 Verissime
1503 4196 1656 4264 dicis,
1687 4209 1838 4252 com-

269 4292 531 4348 mendans
552 4305 734 4345 eorum
765 4287 1161 4353 beatitudinem,
1189 4287 1278 4356 qui
1303 4287 1527 4358 diligunt
1558 4289 1838 4344 adventum

271 4380 504 4437 Domini.
537 4379 642 4436 Sed
665 4388 720 4434 et
748 4379 817 4432 illi
846 4378 1036 4448 quibus
1059 4377 1265 4432 dicebat
1281 4376 1588 4446 Apostolus,
1610 4375 1729 4431 Non
1745 4379 1840 4433 cito

272 4469 572 4533 moveamini
612 4479 792 4534 mente,
833 4467 978 4538 quasi
1005 4468 1151 4521 instet
1175 4467 1279 4521 dies
1303 4467 1530 4533 Domini,
1557 4460 1843 4537 diligebant

274 4562 458 4631 utique
493 4559 776 4616 adventum
808 4559 1049 4613 Domini:
1072 4570 1171 4614 nec
1195 4573 1288 4612 eos
1320 4557 1420 4612 hoc
1445 4557 1625 4612 dicens
1652 4558 1844 4614 Doctor

275 4651 522 4707 Gentium
546 4651 614 4705 ab
639 4648 724 4704 illa
744 4649 1025 4704 dilectione
1045 4647 1334 4720 frangebat,
1356 4662 1456 4717 qua
1480 4646 1845 4702 utinliamma-

276 4750 472 4813 rentur,
488 4741 722 4805 volebat;
748 4749 802 4795 et
820 4739 940 4794 ideo
961 4740 1172 4794 nolebat
1190 4748 1244 4793 ut
1269 4737 1547 4795 crederent
1571 4738 1649 4792 eis
1678 4722 1846 4807 aqui-

277 4831 377 4885 bus
392 4831 674 4885 audiebant
689 4829 884 4883 instare
900 4829 1039 4884 diem
1059 4827 1284 4894 Domini,
1304 4842 1371 4880 ne
1388 4825 1522 4880 forte
1539 4837 1658 4904 cum
1680 4835 1843 4880 trans-

276 4923 407 4978 isset
430 4932 638 4992 tempus
664 4935 769 4990 quo
796 4935 916 4975 eum
954 4918 1284 4973 crediderant
1309 4932 1428 4973 esse
1462 4926 1758 4984 Venturum,
1789 4925 1845 4974 et

276 5014 488 5069 venisse
534 5027 638 5067 non
680 5017 980 5074 cernerent,
1019 5009 1178 5063 etiam
1217 5015 1406 5062 caetera
1449 5006 1704 5063 fallaciter
1743 5007 1844 5063 sibi

278 5101 511 5174 promitti
539 5101 874 5162 arbitrantes,
901 5105 956 5153 et
979 5097 1047 5152 de
1070 5096 1181 5166 ipsa
1219 5094 1466 5152 mercede
1505 5093 1628 5150 ﬁdei
1651 5094 1844 5166 despe-

277 5199 477 5248 rarent.
519 5189 636 5246 Non
678 5204 804 5259 ergo
849 5187 936 5242 ille
973 5185 1142 5256 diligit
1185 5184 1466 5240 adventum
1497 5185 1722 5250 Domini,
1755 5184 1843 5256 qui

277 5297 401 5338 eum
426 5280 614 5336 asserit
642 5279 1014 5350 propinquare,
1042 5284 1130 5330 aut
1158 5275 1246 5330 ille
1268 5274 1358 5346 qui
1384 5274 1574 5357 asserit
1605 5288 1710 5329 non
1734 5289 1848 5344 pro-

278 5374 562 5442 pinquare;
590 5369 685 5425 sed
726 5369 814 5424 ille
853 5370 1025 5438 potius
1065 5367 1154 5436 qui
1192 5381 1336 5434 eum,
1380 5366 1492 5422 sive
1530 5381 1694 5437 prope
1733 5366 1846 5421 sive

278 5463 433 5532 longe
458 5459 545 5526 sit,
577 5459 879 5516 sinceritate
903 5456 1045 5524 ﬁdei,
1078 5456 1322 5512 firmitate
1346 5457 1480 5528 spei,
1510 5459 1699 5513 ardore
1721 5459 1848 5516 eba-

277 5554 454 5608 ritatts
489 5556 781 5622 exspectat.
811 5548 940 5604 Nam
971 5548 1016 5603 si
1048 5555 1190 5603 tanto
1218 5547 1382 5618 magis
1410 5547 1640 5620 diligitur
1666 5550 1846 5605 Domi-

343 5687 357 5718 ι
395 5685 528 5744 add,
551 5680 732 5734 credite
771 5679 1034 5748 Ermgetiq.
1074 5687 1128 5729 st
1157 5680 1480 5748 habent,
1497 5679 1549 5733 in
1579 5681 1846 5748 Evangelia,

279 5749 414 5798 iuxta
433 5741 643 5811 graecum
661 5741 959 5808 parteuste'en
979 5743 1027 5794 to
1050 5741 1316 5807 euangelio.

1411 369 1891 436 El‘iSTOLUiUl
1928 373 2205 434 CLASSIS
2240 376 2328 433 111.
2360 323 2363 328 Ι

3377 382 3491 442 ’910
3529 431 3532 434 ί

1931 503 2052 550 nus,
2079 499 2278 558 quanto
2313 491 2479 561 magis
2515 490 2747 548 creditur
2772 495 2828 549 et
2853 483 3167 564 prmdicatur
3194 496 3352 553 citius
3380 513 3500 557 esse

1929 588 2210 645 venturus;
2259 583 2424 650 magis
2463 596 2584 637 eum
2619 581 2906 653 diligebant
2947 585 3038 657 qui
3073 585 3186 656 ejus
3211 587 3495 644 adventum

1923 665 2032 734 jam
2062 667 2259 724 instare
2286 668 2550 734 dicebant,
2571 681 2726 741 quam
2747 671 2801 726 bi
2823 689 2955 744 quos
2979 675 3261 746 Apouolus
3281 677 3359 732 eis
3376 692 3496 734 cre-

1929 755 2056 811 dere
2077 758 2406 827 prohibebat,
2429 761 2508 816 vel
2530 761 2642 831 ipse
2661 759 2945 837 Apostolus
2962 766 3048 835 qui
3072 765 3169 821 hoc
3189 767 3366 838 utique
3389 782 3458 823 no

1928 847 2193 904 credebat.
3438 871 3440 876 ‘

1997 937 2221 996 CAPUT
2257 935 2345 994 Vi.
2361 970 2436 982 —
2461 942 2545 998 l6.
2584 943 2640 999 Si
2665 953 2841 1000 autem
2867 955 3090 1004 onerosa
3115 964 3220 1004 non
3245 958 3327 1005 est
3353 950 3492 1006 inlita

1929 1028 2082 1084 mitas
2108 1045 2224 1085 mea
2255 1029 2528 1087 Sanctitati
2567 1040 2689 1100 tuae,
2732 1044 2852 1104 peto
2886 1039 3118 1108 apertius
3139 1055 3241 1094 non
3261 1043 3498 1110 graveris

1929 1128 2195 1188 exponere
2220 1122 2482 1190 quomodo
2507 1122 2702 1178 dixeris
2727 1126 2994 1182 nemiuem
3039 1144 3190 1199 posse
3219 1139 3496 1202 temporum

1929 1218 2188 1266 mensuras
2206 1213 2472 1285 colligere;
2498 1231 2565 1271 ne
2591 1215 2723 1271 ferte
2751 1226 2805 1272 et
2824 1218 2922 1273 hoc
2944 1214 3073 1275 mihi
3099 1221 3339 1278 videatur
3352 1223 3496 1295 quod

1930 1303 2087 1358 etiam
2131 1304 2385 1361 Charitati
2426 1315 2551 1374 tute,
2581 1317 2636 1363 et
2664 1304 3103 1381 frustra'quiiibet
3130 1323 3366 1370 nostrum
3410 1317 3498 1371 ius
3582 1358 3597 1367 ..

1931 1393 2062 1448 strui
2104 1402 2377 1466 exspectet
2413 1397 2481 1451 ab
2521 1398 2705 1453 altero.
2745 1399 2875 1455 Cum
2920 1401 3021 1457 hoc
3064 1403 3204 1458 enim
3247 1403 3496 1473 dixisses,

1931 1484 2121 1542 deinde
2157 1487 2436 1544 subdidisti
2464 1495 2519 1545 et
2544 1489 2663 1544 aisti
2696 1507 2708 1544 :
2737 1490 3064 1564 Evangelium
3107 1494 3309 1565 quidem
3350 1495 3492 1562 dicit,

1937 1595 1957 1630 ς
1980 1577 2057 1632 De
2075 1576 2156 1632 die
2182 1587 2228 1632 et
2251 1581 2378 1634 hora
2399 1596 2542 1634 nemo
2562 1581 2654 1634 scit
2686 1601 2704 1634 ι
2727 1576 2934 1652 (Matth.
2963 1597 3122 1650 xxtv,
3148 1574 3237 1656 36)
3260 1604 3273 1639 :
3296 1602 3386 1657 ego
3403 1603 3500 1640 au-

1933 1675 2050 1734 tem,
2077 1667 2275 1739 inquis,
2300 1686 2391 1739 pro
2418 1669 2744 1741 possibititate
2770 1671 3044 1729 intellectus
3074 1675 3168 1728 mei
3187 1675 3319 1742 dico,
3339 1687 3498 1747 negas

1931 1771 2148 1810 mensem
2173 1774 2330 1829 neque
2354 1768 2541 1814 annum
2568 1761 2806 1816 adventus
2844 1761 3004 1832 ipsius
3049 1763 3168 1817 sciri
3209 1780 3371 1834 posse.
3421 1764 3495 1819 Ita

1929 1846 2070 1901 enim
2115 1846 2217 1902 hoc
2255 1847 2463 1904 videtur
2489 1862 2699 1916 sonare,
2731 1859 2979 1922 tanquam
3018 1862 3124 1907 non
3166 1842 3330 1922 possit
3369 1855 3498 1911 sciri

1931 1951 2034 2008 quo
2055 1952 2196 1993 anno
2220 1949 2468 1996 venturus
2487 1941 2576 2009 sit,
2603 1942 2696 1996 sed
2722 1943 2889 2011 possit
2906 1942 3028 1997 sciri
3049 1957 3148 2012 qua
3170 1942 3500 2000 hebdomade

1931 2042 2209 2095 annorum,
2244 2029 2326 2085 vel
2365 2046 2466 2100 qua
2494 2029 2694 2086 dec'ade
2714 2048 2728 2097 ;
2751 2035 2997 2102 tanquam
3023 2031 3126 2086 dici
3156 2029 3321 2102 possit
3343 2042 3501 2104 atque

1931 2116 2147 2172 definiri
2177 2119 2312 2174 intra
2340 2111 2462 2176 illos
2487 2121 2568 2176 vel
2599 2112 2716 2186 illos
2743 2131 2943 2191 septem
2967 2131 3153 2186 atinas,
3176 2132 3265 2176 aut
3286 2122 3421 2177 intra
3439 2124 3504 2176 il-

1933 2207 2014 2263 los
2043 2210 2126 2265 vel
2157 2207 2275 2266 illos
2319 2210 2503 2266 decem
2549 2224 2738 2266 annos.
2782 2211 2931 2278 Quod
2975 2212 3019 2266 si
3064 2228 3130 2266 ne
3159 2212 3260 2267 hoc
3286 2213 3500 2283 quidem

1933 2297 2313 2368 comprehendi
2337 2307 2534 2371 potest,
2577 2315 2758 2370 quazro
2796 2309 2972 2354 utrum
3011 2300 3089 2354 sic
3121 2300 3305 2355 saltem
3335 2300 3505 2370 possit

1932 2385 2142 2442 deliniri
2169 2397 2375 2458 tempus
2397 2388 2653 2444 adventus
2677 2392 2811 2459 ejus,
2842 2399 2900 2443 ut
2928 2399 3046 2444 eum
3078 2395 3352 2445 venturum
3383 2404 3502 2445 esse

1933 2477 2171 2534 dicamus
2200 2479 2334 2534 intra
2379 2480 2530 2547 istos,
2573 2479 2722 2536 verbi
2763 2480 2952 2550 gratia,
3001 2479 3374 2552 quinquaginta
3416 2480 3504 2534 vel

1933 2577 2145 2625 cautum
2173 2582 2359 2637 annos,
2385 2572 2468 2626 vel
2496 2571 2753 2640 quotlibet
2780 2578 2875 2626 seu
2905 2570 3121 2640 majOris
3157 2571 3365 2626 numeri
3407 2586 3504 2626 seu

1935 2660 2155 2715 minoris
2183 2676 2459 2725 annorum,
2498 2660 2590 2716 sed
2622 2660 2673 2714 in
2716 2675 2820 2730 quo
2851 2676 3056 2728 eorum,
3099 2675 3194 2714 nos
3238 2661 3498 2730 ignorare.

1935 2749 2046 2806 Hoc
2071 2751 2115 2806 si
2137 2751 2246 2821 jam
2273 2751 2736 2821 comprehendisti,
2763 2749 2983 2805 multum
3003 2758 3085 2805 est
3103 2749 3240 2820 quod
3261 2765 3502 2820 compre-

1937 2841 2169 2896 hendere
2203 2842 2436 2911 potuisti.
2471 2841 2700 2913 ldi‘psum
2745 2849 2826 2896 est
2865 2849 3040 2896 autem
3083 2840 3222 2910 quod
3271 2855 3398 2910 rogo
3444 2849 3518 2912 ut,

1936 2931 2089 2986 nobis
2139 2933 2397 3002 benignus
2449 2932 2754 3002 impertias,
2802 2930 3058 2986 adhibens
3107 2921 3296 2986 idonea
3339 2930 3503 2985 docu-

1936 3031 2117 3078 menta
2161 3023 2350 3093 quibus
2392 3022 2442 3078 id
2489 3022 2719 3092 potueris
2748 3021 3028 3092 indagare:
3056 3021 3100 3075 si
3126 3032 3301 3075 autem
3331 3035 3515 3090 neque

1936 3113 2038 3169 hoc
2057 3124 2106 3170 te
2121 3113 2588 3184 comprehendisse
2607 3111 2900 3183 przesumis,
2919 3111 3019 3166 hoc
3035 3111 3200 3167 sentis
3215 3110 3355 3180 quod
3380 3125 3501 3180 ego.

2007 3204 2092 3258 17.
2131 3203 2427 3260 Novissima
2452 3203 2594 3258 enim
2621 3217 2741 3258 esse
2779 3201 2876 3263 ista
2907 3209 3165 3270 tempora,
3205 3200 3387 3253 multis
3413 3214 3518 3272 re-t

1936 3310 2053 3349 rum
2092 3294 2255 3364 signis
2292 3295 2685 3364 apparentibus,
2723 3309 2840 3364 qua:
2881 3292 3154 3347 Dominum
3199 3290 3507 3360 praedixisse

1937 3383 2180 3454 legimus,
2210 3399 2394 3439 omnes
2420 3385 2508 3454 qui
2546 3394 2608 3439 ea
2649 3383 2933 3445 credimus,
2972 3382 3256 3436 cernimus.
3300 3379 3407 3435 Sed
3451 3390 3508 3434 et

1938 3474 2084 3530 mille
2117 3487 2375 3528 annorum
2407 3482 2633 3541 tempus,
2674 3473 2719 3527 si
2759 3486 2942 3526 eorum
2984 3470 3104 3526 finis
3144 3476 3287 3525 esset
3324 3471 3508 3524 Stet-ult

1940 3563 2079 3629 finis,
2121 3573 2299 3632 posset
2329 3564 2628 3618 universum
2657 3562 2758 3617 dici
2784 3562 3128 3616 novissimum
3171 3571 3394 3629 tempus,
3421 3561 3508 3614 vel

1941 3653 2099 3708 etiam
2131 3641 2448 3708 novissimus
2473 3653 2606 3718 dies,
2639 3653 2760 3722 quia
2790 3651 3044 3721 scriptum
3084 3659 3185 3716 est,
3218 3649 3363 3704 Mille
3385 3651 3508 3704 anni

1939 3749 2056 3799 ante
2071 3744 2244 3799 oculos
2270 3753 2402 3811 tuos,
2426 3754 2662 3814 tanquam
2687 3743 2791 3796 dies
2811 3758 2940 3796 antu
2968 3739 3138 3812 (Psal.
3163 3755 3383 3807 cum,
3411 3741 3504 3810 4);

1939 3845 2000 3893 ut
2022 3835 2274 3908 quidquid
2302 3850 2394 3905 per
2412 3835 2628 3890 eosdem
2655 3833 2797 3888 mille
2825 3847 2994 3887 annos
3019 3840 3310 3902 gereretur,
3332 3831 3511 3885 novis-

1939 3925 2076 3980 simo
2097 3933 2336 3995 tempore
2363 3922 2446 3978 vel
2477 3922 2762 3977 novissimo
2777 3919 2864 3975 die
2886 3920 3150 3975 diceretur
3164 3919 3294 3990 geri.
3317 3920 3509 3974 lterum

1941 4015 2082 4070 enim
2123 4015 2260 4080 dico,
2303 4011 2444 4083 quod
2487 4011 2538 4066 in
2581 4012 2680 4066 hac
2715 4025 2874 4066 causa
2900 4022 3042 4079 saepe
3073 4009 3349 4064 dicendum
3378 4015 3460 4062 est
3492 4024 3508 4080 ς

1941 4104 2337 4159 consideremus
2359 4107 2484 4157 ante
2507 4117 2661 4170 quam
2700 4099 2893 4154 multos
2919 4113 3086 4153 annos
3111 4099 3301 4152 dixerit
3323 4097 3510 4152 beatus

1940 4191 2172 4250 Joannes
2195 4191 2537 4261 evangelista,
2567 4189 2854 4244 Novissima
2878 4189 3003 4242 hora
3029 4197 3120 4242 est.
3148 4187 3281 4242 Num
3309 4187 3355 4242 si
3387 4196 3513 4242 tunc

1943 4295 2200 4348 essemus,
2247 4281 2349 4334 hoc
2391 4279 2591 4344 audito,
2621 4278 2831 4348 quando
2873 4278 3209 4334 crederemus
3239 4285 3318 4332 tot
3341 4291 3512 4332 annos

1945 4379 2123 4442 postea
2154 4370 2488 4436 transituros,
2519 4381 2581 4423 ac
2608 4383 2713 4424 non
2743 4368 2936 4438 potius,
2965 4368 3080 4437 ipso
3107 4367 3280 4422 adhuc
3302 4367 3508 4422 Joanne

1945 4463 1997 4516 in
2014 4472 2235 4531 carpere
2249 4459 2554 4527 constituto,
2579 4448 2859 4514 Dominum
2884 4471 3216 4528 speraremus
3235 4471 3353 4514 esse
3375 4467 3508 4513 vcn-

1945 4554 2157 4610 turum?
2185 4553 2363 4623 Neque
2390 4553 2531 4606 enim
2572 4550 2724 4618 dixit,
2772 4549 3123 4605 Novissimum
3162 4558 3368 4617 tempus
3406 4557 3508 4616 est,

1944 4653 2035 4699 aut
2058 4641 2376 4698 novissimus
2400 4655 2590 4705 annus,
2620 4648 2712 4695 aut
2732 4638 2951 4704 mensis,
2972 4646 3063 4692 aut
3088 4636 3236 4705 dies;
3265 4636 3378 4702 sed,
3399 4635 3513 4690 Νο-

1945 4735 2145 4791 uissima
2172 4734 2296 4788 hora
2312 4741 2384 4788 est
2400 4747 2422 4789 :
2448 4740 2503 4788 et
2523 4745 2647 4788 ecce
2673 4731 2770 4784 ista
2798 4729 2925 4786 hora
2942 4743 3097 4798 quam
3115 4727 3268 4796 leuga
3285 4727 3392 4781 est!
3411 4741 3510 4780 nec

1948 4834 2124 4880 tamen
2151 4830 2235 4879 est
2263 4823 2354 4878 ille
2377 4821 2628 4877 mentitus
2662 4836 2676 4872 :
2707 4817 2800 4874 sed
2832 4817 3011 4888 utique
3040 4813 3404 4885 intelligendus
3429 4822 3510 4869 est

1947 4917 2133 4971 horam
2163 4930 2258 4986 pro
2283 4923 2520 4984 temmre
2546 4911 2803 4982 posuisse.
2827 4909 2977 4977 Quod
3005 4906 3244 4962 nonnulli
3270 4906 3347 4960 sic
3372 4907 3512 4960 acci-

1949 5007 2116 5078 piunt,
2141 5013 2199 5060 ut
2226 5018 2318 5059 sex
2346 5017 2604 5058 annorum
2634 5000 2792 5055 millia
2819 4999 3144 5054 constituant
3182 4995 3324 5050 velut
3346 5006 3509 5064 unum

1947 5098 2109 5163 diem,
2124 5106 2351 5167 eumque
2369 5094 2421 5148 in
2447 5101 2622 5162 partes
2638 5091 2779 5146 velut
2804 5089 2962 5144 horas
2981 5086 3254 5142 duodecim
3279 5087 3510 5156 partian-

1950 5198 2054 5254 tur,
2087 5188 2242 5243 utsic
2268 5184 2580 5256 quingentos
2604 5194 2770 5236 annos
2795 5186 3093 5249 postremos
3119 5176 3247 5231 hora
3273 5175 3514 5233 videatur

1950 5279 2145 5334 habere
2185 5271 2560 5345 postrema:in
2587 5271 2776 5342 quibus
2803 5269 2958 5324 annis
2994 5268 3104 5337 jam
3141 5265 3394 5334 Joannes,
3425 5267 3512 5320 in-

1951 5370 2156 5440 quiunt,
2187 5365 2514 5437 loquebatur,
2543 5361 2752 5434 quando
2794 5358 3134 5414 novissimam
3181 5358 3366 5412 horam
3394 5368 3516 5413 esse

1948 5459 2174 5517 dicebat.
2352 5527 2357 5532 _
2583 5528 2587 5531 _
3150 5515 3154 5518 .

2024 5549 2109 5604 18.
2139 5545 2244 5603 Sed
2288 5542 2428 5600 aliud
2468 5551 2551 5598 est
2596 5553 2756 5596 nosse
2797 5536 3017 5609 aliquid,
3047 5533 3187 5591 aliud
3233 5533 3511 5606 suspicari.

1951 5643 2055 5699 Cur
2078 5639 2218 5696 enim
2247 5648 2351 5692 non
2376 5632 2628 5706 potius,si
2657 5645 2752 5687 sex
2781 5644 3036 5684 annorum
3065 5627 3227 5682 millia
3255 5625 3516 5697 deputan-

1955 5733 2053 5788 dus
2072 5742 2153 5787 est
2174 5742 2311 5786 unus
2329 5727 2463 5795 dics,
2485 5739 2587 5780 non
2603 5721 2932 5788 duodecima,
2949 5719 3044 5774 scd
3067 5719 3316 5776 vicesima
3331 5729 3516 5788 quarta
