4120 6358
572 371 668 430 ειι

574 500 697 558 pars
719 483 832 553 ejus
861 496 959 537 una
988 479 1118 534 liora
1143 484 1244 542 est,
1277 473 1327 527 id
1359 481 1457 533 est,
1489 485 1592 523 non
1623 463 1914 536 quingenti,
1941 460 2036 516 sed
2055 459 2153 558 du-

573 549 714 632 centi
748 549 1132 644 quinquaginta
1173 564 1332 619 anni?
1360 562 1524 616 Totus
1562 557 1703 613 enim
1727 555 1860 618 dies,
1885 561 2026 606 totus
2051 549 2176 602 eir-'

574 643 808 724 eumitns
861 663 989 717 solis
1037 658 1214 713 verius
1264 657 1617 720 nuncupatur,
1672 663 1779 702 non
1830 644 1896 698 ab
1937 643 2156 697 Oriente

577 771 744 828 usque
774 755 826 808 in
850 750 1212 810 Occidentem,
1240 744 1333 800 sed
1358 744 1425 798 ab
1449 741 1664 796 Oriente
1695 750 1860 806 usque
1886 735 1938 788 in
1963 731 2156 786 Orien-

578 858 706 914 tem,
737 847 878 900 unde
905 849 1016 896 toto
1050 838 1138 893 die
1167 846 1400 906 peracto,
1431 831 1482 886 id
1509 839 1591 885 est
1619 827 1803 911 viginti
1843 833 1897 880 et
1933 830 2158 893 quatuor

578 939 748 1003 horis,
771 948 956 990 rursus
975 930 1212 986 exoritur
1230 945 1242 981 :
1261 942 1323 980 ac
1341 932 1440 996 per
1463 923 1563 976 hoc
1583 921 1710 974 hora
1734 920 1832 972 ista
1849 914 2156 977 novissima,

579 1044 647 1085 ex
682 1041 791 1098 quo
822 1035 1062 1094 tempore
1105 1019 1156 1074 id
1196 1018 1401 1072 locutus
1435 1022 1518 1069 est
1559 1012 1810 1070 Joannes,
1839 1016 1963 1061 ante
1993 1003 2160 1058 ferme

581 1097 912 1189 septuaginta
958 1126 1146 1174 annos,
1180 1119 1236 1163 ut
1280 1105 1577 1166 minimum,
1612 1104 1717 1171 jam
1756 1097 2016 1167 reperitur
2043 1106 2162 1148 esse

583 1188 871 1274 transacta,
899 1214 954 1262 et
978 1202 1210 1258 nondum
1238 1200 1382 1254 venit
1413 1196 1666 1250 terminus
1691 1190 1893 1246 smculi.
1927 1188 2037 1242 lluc
2066 1200 2159 1239 ac-

579 1298 743 1364 cedit,
767 1295 889 1366 quia
928 1293 1169 1361 iuSpecta
1206 1287 1490 1356 diligenter
1515 1280 1881 1337 ecclesiastica
1919 1274 2159 1339 historia,

581 1365 847 1457 reperitur
872 1382 1103 1438 Joannes
1137 1377 1406 1447 apostolus
1432 1374 1598 1442 longe
1634 1379 1758 1424 ante
1785 1368 1946 1424 fuisse
1971 1365 2162 1420 defun-

582 1455 720 1542 ctus,
751 1489 908 1545 quam
933 1471 1168 1541 quinque
1207 1466 1371 1521 millia
1410 1462 1679 1533 quingenti
1717 1458 1842 1512 anni
1883 1473 1912 1510 a
1955 1455 2164 1526 generis

584 1567 801 1624 humani
837 1563 1058 1621 exordio
1102 1560 1513 1628 complerentur.
1552 1553 1795 1608 Nondum
1837 1558 1950 1604 erat
1977 1548 2166 1616 itaque

586 1660 720 1714 hora
748 1655 1060 1718 novissima,
1087 1651 1130 1705 si
1157 1664 1247 1703 sex
1281 1647 1500 1702 millium
1527 1657 1784 1698 annorum
1814 1655 1934 1710 pars
1959 1637 2162 1693 duode-

587 1748 752 1815 cima,
775 1745 827 1800 id
860 1755 940 1800 est
956 1741 1235 1813 quingenti
1261 1737 1409 1803 anni,
1430 1736 1569 1790 velut
1593 1733 1745 1787 unius
1767 1731 1910 1784 hora:
1938 1728 2166 1800 spatium

585 1840 891 1909 deputatur.
925 1834 1090 1889 Porro
1118 1832 1161 1884 si
1187 1827 1482 1883 secundum
1507 1823 1810 1893 Scripturas
1835 1835 1996 1874 unum
2025 1818 2167 1872 diem

586 1930 733 1986 mille
767 1939 938 1982 annos
963 1939 1082 1979 esse
1113 1934 1393 1992 ponamus,
1424 1917 1590 1971 multo
1614 1913 1781 1983 magis
1810 1912 1936 1966 olim
1965 1909 2170 1963 transiit

589 2032 696 2075 tam
725 2019 893 2088 longa:
921 2015 1026 2070 diei
1045 2014 1173 2067 hora
1203 2009 1526 2072 novissima;
1557 2020 1662 2060 non
1692 2004 1812 2058 dico
1840 2003 1883 2055 si
1915 1999 2169 2055 vicesima

587 2121 774 2183 quarta
799 2125 921 2180 pars
949 2109 1085 2177 ejus,
1104 2106 1192 2175 qui
1223 2111 1351 2158 sunt
1372 2101 1496 2155 anni
1523 2098 1682 2170 paulo
1702 2097 1925 2166 amplius
1944 2093 2172 2164 quadra-

587 2203 750 2273 ginta,
777 2199 870 2255 sed
910 2199 957 2253 si
996 2195 1303 2251 duodecima
1351 2193 1652 2260 deputetur,
1686 2202 1803 2258 quae
1847 2187 1964 2240 illos
2002 2197 2172 2239 annos

589 2291 777 2361 duplos
801 2289 975 2342 habet.
1001 2286 1150 2344 Unde
1189 2283 1588 2340 convenientius
1631 2279 1720 2334 ille
1758 2277 2026 2348 apostolus
2051 2290 2171 2330 cre-

589 2384 737 2441 ditur
774 2382 958 2436 horam
988 2378 1228 2448 posuisse
1261 2392 1359 2446 pro
1388 2384 1657 2443 tempore;
1687 2385 1805 2440 qua:
1844 2369 1971 2448 hora
2011 2381 2171 2437 quam

590 2475 746 2543 longa
773 2471 864 2536 sit,
887 2470 1207 2539 ignoramus,
1229 2467 1348 2536 quia
1373 2480 1476 2519 non
1498 2472 1580 2518 est
1605 2471 1842 2516 nostrum
1871 2460 2006 2514 scire
2035 2469 2170 2512 tem-

592 2577 745 2632 pora,
787 2575 906 2630 qua:
946 2559 1102 2613 Pater
1140 2557 1313 2625 posuit
1365 2555 1416 2608 in
1462 2568 1557 2607 sua
1606 2547 2172 2622 potestatezquamvis

594 2667 715 2707 eam
746 2649 1084 2704 novissimam
1111 2661 1228 2702 esse
1257 2645 1578 2704 noverimus.
1604 2642 1772 2695 multo
1801 2640 1968 2708 magis
1993 2639 2174 2707 utique

594 2755 714 2806 nos,
737 2755 895 2810 quam
925 2738 1014 2809 qui
1056 2736 1267 2791 fuerunt
1295 2747 1418 2789 ante
1447 2747 1566 2802 nos,
1589 2746 1652 2786 ex
1679 2744 1784 2802 quo
1812 2744 1930 2784 esse
1955 2729 2038 2784 vel
2069 2727 2171 2782 dici

593 2831 756 2899 capit
778 2830 906 2884 hora
934 2827 1240 2881 novissima.

667 2919 891 2975 CAPUT
931 2918 1042 2973 ιιι.
1081 2945 1152 2957 -
1191 2915 1275 2971 l9.
1307 2911 1458 2980 Quod
1487 2919 1664 2966 autem
1695 2910 1813 2964 ideo
1843 2908 2050 2963 videtur
2073 2906 2178 2963 Ve-

596 3009 854 3065 nerationi
885 3018 986 3062 tua:
1006 3003 1387 3074 comprehendi
1414 3016 1518 3055 non
1543 3013 1699 3069 posse
1715 3008 2009 3070 temporum
2027 3012 2178 3051 men-

597 3113 768 3162 suras,
801 3106 858 3152 ut
897 3097 1178 3152 deliniatur
1219 3107 1324 3164 quo
1364 3106 1504 3144 anno
1543 3091 1747 3143 futurus
1775 3098 1853 3142 est
1884 3087 2024 3153 ﬁnis,
2053 3087 2174 3157 quia

597 3191 889 3246 secundum
936 3187 1341 3258 promissionem
1395 3182 1604 3236 Domini
1643 3181 2022 3236 breviabnntur
2058 3180 2177 3236 dies

599 3283 696 3346 illi,
713 3294 930 3352 prorsus
953 3295 1060 3334 non
1083 3277 1340 3346 intelligo.
1360 3274 1414 3329 Si
1437 3275 1578 3328 enim
1602 3274 1678 3326 sic
1697 3272 2093 3338 breviabuntur,
2123 3279 2180 3325 ut

601 3372 733 3426 flant
774 3386 840 3425 ex
879 3369 1118 3438 pluribus
1155 3365 1466 3437 pauciores;
1499 3378 1678 3431 quer
1707 3361 1994 3415 secundum
2021 3377 2178 3428 quam

599 3461 880 3518 veritatem
903 3457 1060 3512 futuri
1087 3463 1239 3511 erant
1266 3455 1463 3523 plures,
1487 3452 1587 3506 nisi
1615 3452 2014 3506 breviarentur?
2041 3451 2181 3505 Heb-

601 3551 855 3606 domades
877 3548 1015 3603 enim
1046 3545 1211 3600 sancti
1241 3542 1469 3596 Daniclis
1497 3542 1686 3596 nonad
1721 3542 1943 3609 primum
1974 3541 2178 3594 Domini

602 3640 909 3700 adventum,
939 3637 1076 3691 sicut
1093 3634 1333 3706 pluribus
1360 3634 1530 3686 visum
1552 3639 1652 3694 est,
1676 3631 1769 3684 sed
1793 3631 1857 3682 ad
1889 3630 2177 3684 secundum

602 3731 779 3800 potius
808 3727 1078 3781 existimas
1120 3726 1400 3794 pertinere.
1432 3723 1575 3776 Itane
1620 3736 1747 3790 ergo
1775 3722 2176 3788 breviabuntnr,

606 3828 663 3872 ut
694 3817 773 3870 vel
804 3832 902 3869 nua
925 3816 978 3870 in
1007 3817 1087 3870 eis
1113 3813 1440 3868 hebdomada
1469 3813 1643 3866 minus
1668 3811 1839 3864 futura
1870 3812 1959 3877 sit,
1979 3822 2030 3865 et
2051 3811 2180 3865 falsa

605 3909 709 3964 erit
737 3907 1030 3978 prophetia,
1051 3921 1168 3975 qua:
1199 3912 1342 3958 tanta
1373 3902 1643 3972 diligentia
1676 3915 1953 3956 numerum
1983 3901 2181 3956 hebdo-

605 3999 880 4060 madarum
907 3996 1127 4056 delinire
1152 3995 1375 4058 curavit,
1408 4002 1466 4046 ut
1489 3993 1737 4062 quiddam
1781 3991 1986 4046 diceret
2019 3991 2180 4046 etiam

607 4091 825 4147 dimidio
853 4087 1199 4145 hebdomadis
1242 4083 1609 4156 implendum?
1636 4084 1796 4138 Miror
1834 4083 1879 4137 si
1921 4097 2015 4152 per
2054 4097 2181 4152 pro-

608 4185 840 4255 phetiam
865 4181 1060 4237 Christi
1087 4179 1374 4235 destruitur
1401 4176 1674 4247 prophetia
1704 4175 1950 4229 Danielis.
1983 4173 2183 4229 Deinde

609 4274 764 4345 quale
791 4280 874 4328 est
910 4279 968 4326 ut
1005 4281 1249 4342 putemus
1278 4271 1548 4338 ignorasse
1580 4266 1868 4331 Danielem,
1901 4265 1981 4319 vel
2009 4264 2184 4335 potius

609 4366 874 4434 angelum,
904 4378 934 4417 a
963 4378 1069 4432 quo
1113 4361 1213 4416 ista
1257 4359 1464 4414 dicebat
1503 4358 1858 4412 breviaturum
1905 4357 2182 4413 Dominum

612 4456 727 4510 dies
756 4455 895 4514 illos,
922 4462 975 4508 et
1017 4465 1224 4507 errasse
1261 4459 1320 4505 ut
1362 4451 1462 4504 hoc
1494 4450 1728 4511 diceret;
1763 4452 1844 4504 vel
1875 4449 2038 4504 scisse
2064 4451 2183 4520 qui-

614 4544 755 4606 dem,
787 4541 880 4595 sed
913 4541 963 4596 ei
1001 4556 1156 4610 quem
1185 4539 1409 4595 docebat
1437 4539 1596 4592 fuisse
1623 4539 1939 4593 mentitum?
1963 4538 2113 4605 Quod
2138 4539 2183 4595 si

613 4631 895 4687 absurdum
917 4642 1018 4697 cst,
1047 4647 1142 4686 cur
1161 4647 1264 4687 non
1297 4631 1470 4699 potius
1505 4629 1770 4684 credimus
1808 4631 2095 4685 secundum
2131 4632 2183 4687 id

613 4722 753 4792 quod
785 4721 1112 4776 breviaturus
1141 4727 1222 4775 est
1265 4720 1516 4774 Dominus
1551 4719 1667 4774 dies
1711 4720 1849 4788 illos,
1881 4730 1954 4775 tot
1980 4721 2183 4776 hebdoa-

614 4814 797 4869 [nudas
827 4813 1169 4882 prophetasse
1201 4812 1502 4866 Danielem?
1529 4812 1574 4867 si
1605 4821 1778 4868 tamen
1805 4813 1870 4868 ad
1895 4814 2183 4878 secundum

615 4906 824 4962 Domini
845 4905 1127 4958 adventum
1154 4903 1318 4972 (quod
1348 4904 1526 4957 nescio
1554 4903 1994 4972 quemadmodum
2017 4905 2187 4975 possit

615 4992 871 5063 ostendi),
899 4993 986 5046 ille
1007 5007 1256 5045 numerus
1284 4990 1509 5047 refertur
1536 5007 1815 5048 annorum.

684 5085 774 5139 9.0.
808 5083 1106 5146 Postremo,
1145 5081 1314 5135 multo
1351 5083 1547 5136 certius
1598 5085 1937 5154 securinsque
1989 5085 2186 5140 dicitur

617 5174 828 5230 Domini
877 5171 1158 5226 adventum
1207 5171 1343 5224 intra
1394 5175 1744 5242 septuaginta,
1777 5183 1887 5240 aut,
1916 5184 1971 5230 ut
2017 5177 2186 5246 pluri-

615 5269 787 5330 mum,
818 5261 957 5316 intra
995 5270 1208 5314 centum
1251 5275 1419 5314 annos
1462 5259 1714 5327 futurum,
1745 5264 1790 5317 si
1828 5264 2187 5323 hebdomades

614 5355 734 5410 ista
749 5353 919 5423 ipsum
943 5349 1316 5422 praenuntiant.
1331 5350 1467 5403 Auni
1484 5351 1624 5405 enim
1645 5352 2009 5424 quadringenti
2033 5373 2188 5412 nona-

615 5445 762 5516 ginta
801 5443 1003 5518 suntin
1035 5433 1449 5495 hebdomadibus
1477 5445 1802 5513 septuaginta
1827 5463 1839 5498 :
1862 5461 1891 5499 a
1917 5449 2187 5506 nativitale

619 5543 796 5588 autem
837 5529 1048 5589 Domini
1088 5532 1243 5587 hodie
1279 5540 1650 5600 computantur
1691 5535 1816 5589 anni
1861 5537 2025 5594 ferme
2053 5557 2188 5609 qua-

619 5622 885 5693 dringenti
903 5621 1086 5691 viginti
1103 5637 1117 5686 ;
1135 5635 1163 5673 a
1180 5622 1571 5676 resurrectione
1582 5631 1758 5678 autem
1777 5627 1857 5679 vel
1881 5633 2189 5687 ascensione

623 5709 903 5783 ejus,anni
931 5710 1049 5784 plus
1071 5708 1244 5766 minus
1274 5710 1494 5767 trecenti
1517 5713 1818 5785 nonaginta.
1841 5716 1919 5772 Ac
1941 5733 2038 5790 per
2064 5721 2186 5792 hoc,

1766 350 1818 405 S.
1865 340 2228 403 AUGUSTINI
2270 339 2562 395 EDASCOPI

3740 339 3851 394 9η

2260 455 2305 508 si
2327 469 2394 509 ex
2419 468 2524 523 quo
2545 460 2698 507 natus
2721 459 2803 508 est
2825 459 3180 522 computetur,
3203 450 3533 522 septuaginta
3554 461 3678 507 sunt
3710 453 3844 506 reli-

2259 544 2378 614 qui;
2410 544 2456 598 si
2483 559 2549 599 ex
2577 557 2684 614 quo
2696 557 2898 613 passus
2923 552 3025 609 est,
3053 542 3495 598 circiter-centum
3518 551 3800 598 remanent
3835 559 3850 595 :

2262 635 2398 689 intra
2426 645 2561 705 quas
2583 634 2814 689 Danielis
2839 648 3026 689 omnes
3060 632 3440 698 hebdomades,
3469 647 3518 688 si
3547 631 3616 688 de
3649 633 3848 692 novis-

2261 727 2398 782 simo
2423 726 2537 796 ejus
2559 726 2790 781 adventu
2817 725 3139 795 prophetam
3166 737 3308 791 sunt,
3338 724 3715 793 implebuntnr.
3735 723 3860 792 Qui

2263 835 2391 890 ergo
2415 819 2564 887 dicit,
2600 818 2743 874 Intra
2789 826 2866 873 tot
2905 823 3075 872 annos
3116 818 3236 882 erit,
3271 826 3396 871 tunc
3426 815 3616 871 falsum
3643 817 3772 872 dicit
3797 818 3847 872 si

2264 912 2401 967 ultra
2426 911 2564 966 erit:
2587 910 2681 966 sed
2705 911 2827 981 quia
2859 910 3252 975 breviabuntnr,
3285 909 3565 978 pauciores
3596 917 3856 980 poterunt

2265 1021 2403 1071 esse,
2428 1021 2534 1060 non
2563 1005 2759 1075 plures.
2792 1005 2955 1059 Recte
2977 1004 3154 1073 itaque
3181 1004 3393 1068 dicitur,
3426 1004 3566 1059 Intra
3591 1004 3691 1059 hos
3720 1004 3854 1069 erit,

2222 1121 2226 1124 ·
2265 1096 2514 1165 quoniam
2552 1095 2933 1164 quantumlibet
2973 1094 3294 1158 brevientnr,
3339 1109 3526 1148 verum
3567 1094 3852 1163 eritzipsa

2267 1201 2494 1257 namque
2519 1186 2774 1241 breviatio
2801 1187 2846 1240 si
2886 1201 2951 1240 eo
2984 1184 3141 1239 modo
3163 1184 3500 1255 intelligenda
3515 1191 3602 1239 est
3623 1193 3680 1238 ut
3709 1200 3851 1254 pau-

2267 1277 2438 1332 ciores
2463 1276 2612 1340 fiant,
2631 1275 2765 1330 ultra
2787 1290 2880 1330 eos
2899 1275 3039 1329 diem
3065 1275 3271 1329 Domini
3295 1275 3476 1330 venire
3493 1289 3598 1329 non
3627 1275 3853 1344 patitur,

2268 1368 2362 1424 sed
2399 1369 2566 1439 magis
2589 1370 2860 1438 magisque
2891 1368 3026 1421 intra
3055 1382 3152 1421 eos
3178 1376 3375 1436 quanto
3401 1365 3598 1422 fuerint
3629 1368 3857 1436 paucio-

2271 1476 2376 1516 res.
2407 1459 2523 1516 Non
2563 1461 2722 1531 igitur
2770 1460 2868 1514 ista
2910 1459 3165 1514 breviatio
3212 1457 3389 1512 turbat
3427 1467 3856 1527 computatorem

2269 1551 2358 1621 qui
2385 1566 2449 1606 eo
2468 1550 2628 1605 modo
2649 1550 2932 1614 deﬁnierit,
2965 1557 3024 1603 ut
3062 1548 3204 1604 dicat
3239 1549 3377 1602 intra
3404 1555 3484 1603 tot
3517 1563 3686 1602 annos
3707 1548 3856 1603 diem

2273 1642 2481 1698 Domini
2515 1649 2635 1697 esse
2665 1651 2975 1706 venturam;
3006 1640 3099 1695 sed
3122 1639 3342 1709 'adjulzat
3369 1640 3565 1708 potius,
3593 1639 3855 1709 quoniam

2272 1743 2469 1806 quanto
2511 1735 2679 1803 magis
2720 1733 2786 1787 ad
2834 1733 3150 1804 paucitatem
3195 1730 3501 1800 redigentur
3537 1729 3674 1796 dies,
3703 1737 3858 1787 tanto

2275 1825 2442 1894 magis
2485 1825 2587 1878 erit
2629 1825 2789 1889 intra,
2833 1830 2888 1876 et
2929 1821 3064 1876 ultra
3107 1834 3227 1874 esse
3274 1833 3382 1874 non
3412 1819 3604 1888 poterit
3641 1835 3656 1871 :
3691 1828 3861 1887 atque

2274 1921 2394 1976 ideo
2413 1937 2596 1976 verum
2640 1921 2743 1975 erit
2780 1919 2921 1990 quod
2965 1919 3034 1973 ita
3075 1917 3344 1983 delinitur,
3375 1925 3431 1971 ut
3459 1917 3685 1980 dicatur,
3713 1913 3858 1966 Intra

2273 2019 2352 2067 tot
2388 2026 2558 2067 annos
2598 2012 2722 2078 erit,
2762 2010 3003 2080 quamvis
3053 2010 3319 2063 neseiatur
3358 2022 3471 2078 quo
3513 2016 3661 2060 anno
3705 2003 3857 2058 futut-

2275 2116 2392 2159 rum
2415 2104 2502 2158 sit.

2345 2194 2407 2249 2|
2422 2235 2436 2248 .
2465 2194 2692 2250 Proinde
2717 2201 2822 2248 tota
2843 2192 3065 2264 qumstio
3082 2196 3164 2248 est
3187 2199 3361 2246 utrum
3383 2188 3615 2245 Danielis
3641 2186 3861 2242 Hebdo—

2283 2286 2464 2341 mades
2491 2286 2661 2356 primo
2687 2285 2915 2340 adventu
2947 2284 3155 2339 Demini
3184 2283 3414 2353 impleta
3437 2283 3565 2347 sint,
3596 2296 3665 2334 an
3692 2279 3856 2335 finem

2277 2378 2457 2432 szec'uli
2507 2376 2959 2447 pr0phetaverint,
2987 2390 3055 2430 an
3100 2374 3169 2430 ad
3207 2383 3490 2444 utrumque
3531 2371 3856 2441 pertineant.

2275 2467 2457 2538 Neque
2500 2467 2641 2522 enim
2683 2467 2772 2537 qui
2810 2467 2970 2523 etiam
3011 2467 3113 2521 hoc
3152 2473 3423 2536 saperent,
3451 2463 3737 2519 defuerunt
3771 2461 3859 2515 di:-

2277 2569 2478 2625 centes,
2515 2567 2753 2628 tempore
2781 2558 2935 2628 primi
2965 2557 3224 2612 adventus
3247 2554 3446 2611 Christi
3471 2569 3591 2609 esse
3613 2552 3860 2621 comple-

2279 2659 2380 2714 tas,
2406 2658 2458 2705 et
2483 2649 2606 2703 inde
2631 2664 2797 2719 usque
2820 2648 2887 2702 ad
2908 2646 3064 2702 finem
3091 2647 3268 2702 smculi
3295 2644 3513 2700 totidem
3534 2658 3719 2699 rursus
3734 2634 3861 2697 csSé

2279 2740 2638 2808 complendas.
2667 2736 2929 2810 Equidem
2959 2739 3106 2793 video
3133 2739 3256 2809 quia
3289 2738 3338 2793 si
3385 2737 3584 2807 primus
3619 2751 3710 2791 eas
3743 2744 3860 2790 non

2278 2831 2566 2900 complevit
2587 2829 2866 2896 adventus,
2886 2839 3104 2885 neeesse
3129 2839 3211 2883 est
3238 2840 3294 2883 ut
3318 2827 3580 2883 secundus
3601 2841 3691 2880 eas
3709 2840 3865 2881 coms

2279 2921 2456 2991 plent;
2483 2921 2733 2991 quoniam
2762 2920 3040 2992 prephctia
3075 2918 3161 2974 illa
3193 2933 3298 2973 non
3333 2926 3509 2987 potest
3533 2932 3650 2971 esse
3677 2916 3806 2969 falsa
3845 2931 3862 2967 :

2279 3016 2399 3083 qum
2422 3013 2467 3068 si
2491 3021 2728 3082 tempore
2755 3012 2908 3082 primi
2927 3010 3186 3066 adventus
3209 3011 3422 3080 impleta
3448 3018 3550 3075 est,
3581 3025 3685 3063 non
3709 3007 3865 3077 cogit

2280 3102 2497 3173 intelligi
2521 3102 2661 3173 quod
2691 3103 2848 3157 etiam
2877 3101 2945 3156 de
2972 3102 3076 3157 line
3096 3101 3274 3155 saeculi
3297 3100 3618 3170 implebitur.
3650 3099 3726 3153 Ac
3763 3088 3867 3168 per

2281 3196 2383 3250 hoe
2427 3195 2689 3250 incertum
2729 3202 2828 3260 est,
2857 3192 3067 3250 etiamsi
3103 3207 3288 3246 verum
3316 3200 3432 3257 est;
3460 3205 3630 3260 neque
3661 3205 3866 3258 negan-

2280 3285 2404 3340 dum
2433 3283 2667 3355 quidem,
2692 3284 2786 3339 sed
2825 3298 2996 3354 neque
3038 3281 3462 3353 praesumendum
3504 3289 3586 3334 est
3626 3280 3679 3334 id
3719 3279 3868 3334 futue

2281 3393 2421 3434 rum.
2467 3377 2805 3448 Relinquitur
2845 3377 3041 3447 itaque,
3083 3384 3140 3430 ut
3182 3374 3270 3446 qui
3310 3373 3424 3427 vult
3467 3387 3658 3442 cogere
3706 3372 3868 3426 istam

2285 3465 2614 3536 prophetiam
2645 3464 2788 3519 credi
2817 3465 2996 3518 smculi
3027 3464 3128 3518 fine
3155 3461 3548 3532 complendum,
3575 3460 3866 3515 contendat

2284 3567 2534 3628 quantum
2567 3565 2761 3626 potest,
2789 3562 2843 3610 et
2871 3553 3116 3609 ostendat
3143 3554 3188 3608 si
3217 3562 3405 3623 potest,
3431 3552 3603 3623 primo
3629 3551 3867 3605 adventu

2285 3647 2493 3702 Domini
2524 3662 2628 3701 non
2655 3647 2817 3701 fuisse
2843 3646 3182 3716 c0mpletam,
3215 3651 3398 3698 eoatra
3424 3651 3502 3696 tot
3529 3643 3866 3712 etposit—ores

2285 3731 2582 3786 divinorum
2611 3730 2963 3800 eloquiorum,
2989 3731 3074 3798 qui
3099 3728 3134 3782 h
3154 3738 3235 3781 ,ηε
3259 3741 3365 3782 non
3391 3726 3560 3780 solum
3590 3734 3872 3794 eomputas-

2287 3821 2434 3875 tiouc
2459 3827 2775 3888 temporum,
2807 3833 2989 3873 verum
3017 3819 3174 3871 etiam
3202 3816 3360 3870 rebus
3389 3815 3517 3886 ipsis
3547 3814 3867 3883 completam

2287 3911 2448 3967 fuisse
2487 3910 2870 3974 demonstrant,
2899 3911 3127 3964 maxime
3171 3908 3311 3979 quod
3353 3908 3425 3963 ibi
3471 3908 3724 3978 scriptum
3754 3915 3864 3970 est,

2286 4000 2355 4057 Et
2400 4010 2614 4072 ungatur
2651 4001 2872 4057 Sanctus
2909 4009 3229 4055 sanctorum:
3259 3998 3343 4054 vel
3381 4005 3598 4068 promer
3623 3997 3765 4067 quod
3809 3997 3867 4052 in

2287 4092 2474 4147 eadem
2521 4093 2795 4162 pr0phetia
2825 4091 3018 4145 hebrmi
3063 4090 3272 4145 codices
3306 4089 3610 4159 expressius
3645 4088 3864 4152 habent,

2292 4181 2559 4235 Occidetur
2587 4179 2832 4245 Christus,
2868 4186 2916 4232 et
2957 4194 3056 4232 non
3093 4179 3186 4232 erit
3211 4180 3321 4246 ejus
3347 4177 3506 4250 (Dan.
3537 4193 3608 4242 Ix,
3631 4177 3720 4239 24,
3743 4176 3864 4246 9.6).

2289 4272 2340 4327 id
2365 4281 2467 4339 est,
2498 4287 2600 4324 non
2635 4271 2736 4324 erit
2767 4270 2880 4339 ejus
2908 4270 3163 4333 civitatis;
3187 4269 3435 4339 quoniam
3479 4270 3555 4323 sic
3600 4267 3866 4322 alienatus

2290 4371 2373 4418 est
2423 4377 2452 4415 a
2503 4359 2731 4423 Judzeis,
2779 4359 2866 4429 qui
2907 4374 3027 4414 eum
3077 4368 3356 4428 propterea
3399 4358 3726 4413 Salvatorem
3779 4373 3868 4411 re-

2289 4452 2725 4522 demptoremqne
2747 4465 2898 4505 suum
2919 4464 3024 4504 non
3045 4464 3164 4506 esse
3187 4448 3544 4514 crediderunt,
3571 4448 3693 4518 quia
3721 4447 3869 4502 occi-

2290 4546 2418 4601 dere
2440 4553 2740 4615 potuerunt.
2770 4543 2954 4614 Neque
2981 4543 3121 4598 enim
3157 4543 3210 4597 in
3245 4542 3350 4598 ﬁne
3382 4542 3562 4597 sneculi
3588 4539 3868 4608 ungendus

2287 4645 2382 4691 aut
2409 4634 2728 4691 occidendus
2755 4643 2839 4689 est
2859 4633 3121 4696 Christus,
3154 4643 3213 4687 ut
3239 4624 3335 4687 ista
3368 4631 3641 4702 prophetia
3670 4631 3866 4685 Danie-

2291 4728 2354 4782 lis
2384 4737 2508 4782 tunc
2528 4735 2862 4797 exSpcctctur
2890 4723 3152 4794 implenda
3171 4765 3185 4792 ,
3215 4739 3332 4793 quae
3358 4722 3591 4777 nondum
3617 4721 3872 4776 credatur

2291 4819 2522 4888 impleta.

2361 4907 2586 4964 CAPUT
2612 4901 2742 4962 Vlll.
2775 4905 2953 4960 ~22.
2986 4904 3135 4972 Quod
3165 4916 3338 4959 autem
3365 4903 3431 4959 de
3456 4903 3619 4974 signis
3638 4918 3870 4972 evange-

2291 5000 2407 5054 licis
2433 5007 2482 5054 et
2514 4997 2855 5069 prepheticis,
2878 5011 2995 5066 qum
3039 4996 3149 5050 ﬁeri
3189 4994 3478 5058 cernimus,
3512 4995 3866 5063 prOpinqtttnn

2295 5089 2500 5145 Domini
2521 5089 2805 5143 adventum
2827 5100 3039 5156 sperare
3060 5085 3370 5146 debeamus,
3389 5085 3507 5154 quis
3529 5084 3720 5152 negat?
3742 5098 3871 5153 quo-

2294 5181 2420 5235 tidie
2444 5179 2636 5248 quippe
2665 5177 2832 5246 magis
2857 5177 3128 5246 magisque
3146 5178 3198 5226 lit
3223 5175 3510 5242 proximus.
3543 5173 3645 5228 Sed
3668 5184 3872 5244 quanto

2295 5273 2572 5327 intervallo
2599 5273 2931 5342 prepinquet,
2956 5273 3288 5338 hoe,dictum
3308 5281 3409 5336 est,
3434 5289 3531 5325 non
3555 5280 3627 5325 est
3652 5280 3872 5325 vestrum

2293 5363 2439 5418 scire.
2467 5361 2598 5418 Vide
2642 5363 2851 5431 quando
2889 5363 3021 5416 dixit
3059 5363 3364 5432 Apostolus,
3399 5361 3551 5416 Nam:
3584 5362 3715 5416 enim
3744 5379 3869 5433 pra-

2295 5453 2406 5522 pior
2433 5462 2504 5505 est
2541 5461 2710 5505 nostra
2743 5453 2900 5517 salus,
2925 5468 3071 5521 quam
3101 5470 3212 5506 cum
3241 5454 3565 5506 credidimus.
3592 5451 3717 5506 Non:
3737 5468 3872 5521 prte-

2295 5542 2458 5604 cessit,
2487 5541 2590 5594 dies
2619 5551 2781 5595 autent
2808 5542 3225 5612 appropinquavit
3252 5542 3427 5615 (Rom.
3470 5558 3581 5610 xm,
3621 5543 3706 5605 ll,
3743 5545 3868 5613 i2):

2295 5641 2350 5687 et
2386 5647 2510 5686 ecce
2545 5643 2672 5699 quot
2707 5632 2830 5685 anni
2859 5632 3212 5686 transieruntl
3241 5647 3340 5686 nec
3372 5645 3544 5686 tamen
3573 5632 3712 5701 quod
3739 5632 3873 5687 dixit

2297 5723 2482 5778 falsum
2509 5731 2609 5776 est.
2641 5722 2848 5789 Quanto
2873 5722 3038 5793 magis
3061 5737 3200 5777 nunc
3229 5723 3511 5778 arcendum
3536 5731 3619 5778 est
3648 5722 3872 5793 propin-
