4120 6358
258 364 360 420 N3

255 491 420 546 quare
450 473 655 530 Domini
682 473 990 539 adventum;
1019 473 1231 543 quando
1261 482 1438 528 tantus
1459 484 1539 527 cst
1566 475 1630 528 ad
1673 475 1830 530 liuent

253 568 422 622 lactus
443 567 719 621 accessus!
744 566 1028 635 Apostolus
1047 576 1211 629 certe,
1241 564 1482 634 Spiritus,
1509 565 1696 634 inquit,
1723 581 1833 619 ma-

253 656 433 725 nifeste
457 656 577 709 dicit
602 655 720 726 quia
745 656 796 708 in
826 653 1118 713 novissimis.
1135 653 1439 724 temporibus
1465 653 1828 725 recedentqui-

251 744 375 798 dam
424 762 456 798 a
503 745 604 814 [ide
645 743 860 816 (l-Tim.
911 761 982 809 tv,
1031 744 1102 814 l).
1152 743 1400 799 Nondum
1449 744 1629 814 utique
1679 751 1832 799 erant

253 834 442 890 eadem
501 842 761 904 tempora,
822 833 1189 895 lucreticorum
1239 833 1443 889 scilicet
1513 844 1568 887 et
1621 834 1824 901 talium,

253 923 437 992 quales
465 923 652 985 eodem
669 939 930 980 .sermone
955 923 1243 989 describit;
1272 923 1366 978 sed
1391 923 1501 992 jam
1526 933 1824 983 venerunt;

251 1027 316 1070 ac
359 1028 459 1083 per,
497 1012 599 1074 hoc
646 1014 697 1067 in
733 1013 1035 1069 novissimis
1059 1015 1385 1084 temporibus
1408 1014 1650 1076 videmur
1670 1017 1826 1072 etiam

251 1119 348 1172 per
375 1105 530 1173 ipsos.
545 1103 615 1159 de
640 1103 748 1159 tiae
775 1105 956 1159 saeculi
977 1105 1322 1160 commoneri.
1345 1103 1580 1174 Itemque
1604 1104 1725 1158 alibi
1749 1105 1831 1159 di-

251 1207 400 1260 cens,
433 1192 546 1247 Hoc
573 1203 741 1259 autem
765 1193 959 1264 scitote,
987 1195 1234 1265 quoniam
1260 1195 1313 1247 in
1351 1194 1630 1252 novissimis
1657 1194 1828 1252 diebus

250 1283 506 1345 instabunt,
532 1294 756 1356 tempora
779 1301 932 1350 ma,
960 1285 1068 1351 vel,
1095 1286 1231 1340 sicut
1256 1285 1344 1344 alii
1372 1285 1582 1341 codices
1608 1285 1822 1352 habent,

251 1378 530 1448 periculoso
552 1392 573 1431 :
590 1376 782 1432 deinde
799 1378 972 1448 qualia
994 1377 1166 1432 futura
1183 1377 1290 1438 sint
1308 1392 1370 1432 ex
1379 1378 1633 1447 primens,
1665 1377 1826 1432 Erunt

250 1469 383 1522 enim
424 1468 670 1532 homines,
703 1457 890 1538 inquit,
919 1469 1108 1537 seipsos
1131 1477 1372 1532 amantes,
1398 1477 1644 1522 amatores
1672 1485 1824 1537 pecu-

249 1560 367 1624 niis,
393 1559 532 1625 elati,
559 1559 780 1630 superbi,
813 1557 1110 1630 blasphemi,
1136 1560 1422 1630 parentibus
1455 1575 1556 1612 non
1593 1559 1824 1619 obedien-

249 1661 342 1716 tes,
363 1651 570 1721 ingrati,
601 1650 811 1716 scelesti,
837 1650 1123 1722 irreligiosi,
1149 1651 1258 1706 sine
1280 1649 1561 1717 alfectione,
1587 1651 1826 1704 detracto-

249 1758 348 1807 res,
377 1741 758 1808 incontinentes,
789 1741 1023 1808 immites,
1044 1742 1151 1797 sine
1175 1741 1490 1812 benignitate,
1520 1741 1819 1811 proditores,

247 1849 502 1903 procaces,
531 1834 723 1899 excuti,
749 1833 1058 1902 voluptatum
1083 1833 1682 1903 amatoresmagisquam
1704 1831 1818 1899 Dei,

247 1926 483 1978 habentes
511 1925 723 1995 speciem
749 1925 965 1995 pietatis,
992 1924 1222 1978 uirtutem
1251 1932 1415 1979 autem
1437 1924 1545 1992 ejus
1574 1921 1826 1992 abut-gan-

249 2025 343 2069 tes.
369 2015 553 2070 Mirum
580 2016 624 2069 si
652 2016 783 2070 tales
809 2015 1050 2070 homines
1084 2015 1363 2084 aliquando
1391 2014 1688 2068 defuerunt.
1718 2015 1822 2070 De-

247 2114 406 2182 hique
431 2112 553 2182 quia
581 2122 634 2167 ct
663 2119 787 2166 tunc
813 2119 983 2172 erant.
1014 2109 1249 2180 adjungit
1275 2124 1336 2164 ac
1364 2109 1509 2172 dicit,
1535 2107 1601 2170 Et
1622 2109 1712 2161 hos
1734 2108 1824 2162 de-

247 2205 368 2263 vita.
402 2202 484 2258 Ex
515 2204 592 2257 his
631 2203 761 2256 enim
799 2211 914 2258 sunt
949 2203 1035 2274 qui
1078 2209 1335 2270 penetrant
1361 2201 1554 2255 domos.
1584 2199 1695 2254 Non
1725 2201 1818 2266 ait,

249 2291 626 2359 Penelrabunt,
657 2300 902 2362 tanquam
947 2300 1001 2347 et
1038 2291 1124 2346 hic
1169 2290 1397 2345 futurum
1439 2291 1817 2358 prmtiunlians,

247 2384 386 2440 sicut
408 2398 564 2454 supra
581 2383 806 2451 dixerat,
831 2381 1098 2448 Instabunt
1127 2390 1352 2451 tempora
1379 2379 1660 2450 periculosa
1676 2399 1696 2446 ;
1724 2380 1820 2436 sed

246 2474 342 2540 ait,
386 2471 656 2528 Penetrant
693 2473 891 2540 domos,
930 2481 977 2532 et
1013 2472 1235 2542 captivas
1274 2471 1464 2524 ducunt
1502 2470 1821 2526 mulierculas

248 2564 315 2633 (ll
348 2562 477 2627 Tim.
506 2580 584 2632 ιιι,
613 2563 730 2635 1-6)
750 2581 763 2616 :
783 2578 887 2621 non
910 2565 1003 2632 ait,
1035 2564 1255 2630 Dueent,
1285 2561 1819 2630 vel,lducturissuut;

247 2656 489 2726 sed,,jam
511 2657 720 2714 ducunt.

315 2747 408 2808 25.
433 2747 542 2803 Nec
572 2747 942 2818 putandusest
965 2747 1067 2803 hoc
1093 2747 1230 2812 loco,
1255 2762 1351 2817 pro
1381 2746 1633 2818 temporis
1658 2745 1819 2801 futuri

248 2839 442 2906 verbis,
482 2839 757 2908 praesentis
800 2839 1052 2908 temporis
1078 2837 1549 2906 verbaposuisse;
1580 2837 1818 2906 quando-

246 2929 458 2999 quidem
489 2930 605 2990 illos
625 2929 691 2982 ab
711 2944 776 2983 eo
797 2929 880 2983 cui
911 2928 1115 2991 scribit,
1144 2928 1326 2983 evitari
1353 2927 1688 2982 admonebat.
1711 2925 1818 2980 Nec

248 3030 424 3075 tamen
447 3021 638 3074 frustm
653 3019 810 3085 dixit,
836 3018 899 3074 In
918 3019 1196 3073 novissimis
1221 3017 1672 3082 diebusjnstabunt
1689 3026 1818 3081 tem-

247 3127 378 3182 pora.
416 3112 693 3181 periculosa
705 3121 798 3176 ;ct
826 3112 947 3165 hinc
973 3126 1032 3166 ea
1064 3110 1353 3181 periculosa
1393 3109 1564 3170 futura
1599 3108 1819 3164 demen-

246 3211 421 3255 strans
451 3202 581 3257 tales
607 3199 852 3256 homines
891 3200 1094 3255 futuros
1121 3214 1239 3254 esse
1273 3198 1534 3268 praedixit,
1568 3198 1668 3252 nisi
1695 3198 1818 3267 quia

249 3301 392 3352 tanto
443 3295 616 3362 plures
661 3302 843 3357 erunt,
892 3293 1172 3365 magisque“
1205 3290 1578 3354 abundabunt,
1620 3297 1818 3359 quanto

246 3385 414 3454 magis
457 3385 836 3455 propiuquatur
878 3382 945 3438 ad
994 3384 1173 3436 tinem.
1219 3367 1468 3436 Videmus
1513 3395 1640 3451 ergo
1687 3381 1818 3435 tales

247 3491 386 3534 nunc
414 3475 701 3533 abundare.
730 3473 834 3531 Sed
857 3474 1001 3545 quid,
1025 3473 1071 3528 si
1091 3472 1502 3528 abundantiores
1529 3479 1683 3526 erunt
1703 3479 1819 3540 post

246 3583 365 3634 nos,
397 3577 447 3622 et
477 3567 692 3622 omnino
733 3565 1169 3622 abundantissimi
1214 3565 1424 3636 quando
1458 3565 1568 3632 jam
1604 3565 1818 3634 jamque

245 3657 361 3726 ipsc
391 3658 512 3711 linis
538 3659 770 3725 instabit,
797 3658 883 3728 qui
914 3657 1163 3727 quamdiu
1189 3656 1358 3710 aberit
1386 3657 1685 3726 ignoratur?
1713 3656 1819 3710 No-

246 3747 448 3802 vissimi
471 3749 663 3819 quippe
687 3749 800 3804 dies
829 3749 952 3803 dicti
984 3754 1126 3811 sunt,
1159 3755 1209 3801 et
1238 3746 1290 3800 in
1319 3747 1444 3815 ipsis
1476 3747 1658 3816 primis
1678 3747 1819 3816 Apo-

245 3839 501 3892 stolorum
531 3839 743 3902 diebus,
774 3854 892 3892 cum
923 3837 1132 3892 Domini
1161 3837 1216 3891 in
1241 3837 1435 3892 malum
1464 3852 1649 3892 recens
1678 3845 1817 3890 esset

243 3945 517 3996 ascensus,
550 3931 762 4001 quando
803 3929 889 3984 die
932 3929 1274 3984 Pentecostes
1315 3928 1456 3983 misit
1499 3929 1815 3997 promissum

242 4019 500 4090 Spiritum
531 4029 790 4086 sanctum,
822 4029 876 4074 et
919 4019 1131 4088 quidam
1173 4019 1468 4086 stupebant.
1495 4018 1817 4079 admirantes

243 4125 342 4163 eos
368 4111 455 4178 qui
483 4109 674 4178 linguis
702 4123 834 4177 quas
860 4123 969 4161 non
989 4107 1300 4171 didicerant,
1324 4106 1688 4174 loquebantur,
1709 4105 1819 4175 quis

242 4202 366 4256 dam
394 4216 520 4255 vero
545 4200 845 4266 irridentes,
872 4207 1047 4254 musto
1073 4197 1260 4267 plenos
1283 4212 1401 4252 esse
1423 4197 1818 4264 dicebant._Quo

243 4291 330 4344 die
353 4291 544 4352 Petrus
568 4291 787 4359 loquens
814 4289 880 4344 ad
907 4289 1026 4344 illos
1049 4289 1139 4359 qui
1165 4288 1242 4353 de,
1259 4288 1358 4342 hac
1382 4304 1440 4342 re
1467 4289 1610 4344 varie
1631 4303 1815 4344 move-

243 4381 439 4436 bantur
463 4400 477 4438 :
501 4381 782 4448 Nonienim
806 4382 956 4447 sicut,
985 4381 1172 4451 inquit,
1199 4379 1543 4450 suspicantini,
1569 4378 1690 4444 ebrii
1703 4389 1820 4445 sunt

240 4473 349 4538 isti,
370 4489 483 4526 cum
513 4473 578 4535 sit
606 4473 732 4534 hora
760 4473 857 4526 diei
881 4472 1044 4526 tertia.
1070 4471 1176 4527 Sed
1202 4471 1442 4524 attendite
1464 4470 1700 4539 quoniam
1724 4471 1837 4535 hoc__

242 4574 318 4617 est
340 4562 473 4633 quod
497 4564 687 4617 dictum
711 4572 782 4617 est
816 4580 906 4633 per
940 4562 1256 4633 prophetam,
1301 4560 1412 4613 Erit
1446 4561 1499 4613 in
1541 4559 1818 4615 novissimis

244 4653 438 4718 diebus,
469 4652 586 4706 dicit
621 4652 890 4718 Dominus,
921 4651 1179 4719 effundam
1217 4651 1279 4718 de
1306 4651 1504 4720 Spiritu
1534 4666 1641 4704 meo
1667 4666 1819 4722 super

243 4760 442 4798 omnem
469 4760 689 4810 carnem,
721 4754 824 4800 etc.
857 4743 991 4814 (Act.
1022 4760 1080 4811 ιι,
1117 4747 1162 4808 l,
1197 4743 1305 4815 l7).

253 4891 256 4894 ,
314 4833 406 4892 24.
443 4833 559 4888 Jam
614 4845 739 4890 tunc
789 4850 915 4904 ergo
955 4843 1106 4890 erant
1138 4835 1250 4889 dies
1277 4833 1576 4898 novissimi;
1621 4843 1819 4903 quanto

244 4925 414 4993 magis
445 4939 606 4987 nunc,
641 4925 848 4979 etiamsi
881 4933 1078 4989 tantum
1112 4925 1314 4990 dierum
1362 4925 1616 4987 remansit
1654 4939 1826 4995 usque

177 4999 188 5024 τ
330 5015 508 5079 tinem,
539 5024 787 5084 quantum
818 5015 882 5068 ad
914 5014 1052 5075 hunc
1075 5014 1210 5069 diem
1233 5030 1262 5067 a
1282 5015 1488 5084 Domini
1509 5015 1819 5076 ascensione

246 5112 566 5160 transactum
593 5116 693 5170 est,
721 5106 800 5158 vel
823 5104 1018 5175 aliquid
1041 5105 1162 5166 sive
1179 5105 1350 5158 minus
1371 5113 1538 5160 restet
1562 5105 1672 5158 sive
1699 5120 1817 5160 am-

245 5194 422 5264 plius?
448 5196 588 5266 quod
620 5196 856 5266 profecto
881 5196 1162 5261 nescimus,
1196 5197 1315 5265 quia
1341 5205 1550 5252 nonest
1579 5206 1818 5251 nostrum

244 5285 386 5342 scire
412 5294 651 5360 tempora
675 5288 758 5342 vel
785 5295 1071 5354 momenta,
1100 5302 1216 5356 qua:
1253 5286 1410 5342 Pater
1438 5287 1694 5355 posuitin
1725 5302 1818 5341 sua

245 5385 510 5450 potestate
537 5394 550 5429 :
580 5392 700 5431 cum
729 5386 904 5436 tamen
932 5377 1176 5442 sciamus,
1212 5375 1263 5430 in
1287 5376 1590 5431 novissimis
1617 5385 1822 5445 tempe:

247 5465 414 5531 ribus,
462 5466 518 5532 in
546 5467 842 5528 novissimis
871 5467 1074 5531 diebus,
1107 5467 1160 5520 in
1210 5466 1496 5521 novissima
1545 5466 1674 5533 hora
1724 5482 1822 5522 nos

248 5570 427 5628 agere,
459 5558 597 5625 sicut
623 5559 896 5629 Apostoli;
927 5559 1023 5618 sed
1072 5559 1446 5629 multomagis
1490 5559 1578 5629 qui
1609 5557 1824 5620 fuerunt

249 5659 370 5722 post
400 5649 515 5706 illos
535 5659 658 5705 ante
679 5665 794 5719 nos,
823 5659 876 5705 et
898 5651 1061 5709 multo
1080 5651 1248 5721 magis
1270 5665 1386 5716 nos,
1409 5659 1463 5704 et
1481 5650 1648 5719 magis
1665 5663 1822 5719 quam

251 5756 350 5804 nos
368 5742 458 5815 qui
490 5752 642 5802 erunt
685 5733 802 5814 post
846 5757 960 5814 nos,
1002 5743 1172 5802 donec
1215 5742 1280 5799 ad
1311 5742 1426 5800 illos
1465 5742 1702 5825 veniatur
1729 5743 1818 5812 qui

1405 361 1877 418 EPISTULARUM
1915 361 2183 418 (ILASSIS
2222 361 2307 416 ΠΙ.

3411 370 3516 428 9H

1936 487 2110 541 erunt,
2139 477 2181 531 si
2210 476 2313 532 diei
2344 485 2534 547 potest,
2574 478 2979 535 novissimorum
3020 481 3310 542 novissimi.
3353 494 3514 554 atque

1933 568 2000 622 ad
2030 568 2199 638 ipsum
2246 571 2463 624 omnino
2506 572 2870 639 novissimum,
2925 589 3082 642 quem
3125 575 3239 630 vult
3288 576 3510 648 intelligi

1936 655 2208 722 Dominus,
2237 658 2327 714 ubi
2359 659 2505 726 dicit,
2549 660 2616 714 Et
2642 663 2944 718 resuscitabo
2983 681 3096 718 eum
3140 665 3193 720 in
3239 667 3511 723 novissimo

1934 745 2015 799 die
2047 744 2222 818 (Joan.
2247 763 2322 813 vr,
2349 747 2442 821 40)
2477 766 2492 804 :
2523 750 2798 822 quiquam
2848 751 3004 822 longe
3053 752 3210 820 absit,
3259 769 3512 827 compre-

1935 833 2093 893 hendi
2121 851 2223 890 non
2247 846 2447 905 potest.

2003 923 2226 982 CAPUT
2261 926 2355 982 ιιι.
2379 959 2452 969 -
2473 928 2562 984 25.
2604 927 2761 1000 Signa
2787 947 2905 1002 qua:
2930 932 2981 987 in
3009 931 3296 1004 Evangelio
3332 931 3510 990 futura

1935 1014 2179 1083 prazdicts
2205 1025 2343 1082 sunt,
2383 1018 2520 1072 sicut
2558 1029 2939 1076 commemorat
2972 1021 3245 1080 Sanctitas.
3279 1032 3392 1090 tua,
3419 1040 3510 1081 sc-

1931 1104 2161 1164 cundum
2190 1105 2382 1161 Lucam
2413 1107 2561 1181 (Luc.
2591 1124 2702 1174 xxi,
2733 1111 2914 1182 7-53),
2942 1113 3132 1169 eadem
3156 1122 3280 1168 sunt
3308 1129 3504 1172 secun-

1931 1196 2056 1251 dum
2091 1197 2389 1253 Matthaaum
2412 1198 2432 1273 (
2456 1199 2638 1254 Matth.
2687 1217 2834 1268 xxiv,
2882 1203 3015 1259 1-44
3033 1201 3081 1276 ),
3117 1214 3174 1260 et
3212 1205 3504 1265 secundum

1927 1286 2158 1342 Marcum
2185 1287 2378 1360 (Marc.
2407 1291 2548 1362 xm).
2578 1291 2639 1346 lli
2660 1292 2812 1362 enim
2829 1302 2939 1349 tres
2964 1303 3188 1354 narrant.
3207 1311 3325 1365 quae
3351 1295 3507 1351 dixe-

1929 1379 2000 1436 rit
2023 1380 2297 1449 Dominus,
2325 1396 2446 1437 cum
2476 1383 2828 1454 interrogatus
2856 1392 2998 1442 esset
3019 1401 3049 1439 a
3069 1386 3344 1457 discipulis
3365 1389 3500 1456 suis,

1929 1468 2140 1538 quando
2165 1470 2338 1526 futura
2375 1480 2553 1526 essent
2585 1488 2704 1543 qua:
2742 1473 2809 1529 de
2837 1474 3023 1544 templi
3058 1477 3341 1533 eversione
3369 1493 3505 1548 pra:-

1928 1561 2151 1640 dixerat,
2185 1572 2238 1618 ct
2272 1564 2411 1634 quod
2431 1565 2637 1635 signum
2667 1574 2811 1623 esset
2836 1566 3093 1623 adventus
3120 1568 3259 1638 ejus,
3292 1578 3347 1624 et
3371 1585 3506 1624 con-

1928 1654 2294 1710 summationis
2341 1656 2538 1732 smculi.
2586 1656 2699 1711 Non
2729 1657 2870 1718 enim
2898 1657 3199 1728 discrepant
3243 1659 3423 1724 rebus,
3457 1658 3506 1715 si

1927 1744 2065 1799 alius
2091 1743 2288 1815 aliquid
2309 1745 2436 1801 dicit
2462 1746 2604 1817 quod
2623 1747 2758 1802 alius
2787 1755 2944 1816 tacete,
2976 1757 3068 1802 aut
3104 1748 3210 1811 alio
3239 1747 3396 1803 modo
3423 1747 3506 1802 di-

1928 1834 2035 1889 cit:
2069 1837 2235 1905 magis
2261 1846 2437 1891 autem
2465 1837 2652 1892 collata
2691 1837 2914 1893 invicem
2951 1838 3156 1909 juvant,
3187 1847 3245 1894 ut
3279 1838 3504 1908 legentis

1930 1925 2226 1981 intellectus
2254 1936 2483 1998 regatur.
2533 1929 2638 1984 Sed
2675 1929 2742 1985 de
2767 1931 3012 1986 omnibus
3048 1931 3319 2001 diaputare
3358 1946 3503 1986 nunc

1927 2017 2138 2088 longum
2168 2028 2268 2074 est.
2295 2019 2742 2091 interrogantibus
2771 2023 2909 2078 enim
2932 2024 3188 2080 Dominus
3201 2039 3262 2080 ca
3285 2039 3505 2094 respon-

1927 2109 2022 2174 dit,
2050 2124 2165 2179 anc
2188 2110 2295 2180 jam
2324 2127 2385 2166 ex
2410 2112 2498 2166 illo
2522 2121 2760 2182 tempore
2787 2114 2988 2168 fuerant
3008 2123 3274 2182 secutura,
3294 2116 3406 2169 sive
3433 2116 3502 2172 dc

1926 2199 2132 2254 excidio
2147 2199 2468 2265 Jerusalem,
2487 2203 2760 2258 tmdeorta
2791 2216 2872 2258 est
2892 2203 3055 2272 ipsius
3073 2203 3501 2275 interrogationis

1926 2291 2161 2354 occasio;
2206 2292 2675 2348 sive_dc..adven!u
2700 2309 2914 2364 suoper
2946 2295 3258 2362 Ecclesiam,
3301 2296 3352 2350 in
3394 2311 3499 2366 qua

1927 2394 2091 2448 usque
2119 2380 2181 2433 ad
2207 2381 2364 2438 linem
2395 2383 2576 2438 venire
2601 2398 2710 2438 non
2744 2393 2916 2438 cessat
2945 2401 2959 2438 :
3005 2384 3058 2438 in
3087 2383 3198 2438 suis
3230 2386 3373 2440 enim
3409 2402 3502 2442 ve-

1927 2469 2076 2525 niens
2102 2470 2422 2540 agnoscitur,
2453 2471 2578 2528 dum
2607 2474 2721 2542 ejus
2749 2472 2984 2542 quotidie
3007 2475 3243 2530 membra
3266 2491 3500 2531 nascuno-

1926 2569 2045 2628 tur;
2077 2560 2142 2618 de
2161 2578 2266 2632 quo
2292 2563 2518 2619 adventu
2543 2564 2635 2629 ait,
2674 2564 2867 2618 Amodo
2895 2565 3120 2620 videbitis
3168 2565 3362 2620 Filium
3402 2569 3498 2620 ho-

1923 2652 2073 2707 minis
2089 2654 2357 2718 venientem
2382 2655 2434 2706 in
2449 2655 2660 2716 nubibus
2679 2651 2887 2728 (Matth.
2910 2671 3060 2721 XXVI,
3078 2653 3168 2726 64)
3193 2674 3206 2713 :
3225 2655 3292 2710 de
3308 2656 3497 2724 quibus

1924 2743 2151 2798 nubibus
2202 2743 2400 2806 dictum
2451 2755 2532 2799 est
2581 2759 2676 2813 per
2724 2747 3056 2814 prophetam,
3098 2745 3356 2800 Mandabo
3396 2764 3510 2800 nu-.

1925 2831 2066 2898 bibus
2101 2832 2222 2899 meis
2259 2849 2321 2886 ne
2357 2831 2533 2903 pluant
2568 2851 2720 2903 super
2759 2851 2869 2888 eam
2902 2835 2919 2905 (
2950 2834 3075 2889 Isai.
3119 2852 3150 2889 v
3173 2878 3189 2903 ,
3218 2825 3308 2908 ¹6)
3339 2855 3350 2891 :
3382 2837 3497 2892 sive

1924 2923 1991 2982 dc
2020 2925 2134 2994 ipso
2165 2924 2288 2990 line,
2336 2925 2387 2979 in
2427 2940 2530 2995 quo
2575 2926 2852 2998 apparebit
2891 2927 3039 2982 vivos
3069 2927 3400 2998 judicaturus
3440 2936 3496 2984 et

1923 3024 2181 3069 mortuos.

1993 3106 2082 3160 26.
2113 3108 2240 3161 Cum
2271 3107 2449 3178 itaque
2478 3108 2625 3179 signa
2651 3108 2810 3174 dicat,
2841 3126 2957 3180 quae
2981 3110 3046 3165 ad
3076 3111 3173 3164 ista
3202 3112 3297 3165 tria
3329 3109 3493 3180 perti-

1924 3207 2070 3263 nent,
2095 3198 2146 3252 id
2167 3207 2270 3266 est,
2295 3198 2359 3253 ad
2388 3199 2653 3253 excidium
2678 3200 2815 3254 illius
2837 3200 3094 3266 civitatis;
3119 3200 3183 3257 ad
3210 3201 3495 3254 adventum

1924 3289 2038 3368 ejus
2063 3290 2114 3344 in
2145 3305 2369 3359 corpore
2397 3305 2514 3355 suo,
2537 3291 2677 3362 quod
2705 3300 2786 3347 est
2812 3291 3090 3360 Ecclesia;
3113 3293 3178 3347 ad
3208 3294 3493 3349 adventum

1923 3382 2036 3451 ejus
2058 3383 2109 3437 in
2142 3383 2314 3452 capite
2343 3383 2616 3450 Ecclesire,
2647 3383 2788 3454 quod
2823 3391 2905 3439 est
2945 3384 3058 3454 ipse
3101 3401 3114 3436 :
3144 3383 3283 3454 quod
3309 3399 3497 3441 eorum

1922 3475 2190 3544 signorum
2217 3475 2282 3528 ad
2309 3475 2449 3544 quod
2479 3475 2665 3531 horum
2691 3476 2846 3540 trium
2876 3475 3209 3534 referendum
3250 3476 3338 3544 sit,
3378 3475 3498 3530 dili-

1922 3566 2064 3635 genti
2089 3566 2533 3630 consideratione.
2557 3568 2878 3623 ecrnendum
2917 3576 3020 3633 est,
3073 3583 3140 3623 ne
3182 3567 3318 3622 forte
3357 3565 3499 3636 quod

1923 3656 2150 3725 pertinet
2173 3656 2237 3711 ad
2265 3657 2596 3711 eversionem
2638 3656 2952 3724 Jerusalem,
3006 3657 3072 3712 ad
3117 3657 3273 3711 tinem
3319 3657 3497 3712 Sta-culi

1923 3746 2260 3809 referendum
2288 3756 2568 3817 putemus;
2597 3758 2685 3802 aut
2711 3764 2742 3803 e
2769 3751 3035 3804 contrario
3062 3749 3200 3819 quod
3228 3749 3294 3804 ad
3339 3731 3516 3805 tinem.

1923 3822 2100 3890 saeculi
2128 3837 2372 3906 pertinet,
2392 3836 2718 3892 altirmemus
2740 3837 2805 3892 ad
2822 3838 3050 3892 civitatis
3070 3838 3210 3893 illius
3232 3838 3496 3893 excidium

1923 3927 2216 3996 pertinere;
2247 3937 2336 3981 aut
2378 3929 2515 3998 quod
2560 3929 2789 3996 pertinet
2831 3928 2897 3983 ad
2944 3929 3060 3998 ejus
3108 3929 3395 3983 adventum
3442 3930 3496 3984 in

1921 4031 2144 4085 corpore
2169 4032 2286 4082 suo,
2312 4017 2452 4087 quod
2489 4025 2570 4072 est
2591 4016 3112 4085 Ecclesia,'dicamus
3141 4019 3405 4088 pertinere
3429 4019 3498 4073 ad

1922 4106 2036 4175 ejus
2062 4106 2342 4170 adventum
2373 4107 2716 4172 novissimum
2751 4108 2802 4161 in
2835 4122 3060 4176 corpore
3087 4121 3202 4171 suo,
3233 4108 3372 4178 quod
3414 4119 3498 4163 est

1924 4205 2081 4266 caput
2124 4196 2406 4262 Ecclesia);
2439 4207 2530 4251 aut
2558 4213 2741 4252 rursus
2785 4197 2926 4267 quod
2953 4198 3185 4266 pertinet
3204 4199 3270 4253 ad
3301 4199 3498 4254 adven-

1924 4295 2034 4339 tum
2060 4285 2175 4355 ejns
2202 4287 2543 4339 novissimum
2577 4301 2671 4355 per
2695 4286 2948 4354 seipsum,
2981 4287 3046 4342 ad
3075 4303 3194 4342 cum
3227 4289 3496 4358 pertinere

1923 4390 2292 4432 asseveremus
2317 4375 2596 4438 adventum
2622 4376 2712 4444 qui
2735 4385 2816 4431 est
2841 4394 2933 4447 per
2965 4378 3274 4434 Ecclesiam.
3304 4379 3359 4434 In
3381 4381 3497 4450 qui-

1924 4466 2020 4520 bus
2049 4465 2294 4519 omnibus
2331 4475 2452 4519 sunt
2479 4466 2718 4535 quaedam
2754 4466 3053 4535 manifesta,
3083 4469 3323 4538 qumdam
3367 4485 3496 4525 vero

1924 4556 2001 4614 sic
2029 4554 2273 4622 obscura,
2314 4563 2390 4614 ut.
2417 4556 2498 4608 vel
2531 4555 2848 4612 laboriosum
2879 4557 2948 4611 sit
2973 4573 3034 4611 ea
3070 4558 3378 4628 dijudicare,
3405 4561 3491 4615 vel

1923 4644 2281 4708 temerarium,
2308 4644 2558 4714 quamdiu
2586 4661 2690 4699 non
2719 4646 3096 4717 intelliguntur,
3116 4648 3181 4704 de
3201 4649 3279 4704 his
3295 4649 3495 4720 aliquid

1922 4735 2162 4791 delinire.

1991 4826 2080 4884 27.
2121 4825 2248 4892 Quis
2273 4825 2413 4881 enim
2443 4841 2546 4880 non
2577 4827 2751 4881 videat
2773 4827 2836 4881 ad
2869 4828 3006 4887 illam
3035 4829 3296 4884 civitatem
3325 4831 3491 4900 perti-

1923 4931 2052 4972 nere
2080 4915 2220 4986 quod
2250 4915 2445 4969 dictum
2475 4925 2574 4979 est,
2603 4915 2726 4972 Cum
2752 4927 2916 4971 autem
2952 4919 3166 4972 videritis
3191 4919 3495 4974 circumdari

1923 5009 1985 5062 ab
2007 5009 2222 5065 exercitu
2248 5006 2556 5073 Jerusalem,
2587 5017 2701 5064 tunc
2729 5010 2903 5064 scitote
2929 5012 3047 5079 quia
3074 5012 3495 5082 apprOpinquavit

1924 5097 2164 5164 desolatio
2192 5099 2298 5167 ejus
2325 5097 2474 5166 (Luc.
2505 5098 2763 5170 xx:,_20)?
2788 5101 2917 5156 item
2943 5102 3060 5172 quis
3089 5117 3195 5156 non
3223 5102 3396 5157 videat
3421 5105 3488 5158 ad

1924 5190 2206 5244 adventum
2231 5188 2437 5242 Domini
2462 5190 2801 5243 novissimum
2831 5192 3094 5260 pertinere
3121 5193 3262 5263 quod
3291 5193 3491 5249 dictum

1925 5291 2026 5348 est,
2051 5280 2180 5352 Cum
2200 5280 2565 5349 videritisha’c
2592 5283 3180 5354 ﬁeri,.scitote_quoniam
3222 5302 3378 5355 prope
3421 5294 3494 5342 est

1924 5388 2136 5444 regnum
2164 5370 2297 5432 Dei?
2320 5371 2450 5426 Illud
2479 5383 2654 5439 autem
2677 5373 2816 5442 quod
2850 5374 3044 5428 dictum
3083 5383 3184 5440 est,
3225 5374 3314 5430 Va:
3357 5392 3494 5445 pra:-

1926 5465 2192 5537 gnantibus
2213 5473 2257 5518 et
2285 5465 2614 5528 nutrientibus
2639 5465 2691 5518 in
2729 5464 2829 5518 illis
2855 5465 3045 5519 diebus.
3077 5466 3230 5520 Orate
3253 5477 3418 5521 autem
3439 5473 3492 5519 ut

1925 5575 2026 5612 non
2053 5558 2144 5625 ﬁat
2171 5557 2292 5628 fuga
2319 5568 2479 5612 vestra
2507 5559 2665 5611 hieme
2695 5557 2773 5611 uel
2793 5557 3017 5612 sabbato.
3051 5556 3162 5612 Erit
3197 5561 3330 5612 enim
3376 5565 3488 5615 tuni

1925 5647 2181 5702 tribulatio
2209 5664 2412 5719 magna,
2439 5647 2602 5718 qualis
2623 5664 2722 5701 non
2750 5646 2846 5717 fuit
2873 5647 2934 5700 ab
2956 5646 3097 5701 initio
3117 5648 3310 5714 mun’n',
3339 5663 3488 5717 nequ:

1925 5739 2008 5808 ﬁet
2026 5753 2045 5803 ;
2065 5735 2140 5792 sic
2155 5745 2236 5792 est
2258 5738 2481 5809 positum
2494 5735 2782 5794 secundum
2799 5733 3120 5804 Mattbzeum,
3138 5745 3190 5788 et
3205 5735 3488 5792 secundum
