4120 6358
633 363 737 420 ΞΞΒ

632 484 892 553 Maleum,
925 494 983 542 ιιι
1012 486 1267 542 incertum
1297 485 1363 540 sit
1387 492 1562 539 utrum
1584 483 1649 539 de
1677 482 1886 539 excidio
1915 481 2057 539 illius
2083 482 2219 539 civi-

631 578 778 640 tatis.
806 593 872 632 an
894 576 959 633 de
984 578 1162 633 saeculi
1191 578 1293 631 line
1312 575 1531 647 intelligi
1574 575 1785 631 debeat.
1828 574 1924 632 Sic
1945 575 2089 632 enim
2114 574 2219 631 hoc

629 670 806 741 ipsum
852 670 1045 741 legitur
1069 668 1207 739 apud
1231 668 1482 731 Marcum,
1522 665 1613 723 Va
1638 676 1812 724 autem
1841 667 2219 741 pregnantibus

630 770 680 816 et
702 761 1034 816 nutrientibus
1055 760 1108 815 in
1133 760 1234 815 illis
1262 759 1453 815 diebus.
1486 758 1641 814 Orate
1658 767 1716 815 ut
1735 759 1897 814 hieme
1927 776 2028 814 non
2063 760 2212 829 fiant.

632 851 799 907 Erunt
838 852 968 907 enim
998 850 1104 905 dies
1126 850 1205 905 illi
1230 849 1567 906 tribulationis
1591 850 1733 915 tales,
1768 849 1942 924 quales
1966 866 2068 905 non
2105 853 2218 922 fue-

628 954 749 998 runt
769 944 832 998 ab
859 943 1005 998 initio
1029 952 1276 999 creatura
1300 960 1452 1015 quam
1474 942 1697 997 condidit
1713 941 1871 1009 Deus,
1890 960 2046 1015 usque
2061 959 2213 1011 nunc,

628 1051 788 1105 neque
815 1034 957 1105 ﬁent.
1004 1031 1075 1089 Et
1113 1034 1213 1089 nisi
1236 1036 1498 1091 breviasset
1526 1032 1775 1090 Dominus
1808 1033 1917 1089 dies
1947 1033 2083 1109 illos,
2113 1048 2216 1087 non

627 1129 806 1200 fuisset
824 1128 966 1183 salua
987 1128 1151 1185 omnis
1172 1145 1291 1183 caro
1324 1143 1344 1184 :
1366 1128 1455 1184 sed
1482 1137 1689 1200 propter
1714 1129 1915 1194 electos,
1960 1143 2086 1201 quos
2114 1125 2217 1185 ele-

626 1222 720 1293 git,
754 1222 989 1277 breviavit
1018 1221 1144 1277 dies.
1173 1220 1289 1279 Non
1320 1220 1653 1278 dissimiliter
1694 1230 1749 1277 et
1778 1219 2074 1277 Matthazus.
2101 1218 2215 1276 Hoc

628 1320 805 1367 autem
832 1311 1005 1368 Lucas
1037 1312 1106 1367 ita
1136 1312 1331 1383 posuit,
1361 1320 1421 1368 ut
1440 1321 1691 1383 appareat
1720 1310 1787 1367 ad
1816 1312 1956 1366 illius
1984 1310 2214 1367 civitatis

542 1462 555 1472 η
627 1403 895 1459 excidium
927 1402 1230 1474 pertinere;
1262 1418 1383 1458 nam
1422 1403 1500 1457 sic
1534 1401 1673 1473 apud
1700 1417 1821 1458 eum
1848 1402 2042 1473 legitur
2070 1419 2084 1456 :
2125 1399 2215 1455 γω

624 1507 793 1553 autem
820 1495 1195 1569 prmgnantibus
1219 1506 1266 1551 et
1289 1495 1618 1551 nutrientibus
1657 1496 1709 1551 in
1751 1496 1853 1551 illis
1878 1495 2072 1550 diebus.
2102 1493 2214 1549 Erit

625 1587 759 1643 enim
780 1607 1016 1660 pressura
1043 1606 1229 1660 magna
1254 1606 1407 1659 super
1430 1597 1638 1655 terram,
1665 1598 1712 1644 et
1739 1588 1816 1642 ira
1842 1588 2032 1660 populo
2058 1588 2213 1655 huic;

623 1690 671 1736 et
695 1680 875 1737 cadent
892 1681 943 1736 in
964 1698 1051 1737 ore
1072 1681 1256 1753 gladii,
1283 1689 1329 1735 et
1348 1680 1533 1750 captivi
1552 1679 1797 1733 ducentur
1818 1680 1869 1733 in
1892 1696 2063 1733 omnes
2081 1696 2209 1750 gen-

623 1784 695 1828 tes
713 1790 731 1837 ;
758 1782 806 1827 et
830 1772 1113 1833 Jerusalem
1132 1771 1406 1830 calcabitur
1421 1788 1451 1824 a
1464 1769 1711 1845 gentibus,
1731 1769 1890 1826 donec
1906 1769 2212 1842 impleantur

622 1878 849 1935 tempora
869 1865 1148 1922 nationum.

689 1956 779 2013 S8.
822 1955 975 2013 Unde
1005 1965 1181 2013 autem
1212 1955 1278 2011 ad
1308 1955 1411 2011 hoc
1438 1963 1652 2010 ventum
1678 1963 1780 2020 est,
1826 1954 2110 2010 Matthteus
2136 1954 2207 2010 ita

619 2048 806 2103 scribit
834 2065 847 2102 :
881 2047 1006 2103 Cum
1031 2062 1149 2118 ergo
1172 2046 1396 2101 videritis
1419 2045 1839 2102 abominationem
1861 2045 2205 2114 desolationis,

617 2152 730 2209 qua:
756 2138 890 2191 dicta
914 2146 986 2192 est
1005 2155 1037 2191 a
1056 2136 1271 2193 Daniele
1291 2137 1555 2207 propheta,
1586 2145 1799 2193 stantem
1813 2137 1865 2190 in
1883 2135 1991 2190 loco
2006 2145 2202 2204 sancto,

616 2225 705 2293 qui
728 2223 866 2293 legit,
895 2222 1144 2294 intelligat
1170 2237 1191 2277 :
1209 2231 1329 2278 tunc
1357 2222 1445 2293 qui
1464 2222 1516 2275 in
1543 2220 1730 2276 Judaa
1759 2229 1897 2287 sunt,
1925 2221 2125 2292 fugiant
2151 2221 2207 2276 in

616 2322 844 2379 montes;
868 2322 914 2368 et
937 2313 1021 2384 qui
1046 2313 1098 2367 in
1129 2322 1277 2380 tecto,
1308 2329 1411 2370 non
1440 2311 1709 2367 descendat
1739 2310 1915 2366 tollere
1932 2311 2125 2382 aliquid
2143 2311 2208 2366 de

617 2406 769 2460 domo
792 2422 885 2464 sua
903 2420 924 2470 ;
942 2414 988 2460 et
1013 2405 1097 2476 qui
1120 2405 1174 2459 in
1197 2421 1341 2475 agro,
1372 2420 1473 2458 non
1498 2411 1772 2458 revertatur
1792 2402 1965 2457 tollere
1985 2403 2204 2456 tunicam

615 2514 781 2552 suam.
814 2497 903 2553 νω
924 2508 1095 2555 autem
1124 2496 1501 2569 prtegnantibus
1540 2504 1587 2549 et
1631 2494 1965 2550 nutrientibus
2006 2494 2061 2549 in
2100 2494 2205 2554 illis

616 2589 809 2656 diebus,
839 2598 943 2645 etc.
972 2589 1180 2645 Marcus
1201 2604 1329 2645 vero
1363 2589 1434 2643 ita
1459 2607 1473 2643 :
1501 2587 1628 2645 Cum
1648 2596 1817 2642 autem
1841 2587 2063 2642 videritis
2076 2585 2202 2642 abo-

612 2680 938 2735 minationem
962 2680 1285 2741 desolationis
1308 2688 1521 2735 stantem
1540 2678 1625 2734 ubi
1642 2696 1743 2734 non
1763 2678 1919 2744 debet,
1946 2678 2033 2750 qui
2060 2679 2198 2750 legit,

612 2772 861 2845 intelligat
889 2788 909 2828 :
936 2782 1055 2830 tunc
1074 2773 1160 2845 qui
1194 2773 1248 2828 in
1271 2770 1460 2827 Indica
1489 2780 1626 2839 sunt,
1656 2771 1851 2843 fugiant
1892 2771 1945 2825 in
1974 2781 2201 2837 montes;

612 2870 660 2915 et
682 2863 768 2933 qui
790 2879 945 2933 super
963 2870 1166 2931 tectum,
1200 2880 1264 2918 ne
1299 2860 1570 2924 descendat
1594 2862 1647 2915 in
1672 2862 1896 2928 domum,
1923 2878 2014 2918 nec
2038 2862 2201 2917 intro-

610 2963 693 3012 eat
716 2964 772 3010 ut
802 2955 946 3011 tollat
972 2956 1094 3028 quid
1121 2957 1184 3011 de
1206 2956 1358 3011 domo
1388 2970 1515 3020 sua;
1538 2965 1585 3011 et
1611 2954 1699 3026 qui
1735 2955 1787 3010 in
1813 2972 1934 3028 agro
1955 2956 2066 3022 erit,
2096 2973 2198 3011 non

608 3056 891 3102 revertatur
920 3057 1054 3109 retro
1079 3048 1256 3104 tollere
1293 3048 1638 3107 vestimentum
1673 3064 1841 3103 suum.
1904 3046 1993 3104 Vae
2029 3057 2199 3103 autem

610 3138 987 3211 prwgnantibus
1015 3148 1063 3194 et
1091 3139 1424 3194 nutrientibus
1460 3138 1513 3193 in
1548 3138 1651 3193 illis
1677 3136 1871 3207 diebus,
1899 3148 1953 3195 et
1971 3140 2195 3211 reliqua.

609 3228 782 3293 Lucas
806 3244 934 3285 vero
952 3236 1013 3286 ut
1037 3230 1340 3286 ostenderet
1363 3237 1489 3285 tunc
1518 3229 1707 3287 laetam
1733 3229 1895 3287 fuisse
1921 3229 2199 3289 abomina-

609 3322 810 3378 tionem
864 3321 1228 3385 desolationis,
1283 3336 1403 3392 quae
1444 3336 1474 3375 a
1520 3320 1739 3380 Daniele
1786 3322 2039 3392 praedicta
2089 3332 2194 3391 est,

609 3416 824 3485 quando
852 3422 1148 3487 expugnata
1196 3422 1280 3470 est
1312 3413 1632 3489 Jerusalem,
1676 3413 1793 3471 hinc
1836 3415 2025 3471 eodem
2077 3416 2196 3471 loco

609 3507 823 3564 Domini
857 3507 1018 3571 verba
1061 3511 1445 3566 commemorat
1472 3523 1486 3560 :
1518 3504 1643 3561 Cum
1670 3514 1839 3560 autem
1859 3505 2081 3561 uideritis
2104 3508 2197 3561 cir-

608 3597 839 3653 cumdari
862 3597 924 3651 ab
948 3597 1165 3652 exercitu
1187 3594 1499 3661 Jerusalem,
1529 3604 1646 3651 tunc
1666 3596 1842 3652 scitote
1866 3596 1985 3667 quia
2008 3614 2199 3668 approa-

608 3689 868 3763 pinquavit
884 3688 1126 3755 desolatio
1145 3689 1271 3759 ejus.
1294 3689 1529 3758 Apparet
1548 3686 1724 3758 itaque
1740 3696 1866 3743 tunc
1885 3687 1955 3743 ibi
1968 3688 2193 3757 positam

606 3779 954 3835 desolationis
979 3778 1449 3843 abominationcm,
1487 3777 1555 3833 de
1594 3792 1694 3848 qua
1725 3776 1831 3833 duo
1868 3777 1939 3833 illi
1969 3793 2197 3848 evange-

608 3870 745 3925 listzn
766 3869 925 3925 locuti
947 3879 1087 3924 sunt.
1108 3870 1345 3939 Denique
1360 3870 1518 3925 etiam
1541 3868 1641 3927 iste
1654 3868 1901 3924 similiter
1924 3868 2191 3939 sequitur:

611 3961 752 4018 Tunc
770 3961 857 4032 qui
893 3962 945 4019 in
967 3961 1156 4016 ludam
1183 3970 1319 4029 sunt,
1363 3960 1561 4032 fugiant
1588 3960 1642 4015 in
1667 3970 1878 4015 montes.
1910 3959 1978 4014 Et
2006 3975 2101 4030 pro
2128 3974 2195 4016 eo

606 4051 747 4122 quod
772 4051 1020 4117 dixerunt
1042 4051 1137 4117 illi,
1164 4061 1215 4117 et
1237 4051 1322 4122 qui
1352 4068 1503 4122 super
1531 4058 1733 4115 tectum,
1764 4066 1826 4104 ne
1849 4049 2117 4105 descendat
2140 4050 2195 4105 in

606 4142 832 4209 domum,
865 4159 955 4198 nec
978 4142 1193 4201 introeat
1218 4151 1272 4196 ut
1293 4141 1437 4197 tollat
1460 4142 1582 4213 quid
1609 4140 1673 4196 de
1695 4139 1885 4206 doma;
1917 4140 2019 4198 iste
2038 4140 2191 4208 dixit,

604 4244 655 4301 et
686 4236 772 4305 qui
799 4236 848 4289 in
879 4234 1043 4289 medio
1085 4236 1195 4305 ejus
1218 4243 1353 4301 sunt,
1380 4233 1641 4289 discedant
1668 4248 1689 4289 :
1730 4242 1791 4289 ut
1822 4233 2196 4291 ostenderetur

605 4325 710 4383 illis
734 4326 911 4381 verbis
936 4324 1077 4395 apud
1116 4325 1248 4380 alios
1276 4324 1627 4395 evangelistas
1652 4322 1862 4395 positis,
1891 4321 2192 4379 festinatio-

606 4432 732 4485 nem
758 4416 894 4486 fugae
922 4415 1083 4473 luisse
1114 4424 1451 4486 prmeeptam.
1500 4416 1565 4469 Et
1596 4429 1694 4485 pro
1724 4428 1789 4470 eo
1821 4413 1965 4484 quod
1994 4414 2066 4470 illi
2093 4430 2193 4485 po-

607 4516 850 4574 suerunt,
880 4516 925 4562 et
949 4507 1036 4581 qui
1061 4507 1113 4561 in
1135 4524 1259 4579 agro
1288 4507 1400 4570 erit,
1433 4523 1531 4559 non
1554 4513 1829 4563 reuertatur
1855 4514 1990 4561 retro
2020 4506 2195 4561 tollere

604 4600 952 4654 uestimentum
976 4616 1122 4653 suum
1137 4613 1159 4665 ;
1182 4597 1416 4668 apertius
1442 4598 1540 4651 iste
1564 4596 1658 4662 ait,
1701 4606 1746 4651 et
1783 4597 1871 4670 qui
1894 4599 1947 4651 in
1972 4598 2192 4669 regioni-

604 4692 715 4755 bus,
750 4708 849 4746 non
892 4691 1078 4747 intrent
1118 4690 1170 4745 in
1190 4706 1300 4744 eam
1321 4705 1342 4757 ;
1366 4689 1484 4760 quia
1524 4689 1629 4743 dies
1654 4689 1859 4744 ultionis
1885 4689 1939 4744 hi
1969 4698 2107 4755 sunt,
2136 4697 2194 4745 ut

603 4782 914 4853 impleantur
948 4782 1120 4839 omnia
1154 4797 1269 4855 qua:
1303 4781 1492 4852 scripta
1532 4790 1670 4843 sunt.
1719 4780 1920 4837 Deinde
1948 4781 2194 4837 similiter

602 4876 764 4932 etiam
795 4875 896 4930 iste
921 4856 1181 4945 sequitur,
1209 4882 1269 4937 ut
1295 4888 1511 4945 prorsus
1533 4872 1873 4930 manifestum
1905 4874 1976 4931 sit
1999 4874 2066 4929 de
2089 4873 2193 4933 hac

603 4982 665 5022 re
698 4965 812 5037 ipsa
850 4970 1088 5022 omnium
1129 4966 1288 5021 trium
1324 4981 1444 5023 esse
1482 4965 1625 5023 hunc
1668 4966 1942 5037 Evangelii
1992 4967 2188 5034 locum,

611 5056 703 5113 Vw
724 5064 895 5113 autem
916 5055 1293 5129 pragnantibus
1319 5068 1365 5112 et
1391 5057 1723 5114 nutrientibus
1752 5057 1805 5112 in
1847 5056 1954 5112 illis
1990 5056 2188 5127 diebus,

597 5157 653 5202 et
683 5156 873 5204 cetera
899 5147 966 5202 ad
993 5146 1094 5203 hoc
1111 5146 1449 5221 pertinentia,
1479 5164 1599 5219 quae
1630 5148 1740 5219 jam
1771 5148 2189 5210 commemoravi

600 5237 867 5308 superius.

671 5330 764 5387 ‘29.
804 5329 978 5388 Lucas
1021 5344 1150 5402 ergo
1186 5328 1437 5403 patefecit
1462 5327 1604 5401 quod
1649 5343 1771 5387 esse
1812 5345 1972 5401 posse
2011 5330 2187 5387 incer-

602 5427 732 5476 tum.
763 5436 869 5475 non
896 5421 962 5475 ad
993 5420 1173 5477 muli
1202 5421 1387 5487 tinem,
1419 5418 1515 5476 sed
1541 5418 1610 5474 ad
1638 5422 2082 5492 expugnationem
2099 5421 2192 5478 Je-

601 5520 836 5569 rusalem
857 5514 1124 5585 pertinere
1144 5511 1196 5569 id
1219 5511 1359 5584 quod
1380 5510 1580 5567 dictum
1602 5519 1685 5565 est
1702 5509 1772 5567 de
1793 5510 2190 5573 abominatione

601 5602 823 5665 desolatt
847 5604 966 5671 \nis,
989 5614 1045 5660 et
1062 5603 1204 5675 quod
1223 5604 1424 5669 dictum
1443 5608 1527 5659 est
1549 5602 1615 5657 de
1632 5601 1839 5658 dierum
1861 5603 2192 5667 breviatione

603 5703 821 5765 propter
853 5694 1083 5761 electos;
1114 5694 1237 5765 quia
1264 5694 1365 5751 etsi
1393 5709 1455 5750 ea
1486 5693 1602 5764 ipse
1625 5708 1731 5749 non
1758 5692 1909 5759 dixit,
1942 5694 2078 5751 dixit
2104 5704 2188 5750 ta-

602 5792 725 5843 men
755 5799 989 5866 apertius
1016 5796 1209 5846 caetera
1231 5784 1300 5847 de
1327 5783 1433 5847 hoc
1458 5785 1597 5861 ipso,
1648 5801 1756 5861 quo
1782 5795 1838 5846 et
1880 5787 1984 5847 ista
2021 5788 2189 5862 perti-

1869 361 1928 417 S.
1968 355 2331 416 AUGUSTINI
2372 358 2669 425 EPISCOPI

2326 490 2455 531 nere
2470 478 2801 535 monstravit.
2816 478 2933 536 Non
2954 480 3097 541 enim
3111 480 3367 540 debemus
3382 483 3671 556 ambigere,
3694 487 3909 557 quando

2324 582 2509 627 eversa
2555 577 2639 627 est
2676 570 2994 640 Jerusalem,
3038 573 3201 631 fuisse
3239 574 3297 630 in
3343 575 3435 632 illo
3478 578 3674 647 populo
3707 579 3908 636 electos

2324 660 2440 729 Dei,
2485 662 2576 732 qui
2620 678 2689 722 ex
2728 664 3130 727 circumcisione
3152 666 3508 735 crediderant,
3549 670 3663 726 sive
3699 670 3907 729 fuerant

2323 754 2600 823 credituri,
2646 756 2802 815 electi
2846 769 2972 817 ante
2996 760 3427 819 constitutionem
3454 762 3658 830 mundi,
3684 774 3904 835 propter

2322 859 2457 916 quos
2481 846 2852 915 breviarentur
2875 848 2993 913 dies
3019 850 3113 919 illi,
3135 860 3191 907 ut
3223 852 3517 914 tolerabilia
3534 855 3674 926 mala
3690 857 3897 913 ﬁerent.

2319 937 2453 1003 Nam
2483 940 2695 1012 quidam
2719 942 3118 1001 conveniendus
3143 945 3469 1003 intellexisse
3490 946 3900 1015 mihividentur,

2319 1029 2460 1088 mala
2484 1030 2595 1101 ipsa
2625 1032 2913 1102 signiﬁcata
2939 1036 3154 1095 nomine
3175 1036 3382 1095 dierum
3403 1078 3420 1105 ,
3444 1038 3585 1095 sicut
3616 1039 3741 1095 dicti
3781 1052 3905 1108 sunt

2260 1120 2263 1123 ’
2318 1119 2434 1177 dies
2461 1124 2586 1179 mali
2602 1124 2663 1179 in
2688 1124 2807 1185 aliis
2833 1126 3024 1183 divinae
3040 1128 3687 1203 Seripturmlociswphes.
3709 1148 3764 1199 v,
3787 1124 3899 1204 16);

2319 1227 2491 1283 neque
2517 1216 2658 1270 enim
2684 1215 2800 1272 dies
2842 1218 2940 1288 ipsi
2976 1219 3101 1273 mali
3128 1228 3273 1287 sunt,
3312 1220 3407 1277 sed
3433 1236 3495 1277 ea
3539 1238 3659 1293 qua:
3690 1224 3822 1278 liunt
3846 1226 3898 1280 in

2317 1306 2415 1360 eis.
2446 1306 2563 1377 Ipsa
2590 1322 2718 1378 ergo
2741 1308 2879 1375 dicta
2905 1319 3031 1369 sunt
3050 1311 3297 1377 breviari,
3326 1320 3385 1367 ut
3413 1313 3523 1368 Deo
3538 1314 3784 1384 donante
3812 1326 3898 1379 to.-

2317 1396 2593 1455 lcrantiam
2617 1399 2789 1455 minus
2815 1400 3156 1469 sentirentur,
3188 1417 3251 1459 ac
3269 1402 3348 1459 sic
3369 1419 3489 1476 qua:
3509 1421 3695 1477 magna
3712 1417 3896 1478 essent

2316 1486 2495 1542 brevia
2527 1487 2737 1543 ﬁerent.

2388 1578 2476 1636 30.
2515 1578 2623 1636 Sed
2646 1581 2760 1638 sive
2783 1584 2888 1641 isto.
2922 1584 3081 1640 modo
3109 1585 3449 1657 intelligenda
3472 1588 3541 1644 sit
3566 1588 3774 1645 dierum
3806 1591 3894 1652 illa

2316 1670 2593 1740 breviatio,
2621 1672 2734 1729 sive
2756 1674 2896 1746 quod
2934 1676 3001 1731 ad
3029 1678 3344 1747 paucitatem
3367 1680 3751 1752 redigerentur,
3782 1685 3899 1740 sive

2314 1762 2457 1832 quod
2487 1779 2647 1821 cursu
2688 1765 2820 1822 solis
2861 1767 3119 1833 celeriore
3152 1769 3551 1839 breviarentur;
3601 1789 3710 1828 non
3751 1776 3897 1845 enim

2313 1853 2508 1916 desunt
2545 1856 2633 1926 qui
2659 1864 2710 1913 et
2744 1857 2847 1913 hoc
2869 1859 3199 1928 existiment,
3238 1862 3311 1923 ita
3353 1862 3559 1925 scilicet
3581 1864 3752 1919 dictos
3775 1865 3900 1921 breq

2312 1944 2488 2005 viores
2508 1944 2625 2002 dies
2648 1945 2874 2015 futuros,
2902 1949 3039 2015 sicut
3053 1950 3151 2006 fuit
3171 1951 3380 2023 longior
3402 1953 3536 2022 dies,
3558 1964 3747 2010 orante
3767 1954 3896 2013 Jcsu

2313 2036 2458 2095 Nave
2483 2037 2666 2109 (Iosue
2690 2056 2748 2105 χ,
2779 2041 2971 2114 13-”)
3013 2060 3028 2099 :
3060 2052 3237 2101 tamen
3264 2045 3435 2102 Lucas
3478 2048 3800 2118 evangelista
3843 2056 3898 2104 et

2315 2127 2452 2184 hanc
2483 2129 2687 2186 dierum
2715 2130 3121 2202 breviationem,
3162 2143 3217 2191 et
3243 2136 3692 2194 abominationem
3736 2138 3895 2194 deso-

2312 2220 2546 2299 lationis,
2575 2239 2695 2294 qua:
2732 2224 2839 2282 duo
2863 2226 2975 2299 ipse
3002 2243 3110 2297 non
3139 2229 3292 2306 dixit,
3331 2231 3424 2286 sed
3454 2230 3733 2288 Matthasus
3758 2232 3899 2298 Mar-5

2311 2327 2515 2384 cusque
2563 2315 2830 2384 dixerunt,
2876 2318 2944 2373 ad
2991 2319 3323 2379 eversionem
3374 2322 3673 2377 Jerusalem
3712 2324 3895 2380 decuit

2310 2405 2601 2474 pertinere,
2626 2405 2726 2462 alia
2752 2421 2872 2462 cum
2899 2409 2979 2464 eis
3003 2409 3185 2467 dicens
3214 2412 3450 2481 apertius
3475 2412 3543 2468 de
3576 2412 3677 2469 hac
3704 2415 3893 2470 eadem

2309 2511 2389 2560 re,
2430 2512 2549 2566 qua:
2594 2497 2667 2552 illi
2705 2508 2997 2571 posuerunt
3022 2502 3319 2557 obscurius.
3352 2502 3484 2559 Nam
3512 2502 3777 2574 Iosephus
3801 2507 3894 2575 qui

2307 2585 2582 2643 Iudaicam
2624 2588 2840 2658 scripsit
2884 2589 3182 2675 bistoripm,
3213 2592 3332 2648 talia
3360 2594 3496 2668 mala
3523 2594 3654 2649 dicit
3690 2594 3769 2649 illi
3798 2611 3898 2665 ρος

2306 2678 2433 2748 pulo
2464 2687 2589 2735 tunc
2615 2679 2892 2747 accidisse,
2921 2689 2979 2736 ut
2998 2683 3084 2738 vix
3103 2683 3375 2747 credibilia
3393 2684 3672 2741 videantur
3702 2703 3717 2739 :
3748 2686 3895 2742 unde

2308 2779 2414 2821 non
2461 2766 2729 2829 immerito
2756 2767 2956 2825 dictum
2999 2780 3100 2838 est,
3132 2772 3292 2834 talem
3343 2773 3738 2830 tribulationem
3790 2791 3897 2832 nec

2306 2854 2469 2917 fuisse
2496 2870 2528 2913 a
2552 2867 2812 2914 creatura:
2857 2858 3029 2927 initio,
3060 2876 3159 2917 nec
3183 2860 3435 2918 futuram.
3466 2864 3573 2935 Sed
3601 2866 3700 2923 etsi
3748 2875 3893 2922 tem.

2304 2962 2434 3017 pore
2464 2948 2774 3006 Antichristi
2816 2951 2937 3006 talis
2960 2961 3053 3007 aut
3076 2953 3247 3025 major
3287 2954 3509 3019 forsitan
3539 2957 3661 3024 erit,
3686 2957 3892 3016 intelli-

2302 3040 2535 3111 gendum
2574 3049 2659 3097 est
2701 3042 2767 3098 de
2812 3043 2903 3098 illo
2947 3046 3144 3115 populo
3193 3046 3434 3116 dictum,
3484 3048 3622 3120 quod
3668 3049 3718 3104 ei
3766 3051 3890 3118 talis

2304 3131 2535 3201 amplius
2582 3131 2756 3188 futura
2804 3148 2910 3194 non
2966 3135 3070 3191 erit
3121 3153 3136 3190 :
3197 3136 3242 3190 si
3298 3137 3441 3205 enim
3502 3139 3891 3196 Antichristum

2301 3220 2376 3287 illi
2419 3224 2664 3294 primitus
2719 3232 2774 3280 et
2817 3226 3083 3298 praecipue
3132 3228 3400 3298 recepturi
3443 3238 3600 3298 sunt,
3649 3231 3892 3287 facturus

2301 3323 2383 3368 est
2410 3322 2535 3376 tunc
2556 3315 2694 3372 idem
2717 3317 2940 3388 pupulus
2962 3318 3354 3387 tribulationem
3383 3322 3558 3391 potius
3581 3337 3739 3393 quam
3761 3338 3891 3393 pas-

2299 3422 2474 3463 surus.

2372 3499 2463 3557 5|.
2501 3497 2619 3555 Non
2665 3508 2747 3555 est
2772 3515 2900 3572 ergo
2937 3517 3033 3557 cur
3060 3510 3308 3572 putemus
3345 3503 3714 3562 “ebdomadas
3758 3521 3891 3576 pro-

2300 3590 2478 3663 pheta:
2533 3593 2804 3661 Danielis,
2856 3594 2943 3651 vel
2991 3604 3208 3667 propter
3253 3596 3458 3651 dierum
3503 3597 3889 3657 breviationem

2300 3681 2465 3738 fuisse
2490 3682 2744 3750 turbatas,
2777 3685 2865 3740 vel
2892 3684 2983 3739 illo
3005 3685 3116 3759 iam
3138 3694 3379 3757 tempore
3408 3702 3512 3741 non
3538 3685 3701 3751 fuisse
3736 3703 3891 3743 ωηι-

2301 3774 2491 3845 pletas,
2513 3774 2607 3829 sed
2638 3775 2690 3829 in
2721 3776 2826 3831 line
2852 3777 3032 3831 saeculi
3061 3792 3183 3832 esse
3208 3778 3569 3848 complendas.
3596 3777 3710 3833 Non
3738 3779 3889 3834 enim

2299 3873 2424 3935 ante
2454 3867 2753 3936 passionem
2785 3868 2994 3927 Domini
3025 3868 3253 3938 impleta:
3301 3879 3446 3936 sunt,
3483 3869 3633 3938 Quod
3672 3870 3763 3941 qui
3790 3885 3896 3941 pu-

2301 3962 2434 4023 tant,
2465 3956 2765 4019 rectissime
2795 3966 2882 4016 tua
2912 3960 3173 4014 sententia
3193 3957 3528 4024 refelluntur,
3556 3975 3657 4031 qua
3678 3960 3889 4016 dixisti:

2302 4044 2428 4102 Ilwc
2450 4064 2568 4119 ergo
2586 4049 2891 4103 abominatio
2919 4049 2964 4104 si
3003 4050 3110 4119 iam
3145 4050 3393 4119 completa
3422 4054 3605 4121 fuerat,
3633 4050 3892 4121 quomodo

2299 4136 2552 4199 Dominus
2579 4148 2746 4193 monet
2770 4148 2819 4195 et
2835 4138 2979 4207 dicit,
3003 4159 3021 4190 ι
3054 4138 3180 4194 Cum
3199 4140 3423 4194 videritis
3459 4141 3887 4194 abominationem

2300 4227 2647 4296 desolationis,
2674 4229 2811 4303 quod
2828 4231 3019 4285 dictum
3045 4240 3118 4286 est
3154 4248 3242 4301 per
3262 4230 3524 4284 Danielem
3560 4231 3887 4301 prophetam,

2298 4327 2512 4373 stantem
2532 4319 2584 4373 in
2605 4319 2715 4374 loco
2739 4328 2934 4387 sancto,
2952 4320 3038 4391 qui
3052 4320 3189 4391 legit,
3210 4320 3489 4392 intelligat»
3510 4318 3719 4392 (Matth.
3737 4336 3893 4388 xxxv,

2301 4410 2390 4482 15)
2411 4411 2436 4466 ?
2461 4411 2555 4465 llis
2581 4410 2756 4479 verbis
2779 4410 3130 4481 Beatitudinis
3156 4421 3260 4477 tua:
3280 4412 3357 4466 illi
3374 4411 3563 4466 merito
3581 4411 3895 4480 corrigendi

2298 4509 2445 4572 sunt,
2484 4503 2574 4573 qui
2600 4502 2782 4557 dicunt
2805 4517 2945 4566 eam,
2976 4512 3099 4559 eum
3129 4502 3244 4557 inec
3275 4502 3532 4557 Dominus
3552 4501 3891 4571 loqueretur,

2298 4595 2382 4649 vel
2426 4603 2552 4653 ante
2606 4596 2909 4669 passionem
2949 4596 3507 4666 resurrecti’oaemque
3554 4594 3672 4663 ejus
3723 4591 3897 4650 fuisse

2297 4686 2638 4756 completam.
2660 4686 2758 4756 Qui
2785 4696 2962 4747 autem
2989 4686 3191 4753 dicunt,
3215 4687 3351 4741 sicut
3370 4686 3703 4757 apertissime
3720 4686 3896 4741 etiam

2296 4776 2468 4849 Lucas
2485 4779 2810 4850 evangelista
2830 4789 3070 4847 testatur,
3110 4790 3232 4850 tunc
3258 4779 3419 4837 fuisse
3440 4779 3653 4847 factam,
3671 4778 3898 4850 quando

2295 4883 2484 4925 eversa
2513 4878 2598 4931 est
2622 4870 2936 4938 Jerusalem,
2970 4871 3095 4942 quid
3141 4873 3218 4927 eis
3249 4872 3653 4942 respondeatur,
3700 4869 3896 4929 videre

2296 4959 2496 5019 debent
2520 4962 2608 5032 qui
2638 4963 2691 5018 in
2741 4963 2845 5019 line
2883 4964 3068 5020 saeculi
3096 4965 3177 5020 vel
3206 4966 3348 5021 circa
3388 4966 3547 5021 linem
3577 4964 3899 5021 existimant

2298 5050 2413 5121 hinc
2439 5052 2647 5121 futura;
2676 5070 2974 5126 quanquam
3010 5056 3123 5125 ipsa
3166 5056 3510 5113 desolationis
3556 5056 3896 5114 abominatio

2298 5154 2518 5216 propter
2542 5146 2917 5205 obscuritatem
2947 5147 3074 5207 dicti
3105 5162 3213 5205 non
3237 5163 3345 5205 uno
3371 5147 3531 5204 modo
3553 5148 3619 5203 ab
3635 5147 3894 5205 omnibus

2298 5237 2531 5308 potuerit
2559 5237 2798 5309 intelligi.
3874 5254 3896 5306 ἢ

2368 5328 2459 5394 32.
2499 5329 2566 5384 Et
2593 5328 2733 5399 quod
2780 5328 2979 5398 dictum
3006 5337 3110 5395 est,
3159 5327 3261 5397 Qui
3296 5338 3368 5386 est
3392 5330 3443 5385 in
3470 5338 3619 5398 tecto,
3649 5346 3753 5386 non
3791 5330 3896 5385 de-

2298 5420 2503 5478 scendat
2528 5420 2701 5478 tollere
2722 5419 2916 5491 aliquid
2941 5420 3004 5481 de
3028 5421 3177 5478 domo
3195 5437 3328 5488 sua;
3351 5432 3400 5477 et
3425 5422 3513 5493 qui
3534 5423 3589 5478 in
3606 5438 3754 5494 agro,
3782 5438 3897 5476 non

2296 5514 2570 5569 ructatur
2603 5510 2779 5569 tollere
2805 5512 3026 5568 tunicam
3064 5528 3253 5582 suam;
3288 5520 3467 5585 potest
3506 5513 3901 5586 congruentius

2300 5602 2519 5675 intelligi
2544 5602 2906 5672 spiritualiter,
2939 5604 3083 5674 quod,
3108 5604 3161 5659 in
3186 5596 3613 5664 tribulationibus
3635 5605 3898 5661 omnibus

2298 5706 2383 5753 est
2404 5695 2715 5765 cavendum,
2738 5713 2805 5754 ne
2824 5697 3049 5768 quisque
3073 5696 3315 5754 devictus
3335 5699 3403 5753 ad
3427 5699 3696 5755 carnalem
3716 5699 3899 5754 vitam

2299 5788 2369 5848 de
2394 5787 2652 5863 spirituali
2673 5788 2997 5850 sublimitate
3020 5789 3328 5858 descendat,
3361 5798 3450 5853 aut
3473 5788 3562 5863 qui
3585 5788 3899 5862 profecerat
