4120 6358
342 372 445 427 917

342 485 398 539 in
428 480 690 537 anteriora
734 494 791 533 se
838 478 1147 542 ostendens,
1178 476 1472 532 deﬁciendo
1514 477 1567 533 in
1615 478 1909 551 posteriora

342 569 608 638 respiciat.
639 570 785 637 Quod
815 570 859 623 si
890 568 1106 622 inomni
1135 566 1489 639 tribulatione,
1520 578 1717 637 quanto
1746 583 1912 637 magis

342 666 396 720 in
425 663 512 718 illa
532 661 824 719 cavendum
848 658 1057 730 prmcipi
1086 658 1287 725 debuit,
1308 674 1426 729 quae
1442 658 1560 713 talis
1583 656 1756 712 futura
1780 674 1909 727 prte-

340 756 477 810 dlcta
504 762 588 808 est
629 753 701 807 illi
728 751 945 817 civitati,
976 750 1147 821 qualis
1187 765 1292 805 non
1318 748 1418 804 fuit
1445 750 1512 803 ab
1540 748 1709 816 initio,
1742 764 1913 820 neque

344 846 464 909 ﬁet;
496 854 551 900 et
577 844 621 899 si
647 846 697 899 in
729 844 845 908 ista,
871 853 1067 913 quanto
1092 843 1259 912 magis
1283 842 1335 897 in
1362 843 1468 907 illa,
1488 858 1606 912 qua:
1624 842 1909 899 novissima

343 936 515 990 futura
543 943 625 989 est
652 934 765 988 orbi
788 943 961 995 terrm,
995 932 1045 987 id
1073 942 1156 988 est
1182 932 1434 987 Ecclesia:
1459 941 1571 986 toto
1596 931 1724 985 orbe
1750 930 1910 985 ditiu-

341 1029 447 1081 s:el
486 1024 616 1082 Nam
640 1034 695 1080 et
723 1028 835 1095 ipse
864 1025 1054 1089 Lucas,
1082 1040 1184 1077 non
1215 1025 1428 1095 quidem
1455 1022 1666 1095 quando
1690 1039 1718 1077 a
1748 1024 1909 1079 disci-

339 1117 476 1186 pulis
502 1117 612 1171 suis
651 1116 720 1171 de
744 1116 969 1172 adventu
995 1129 1091 1169 suo
1122 1115 1375 1169 Dominus
1414 1113 1766 1185 interrogatus
1790 1122 1913 1181 est,

341 1206 427 1261 ubi
458 1207 557 1262 hoc
577 1206 853 1261 Mattha-us
878 1205 1314 1262 commemoravit
1338 1213 1392 1259 et
1420 1204 1640 1267 Marcus,
1683 1204 1776 1260 sed
1804 1203 1911 1258 alio

337 1298 457 1354 loco
502 1298 586 1351 ubi
634 1297 881 1351 Pharisaei
921 1297 1244 1366 qumsierunt
1268 1296 1336 1351 ab
1382 1294 1474 1350 illo
1497 1294 1709 1365 quando
1738 1296 1912 1350 veniet

336 1403 558 1457 regnum
584 1388 697 1454 Dei,
722 1388 823 1442 tale
842 1387 1037 1457 aliquid
1055 1403 1175 1441 eum
1198 1387 1395 1444 dixisse
1411 1388 1643 1441 narravit
1668 1405 1681 1441 :
1706 1385 1773 1440 In
1797 1387 1907 1453 illa,

338 1480 524 1549 inquit,
558 1479 703 1543 hora,
733 1480 819 1548 qui
856 1479 1006 1548 fuerit
1034 1479 1086 1532 in
1112 1486 1258 1544 tecto,
1285 1486 1329 1531 et
1356 1494 1476 1534 vasa
1509 1478 1619 1548 ejus
1647 1477 1698 1530 iu
1723 1477 1905 1543 domo,

336 1588 399 1625 ne
435 1569 702 1624 descendat
728 1569 901 1625 tollere
936 1569 1063 1633 illa;
1090 1577 1138 1622 et
1161 1568 1250 1637 qui
1288 1567 1342 1621 in
1369 1584 1512 1639 agro,
1543 1567 1773 1621 similiter
1810 1584 1911 1622 non

335 1662 501 1717 redeat
530 1671 661 1714 retro
700 1658 847 1728 (Luc.
880 1674 1004 1722 xvtt,
1035 1657 1253 1730 20-31).

405 1751 494 1807 55.
535 1749 638 1805 Sed
678 1765 819 1808 inme
859 1758 1076 1819 propter
1118 1747 1563 1817 computationem
1612 1754 1911 1817 temporum

336 1844 401 1897 de
430 1841 659 1897 Danielis
701 1841 1128 1896 Hebdomadibus
1167 1838 1358 1909 agitur,
1388 1853 1505 1908 quae
1531 1837 1573 1891 si
1603 1838 1743 1891 circa
1769 1846 1906 1891 tem-

336 1949 460 2003 pora
488 1933 642 2003 primi
667 1932 923 1986 adventus
968 1929 1479 1998 Domiuicomplette
1508 1943 1611 1983 non
1639 1938 1781 1994 sunt,
1822 1939 1906 1983 at-

334 2037 437 2092 que
460 2022 513 2075 in
536 2020 638 2076 ﬁne
659 2020 986 2091 complenda:
1009 2030 1149 2085 sunt,
1176 2018 1457 2089 Apostolos
1485 2019 1585 2073 hoc
1611 2019 1902 2088 ignorasse,

334 2112 419 2166 vel
462 2112 626 2167 scisse
652 2109 880 2180 quidem,
914 2110 1008 2165 sed
1043 2110 1236 2165 docere
1279 2108 1571 2178 prohibitos
1600 2108 1763 2168 fuisse
1789 2109 1907 2178 quis

334 2202 555 2258 credat?
600 2201 908 2271 Quanquam
951 2203 994 2255 si
1026 2200 1125 2255 hoc
1168 2200 1237 2254 ita
1281 2208 1381 2265 est,
1431 2199 1627 2260 utiliter
1658 2200 1907 2255 nesciunt

334 2303 518 2364 gentes
545 2295 682 2364 quod
714 2294 964 2349 Dominus
987 2294 1179 2348 docere
1208 2293 1471 2363 prohibuit
1495 2308 1588 2348 eos
1616 2307 1751 2362 quos
1773 2309 1904 2362 gen-

334 2386 465 2441 tium
515 2385 679 2443 voluit
718 2399 841 2441 esse
865 2383 1130 2445 doctores.
1182 2383 1239 2438 Si
1279 2393 1453 2439 autem
1479 2384 1587 2452 jam
1630 2384 1905 2453 completas

333 2483 474 2539 sunt,
520 2474 641 2544 quia
681 2474 789 2543 jam
821 2484 901 2528 est
939 2482 1128 2529 unctus
1162 2473 1391 2530 Sanctus
1429 2482 1730 2530 sanctorum
1753 2514 1767 2539 ,
1796 2474 1905 2543 jam

333 2566 543 2628 occisus
569 2573 649 2621 est
676 2564 937 2631 Christus,
968 2572 1024 2618 ut
1065 2579 1170 2619 non
1203 2572 1345 2619 esset
1385 2565 1611 2619 civitatis
1633 2564 1768 2634 ejus,
1795 2565 1906 2634 jam

334 2657 401 2710 de
426 2656 622 2726 templo
666 2657 761 2712 illo
801 2656 1063 2713 sublatum
1104 2665 1187 2712 est
1227 2657 1563 2724 sacriﬁcium,
1594 2658 1796 2714 sublata
1826 2665 1919 2712 est

331 2749 527 2813 unctio,
560 2746 749 2807 merito
793 2748 1060 2818 Apostolis
1084 2747 1149 2803 de
1174 2748 1279 2805 ﬁne
1304 2748 1659 2819 quzerentibus
1685 2764 1907 2819 respon-

333 2854 451 2895 sum
477 2848 579 2905 est,
610 2838 728 2896 Non
759 2849 829 2895 est
859 2849 1073 2897 vestrum
1092 2840 1219 2901 scire
1242 2849 1484 2911 tempora,
1515 2855 1629 2911 quae
1654 2836 1810 2899 Pater
1852 2842 1905 2894 in

331 2944 425 2982 sua
451 2938 691 3001 potestate
734 2931 941 2997 posuit;
969 2929 1217 2999 quoniam
1250 2939 1483 2999 tempora
1511 2945 1628 2998 quze
1671 2944 1767 2998 per
1802 2931 1905 2989 Da-

333 3019 485 3083 nielis
510 3019 835 3089 prophetiam
856 3019 993 3074 scire
1020 3028 1282 3088 poterant,
1306 3035 1407 3074 non
1425 3019 1497 3074 ad
1512 3018 1671 3076 ﬁnem
1693 3020 1900 3088 saeculi,

333 3110 401 3167 de
428 3127 534 3181 quo
560 3111 898 3182 quresicrant,
930 3112 1283 3181 pertinebant.
1830 3144 1833 3147 λ

403 3204 626 3259 CAPUT
654 3203 720 3259 Χ.
749 3233 821 3244 -
859 3204 946 3259 54.
986 3204 1142 3273 Signa
1192 3219 1316 3259 vero
1350 3203 1433 3259 de.
1464 3202 1600 3258 cmlo
1627 3212 1679 3258 et
1720 3211 1860 3259 terra
1884 3246 1903 3271 ,

333 3293 585 3363 numquid
616 3294 813 3363 majora
843 3310 941 3348 nos
965 3295 1218 3360 vidimus,
1245 3310 1401 3364 quam
1431 3295 1516 3361 qui
1542 3292 1757 3348 fuerunt
1784 3303 1905 3350 ante

334 3383 466 3438 nos?
492 3382 677 3438 Nonne
717 3385 761 3439 si
801 3385 1031 3451 gentium
1078 3385 1281 3453 legatur
1308 3383 1546 3450 historia,
1589 3392 1733 3437 tanta
1773 3384 1906 3441 mira

335 3475 671 3543 reperiuntur
690 3476 926 3530 extitisse
947 3476 1012 3531 de
1033 3476 1167 3530 cudo
1195 3486 1455 3543 terraque,
1480 3483 1541 3530 ut.
1554 3476 1733 3546 aliqua
1747 3478 1904 3531 etiam

336 3580 441 3618 non
463 3566 784 3620 credantur?
815 3566 941 3633 Sed,
974 3576 1032 3621 ut
1060 3568 1491 3631 inultaomittam
1515 3584 1631 3639 quae
1661 3570 1904 3640 persequi

336 3655 545 3719 longtuu
589 3664 689 3721 cst,
734 3656 868 3712 duos
908 3658 1047 3713 soles
1074 3658 1285 3728 quando
1326 3673 1423 3713 nos
1465 3660 1690 3714 vidimus
1709 3660 1743 3714 ?-
1772 3676 1907 3730 quos

336 3747 478 3801 visos
505 3745 703 3807 litteris~
720 3748 1099 3803 mandaverunt
1118 3749 1205 3818 qui
1229 3758 1353 3804 tunc
1371 3748 1600 3816 fuerunt,
1620 3761 1905 3820 antequam

336 3836 590 3891 Dominus
634 3839 867 3895 venisset
891 3839 942 3892 in
970 3853 1149 3894 carne.
1180 3838 1412 3907 Quando.
1440 3856 1538 3895 nos
1566 3841 1789 3895 vidimus
1814 3856 1905 3895 so.

336 3926 440 3981 leni
484 3928 558 3983 sic
583 3929 941 3995 obscuratum,
986 3932 1427 4000 quemadmodum
1466 3933 1778 3987 obscuratus
1801 3943 1901 3999 est,

334 4028 454 4073 cum
484 4018 682 4077 Lumen
713 4020 892 4081 mundi
935 4021 1191 4088 penderet
1223 4022 1273 4075 in
1303 4022 1484 4089 ligno?
1512 4023 1613 4078 nisi
1655 4026 1788 4077 forte
1814 4024 1907 4079 de-

334 4107 503 4164 fectus
527 4111 653 4169 solis
678 4110 915 4173 etimne,
944 4126 1077 4179 quos
1101 4124 1488 4166 consueverunt
1516 4104 1943 4181 computatoresk‘

332 4200 565 4254 siderum
609 4209 865 4255 annotare
915 4209 1072 4269 atque
1126 4201 1449 4269 praedicere,
1490 4201 1629 4256 inter
1669 4204 1905 4258 caelestia

334 4290 574 4359 prodigia
597 4287 1011 4355 numerabimus,
1037 4291 1156 4361 quia
1173 4290 1352 4345 lunam
1380 4292 1574 4359 smpius
1598 4292 1650 4346 in
1677 4307 1773 4349 sua
1794 4293 1907 4362 ple-

330 4381 591 4443 nitudine,
620 4381 787 4437 solem
829 4398 958 4440 vero
998 4383 1187 4444 rarius.
1237 4381 1330 4437 sed
1377 4390 1553 4441 tamen
1597 4383 1822 4439 vidimus
1849 4385 1903 4439 in

334 4474 441 4529 ﬁne
468 4474 604 4528 Iunce
629 4474 917 4530 secundum
940 4490 1121 4530 eorum
1148 4485 1454 4544 computum
1479 4474 1756 4530 defecisse.
1788 4474 1905 4531 Non

332 4573 447 4619 erat
489 4564 610 4619 talis
637 4565 765 4620 solis
809 4566 901 4622 ille
945 4565 1203 4628 defectus,
1246 4565 1458 4635 quando
1501 4566 1781 4620 cruciﬁxus
1824 4576 1908 4623 est

330 4654 596 4721 Christus,
641 4665 695 4711 et
734 4657 851 4711 ideo
880 4672 1004 4712 vere
1030 4656 1283 4711 mirabilis
1311 4667 1426 4711 erat
1454 4665 1509 4711 et
1550 4657 1902 4727 prodigiosus.

331 4743 535 4798 Pascha
551 4745 743 4815 quippe
762 4744 933 4801 fuerat
953 4745 1439 4824 Judzeorumuquod
1460 4747 1667 4801 nonnisi
1690 4748 1905 4804 inlunte

330 4833 657 4904 plenitudine
682 4837 983 4892 celebratur
1014 4854 1028 4892 :
1060 4838 1350 4893 secundum
1380 4839 1771 4909 astrologorum
1802 4855 1901 4895 au-

330 4930 438 4979 tem
477 4942 724 4982 numeros
749 4939 955 4982 certum
995 4937 1076 4982 est
1102 4929 1289 4993 solem,
1338 4929 1547 4997 quando
1591 4931 1716 4993 luna
1745 4930 1903 4999 plena

326 5025 429 5081 est,
458 5031 564 5071 non
607 5032 764 5087 posse
808 5017 1068 5084 deﬁcere,
1096 5018 1189 5072 sed
1218 5018 1428 5088 quando
1470 5019 1591 5075 ﬁnis
1618 5029 1701 5075 est
1726 5021 1901 5087 lunai;

326 5122 435 5162 non
461 5108 670 5176 quidem
693 5123 921 5177 seraper,
945 5108 1039 5162 sed
1063 5108 1219 5163 aliter
1239 5124 1530 5178 nunquam,
1559 5125 1678 5165 cum
1707 5125 1901 5165 secun-

326 5196 450 5251 dum
481 5197 597 5253 illos
642 5212 889 5254 numeros
928 5197 1123 5253 deﬁcit.
1171 5199 1307 5266 Quid
1354 5215 1481 5269 ergo
1526 5200 1627 5256 tale
1670 5217 1901 5271 unquam

325 5288 599 5357 quisquam
643 5289 881 5343 meminit
923 5289 1232 5359 apparuisse
1273 5289 1341 5347 de
1381 5289 1538 5357 ctelo,
1567 5306 1631 5345 ex
1658 5307 1764 5361 quo
1794 5293 1911 5346 Do-.

325 5376 501 5431 minus
527 5378 615 5433 illa
659 5379 922 5448 praedixit,
968 5380 1127 5449 quale
1172 5380 1416 5449 apparuit
1459 5381 1670 5451 quando
1717 5396 1901 5450 passus

324 5468 441 5522 est?
464 5468 639 5536 Quare
658 5471 701 5525 si
726 5471 1053 5540 apparebunt
1078 5472 1237 5526 etiam
1269 5471 1412 5537 talia,
1445 5472 1490 5526 si
1516 5487 1625 5526 non
1648 5474 1898 5543 spiritua-

326 5557 449 5612 liter
463 5560 635 5629 potius
651 5561 988 5631 intelligenda
1007 5570 1150 5628 sunt,
1174 5571 1298 5616 tunc
1319 5563 1668 5632 apparebunt,
1690 5564 1901 5634 quando

326 5648 449 5703 ﬁnis
467 5650 543 5705 sic
578 5652 1017 5723 appropinquabit
1042 5661 1102 5708 ut
1126 5653 1354 5708 debeant
1387 5668 1665 5723 apparere.

394 5740 485 5797 35.
516 5740 678 5800 Bellis
721 5751 896 5803 autem
925 5759 1023 5814 per
1046 5743 1255 5800 diversa
1282 5742 1557 5800 intervalla
1600 5751 1909 5815 temporum

1538 364 2007 423 ειιιδτυωηωι
2049 363 2329 424 CLASSIS
2365 364 2451 420 111.

3489 374 3592 431 918

2021 488 2071 534 ct
2106 479 2340 533 locorum
2383 479 2593 547 quando
2622 497 2724 535 non
2756 490 2892 536 terra
2943 483 3166 538 contrita
3196 486 3329 540 est?‘
3353 484 3504 551 Nam,
3537 498 3592 545 ut

2019 569 2175 623 nimis
2211 570 2423 633 antiqua
2454 580 2784 641 praeteream,
2817 572 2915 627 sub
2956 573 3273 643 imperatore
3315 577 3588 647 Gallieno,

2019 672 2139 712 cum
2170 659 2434 713 Romanas
2462 662 2757 730 provincias
2779 665 3045 720 barbaries
3075 682 3447 738 usquequaque
3471 684 3596 739 pcr-

2018 749 2252 814 vaderet,
2296 766 2451 820 quam
2479 754 2673 808 multos
2700 754 2890 811 fratres
2930 767 3139 812 nostros
3165 760 3252 829 qui
3292 768 3415 814 tunc
3438 768 3594 817 erant

2018 838 2071 894 in
2094 854 2273 906 carne,
2295 851 2539 909 putamus
2556 844 2902 915 propinquum
2924 846 3080 903 ﬁnem
3098 849 3315 905 credere
3335 851 3588 919 potuisse,

2016 933 2262 1001 quoniam
2290 933 2443 1003 longe
2484 947 2597 1003 post
2623 938 2981 1017 ascensionem
3012 940 3216 995 Domini
3245 940 3438 1001 factum
3465 942 3587 998 est!

2016 1035 2079 1075 ac
2104 1036 2199 1091 per
2226 1023 2325 1077 hoc
2366 1024 2524 1078 etiam
2567 1024 2662 1077 ista
2691 1027 2863 1095 qualia
2906 1027 3075 1082 futura
3114 1028 3235 1093 sint,
3272 1045 3391 1085 cum
3431 1029 3591 1086 fuerit

2016 1114 2234 1169 omnino
2262 1116 2378 1169 ﬁnis
2402 1117 2695 1187 proximus,
2722 1120 3049 1188 ignoramus;
3077 1120 3120 1175 sl
3150 1131 3322 1177 tamen
3346 1121 3458 1177 hzec
3478 1138 3585 1179 non

2017 1206 2087 1261 ita
2120 1208 2369 1276 prrcdicta
2400 1218 2541 1274 sunt,
2574 1221 2629 1264 ut
2660 1211 2709 1265 in
2751 1212 2984 1267 Ecclesia
3029 1215 3200 1282 potius
3244 1215 3459 1285 intelligi
3493 1216 3589 1271 de-

2015 1297 2189 1353 beant.
2241 1299 2365 1352 Dna:
2391 1301 2584 1369 quippe
2610 1310 2793 1370 gentes
2819 1313 2960 1367 sunt,
2988 1313 3041 1358 et
3066 1305 3169 1359 duo
3200 1321 3356 1373 regna
3380 1321 3396 1371 ;
3425 1322 3585 1361 unum

2014 1389 2214 1443 scilicet
2239 1388 2454 1455 Christi,
2485 1392 2706 1446 alterum
2734 1393 2946 1461 diaboli,
2970 1394 3037 1450 de
3065 1397 3253 1465 quibus
3273 1396 3373 1454 dici
3395 1399 3585 1470 potuit,

2014 1478 2262 1549 Επαινφί
2286 1497 2405 1549 gens
2434 1498 2582 1551 super
2614 1493 2827 1551 gentem,
2854 1493 2902 1538 et
2927 1502 3135 1555 regnum
3162 1504 3315 1557 super
3335 1505 3545 1560 regnum
3567 1506 3587 1545 :

2011 1570 2151 1640 quod
2184 1586 2285 1623 non
2312 1571 2503 1625 desinit
2531 1570 2666 1640 ﬁeri,
2710 1590 2772 1628 cx
2812 1590 2919 1644 quo
2942 1575 3138 1631 dictum
3169 1585 3270 1643 est,
3307 1576 3451 1649 Agite
3479 1596 3586 1648 pce-

2013 1663 2299 1726 nitentiam;
2320 1665 2735 1735 apprOpinquavit
2751 1668 2883 1723 enim.
2897 1684 3101 1739 regnum
3118 1670 3353 1723 caelorum
3374 1671 3580 1742 (Matth.

2014 1770 2089 1818 ιιι,
2118 1755 2196 1824 2).
2225 1755 2374 1822 Quod
2404 1756 2520 1811 vide
2560 1757 2769 1827 quando
2795 1758 2991 1813 dictum
3021 1767 3120 1825 est,
3148 1770 3202 1815 ct
3241 1776 3307 1815 ex
3333 1761 3420 1814 illo
3456 1772 3587 1831 quot

2011 1846 2133 1899 anui
2166 1847 2517 1914 transierunt;
2548 1858 2601 1904 et
2625 1858 2798 1905 tamen
2827 1851 3101 1906 verissime
3130 1851 3327 1906 dictum
3347 1860 3444 1908 est.
3478 1853 3585 1907 No-

2011 1937 2240 1992 vissimis
2281 1939 2420 1992 enim
2465 1940 2651 1995 diebus
2692 1942 2949 1998 Dominus
2977 1958 3072 2013 per
3112 1944 3369 2014 virginem
3397 1945 3581 2000 venit:

2010 2043 2110 2085 nec
2135 2029 2399 2085 diceretur
2442 2032 2541 2085 ista
2567 2031 2695 2086 hora
2724 2033 3028 2099 novissima,
3074 2035 3176 2090 nisi
3202 2051 3369 2106 regno
3391 2052 3585 2106 appro-

2010 2118 2297 2188 pinquante
2318 2122 2593 2187 ccelorUm,
2623 2136 2718 2192 per
2736 2139 2892 2193 quam
2914 2131 3074 2178 totam
3100 2124 3285 2179 horam
3314 2124 3445 2180 ﬁunt
3462 2140 3583 2195 quae

2010 2209 2262 2264 Dominus
2311 2211 2692 2281 prepinquante
2732 2226 2829 2267 suo
2878 2228 3040 2284 regno
3083 2212 3257 2269 futura
3297 2214 3585 2285 prtedixit:

2009 2300 2103 2354 sed
2135 2300 2249 2355 lucc
2275 2301 2402 2356 hora
2430 2311 2623 2371 quanto
2649 2303 2819 2372 spatio
2845 2304 3209 2373 protendatur,
3240 2305 3285 2360 si
3315 2306 3583 2375 Apostolis

2008 2390 2205 2459 dictum
2232 2401 2330 2455 est,
2365 2392 2482 2446 Non
2508 2403 2578 2448 est
2611 2404 2824 2447 vestrum
2846 2396 3012 2459 scire;
3035 2405 3231 2465 quanto
3256 2396 3425 2465 magis
3460 2380 3584 2469 qui-

2010 2479 2137 2535 libet
2160 2481 2337 2547 homo,
2362 2482 2530 2551 qualis
2550 2498 2647 2552 ego
2667 2498 2782 2537 sum
2799 2526 2814 2549 ,
2836 2484 3221 2539 modumsuum
3242 2485 3401 2540 debet
3415 2501 3583 2556 agno-

2008 2585 2178 2637 scere,
2193 2587 2260 2626 ne
2278 2572 2394 2641 plus
2410 2574 2579 2642 sapiat
2597 2589 2753 2644 quam
2774 2583 3181 2644 eportctsapere
3199 2576 3371 2648 (Rom.
3387 2592 3481 2642 xu,
3497 2576 3578 2641 ὅ).

2077 2664 2302 2722 CAPUT
2340 2666 2633 2722 X|.—36.
2673 2667 2778 2721 Sed
2817 2667 3041 2737 conﬁteri
3068 2686 3174 2733 nos,
3205 2669 3400 2739 inquis,
3437 2686 3585 2739 poma

2008 2764 2179 2808 nostra
2202 2755 2453 2824 compellit
2474 2755 2649 2810 adesse
2669 2757 2781 2827 jam
2817 2760 2986 2827 ﬁnem,
3032 2758 3149 2811 dum
3176 2759 3413 2830 impletur
3449 2763 3583 2829 quod

2008 2846 2398 2915 promuntiatum
2419 2855 2491 2900 est
2512 2862 2531 2900 :
2551 2864 2569 2897 ι
2606 2846 2946 2901 Arescentibns
2968 2848 3247 2903 hominibus
3274 2865 3378 2917 pra:
3405 2851 3581 2923 timore

2008 2944 2055 2989 et
2068 2938 2430 3004 exspectatione
2444 2953 2555 3007 quia
2564 2940 2903 3008 supervenient
2920 2941 3005 2992 uni
3010 2956 3145 2994 verso
3162 2940 3269 2995 orbi
3289 2960 3306 2993 ι
3319 2982 3332 2994 .
3344 2940 3575 3007 Nullam,

2008 3028 2200 3097 inquis.
2232 3029 2461 3097 patriam,
2495 3029 2688 3082 nullum
2727 3030 2892 3083 locum
2920 3032 3100 3084 nostris
3144 3033 3445 3103 temporibus
3483 3050 3583 3087 non

2009 3117 2173 3187 afﬂigi
2214 3126 2299 3170 aut
2325 3118 2555 3172 tribulnri
2578 3127 2765 3173 certum
2779 3130 2888 3184 est;
2916 3121 3043 3174 sicut
3065 3121 3255 3174 dictum
3284 3131 3379 3187 est,
3409 3140 3427 3172 ι
3464 3121 3581 3177 Pra:

2010 3208 2204 3273 timore,
2222 3217 2267 3261 et
2290 3209 2655 3278 exspectatione
2668 3225 2778 3279 qua:
2791 3211 3132 3279 supervenient
3145 3210 3369 3265 universo
3391 3210 3517 3264 orbi.
3550 3230 3569 3264 ι

2008 3297 2062 3354 Si
2088 3315 2213 3368 ergo
2242 3299 2338 3353 ista
2368 3300 2503 3353 mala
2528 3316 2646 3369 qua:
2676 3315 2817 3355 nunc
2843 3302 3039 3370 patitur
3060 3316 3228 3371 genus
3255 3300 3541 3355 humanum
3560 3341 3576 3364 ,

2009 3400 2150 3445 certa
2177 3399 2293 3444 sunt
2322 3389 2510 3445 indicia
2531 3391 2641 3460 jam
2671 3390 2949 3445 Dominum
2979 3406 3096 3445 esse
3121 3399 3418 3454 venturum,
3449 3389 3576 3459 quid

2008 3492 2090 3536 est
2111 3482 2249 3551 quod
2278 3484 2352 3537 ait
2378 3484 2686 3552 Apostolus,
2714 3482 2839 3538 Cum
2868 3484 3102 3549 dixerim,
3136 3483 3249 3538 Pax
3271 3494 3316 3538 et
3340 3484 3582 3538 securitas

2011 3572 2065 3642 (Ι
2113 3572 2285 3627 Thess.
2328 3588 2382 3638 ν,
2421 3572 2524 3644 5)?
2566 3573 2699 3628 Cum
2743 3575 2883 3629 enim
2929 3573 3148 3629 dixisset
3195 3573 3579 3644 Evangelium,

2008 3666 2340 3719 arescentibus
2395 3665 2675 3720 hominibus
2719 3681 2825 3736 pm:
2867 3666 3040 3720 timore
3083 3674 3129 3718 et
3169 3664 3580 3733 exspectatione;

2008 3755 2258 3810 continuo
2275 3755 2563 3824 suhjunxit,
2593 3754 2729 3808 Nam
2748 3755 2949 3808 virtutes
2969 3754 3204 3807 caelorum
3229 3752 3582 3808 movebuntur:

2008 3853 2058 3898 et
2083 3855 2198 3898 tunc
2226 3846 2456 3899 videbunt
2494 3844 2685 3899 Filium
2713 3844 2924 3899 hominis
2951 3845 3219 3901 venientem
3248 3842 3300 3896 in
3317 3842 3444 3897 nube
3465 3857 3579 3896 cum

2012 3944 2251 4005 potestate
2284 3951 2466 4005 magna
2494 3943 2538 3988 et
2566 3936 2851 4006 majestate.

2081 4026 2169 4079 '57.
2211 4024 2495 4079 Videamus
2540 4030 2715 4092 Itaque
2759 4040 2826 4079 nc
2870 4023 3005 4079 forte
3046 4023 3233 4079 melius
3263 4020 3581 4091 intelligatur

2009 4129 2117 4168 non
2145 4129 2205 4167 ea
2235 4114 2394 4168 modo
2419 4113 2622 4182 impleri
2659 4129 2777 4182 quae
2805 4112 3051 4182 praedicta
3080 4119 3203 4165 sunt
3231 4110 3334 4167 illis
3362 4109 3536 4165 verbis
3556 4148 3576 4178 ,

2010 4204 2103 4260 sed
2132 4214 2251 4259 tunc
2281 4206 2454 4274 potius
2479 4219 2596 4260 esse
2625 4214 2864 4267 ventura,
2892 4203 3103 4273 quando
3133 4203 3209 4257 sic
3236 4202 3336 4256 erit
3361 4201 3582 4256 tribula-

2010 4297 2083 4350 tio
2128 4296 2374 4351 universo
2414 4296 2567 4361 orbi;
2617 4305 2675 4351 ut
2715 4295 2782 4349 ad
2827 4295 3117 4350 Ecclesium
3160 4294 3422 4365 pertineat
3462 4308 3581 4363 quas

2010 4386 2256 4439 universo
2276 4386 2405 4440 orbe
2431 4385 2785 4448 tribulabitur,
2810 4399 2912 4439 non
2929 4384 2996 4438 ad
3018 4399 3113 4439 eos
3136 4383 3224 4453 qui
3251 4380 3578 4437 tribulabunt

2010 4489 2147 4531 eam.
2198 4474 2299 4543 Ipsi
2325 4475 2466 4529 enim
2494 4475 2683 4529 dicturi
2709 4482 2852 4539 sunt,
2885 4473 2997 4529 Pax
3022 4483 3066 4528 et
3092 4474 3373 4537 securitas;
3411 4480 3469 4527 ut
3494 4487 3583 4527 re-

2010 4564 2253 4633 pentinus
2282 4563 2384 4618 illis
2425 4565 2762 4633 superveniat
2803 4564 3066 4627 interitus,
3098 4572 3151 4619 ct
3192 4577 3285 4618 eos
3322 4562 3579 4617 adventus

2009 4654 2217 4708 Domini
2261 4654 2396 4708 sicut
2440 4654 2522 4708 fur
2559 4655 2610 4709 in
2640 4664 2795 4710 nocte
2834 4653 3284 4725 comprehendat;
3313 4652 3522 4723 quando
3546 4667 3579 4708 θ

2008 4745 2275 4800 contrario
2305 4745 2629 4814 gaudebunt,
2659 4754 2712 4800 et
2734 4746 3072 4800 exsultabunt
3098 4744 3190 4814 qui
3212 4744 3435 4814 diligunt
3459 4759 3578 4798 ma-

2008 4834 2397 4890 nifestationem
2439 4835 2665 4889 Domini.
2711 4835 2861 4890 Nunc
2906 4845 3079 4891 autem
3119 4835 3218 4890 ista
3259 4835 3418 4900 mala,
3458 4850 3577 4904 qua:

2009 4932 2257 4994 tanquam
2279 4940 2484 4982 summa
2509 4934 2562 4980 et
2598 4932 2834 4981 extrema
2862 4926 3165 4991 creduntur,
3199 4925 3406 4995 utrique
3430 4925 3577 4995 genti

2007 5023 2060 5069 et
2085 5017 2292 5085 utrique
2316 5031 2499 5085 regno,
2538 5026 2593 5072 et
2630 5016 2822 5072 Christi
2852 5017 3072 5080 scilicet,
3102 5025 3154 5071 et
3177 5015 3393 5079 diaboli,
3424 5014 3577 5072 vide-

2008 5120 2127 5161 mus
2157 5120 2273 5160 essc
2304 5107 2601 5162 communia
2631 5125 2644 5160 :
2670 5109 2864 5177 pariter
2885 5108 3078 5178 quippe
3103 5106 3186 5161 bis
3214 5115 3266 5161 et
3292 5106 3416 5161 boni
3443 5104 3582 5162 afﬂi-

2006 5206 2199 5265 guntur
2238 5207 2291 5252 et
2328 5196 2487 5263 mali;
2532 5202 2641 5253 nec‘
2657 5209 2738 5254 est
2766 5199 2853 5270 qui
2895 5199 3054 5265 dicat,
3086 5197 3203 5254 Pax
3227 5207 3273 5252 et
3296 5198 3536 5254 securitas
3557 5238 3575 5266 ,

2006 5289 2323 5359 ubicumque
2338 5291 3032 5360 contingunt,vclmetuitur
3052 5306 3119 5346 ne
3139 5292 3467 5362 contingant.
3483 5289 3576 5345 ln-

2007 5391 2087 5438 ter
2099 5396 2217 5452 qua:
2234 5389 2407 5435 tamen
2424 5381 2561 5436 mala
2577 5382 2748 5437 adhuc
2776 5396 3149 5453 usquequaque
3179 5382 3580 5451 frequentantur

2008 5471 2275 5527 luxuriosa
2304 5471 2564 5536 convivia,
2607 5471 2773 5527 fervet
2796 5473 3097 5540 ebriositas,
3125 5471 3342 5525 avaritia
3369 5485 3578 5541 grassa-

2010 5572 2114 5629 tur,
2133 5568 2483 5632 perstrepunt
2506 5560 2686 5617 lascivi
2722 5571 2927 5629 cantus,
2954 5575 3170 5631 organa,
3212 5559 3376 5625 tibiae,
3406 5559 3535 5630 lyrae
3557 5599 3575 5627 ,

2006 5652 2254 5717 citharae,
2300 5659 2540 5719 tesserre,
2598 5653 2760 5706 multa
2808 5660 2864 5708 et
2904 5651 3046 5705 varia
3086 5664 3280 5722 genera
3323 5663 3577 5704 sonorum
3632 5666 3655 5699 κ

2005 5754 2166 5816 atque
2189 5743 2434 5801 ludorum
2460 5761 2475 5801 :
2504 5744 2727 5803 hoccine
2752 5751 2835 5802 est
2861 5757 3101 5801 arescere
3132 5756 3242 5813 pra:
3268 5741 3479 5807 timore,
3508 5753 3576 5795 an
3604 5800 3607 5803 δ
