4120 6358
526 338 634 399 919

525 452 702 525 potius
744 453 1050 512 madescere
1078 471 1188 526 pro:
1214 453 1484 511 libidine?
1526 451 1630 510 Sed
1672 452 1786 506 iure
1823 451 1916 506 lilii
1945 461 2093 507 tene-

522 545 736 612 brarum
781 547 1133 604 abundantius
1175 547 1467 616 habebunt,
1507 555 1562 604 et
1587 545 1932 614 exercebunt,
1973 561 2096 602 cum

522 635 776 706 dixerint,
807 638 926 695 Pax
948 649 996 694 et
1021 641 1279 696 securitas.
1861 681 1867 688 η

591 727 680 789 38.
719 729 856 797 Quid
887 731 982 801 ipsi
1009 731 1100 784 ﬁlii
1125 731 1259 786 lueis
1283 739 1337 787 et
1361 730 1452 786 ﬁlii
1481 731 1606 799 diei,
1635 732 1722 804 qui
1750 745 1856 786 non
1896 739 2021 785 sunt
2040 729 2094 786 in

518 817 778 884 tenebris,
805 830 863 874 ut
886 835 978 876 eos
1006 831 1254 893 tanquam
1281 821 1368 880 fur
1393 823 1508 878 dies
1527 823 1617 878 ille
1641 821 2098 894 comprehendat?

517 925 698 968 nonne
729 913 904 971 adhuc
927 921 1146 969 utuntur
1169 915 1274 990 hoc
1300 915 1498 970 mundo
1534 924 1783 990 tanquam
1812 930 1916 970 non
1942 924 2098 970 uten-

516 1003 634 1058 tes?
661 1003 792 1070 Quia
828 1005 928 1059 etsi
957 1015 1080 1060 ante
1118 986 1312 1061 multos
1334 1021 1520 1070 annos,
1560 986 1930 1077 Apostolorum
1959 1015 2094 1061 tem-

514 1097 732 1166 poribus
767 1097 967 1153 dictum
993 1109 1094 1165 est,
1139 1099 1223 1169 pia
1266 1108 1439 1154 tamen
1469 1099 1823 1161 sollicitudine
1863 1099 2095 1168 cogitant

513 1189 654 1260 quod
690 1190 889 1245 dictum
917 1203 1018 1259 est,
1064 1192 1286 1262 Tempus
1314 1193 1456 1247 breue
1497 1201 1570 1246 est
1611 1191 1666 1263 (l
1695 1191 1811 1246 Cor.
1842 1207 1936 1254 vn,
1963 1190 2090 1261 29).

512 1280 699 1336 Nonne
724 1297 753 1336 a
775 1284 1005 1337 maxima
1040 1294 1187 1353 parte
1207 1299 1394 1338 eorum
1416 1284 1729 1346 novellatur,
1761 1282 2052 1336 :cdiﬁcatur
2073 1323 2089 1348 ,

513 1372 726 1440 emitur,
773 1373 1092 1442 possidetur,
1121 1385 1374 1445 geruntur
1399 1374 1573 1430 adhuc
1600 1375 1850 1439 honores,
1890 1374 2093 1428 ducun~

510 1470 600 1519 tur
625 1465 851 1519 uxores?
880 1465 956 1521 De
980 1466 1044 1520 iis
1066 1466 1277 1536 loquor,
1309 1467 1397 1536 qui
1422 1472 1791 1536 exspectantes
1815 1466 2090 1520 Dominum

511 1571 686 1621 suum,
713 1556 926 1627 quando
955 1559 1130 1614 veniat
1153 1574 1184 1612 a
1210 1558 1406 1629 nuptiis
1433 1557 1583 1629 (Luc.
1628 1572 1722 1624 xu,
1753 1557 1867 1629 56),
1899 1573 2004 1611 non
2031 1573 2092 1614 se

510 1655 686 1702 tamen
713 1649 982 1704 abstinent
1019 1665 1048 1703 a
1076 1650 1374 1704 carnalibus
1400 1649 1616 1720 nuptiis,
1646 1649 1740 1707 sed
1766 1647 2102 1704 obedientis-’

508 1739 642 1793 sima
657 1739 916 1796 charitate
930 1741 1152 1797 audiunt
1170 1742 1481 1813 Apostolum
1502 1744 1894 1812 praecipientem
1914 1757 2100 1813 qnemo’

509 1828 794 1885 admodum
822 1832 1001 1888 vivere
1029 1832 1258 1887 debeant
1281 1847 1476 1887 uxores
1512 1847 1636 1887 cum
1665 1833 1810 1897 viris,
1842 1833 1939 1886 viri
1968 1847 2089 1887 cum

511 1922 783 1987 uxoribus,
829 1923 920 1977 lilii
964 1938 1085 2004 cum
1116 1923 1446 1994 parentibus,
1485 1933 1735 1995 parentes
1774 1939 1894 1978 cum
1927 1922 2046 1978 ﬁliis
2070 1937 2102 1987 ,'

507 2014 650 2068 servi
691 2029 812 2068 cum
859 2015 1109 2082 dominis,
1155 2015 1356 2070 domini
1404 2031 1524 2070 cum
1569 2016 1782 2070 servis:
1815 2031 1989 2070 nonne
2032 2015 2088 2070 hi

507 2118 696 2158 omnes
724 2104 777 2158 in
822 2105 904 2160 his
931 2105 1178 2160 omnibus
1224 2115 1444 2159 utuntur
1486 2105 1588 2160 hoc
1618 2104 1853 2160 mundo?
1881 2108 2046 2160 Arant
2068 2147 2085 2174 ,

504 2193 775 2263 navigant,
791 2204 1118 2265 comparant,
1132 2205 1406 2266 generant,
1426 2196 1671 2263 militant,
1690 2196 2084 2251 administrant.

505 2284 641 2339 Puto
665 2286 807 2355 quod
833 2296 1121 2342 non’erunt
1140 2287 1238 2353 sic,
1267 2287 1480 2357 quando
1503 2297 1670 2352 erunt,
1697 2303 1815 2358 quae
1846 2288 1898 2341 in
1921 2287 2089 2341 Evan-

505 2373 644 2445 gelio
672 2374 925 2444 prtedicta
961 2387 1103 2444 sunt,
1142 2378 1288 2446 signa
1326 2377 1380 2431 in
1407 2377 1531 2444 sole,
1559 2387 1606 2431 et
1643 2377 1787 2443 luna,
1814 2385 1866 2431 et
1887 2375 2044 2431 stellis
2067 2418 2091 2442 ι

505 2475 553 2527 et
589 2467 642 2519 in
683 2467 827 2522 terris
864 2485 1096 2540 pressura
1123 2469 1364 2539 gentium,
1409 2483 1517 2539 prae
1560 2469 1854 2539 confusione
1895 2469 2101 2524 sonitus

504 2557 662 2611 maris
689 2565 737 2611 et
770 2559 1016 2628 ﬂuctuum
1030 2575 1052 2625 ;
1077 2559 1411 2613 arescentibus
1435 2558 1716 2612 hominibus
1741 2575 1846 2630 prie
1871 2561 2048 2614 timore
2069 2601 2084 2627 ,

503 2657 550 2703 et
587 2649 956 2718 exspectatione
982 2666 1096 2720 quae
1117 2651 1464 2720 superventh
1502 2651 1729 2706 uniuerso
1754 2650 1860 2704 orbi
1899 2662 1924 2708 :
1963 2667 2083 2705 nam

503 2741 708 2794 virtutes
727 2741 966 2796 caelorum
994 2745 1340 2797 movebuntur.
1579 2741 1581 2743 ’

574 2831 664 2885 59.
705 2831 832 2886 Haec
853 2833 1049 2904 quippe
1079 2834 1130 2888 in
1160 2834 1397 2888 Ecclesia
1438 2834 1630 2889 melius
1656 2834 1903 2890 existimo
1928 2835 2088 2891 intel-

503 2921 620 2992 ligi,
665 2937 734 2978 ne
762 2923 1020 2980 Dominus
1045 2924 1200 2980 Iesus
1237 2926 1693 2996 appr0pinquante
1721 2926 1955 2982 secundo
1993 2927 2090 2982 ad-

501 3025 661 3070 ventu
681 3029 780 3070 suo
795 3031 859 3073 ea
879 3030 974 3086 pro
1002 3032 1196 3087 magno
1220 3017 1526 3087 praedixisse
1545 3017 1801 3085 videatur,
1827 3034 1943 3089 quae
1965 3018 2088 3074 huic

501 3109 703 3164 mundo
727 3118 781 3165 et
808 3120 932 3166 ante
958 3111 1184 3180 primum
1225 3111 1340 3181 ejus
1387 3111 1674 3167 adventum
1701 3121 2088 3167 consueverant

503 3201 736 3264 evenire,
763 3210 818 3256 et
841 3200 1156 3258 irrideamur
1182 3203 1250 3258 ab
1283 3203 1360 3259 eis
1387 3200 1479 3274 qui
1506 3202 1641 3268 haec,
1678 3218 1796 3273 qua:
1821 3203 1965 3257 velut
1987 3219 2086 3258 no-

502 3291 724 3347 vissima
769 3300 824 3347 et
863 3293 1099 3348 omnium
1147 3293 1376 3348 maxima
1423 3291 1804 3360 horrescimus,
1855 3295 2004 3364 plura
2033 3295 2085 3348 in

501 3383 722 3438 historia
753 3385 1011 3455 gentium,
1039 3391 1093 3440 et
1121 3383 1289 3439 multo
1325 3384 1526 3453 majora
1556 3384 1816 3453 legerunt.
1848 3384 2086 3439 Ecclesia

501 3486 584 3530 εει
612 3476 752 3530 enim
782 3477 942 3531 solet
983 3466 1105 3532 luna
1149 3468 1203 3530 et
1221 3477 1414 3538 stellae.
1456 3476 1543 3531 cui
1571 3476 1766 3530 dictum
1792 3484 1875 3530 est
1905 3493 1918 3531 :
1950 3475 2086 3546 Spe-

502 3565 640 3620 ciosa
663 3566 791 3620 sicut
829 3567 970 3634 (una,
1012 3567 1167 3620 electa
1193 3567 1323 3620 sicut
1351 3564 1434 3622 'sol—
1455 3565 1624 3639 (Cant.
1655 3582 1726 3631 vi,
1756 3567 1835 3637 9).
1877 3566 1958 3620 Ab
1986 3566 2088 3622 hac

503 3655 754 3710 adoratur
778 3656 975 3724 Ioseph
1010 3666 1191 3711 noster
1216 3657 1266 3710 in
1299 3655 1400 3710 hoc
1427 3654 1645 3721 mundo,
1667 3657 1811 3710 velut
1841 3656 1895 3710 in
1923 3657 2086 3728 Aﬂgy-

502 3753 626 3816 pto,
676 3761 742 3802 ex
786 3745 1084 3816 humillimo
1132 3746 1446 3810 sublimatus
1475 3761 1490 3800 :
1524 3739 1646 3800 nam
1672 3747 1841 3800 illum
1885 3744 2084 3815 Ioseph

503 3845 675 3891 mater
701 3843 845 3892 certe
874 3835 1098 3892 adorare
1137 3852 1242 3890 non
1287 3836 1478 3905 potuit,
1525 3838 1661 3906 quae"
1685 3843 1809 3891 ante
1837 3834 2084 3890 defuncta

503 3935 588 3982 est
634 3925 782 3998 (Gen.
817 3942 977 4002 xxxv,
1026 3927 1113 3996 l9)
1143 3943 1302 3997 quam
1347 3927 1510 3982 Iacob
1551 3927 1785 3982 venisset
1809 3926 1876 3981 ad
1917 3927 2082 3982 ﬁlium

503 4016 618 4087 (Id.
647 4016 907 4090 xnvx),'ut
946 4018 1085 4073 illius
1113 4019 1303 4074 somnii
1327 4019 1618 4089 prophetici
1648 4019 1756 4092 (Id.
1787 4013 1991 4086 XXXVII,
2020 4019 2079 4093 '9)

501 4108 700 4164 veritas
712 4108 1047 4179 adimplenda
1058 4107 1271 4163 Christo
1285 4109 1506 4163 Domino
1519 4119 1840 4164 servaretur.
1860 4110 2087 4178 Quando

500 4202 642 4256 enim
670 4201 747 4256 sol
767 4201 1154 4268 obscurabitur,
1183 4210 1236 4256 et
1259 4202 1382 4256 luna
1399 4217 1503 4257 non
1529 4201 1677 4258 dabit
1699 4203 1875 4257 lumen
1897 4217 2076 4270 suum,

500 4298 556 4346 et
583 4293 748 4348 stellae
775 4291 968 4348 cadent
995 4291 1061 4348 de
1098 4293 1254 4358 coelo,
1280 4302 1334 4349 et
1361 4294 1581 4347 virtutes
1609 4294 1863 4349 caelorum
1891 4297 2092 4361 move-'

498 4385 715 4450 buntur,
758 4386 893 4458 sicut
936 4384 1007 4446 ab.
1047 4386 1162 4440 aliis
1204 4384 1412 4440 duobus
1441 4384 1788 4454 Evangelistis
1821 4385 1907 4440 hic
1934 4385 2080 4442 locus

501 4486 948 4530 commemoratus
976 4483 1076 4542 est,
1120 4469 1356 4531 Ecclesia
1402 4489 1507 4529 non
1549 4475 1859 4543 apparebit;
1905 4475 2080 4544 impiis

500 4575 628 4622 tunc
655 4567 1081 4637 persecutoribus
1109 4569 1242 4622 ultra
1277 4567 1492 4622 modum
1520 4567 1878 4634 saevientibus,
1913 4577 1966 4626 ct
1995 4584 2084 4624 re-

497 4665 647 4712 moto
677 4657 886 4727 timore,
917 4667 1168 4732 tanquam
1208 4657 1476 4712 arridente
1515 4657 1966 4714 mundi'l'elicitate
1992 4659 2077 4714 di-

498 4747 762 4818 centibus,
808 4747 925 4803 Pan:
967 4757 1013 4801 et
1058 4749 1299 4802 securitas
1335 4763 1355 4803 :
1387 4756 1512 4803 tunc
1560 4750 1728 4804 stellae
1773 4751 1962 4805 cadent
2009 4753 2092 4808 de

499 4838 671 4906 nmio,
725 4845 780 4904 et
820 4839 1044 4894 virtutes
1091 4837 1345 4894 ctelorum
1394 4839 1777 4905 movebuntur;
1826 4842 2074 4912 quoniam

497 4930 673 4995 multi,
705 4930 794 5001 qui
820 4931 987 5002 gratia
1029 4929 1232 5002 fulgere
1258 4930 1590 4996 videbantur,
1637 4934 2077 5002 persequentibus

497 5019 698 5093 cedent.
728 5028 782 5084 et
805 5021 1014 5086 cadent,
1049 5029 1104 5076 et
1131 5020 1342 5092 quidem
1382 5022 1566 5077 ﬁdeles
1593 5024 1862 5079 fortissimi
1892 5026 2076 5079 turba-

495 5111 715 5173 buntur.
747 5112 868 5168 ideo
907 5121 1082 5185 autem
1108 5114 1398 5169 secundum
1427 5114 1732 5171 Mattlueum
1759 5125 1812 5170 et
1841 5117 2071 5172 Marcum

494 5213 618 5273 post
658 5204 1049 5261 tribulationem
1079 5205 1286 5277 dierum
1325 5206 1533 5280 illorum
1562 5206 1754 5262 dicitur
1791 5207 1891 5261 hoc
1936 5206 2076 5281 futu-

493 5309 634 5363 rum,
674 5309 780 5350 non
811 5295 930 5364 quia
957 5303 1219 5352 transacta
1253 5305 1360 5352 tota
1409 5297 1496 5367 illa
1529 5298 1895 5366 persecutione
1928 5300 2073 5354 acci-

492 5384 621 5440 dent
646 5385 782 5451 ista;
811 5385 906 5442 sed
930 5387 1053 5457 quia
1093 5387 1358 5457 praecedet
1401 5388 1686 5453 tribulatio.
1737 5399 1796 5445 ut
1823 5399 2074 5460 sequatur

493 5477 844 5547 quorumdam
885 5477 1112 5534 defeetio
1139 5496 1152 5532 :
1174 5487 1229 5534 et
1251 5481 1370 5549 quia
1397 5495 1494 5550 per
1517 5494 1705 5550 omnes
1730 5481 1844 5536 dies
1865 5482 1983 5537 illos
2001 5483 2071 5536 ita

493 5568 602 5635 ﬁet,
635 5578 912 5640 propterea
933 5579 1056 5641 post
1073 5571 1464 5628 tribulationem
1488 5570 1690 5628 dierum
1712 5572 1945 5643 illorum,
1974 5573 2069 5630 sed

494 5673 672 5715 tamen
699 5659 982 5717 inzeisdem
1012 5661 1200 5718 diebus
1229 5661 1338 5718 ﬁet.

563 5749 653 5820 ﬁt).
681 5749 833 5830 Quod
862 5767 988 5828 ergo
1017 5753 1214 5817 dictum
1242 5763 1325 5811 est
1353 5753 1639 5816 secundum
1665 5753 1891 5826 Lucam,
1924 5755 1988 5812 Et
2014 5757 2069 5812 in

1748 339 1808 394 S.
1848 333 2210 393 AUGUSTth
2250 336 2544 404 EPISCOPI

2202 450 2346 505 terris
2384 468 2620 519 pressura
2661 455 2916 527 gentium,
2945 467 3131 531 gentes
3171 455 3337 520 voluit
3373 465 3624 540 lntelligi,
3666 486 3782 528 non

2201 541 2526 610 pertinentes
2562 544 2634 600 ad
2664 561 2848 604 semen
2882 551 3140 620 Abrahae,
3167 554 3222 608 in
3251 570 3354 626 quo
3395 557 3782 618 benedicentur

2199 649 2386 692 omnes
2411 646 2595 708 gentes
2623 639 2735 711 (Id.
2757 657 2890 709 nu,
2915 644 3003 716 18)
3023 685 3038 711 ,
3065 647 3159 705 sed
3186 661 3369 719 gentes
3394 668 3513 722 qua:
3539 655 3605 710 ad
3649 657 3787 711 sini-

2199 733 2365 782 stram
2393 730 2638 800 stabunt,
2661 735 2874 805 quando
2894 741 3358 809 congregabuntur
3383 752 3508 801 ante
3531 746 3777 804 iudicem

2199 820 2446 879 vivorum
2473 832 2528 879 et
2549 835 2879 883 mortuorum
2917 845 3106 888 omnes
3142 843 3346 902 gentes.
3375 834 3615 909 Utraque
3653 856 3782 910 pars

2199 909 2340 965 enim
2364 912 2465 967 erit
2490 913 2542 968 in
2569 918 2814 979 omnibus
2839 921 3086 989 gentibus
3107 937 3125 985 ς
3150 938 3254 978 una
3279 941 3398 995 quae
3423 909 3663 996 premat,
3693 931 3783 986 al-

2199 1009 2311 1056 tera
2359 1021 2478 1074 qua:
2529 1018 2834 1076 prematur:
2887 1029 2989 1068 una
3041 1031 3162 1085 qua:
3201 1016 3377 1084 dicat,
3423 1018 3545 1074 Pas:
3589 1030 3637 1077 et
3687 1039 3770 1077 se-

2198 1094 2419 1160 curitas;
2438 1098 2605 1154 altera
2634 1101 2686 1155 in
2716 1119 2817 1172 qua
2843 1107 2922 1160 sol
2947 1105 3280 1176 obscuretur,
3306 1118 3363 1165 et
3400 1127 3507 1168 non
3531 1112 3622 1168 det
3647 1114 3780 1174 luna

2199 1186 2378 1244 lumen
2407 1203 2582 1258 suum,
2609 1202 2661 1247 et
2681 1193 2749 1250 de
2763 1211 2864 1263 qua
2893 1196 3082 1253 cadant
3105 1199 3295 1270 stellae,
3322 1211 3378 1261 et
3403 1203 3455 1259 in
3481 1219 3586 1275 qua
3605 1205 3782 1273 virtu-

2197 1289 2276 1334 tes
2302 1281 2558 1337 caalorum
2584 1295 2913 1342 moveantur.

2265 1372 2354 1425 Η.
2409 1371 2474 1426 Et
2511 1383 2629 1427 tunc
2655 1375 2886 1431 audebunt
2919 1378 2969 1432 F
2968 1379 3113 1434 ilium
3149 1381 3366 1440 hominis
3402 1386 3676 1442 uenientem
3717 1389 3780 1444 in.

2195 1461 2324 1515 nube
2362 1479 2476 1517 cum
2515 1476 2756 1534 potestate
2791 1485 2975 1540 magna
3011 1481 3059 1525 et
3103 1474 3384 1545 majestate.
3425 1477 3576 1544 Quod
3615 1478 3781 1535 video

2194 1549 2400 1606 duobus
2419 1553 2590 1609 modis
2614 1557 2780 1628 accipi
2807 1573 2996 1628 posse;
3023 1561 3137 1617 sive
3165 1563 3217 1618 in
3239 1563 3480 1621 Ecclesia
3515 1576 3775 1640 tanquam

2195 1641 2247 1694 in
2277 1641 2414 1698 nube
2437 1646 2756 1714 venientem,
2788 1649 2926 1704 sicut
2951 1651 3109 1706 etiam
3139 1669 3279 1710 utine
3307 1658 3491 1712 venire
3514 1675 3620 1715 non
3647 1675 3776 1725 ceso

2193 1739 2296 1796 sat,
2323 1734 2611 1790 secundum
2641 1737 2694 1791 id
2713 1738 2852 1808 quod
2876 1741 2969 1806 ait,
2997 1740 3192 1805 Λητοάο
3212 1745 3438 1802 uidebitis
3462 1747 3650 1803 Fiéium
3671 1752 3772 1804 Ito-

2193 1823 2344 1876 minis
2367 1825 2617 1880 sedentem
2645 1844 2677 1881 a
2702 1829 2890 1884 dextris
2911 1833 3106 1887 virtutis
3121 1875 3135 1897 ,
3161 1845 3208 1888 et
3236 1835 3509 1892 uenientem
3536 1839 3590 1894 in
3613 1841 3774 1895 nubi-

2193 1912 2285 1968 bus
2307 1915 2454 1982 caeli;
2475 1917 2571 1973 sed
2598 1918 2716 1974 ideo
2743 1931 2868 1977 tunc
2890 1938 3010 1979 cum
3050 1933 3309 1994 potestate
3338 1944 3523 1999 magna
3559 1939 3614 1986 et
3647 1948 3775 1994 mas

2185 2002 2400 2073 jestate,
2421 2007 2540 2076 quia
2560 2009 2729 2078 major
2745 2019 2979 2081 potestas
2997 2023 3051 2068 et
3069 2016 3317 2087 majestas
3334 2019 3474 2074 illius
3491 2022 3775 2090 apparebit

2191 2097 2408 2160 sanctis,
2435 2099 2626 2168 quibus
2652 2116 2895 2171 magnam
2919 2106 3164 2161 virtutem
3193 2107 3360 2170 dabit.
3386 2125 3455 2166 ne
3479 2120 3624 2167 tanta
3645 2129 3776 2184 per-

2191 2187 2463 2244 secutione
2503 2191 2782 2246 vincantur
2815 2209 2831 2247 :
2873 2195 2986 2250 sive
3028 2196 3080 2250 in
3121 2212 3348 2269 corpore
3385 2215 3521 2269 suo,
3563 2203 3616 2258 in
3654 2219 3771 2275 quo

2191 2278 2341 2333 sedet
2359 2280 2424 2333 ad
2444 2279 2718 2336 dexteram
2739 2283 2928 2352 Patris,
2948 2286 2999 2339 in
3021 2303 3128 2357 quo
3146 2289 3307 2344 etiam
3327 2301 3566 2349 mortuus
3591 2301 3694 2360 est,
3714 2304 3773 2350 et

2190 2371 2496 2437 resurrexit,
2520 2381 2574 2426 et
2590 2375 2832 2430 ascendit
2858 2377 2908 2431 in
2930 2379 3143 2444 ctelum,
3164 2382 3452 2437 secundum
3473 2385 3614 2454 quod
3636 2386 3776 2441 scri-

2191 2467 2337 2528 ptum
2349 2470 2431 2516 est
2446 2461 2496 2515 in
2514 2464 2732 2520 Actibus
2743 2467 3136 2537 Apostolorum,
3159 2470 3253 2526 His
3270 2474 3420 2528 dictis
3434 2475 3590 2532 nubes
3603 2494 3774 2532 susce-

2191 2549 2264 2619 pit
2282 2566 2415 2618 eum,
2435 2561 2479 2606 et
2496 2554 2722 2609 sublatus
2743 2565 2812 2610 est
2833 2557 2894 2611 ab
2913 2560 3003 2613 eis.
3029 2559 3095 2614 Et
3119 2562 3240 2630 quia
3258 2563 3364 2617 illic
3383 2566 3543 2619 etiam
3566 2567 3771 2624 dictum

2190 2651 2273 2696 est
2298 2642 2367 2696 ab
2382 2643 2598 2713 Angelis
2619 2687 2632 2709 ,
2659 2646 2748 2701 Sic
2773 2649 2962 2715 ueniet,
2987 2654 3408 2721 quemadmodum
3435 2657 3627 2712 vidistis
3653 2675 3773 2718 eunt.

2191 2743 2385 2788 euntem
2413 2735 2466 2790 in
2493 2736 2672 2792 mlum
2700 2737 2832 2812 (Act.
2857 2757 2894 2810 l,
2923 2743 2978 2809 9,
3003 2743 3112 2818 11),
3137 2747 3327 2801 merito
3347 2749 3644 2806 credendus
3660 2762 3768 2816 est,

2192 2840 2297 2879 non
2324 2827 2494 2882 solun
2529 2832 2580 2882 in
2610 2834 2800 2886 ουάιηι
2841 2850 3096 2903 enrpore,
3129 2852 3312 2894 verum
3341 2840 3502 2894 etiam
3531 2843 3582 2898 in
3625 2845 3774 2900 nube

2190 2925 2480 2986 venturus;
2523 2923 2771 2992 quoniam
2809 2926 2888 2982 sic
2929 2929 3105 2983 veniet
3137 2930 3275 2985 sicut
3312 2930 3464 3000 abiit,
3503 2941 3554 2988 et
3601 2935 3776 2992 nubes

2190 3022 2314 3064 eum
2336 3013 2569 3082 suscepit
2593 3014 2894 3072 abeuntem.

2259 3097 2350 3153 42.
2377 3098 2480 3155 Sed
2522 3101 2710 3157 horum
2740 3105 2965 3161 duorum
2999 3108 3125 3179 quid
3152 3108 3238 3165 hic
3263 3105 3441 3182 potius
3465 3113 3772 3183 eligendum
3801 3120 3806 3125 ’

2191 3189 2282 3256 sit,
2303 3190 2542 3259 judicare
2563 3193 2774 3251 difﬁcile
2797 3205 2898 3252 est.
2924 3198 3227 3269 Promptior—
3239 3202 3456 3271 quidem
3477 3219 3665 3259 sensus
3686 3216 3772 3261 est

2191 3291 2249 3336 ut
2275 3284 2498 3355 quisque
2523 3300 2645 3341 cum
2683 3289 2908 3346 audierit
2932 3293 3012 3346 vel
3039 3293 3260 3362 legerit,
3300 3294 3366 3348 Et
3390 3304 3510 3349 tunc
3535 3295 3778 3352 videbunt

2190 3371 2385 3428 Filium
2411 3375 2629 3432 hominis
2650 3380 2920 3433 venientem
2949 3383 3001 3435 in
3021 3383 3148 3436 nube
3172 3400 3286 3437 cum
3311 3393 3553 3454 potestate
3580 3385 3772 3454 magna

2190 3473 2238 3518 et
2275 3466 2539 3534 majestate
2560 3509 2574 3533 ,
2607 3469 2778 3537 ipsum
2806 3485 3022 3540 prorsus
3047 3472 3275 3542 accipiat
3297 3475 3414 3544 ejus
3442 3475 3728 3530 adventura
3750 3493 3775 3542 ,'

2189 3569 2300 3610 non
2325 3572 2418 3626 per
2437 3557 2727 3613 Ecclesiam
2751 3599 2766 3625 ,
2793 3560 2886 3614 sed
2921 3575 3016 3630 per
3041 3562 3273 3631 seipsum
3293 3604 3309 3630 ,
3337 3563 3550 3634 quando
3577 3573 3770 3620 ventu-

2190 3664 2283 3703 rus
2311 3659 2392 3703 est
2421 3651 2485 3703 ad
2513 3654 2662 3706 vivos
2685 3659 2739 3705 et
2763 3648 3001 3707 mortuos
3017 3653 3334 3723 judicandos
3359 3673 3372 3709 :
3399 3655 3495 3711 sed
3515 3657 3768 3728 quoniam

2189 3741 2476 3812 Scriptura:
2500 3744 2797 3799 scrutandis
2822 3755 2964 3812 sunt,
2984 3763 3080 3802 nec
3096 3763 3278 3803 earum
3302 3751 3582 3820 sliperﬁcie
3605 3751 3770 3808 debe-

2190 3849 2309 3887 mus
2334 3849 2452 3889 esse
2495 3837 2762 3903 cententi,
2789 3853 2908 3906 qua:
2943 3837 3012 3891 ad
3052 3839 3486 3896 exercitationem
3526 3851 3767 3898 nostram

2189 3925 2260 3978 ita
2289 3925 2605 3981 modiﬁcata:
2631 3936 2776 3994 sunt,
2811 3936 2870 3982 ut
2896 3929 3054 3983 altius
3082 3945 3140 3985 se
3167 3931 3431 4000 penetrari
3461 3933 3646 3998 velint,
3678 3934 3767 3989 di-

2187 4014 2413 4084 ligenter
2447 4025 2570 4070 sunt
2594 4017 2916 4087 inspicienda
2947 4022 3239 4090 sequentia.
3271 4021 3402 4075 Cum
3433 4021 3572 4076 enim
3600 4017 3769 4078 dixis-

2189 4114 2290 4172 set,
2315 4103 2382 4158 Et
2411 4114 2528 4160 tunc
2551 4107 2783 4161 uidebunt
2811 4108 3003 4163 Filium
3035 4110 3251 4164 hominis
3275 4113 3544 4166 venientem
3564 4114 3615 4167 in
3636 4113 3768 4169 nubs

2186 4212 2300 4249 cum
2327 4205 2568 4267 potestate
2593 4214 2777 4269 magna
2806 4207 2854 4252 et
2875 4200 3170 4270 majestate;
3195 4201 3437 4270 adjuuxit
3461 4212 3622 4271 atque
3651 4204 3728 4257 ait
3745 4245 3762 4271 ,

2189 4287 2287 4343 llis
2322 4299 2488 4344 autem
2520 4275 2632 4360 ﬁeri
2657 4292 3006 4362 incipientibus
3027 4335 3042 4358 ,
3073 4294 3302 4364 respicite
3326 4303 3375 4348 et
3400 4295 3558 4348 levate
3594 4297 3768 4364 capita

2185 4390 2366 4444 uestra,
2388 4383 2626 4454 quoniam
2651 4383 3026 4454 appropinquat.
3041 4384 3315 4454 redemptio
3343 4394 3524 4441 uestra.
3541 4384 3609 4447 Et
3634 4387 3767 4440 dixit

2183 4472 2288 4526 illis
2309 4473 2685 4527 similitudinem
2709 4488 2728 4526 :
2766 4473 2939 4528 Videte
2964 4473 3232 4543 ﬁculnea»:
3257 4483 3304 4528 et
3331 4491 3500 4529 omnes
3518 4476 3765 4543 arbores;

2183 4579 2297 4616 cum
2319 4563 2602 4634 producunt
2616 4567 2730 4634 jam
2755 4581 2817 4618 ea:
2833 4581 2886 4617 se
2909 4566 3150 4632 fructum,
3174 4567 3312 4620 scitis
3331 4567 3566 4636 quoniam
3595 4584 3760 4637 prope

2183 4664 2255 4708 est
2283 4665 2430 4708 a'stas
2453 4669 2472 4709 :
2496 4655 2566 4710 ita
2590 4663 2635 4708 et
2653 4670 2737 4707 vos
2758 4671 2870 4707 cum
2893 4655 3112 4708 videritis
3143 4657 3249 4707 haec
3269 4656 3400 4723 ﬁeri,
3429 4657 3602 4710 scitote
3627 4673 3761 4726 quo-

2183 4746 2316 4797 niam
2347 4760 2500 4814 prope
2525 4753 2594 4796 est
2623 4760 2832 4813 regnum
2861 4742 2973 4796 Dei.
3002 4744 3134 4799 Cum
3164 4759 3291 4814 ergo
3318 4745 3487 4811 dicit,
3517 4744 3645 4801 Cum
3682 4749 3764 4800 sti-

2181 4837 2354 4891 deritis
2390 4837 2497 4891 lucc
2535 4837 2644 4905 fieri
2664 4851 2826 4906 ;.qua:
2872 4837 3166 4907 intelligere
3193 4837 3515 4906 poterimus,
3548 4839 3649 4893 nisi
3694 4856 3758 4896 ea

2179 4943 2298 4997 qua:
2325 4942 2482 4996 supra
2509 4935 2918 4981 commemorata
2940 4927 3094 4980 sunt?
3114 4927 3170 4980 In
3195 4927 3274 4980 his
3293 4938 3376 4982 est
3396 4938 3572 4984 autem
3594 4930 3758 4985 etiam

2179 5019 2318 5090 quod
2343 5020 2444 5085 ait,
2477 5017 2540 5072 Et
2576 5029 2692 5072 tunc
2727 5017 2959 5072 videbunt
2995 5017 3190 5072 Filium
3227 5017 3447 5073 hominis
3484 5020 3760 5074 venientem

2178 5110 2232 5170 in
2257 5109 2384 5164 nube
2404 5126 2516 5163 cum
2537 5119 2780 5178 potestate
2796 5125 2978 5180 magna
2991 5118 3039 5163 et
3059 5109 3336 5180 majestate.
3355 5109 3582 5163 Proinde
3596 5109 3760 5165 etiam

2181 5201 2284 5256 hoc
2307 5218 2426 5256 cum
2457 5217 2626 5256 γεδωη
2656 5202 2834 5266 fuerit,
2865 5202 3100 5271 nonjam
3133 5195 3236 5257 erit
3261 5217 3484 5272 regnum
3516 5201 3631 5266 Dei,
3655 5201 3756 5258 sed

2181 5308 2346 5364 prope
2365 5293 2462 5348 erit
2475 5334 2488 5346 .

2248 5384 2336 5438 45.
2372 5383 2523 5439 llunc
2548 5383 2786 5438 ordinem
2813 5382 3055 5438 videmus
3075 5391 3128 5438 et
3160 5382 3294 5438 d-nos
3319 5383 3454 5440 alios
3485 5383 3756 5455 evangeli-

2176 5485 2287 5535 Stas
2310 5486 2505 5530 tenere.
2531 5475 2682 5546 Apud
2710 5475 2938 5530 Marcum
2963 5475 3103 5529 enim
3129 5489 3247 5529 cum
3270 5473 3468 5530 dictum
3494 5485 3656 5540 esset,
3687 5475 3757 5528 Et

2174 5568 2382 5623 virtutes
2403 5584 2517 5638 qua:
2541 5569 2728 5622 suntin
2752 5567 2910 5631 caelis,
2937 5565 3292 5631 movebuntur;
3314 5563 3381 5618 Et
3397 5577 3536 5632 tunc,
3560 5565 3752 5635 inquit,

2173 5661 2407 5715 uidebunt
2435 5659 2625 5714 Filium
2648 5659 2864 5714 hominis
2885 5659 3157 5713 venientem
3185 5659 3238 5712 in
3264 5657 3478 5712 nubibus
3506 5674 3619 5711 cum
3645 5659 3754 5711 vir-

2177 5762 2280 5809 tute
2303 5751 2460 5807 multa
2484 5761 2531 5805 et
2547 5751 2726 5823 gloria.
2760 5747 2957 5805 Deinde
2985 5747 3254 5819 subjungit
3281 5747 3421 5819 quod
3445 5748 3615 5803 Lucas
3643 5762 3752 5802 non
