  <div class='ocr_page' id='page_1' title='image "/cluster/home/n/w/nwhite01/storage/ocr_20150623/33/hvd.32044015471451/466.png"; bbox 0 0 4120 6358; ppageno 0'>
   <div class='ocr_carea' id='block_1_1' title="bbox 383 368 489 427">
    <p class='ocr_par' dir='ltr' id='par_1_1' title="bbox 383 368 489 427">
     <span class='ocr_line' id='line_1_1' title="bbox 383 368 489 427; baseline -0.038 1"><span class='ocrx_word' id='word_1_1' title='bbox 383 368 489 427; x_wconf 61' lang='grc' dir='ltr'><strong><em>θαι</em></strong></span> 
     </span>
    </p>
   </div>
   <div class='ocr_carea' id='block_1_2' title="bbox 383 476 1955 551">
    <p class='ocr_par' dir='ltr' id='par_1_2' title="bbox 383 476 1955 551">
     <span class='ocr_line' id='line_1_2' title="bbox 383 476 1955 551; baseline -0.004 -15"><span class='ocrx_word' id='word_1_2' title='bbox 383 481 518 536; x_wconf 82' lang='lat' dir='ltr'><strong><em>dixit</em></strong></span> <span class='ocrx_word' id='word_1_3' title='bbox 541 498 554 537; x_wconf 91' lang='lat'><strong>:</strong></span> <span class='ocrx_word' id='word_1_4' title='bbox 584 481 652 547; x_wconf 75' lang='lat' dir='ltr'><strong><em>Et</em></strong></span> <span class='ocrx_word' id='word_1_5' title='bbox 683 489 800 544; x_wconf 82' lang='lat' dir='ltr'><strong><em>tunc</em></strong></span> <span class='ocrx_word' id='word_1_6' title='bbox 819 482 973 535; x_wconf 89' lang='lat' dir='ltr'><strong><em>mittet</em></strong></span> <span class='ocrx_word' id='word_1_7' title='bbox 995 480 1207 551; x_wconf 78' lang='lat' dir='ltr'><strong><em>Angelos</em></strong></span> <span class='ocrx_word' id='word_1_8' title='bbox 1234 495 1348 533; x_wconf 85' lang='lat' dir='ltr'><strong><em>suos</em></strong></span> <span class='ocrx_word' id='word_1_9' title='bbox 1373 487 1420 530; x_wconf 86' lang='lat' dir='ltr'><strong><em>et</em></strong></span> <span class='ocrx_word' id='word_1_10' title='bbox 1440 477 1751 547; x_wconf 74' lang='lat' dir='ltr'><strong><em>congregabit</em></strong></span> <span class='ocrx_word' id='word_1_11' title='bbox 1774 476 1955 530; x_wconf 88' lang='lat' dir='ltr'><strong><em>electos</em></strong></span> 
     </span>
    </p>
   </div>
   <div class='ocr_carea' id='block_1_3' title="bbox 382 566 1952 642">
    <p class='ocr_par' dir='ltr' id='par_1_3' title="bbox 382 566 1952 642">
     <span class='ocr_line' id='line_1_3' title="bbox 382 566 1952 642; baseline -0.005 -17"><span class='ocrx_word' id='word_1_12' title='bbox 382 588 499 626; x_wconf 89' lang='lat' dir='ltr'><strong><em>suos</em></strong></span> <span class='ocrx_word' id='word_1_13' title='bbox 533 589 565 625; x_wconf 91' lang='lat' dir='ltr'><strong><em>a</em></strong></span> <span class='ocrx_word' id='word_1_14' title='bbox 595 581 807 642; x_wconf 75' lang='lat' dir='ltr'><strong><em>quatuor</em></strong></span> <span class='ocrx_word' id='word_1_15' title='bbox 843 573 1015 635; x_wconf 87' lang='lat' dir='ltr'><strong><em>ventis,</em></strong></span> <span class='ocrx_word' id='word_1_16' title='bbox 1050 588 1081 624; x_wconf 93' lang='lat' dir='ltr'><strong><em>a</em></strong></span> <span class='ocrx_word' id='word_1_17' title='bbox 1115 586 1308 625; x_wconf 80' lang='lat' dir='ltr'><strong><em>summa</em></strong></span> <span class='ocrx_word' id='word_1_18' title='bbox 1338 577 1482 621; x_wconf 76' lang='lat' dir='ltr'><strong><em>terra:</em></strong></span> <span class='ocrx_word' id='word_1_19' title='bbox 1518 583 1671 631; x_wconf 83' lang='lat' dir='ltr'><strong><em>usque</em></strong></span> <span class='ocrx_word' id='word_1_20' title='bbox 1711 566 1778 619; x_wconf 87' lang='lat' dir='ltr'><strong><em>ad</em></strong></span> <span class='ocrx_word' id='word_1_21' title='bbox 1813 581 1952 618; x_wconf 52' lang='lat' dir='ltr'><strong><em>sum.</em></strong></span> 
     </span>
    </p>
   </div>
   <div class='ocr_carea' id='block_1_4' title="bbox 381 653 1954 731">
    <p class='ocr_par' dir='ltr' id='par_1_4' title="bbox 381 653 1954 731">
     <span class='ocr_line' id='line_1_4' title="bbox 381 653 1954 731; baseline -0.005 -16"><span class='ocrx_word' id='word_1_22' title='bbox 381 679 517 716; x_wconf 86' lang='lat' dir='ltr'><strong><em>mum</em></strong></span> <span class='ocrx_word' id='word_1_23' title='bbox 538 663 669 716; x_wconf 74' lang='lat' dir='ltr'><strong><em>caeli.</em></strong></span> <span class='ocrx_word' id='word_1_24' title='bbox 700 662 847 717; x_wconf 85' lang='lat' dir='ltr'><strong><em>Tunc</em></strong></span> <span class='ocrx_word' id='word_1_25' title='bbox 873 661 1013 731; x_wconf 91' lang='lat' dir='ltr'><strong><em>quod</em></strong></span> <span class='ocrx_word' id='word_1_26' title='bbox 1042 661 1132 715; x_wconf 88' lang='lat' dir='ltr'><strong><em>ille</em></strong></span> <span class='ocrx_word' id='word_1_27' title='bbox 1174 658 1241 714; x_wconf 90' lang='lat' dir='ltr'><strong><em>de</em></strong></span> <span class='ocrx_word' id='word_1_28' title='bbox 1281 660 1379 712; x_wconf 88' lang='lat' dir='ltr'><strong><em>licu</em></strong></span> <span class='ocrx_word' id='word_1_29' title='bbox 1409 666 1463 711; x_wconf 89' lang='lat' dir='ltr'><strong><em>et</em></strong></span> <span class='ocrx_word' id='word_1_30' title='bbox 1497 657 1563 711; x_wconf 90' lang='lat' dir='ltr'><strong><em>de</em></strong></span> <span class='ocrx_word' id='word_1_31' title='bbox 1589 656 1706 709; x_wconf 88' lang='lat' dir='ltr'><strong><em>aliis</em></strong></span> <span class='ocrx_word' id='word_1_32' title='bbox 1747 653 1954 709; x_wconf 86' lang='lat' dir='ltr'><strong><em>arbori-</em></strong></span> 
     </span>
    </p>
   </div>
   <div class='ocr_carea' id='block_1_5' title="bbox 381 745 1953 820">
    <p class='ocr_par' dir='ltr' id='par_1_5' title="bbox 381 745 1953 820">
     <span class='ocr_line' id='line_1_5' title="bbox 381 745 1953 820; baseline -0.006 -14"><span class='ocrx_word' id='word_1_33' title='bbox 381 752 500 819; x_wconf 84' lang='lat' dir='ltr'><strong><em>bus,</em></strong></span> <span class='ocrx_word' id='word_1_34' title='bbox 532 754 634 808; x_wconf 88' lang='lat' dir='ltr'><strong><em>iste</em></strong></span> <span class='ocrx_word' id='word_1_35' title='bbox 671 753 740 808; x_wconf 87' lang='lat' dir='ltr'><strong><em>de</em></strong></span> <span class='ocrx_word' id='word_1_36' title='bbox 777 753 888 807; x_wconf 88' lang='lat' dir='ltr'><strong><em>sola</em></strong></span> <span class='ocrx_word' id='word_1_37' title='bbox 918 753 1016 806; x_wconf 87' lang='lat' dir='ltr'><strong><em>licu</em></strong></span> <span class='ocrx_word' id='word_1_38' title='bbox 1058 765 1299 820; x_wconf 87' lang='lat' dir='ltr'><strong><em>ponens:</em></strong></span> <span class='ocrx_word' id='word_1_39' title='bbox 1336 748 1382 802; x_wconf 84' lang='lat' dir='ltr'><strong><em>A</em></strong></span> <span class='ocrx_word' id='word_1_40' title='bbox 1406 748 1504 816; x_wconf 75' lang='lat' dir='ltr'><strong><em>ﬁcu</em></strong></span> <span class='ocrx_word' id='word_1_41' title='bbox 1542 755 1708 799; x_wconf 88' lang='lat' dir='ltr'><strong><em>autem</em></strong></span> <span class='ocrx_word' id='word_1_42' title='bbox 1742 745 1953 811; x_wconf 77' lang='lat' dir='ltr'><strong><em>discite,</em></strong></span> 
     </span>
    </p>
   </div>
   <div class='ocr_carea' id='block_1_6' title="bbox 380 835 1953 913">
    <p class='ocr_par' dir='ltr' id='par_1_6' title="bbox 380 835 1953 913">
     <span class='ocr_line' id='line_1_6' title="bbox 380 835 1953 913; baseline -0.007 -16"><span class='ocrx_word' id='word_1_43' title='bbox 380 844 550 913; x_wconf 89' lang='lat' dir='ltr'><strong><em>inquit</em></strong></span> <span class='ocrx_word' id='word_1_44' title='bbox 569 886 582 907; x_wconf 83' lang='lat'><strong><em>,</em></strong></span> <span class='ocrx_word' id='word_1_45' title='bbox 610 844 926 912; x_wconf 82' lang='lat' dir='ltr'><strong><em>parabolam.</em></strong></span> <span class='ocrx_word' id='word_1_46' title='bbox 958 842 1083 897; x_wconf 88' lang='lat' dir='ltr'><strong><em>Cum</em></strong></span> <span class='ocrx_word' id='word_1_47' title='bbox 1115 842 1230 911; x_wconf 85' lang='lat' dir='ltr'><strong><em>jam</em></strong></span> <span class='ocrx_word' id='word_1_48' title='bbox 1262 854 1433 893; x_wconf 87' lang='lat' dir='ltr'><strong><em>ramus</em></strong></span> <span class='ocrx_word' id='word_1_49' title='bbox 1470 836 1576 909; x_wconf 77' lang='lat' dir='ltr'><strong><em>ejus</em></strong></span> <span class='ocrx_word' id='word_1_50' title='bbox 1607 845 1744 890; x_wconf 85' lang='lat' dir='ltr'><strong><em>tener</em></strong></span> <span class='ocrx_word' id='word_1_51' title='bbox 1771 835 1953 903; x_wconf 78' lang='lat' dir='ltr'><strong><em>fuerit,</em></strong></span> 
     </span>
    </p>
   </div>
   <div class='ocr_carea' id='block_1_7' title="bbox 380 924 1956 1004">
    <p class='ocr_par' dir='ltr' id='par_1_7' title="bbox 380 924 1956 1004">
     <span class='ocr_line' id='line_1_7' title="bbox 380 924 1956 1004; baseline -0.007 -17"><span class='ocrx_word' id='word_1_52' title='bbox 380 945 425 987; x_wconf 91' lang='lat' dir='ltr'><strong><em>et</em></strong></span> <span class='ocrx_word' id='word_1_53' title='bbox 457 945 577 986; x_wconf 88' lang='lat' dir='ltr'><strong><em>nata</em></strong></span> <span class='ocrx_word' id='word_1_54' title='bbox 613 934 797 1003; x_wconf 75' lang='lat' dir='ltr'><strong><em>fuerint</em></strong></span> <span class='ocrx_word' id='word_1_55' title='bbox 833 933 988 1004; x_wconf 76' lang='lat' dir='ltr'><strong><em>folia,</em></strong></span> <span class='ocrx_word' id='word_1_56' title='bbox 1033 931 1327 1001; x_wconf 73' lang='lat' dir='ltr'><strong><em>cognoscitis</em></strong></span> <span class='ocrx_word' id='word_1_57' title='bbox 1365 927 1484 998; x_wconf 89' lang='lat' dir='ltr'><strong><em>quia</em></strong></span> <span class='ocrx_word' id='word_1_58' title='bbox 1529 927 1581 979; x_wconf 89' lang='lat' dir='ltr'><strong><em>in</em></strong></span> <span class='ocrx_word' id='word_1_59' title='bbox 1618 927 1845 995; x_wconf 80' lang='lat' dir='ltr'><strong><em>proximo</em></strong></span> <span class='ocrx_word' id='word_1_60' title='bbox 1892 924 1956 977; x_wconf 86' lang='lat' dir='ltr'><strong><em>sit</em></strong></span> 
     </span>
    </p>
   </div>
   <div class='ocr_carea' id='block_1_8' title="bbox 378 1016 1957 1087">
    <p class='ocr_par' dir='ltr' id='par_1_8' title="bbox 378 1016 1957 1087">
     <span class='ocr_line' id='line_1_8' title="bbox 378 1016 1957 1087; baseline -0.006 -11"><span class='ocrx_word' id='word_1_61' title='bbox 378 1034 526 1078; x_wconf 67' lang='lat' dir='ltr'><strong><em>restas</em></strong></span> <span class='ocrx_word' id='word_1_62' title='bbox 554 1038 573 1077; x_wconf 90' lang='lat'><strong><em>:</em></strong></span> <span class='ocrx_word' id='word_1_63' title='bbox 602 1026 673 1076; x_wconf 87' lang='lat' dir='ltr'><strong><em>sic</em></strong></span> <span class='ocrx_word' id='word_1_64' title='bbox 710 1034 756 1076; x_wconf 80' lang='lat' dir='ltr'><strong><em>ct</em></strong></span> <span class='ocrx_word' id='word_1_65' title='bbox 782 1040 866 1083; x_wconf 83' lang='lat' dir='ltr'><strong><em>vos</em></strong></span> <span class='ocrx_word' id='word_1_66' title='bbox 894 1040 1007 1076; x_wconf 89' lang='lat' dir='ltr'><strong><em>cum</em></strong></span> <span class='ocrx_word' id='word_1_67' title='bbox 1032 1021 1253 1075; x_wconf 88' lang='lat' dir='ltr'><strong><em>videritis</em></strong></span> <span class='ocrx_word' id='word_1_68' title='bbox 1294 1020 1401 1074; x_wconf 64' lang='lat' dir='ltr'><strong><em>hac</em></strong></span> <span class='ocrx_word' id='word_1_69' title='bbox 1442 1018 1573 1087; x_wconf 81' lang='lat' dir='ltr'><strong><em>ﬁeri,</em></strong></span> <span class='ocrx_word' id='word_1_70' title='bbox 1613 1018 1787 1071; x_wconf 76' lang='lat' dir='ltr'><strong><em>scitote</em></strong></span> <span class='ocrx_word' id='word_1_71' title='bbox 1819 1016 1957 1087; x_wconf 87' lang='lat' dir='ltr'><strong><em>quod</em></strong></span> 
     </span>
    </p>
   </div>
   <div class='ocr_carea' id='block_1_9' title="bbox 378 1107 1952 1183">
    <p class='ocr_par' dir='ltr' id='par_1_9' title="bbox 378 1107 1952 1183">
     <span class='ocr_line' id='line_1_9' title="bbox 378 1107 1952 1183; baseline -0.004 -18"><span class='ocrx_word' id='word_1_72' title='bbox 378 1115 428 1166; x_wconf 91' lang='lat' dir='ltr'><strong><em>in</em></strong></span> <span class='ocrx_word' id='word_1_73' title='bbox 452 1115 680 1183; x_wconf 76' lang='lat' dir='ltr'><strong><em>proximo</em></strong></span> <span class='ocrx_word' id='word_1_74' title='bbox 699 1116 761 1168; x_wconf 88' lang='lat' dir='ltr'><strong><em>sit</em></strong></span> <span class='ocrx_word' id='word_1_75' title='bbox 779 1115 830 1167; x_wconf 87' lang='lat' dir='ltr'><strong><em>in</em></strong></span> <span class='ocrx_word' id='word_1_76' title='bbox 850 1114 1008 1169; x_wconf 88' lang='lat' dir='ltr'><strong><em>ostiis.</em></strong></span> <span class='ocrx_word' id='word_1_77' title='bbox 1031 1112 1165 1180; x_wconf 83' lang='lat' dir='ltr'><strong><em>Quid</em></strong></span> <span class='ocrx_word' id='word_1_78' title='bbox 1187 1120 1287 1177; x_wconf 90' lang='lat' dir='ltr'><strong><em>est,</em></strong></span> <span class='ocrx_word' id='word_1_79' title='bbox 1308 1109 1433 1164; x_wconf 86' lang='lat' dir='ltr'><strong><em>Cum</em></strong></span> <span class='ocrx_word' id='word_1_80' title='bbox 1452 1108 1671 1165; x_wconf 86' lang='lat' dir='ltr'><strong><em>videritis</em></strong></span> <span class='ocrx_word' id='word_1_81' title='bbox 1697 1110 1804 1162; x_wconf 65' lang='lat' dir='ltr'><strong><em>hinc</em></strong></span> <span class='ocrx_word' id='word_1_82' title='bbox 1820 1107 1952 1175; x_wconf 77' lang='lat' dir='ltr'><strong><em>ﬁeri,</em></strong></span> 
     </span>
    </p>
   </div>
   <div class='ocr_carea' id='block_1_10' title="bbox 378 1195 1956 1273">
    <p class='ocr_par' dir='ltr' id='par_1_10' title="bbox 378 1195 1956 1273">
     <span class='ocr_line' id='line_1_10' title="bbox 378 1195 1956 1273; baseline -0.004 -17"><span class='ocrx_word' id='word_1_83' title='bbox 378 1203 480 1257; x_wconf 83' lang='lat' dir='ltr'><strong><em>nisi</em></strong></span> <span class='ocrx_word' id='word_1_84' title='bbox 530 1219 591 1258; x_wconf 88' lang='lat' dir='ltr'><strong><em>ea</em></strong></span> <span class='ocrx_word' id='word_1_85' title='bbox 626 1218 745 1273; x_wconf 73' lang='lat' dir='ltr'><strong><em>qua:</em></strong></span> <span class='ocrx_word' id='word_1_86' title='bbox 786 1217 944 1272; x_wconf 82' lang='lat' dir='ltr'><strong><em>supra</em></strong></span> <span class='ocrx_word' id='word_1_87' title='bbox 984 1201 1150 1255; x_wconf 84' lang='lat' dir='ltr'><strong><em>dixit?</em></strong></span> <span class='ocrx_word' id='word_1_88' title='bbox 1194 1199 1249 1253; x_wconf 92' lang='lat' dir='ltr'><strong><em>In</em></strong></span> <span class='ocrx_word' id='word_1_89' title='bbox 1296 1199 1485 1268; x_wconf 87' lang='lat' dir='ltr'><strong>quibus</strong></span> <span class='ocrx_word' id='word_1_90' title='bbox 1511 1206 1594 1252; x_wconf 89' lang='lat' dir='ltr'><strong><em>est</em></strong></span> <span class='ocrx_word' id='word_1_91' title='bbox 1629 1197 1787 1251; x_wconf 90' lang='lat' dir='ltr'><strong><em>etiam</em></strong></span> <span class='ocrx_word' id='word_1_92' title='bbox 1827 1195 1956 1250; x_wconf 90' lang='lat' dir='ltr'><strong><em>illud</em></strong></span> 
     </span>
    </p>
   </div>
   <div class='ocr_carea' id='block_1_11' title="bbox 378 1285 1954 1362">
    <p class='ocr_par' dir='ltr' id='par_1_11' title="bbox 378 1285 1954 1362">
     <span class='ocr_line' id='line_1_11' title="bbox 378 1285 1954 1362; baseline -0.006 -15"><span class='ocrx_word' id='word_1_93' title='bbox 378 1293 519 1362; x_wconf 89' lang='lat' dir='ltr'><strong><em>quod</em></strong></span> <span class='ocrx_word' id='word_1_94' title='bbox 544 1294 636 1361; x_wconf 90' lang='lat' dir='ltr'><strong><em>ait,</em></strong></span> <span class='ocrx_word' id='word_1_95' title='bbox 665 1292 729 1346; x_wconf 82' lang='lat' dir='ltr'><strong><em>Et</em></strong></span> <span class='ocrx_word' id='word_1_96' title='bbox 752 1302 867 1346; x_wconf 87' lang='lat' dir='ltr'><strong><em>tunc</em></strong></span> <span class='ocrx_word' id='word_1_97' title='bbox 889 1292 1123 1346; x_wconf 87' lang='lat' dir='ltr'><strong><em>videbunt</em></strong></span> <span class='ocrx_word' id='word_1_98' title='bbox 1144 1289 1335 1343; x_wconf 85' lang='lat' dir='ltr'><strong><em>Filium</em></strong></span> <span class='ocrx_word' id='word_1_99' title='bbox 1362 1288 1575 1343; x_wconf 79' lang='lat' dir='ltr'><strong><em>hominis</em></strong></span> <span class='ocrx_word' id='word_1_100' title='bbox 1605 1287 1875 1340; x_wconf 79' lang='lat' dir='ltr'><strong><em>venientem</em></strong></span> <span class='ocrx_word' id='word_1_101' title='bbox 1901 1285 1954 1338; x_wconf 90' lang='lat' dir='ltr'><strong><em>in</em></strong></span> 
     </span>
    </p>
   </div>
   <div class='ocr_carea' id='block_1_12' title="bbox 377 1368 1957 1452">
    <p class='ocr_par' dir='ltr' id='par_1_12' title="bbox 377 1368 1957 1452">
     <span class='ocr_line' id='line_1_12' title="bbox 377 1368 1957 1452; baseline -0.006 -16"><span class='ocrx_word' id='word_1_102' title='bbox 377 1383 587 1447; x_wconf 79' lang='lat' dir='ltr'><strong><em>nubibus</em></strong></span> <span class='ocrx_word' id='word_1_103' title='bbox 616 1400 732 1452; x_wconf 87' lang='lat' dir='ltr'><strong><em>cum</em></strong></span> <span class='ocrx_word' id='word_1_104' title='bbox 755 1382 933 1452; x_wconf 77' lang='lat' dir='ltr'><strong><em>virtute</em></strong></span> <span class='ocrx_word' id='word_1_105' title='bbox 958 1380 1116 1433; x_wconf 86' lang='lat' dir='ltr'><strong><em>multa</em></strong></span> <span class='ocrx_word' id='word_1_106' title='bbox 1151 1389 1197 1433; x_wconf 90' lang='lat' dir='ltr'><strong><em>et</em></strong></span> <span class='ocrx_word' id='word_1_107' title='bbox 1228 1368 1432 1450; x_wconf 81' lang='lat' dir='ltr'><strong><em>gloria:</em></strong></span> <span class='ocrx_word' id='word_1_108' title='bbox 1461 1386 1506 1429; x_wconf 89' lang='lat' dir='ltr'><strong><em>et</em></strong></span> <span class='ocrx_word' id='word_1_109' title='bbox 1528 1388 1643 1431; x_wconf 86' lang='lat' dir='ltr'><strong><em>tunc</em></strong></span> <span class='ocrx_word' id='word_1_110' title='bbox 1668 1376 1825 1428; x_wconf 86' lang='lat' dir='ltr'><strong><em>mittet</em></strong></span> <span class='ocrx_word' id='word_1_111' title='bbox 1848 1374 1957 1427; x_wconf 83' lang='lat' dir='ltr'><strong><em>Au-</em></strong></span> 
     </span>
    </p>
   </div>
   <div class='ocr_carea' id='block_1_13' title="bbox 377 1466 1960 1548">
    <p class='ocr_par' dir='ltr' id='par_1_13' title="bbox 377 1466 1960 1548">
     <span class='ocr_line' id='line_1_13' title="bbox 377 1466 1960 1548; baseline -0.005 -19"><span class='ocrx_word' id='word_1_112' title='bbox 377 1476 517 1548; x_wconf 82' lang='lat' dir='ltr'><strong><em>gelos</em></strong></span> <span class='ocrx_word' id='word_1_113' title='bbox 542 1492 681 1542; x_wconf 90' lang='lat' dir='ltr'><strong><em>suos,</em></strong></span> <span class='ocrx_word' id='word_1_114' title='bbox 712 1484 759 1529; x_wconf 87' lang='lat' dir='ltr'><strong><em>et</em></strong></span> <span class='ocrx_word' id='word_1_115' title='bbox 778 1473 1094 1544; x_wconf 83' lang='lat' dir='ltr'><strong><em>congregabit</em></strong></span> <span class='ocrx_word' id='word_1_116' title='bbox 1124 1470 1301 1525; x_wconf 87' lang='lat' dir='ltr'><strong><em>electos</em></strong></span> <span class='ocrx_word' id='word_1_117' title='bbox 1327 1485 1464 1523; x_wconf 88' lang='lat' dir='ltr'><strong><em>suos.</em></strong></span> <span class='ocrx_word' id='word_1_118' title='bbox 1487 1466 1603 1523; x_wconf 86' lang='lat' dir='ltr'><strong><em>Non</em></strong></span> <span class='ocrx_word' id='word_1_119' title='bbox 1628 1467 1804 1537; x_wconf 80' lang='lat' dir='ltr'><strong><em>itaque</em></strong></span> <span class='ocrx_word' id='word_1_120' title='bbox 1835 1474 1960 1521; x_wconf 85' lang='lat' dir='ltr'><strong><em>tunc</em></strong></span> 
     </span>
    </p>
   </div>
   <div class='ocr_carea' id='block_1_14' title="bbox 377 1563 1846 1634">
    <p class='ocr_par' dir='ltr' id='par_1_14' title="bbox 377 1563 1846 1634">
     <span class='ocr_line' id='line_1_14' title="bbox 377 1563 1846 1634; baseline -0.007 -10"><span class='ocrx_word' id='word_1_121' title='bbox 377 1569 478 1625; x_wconf 87' lang='lat' dir='ltr'><strong><em>erit</em></strong></span> <span class='ocrx_word' id='word_1_122' title='bbox 503 1569 641 1634; x_wconf 84' lang='lat' dir='ltr'><strong><em>linis,</em></strong></span> <span class='ocrx_word' id='word_1_123' title='bbox 671 1567 765 1623; x_wconf 89' lang='lat' dir='ltr'><strong><em>sed</em></strong></span> <span class='ocrx_word' id='word_1_124' title='bbox 792 1576 917 1621; x_wconf 89' lang='lat' dir='ltr'><strong><em>tunc</em></strong></span> <span class='ocrx_word' id='word_1_125' title='bbox 943 1567 1042 1620; x_wconf 86' lang='lat' dir='ltr'><strong><em>erit</em></strong></span> <span class='ocrx_word' id='word_1_126' title='bbox 1066 1565 1116 1618; x_wconf 90' lang='lat' dir='ltr'><strong><em>in</em></strong></span> <span class='ocrx_word' id='word_1_127' title='bbox 1148 1563 1413 1634; x_wconf 91' lang='lat' dir='ltr'><strong><em>proximo.</em></strong></span> <span class='ocrx_word' id='word_1_128' title='bbox 1819 1576 1846 1604; x_wconf 74' lang='grc' dir='ltr'><strong>ο</strong></span> 
     </span>
    </p>
   </div>
   <div class='ocr_carea' id='block_1_15' title="bbox 448 1652 1957 1720">
    <p class='ocr_par' dir='ltr' id='par_1_15' title="bbox 448 1652 1957 1720">
     <span class='ocr_line' id='line_1_15' title="bbox 448 1652 1957 1720; baseline -0.008 -8"><span class='ocrx_word' id='word_1_129' title='bbox 448 1659 536 1712; x_wconf 74' lang='grc'><strong><em>44.</em></strong></span> <span class='ocrx_word' id='word_1_130' title='bbox 569 1659 645 1713; x_wconf 83' lang='lat' dir='ltr'><strong><em>An</em></strong></span> <span class='ocrx_word' id='word_1_131' title='bbox 674 1657 952 1712; x_wconf 89' lang='lat' dir='ltr'><strong><em>dicendum</em></strong></span> <span class='ocrx_word' id='word_1_132' title='bbox 985 1664 1065 1709; x_wconf 85' lang='lat' dir='ltr'><strong><em>est</em></strong></span> <span class='ocrx_word' id='word_1_133' title='bbox 1104 1669 1209 1708; x_wconf 89' lang='lat' dir='ltr'><strong><em>non</em></strong></span> <span class='ocrx_word' id='word_1_134' title='bbox 1248 1652 1423 1708; x_wconf 86' lang='lat' dir='ltr'><strong><em>omnia</em></strong></span> <span class='ocrx_word' id='word_1_135' title='bbox 1466 1665 1583 1720; x_wconf 71' lang='lat' dir='ltr'><strong><em>qua:</em></strong></span> <span class='ocrx_word' id='word_1_136' title='bbox 1620 1662 1781 1718; x_wconf 82' lang='lat' dir='ltr'><strong>supra</strong></span> <span class='ocrx_word' id='word_1_137' title='bbox 1807 1662 1957 1705; x_wconf 89' lang='lat' dir='ltr'><strong><em>com-</em></strong></span> 
     </span>
    </p>
   </div>
   <div class='ocr_carea' id='block_1_16' title="bbox 376 1738 1958 1814">
    <p class='ocr_par' dir='ltr' id='par_1_16' title="bbox 376 1738 1958 1814">
     <span class='ocr_line' id='line_1_16' title="bbox 376 1738 1958 1814; baseline -0.007 -11"><span class='ocrx_word' id='word_1_138' title='bbox 376 1756 666 1803; x_wconf 79' lang='lat' dir='ltr'><strong><em>memorata</em></strong></span> <span class='ocrx_word' id='word_1_139' title='bbox 690 1756 832 1812; x_wconf 90' lang='lat' dir='ltr'><strong><em>sunt,</em></strong></span> <span class='ocrx_word' id='word_1_140' title='bbox 860 1762 978 1801; x_wconf 82' lang='lat' dir='ltr'><strong><em>esse</em></strong></span> <span class='ocrx_word' id='word_1_141' title='bbox 1001 1744 1357 1814; x_wconf 76' lang='lat' dir='ltr'><strong><em>intelligenda,</em></strong></span> <span class='ocrx_word' id='word_1_142' title='bbox 1386 1742 1473 1796; x_wconf 91' lang='lat' dir='ltr'><strong><em>ubi</em></strong></span> <span class='ocrx_word' id='word_1_143' title='bbox 1502 1743 1594 1804; x_wconf 89' lang='lat' dir='ltr'><strong><em>ait,</em></strong></span> <span class='ocrx_word' id='word_1_144' title='bbox 1620 1740 1748 1797; x_wconf 83' lang='lat' dir='ltr'><strong><em>Cum</em></strong></span> <span class='ocrx_word' id='word_1_145' title='bbox 1771 1738 1958 1793; x_wconf 84' lang='lat' dir='ltr'><strong><em>videri-</em></strong></span> 
     </span>
    </p>
   </div>
   <div class='ocr_carea' id='block_1_17' title="bbox 379 1830 1958 1909">
    <p class='ocr_par' dir='ltr' id='par_1_17' title="bbox 379 1830 1958 1909">
     <span class='ocr_line' id='line_1_17' title="bbox 379 1830 1958 1909; baseline -0.006 -18"><span class='ocrx_word' id='word_1_146' title='bbox 379 1839 442 1897; x_wconf 83' lang='lat' dir='ltr'><strong><em>tis</em></strong></span> <span class='ocrx_word' id='word_1_147' title='bbox 467 1838 573 1908; x_wconf 70' lang='lat' dir='ltr'><strong><em>haze</em></strong></span> <span class='ocrx_word' id='word_1_148' title='bbox 595 1838 707 1909; x_wconf 78' lang='lat' dir='ltr'><strong><em>ﬁeri</em></strong></span> <span class='ocrx_word' id='word_1_149' title='bbox 728 1877 743 1902; x_wconf 86' lang='lat'><strong><em>,</em></strong></span> <span class='ocrx_word' id='word_1_150' title='bbox 765 1836 861 1891; x_wconf 90' lang='lat' dir='ltr'><strong><em>sed</em></strong></span> <span class='ocrx_word' id='word_1_151' title='bbox 890 1837 1061 1905; x_wconf 87' lang='lat' dir='ltr'><strong><em>aliqua</em></strong></span> <span class='ocrx_word' id='word_1_152' title='bbox 1090 1849 1273 1891; x_wconf 87' lang='lat' dir='ltr'><strong><em>eorum</em></strong></span> <span class='ocrx_word' id='word_1_153' title='bbox 1298 1848 1313 1897; x_wconf 85' lang='lat'><strong>;</strong></span> <span class='ocrx_word' id='word_1_154' title='bbox 1340 1832 1437 1888; x_wconf 87' lang='lat' dir='ltr'><strong><em>hoc</em></strong></span> <span class='ocrx_word' id='word_1_155' title='bbox 1461 1830 1704 1886; x_wconf 78' lang='lat' dir='ltr'><strong><em>videlicet</em></strong></span> <span class='ocrx_word' id='word_1_156' title='bbox 1732 1838 1958 1898; x_wconf 84' lang='lat' dir='ltr'><strong><em>excepto</em></strong></span> 
     </span>
    </p>
   </div>
   <div class='ocr_carea' id='block_1_18' title="bbox 378 1919 1959 1998">
    <p class='ocr_par' dir='ltr' id='par_1_18' title="bbox 378 1919 1959 1998">
     <span class='ocr_line' id='line_1_18' title="bbox 378 1919 1959 1998; baseline -0.007 -16"><span class='ocrx_word' id='word_1_157' title='bbox 378 1928 521 1998; x_wconf 88' lang='lat' dir='ltr'><strong><em>quod</em></strong></span> <span class='ocrx_word' id='word_1_158' title='bbox 548 1927 745 1982; x_wconf 87' lang='lat' dir='ltr'><strong><em>dictum</em></strong></span> <span class='ocrx_word' id='word_1_159' title='bbox 772 1935 888 1992; x_wconf 85' lang='lat' dir='ltr'><strong><em>est,</em></strong></span> <span class='ocrx_word' id='word_1_160' title='bbox 926 1925 995 1979; x_wconf 85' lang='lat' dir='ltr'><strong><em>Et</em></strong></span> <span class='ocrx_word' id='word_1_161' title='bbox 1021 1935 1140 1984; x_wconf 89' lang='lat' dir='ltr'><strong><em>tunc</em></strong></span> <span class='ocrx_word' id='word_1_162' title='bbox 1160 1923 1388 1977; x_wconf 82' lang='lat' dir='ltr'><strong><em>videbunt</em></strong></span> <span class='ocrx_word' id='word_1_163' title='bbox 1412 1920 1607 1975; x_wconf 87' lang='lat' dir='ltr'><strong><em>Filium</em></strong></span> <span class='ocrx_word' id='word_1_164' title='bbox 1631 1919 1848 1973; x_wconf 85' lang='lat' dir='ltr'><strong><em>hominis</em></strong></span> <span class='ocrx_word' id='word_1_165' title='bbox 1875 1935 1959 1972; x_wconf 84' lang='lat' dir='ltr'><strong><em>ve-</em></strong></span> 
     </span>
    </p>
   </div>
   <div class='ocr_carea' id='block_1_19' title="bbox 378 2009 1962 2086">
    <p class='ocr_par' dir='ltr' id='par_1_19' title="bbox 378 2009 1962 2086">
     <span class='ocr_line' id='line_1_19' title="bbox 378 2009 1962 2086; baseline -0.006 -14"><span class='ocrx_word' id='word_1_166' title='bbox 378 2020 613 2084; x_wconf 72' lang='lat' dir='ltr'><strong><em>nientem,</em></strong></span> <span class='ocrx_word' id='word_1_167' title='bbox 642 2017 787 2071; x_wconf 87' lang='lat' dir='ltr'><strong><em>etc.?</em></strong></span> <span class='ocrx_word' id='word_1_168' title='bbox 816 2017 929 2086; x_wconf 89' lang='lat' dir='ltr'><strong><em>ipse</em></strong></span> <span class='ocrx_word' id='word_1_169' title='bbox 958 2016 1151 2084; x_wconf 84' lang='lat' dir='ltr'><strong><em>quippe</em></strong></span> <span class='ocrx_word' id='word_1_170' title='bbox 1174 2013 1294 2066; x_wconf 87' lang='lat' dir='ltr'><strong><em>linis</em></strong></span> <span class='ocrx_word' id='word_1_171' title='bbox 1320 2012 1456 2079; x_wconf 91' lang='lat' dir='ltr'><strong><em>erit,</em></strong></span> <span class='ocrx_word' id='word_1_172' title='bbox 1486 2027 1590 2066; x_wconf 93' lang='lat' dir='ltr'><strong><em>uon</em></strong></span> <span class='ocrx_word' id='word_1_173' title='bbox 1619 2020 1743 2065; x_wconf 92' lang='lat' dir='ltr'><strong><em>tunc</em></strong></span> <span class='ocrx_word' id='word_1_174' title='bbox 1783 2009 1962 2079; x_wconf 85' lang='lat' dir='ltr'><strong><em>proxi-</em></strong></span> 
     </span>
    </p>
   </div>
   <div class='ocr_carea' id='block_1_20' title="bbox 379 2103 1961 2176">
    <p class='ocr_par' dir='ltr' id='par_1_20' title="bbox 379 2103 1961 2176">
     <span class='ocr_line' id='line_1_20' title="bbox 379 2103 1961 2176; baseline -0.004 -13"><span class='ocrx_word' id='word_1_175' title='bbox 379 2124 500 2176; x_wconf 81' lang='lat' dir='ltr'><strong><em>mus</em></strong></span> <span class='ocrx_word' id='word_1_176' title='bbox 526 2108 643 2162; x_wconf 88' lang='lat' dir='ltr'><strong><em>erit.</em></strong></span> <span class='ocrx_word' id='word_1_177' title='bbox 677 2106 782 2162; x_wconf 88' lang='lat' dir='ltr'><strong><em>Sed</em></strong></span> <span class='ocrx_word' id='word_1_178' title='bbox 813 2106 1088 2162; x_wconf 79' lang='lat' dir='ltr'><strong><em>Matthaeus</em></strong></span> <span class='ocrx_word' id='word_1_179' title='bbox 1115 2105 1355 2175; x_wconf 87' lang='lat' dir='ltr'><strong><em>aperuit,</em></strong></span> <span class='ocrx_word' id='word_1_180' title='bbox 1381 2104 1541 2157; x_wconf 89' lang='lat' dir='ltr'><strong><em>nullis</em></strong></span> <span class='ocrx_word' id='word_1_181' title='bbox 1570 2103 1809 2170; x_wconf 83' lang='lat' dir='ltr'><strong><em>exceptis</em></strong></span> <span class='ocrx_word' id='word_1_182' title='bbox 1842 2116 1961 2157; x_wconf 89' lang='lat' dir='ltr'><strong><em>esse</em></strong></span> 
     </span>
    </p>
   </div>
   <div class='ocr_carea' id='block_1_21' title="bbox 380 2193 1962 2269">
    <p class='ocr_par' dir='ltr' id='par_1_21' title="bbox 380 2193 1962 2269">
     <span class='ocr_line' id='line_1_21' title="bbox 380 2193 1962 2269; baseline -0.004 -16"><span class='ocrx_word' id='word_1_183' title='bbox 380 2199 744 2269; x_wconf 87' lang='lat' dir='ltr'><strong><em>accipiendum</em></strong></span> <span class='ocrx_word' id='word_1_184' title='bbox 765 2197 905 2268; x_wconf 89' lang='lat' dir='ltr'><strong><em>quod</em></strong></span> <span class='ocrx_word' id='word_1_185' title='bbox 928 2198 1157 2267; x_wconf 86' lang='lat' dir='ltr'><strong><em>positum</em></strong></span> <span class='ocrx_word' id='word_1_186' title='bbox 1184 2203 1286 2261; x_wconf 87' lang='lat' dir='ltr'><strong><em>est,</em></strong></span> <span class='ocrx_word' id='word_1_187' title='bbox 1309 2194 1434 2249; x_wconf 89' lang='lat' dir='ltr'><strong><em>Cum</em></strong></span> <span class='ocrx_word' id='word_1_188' title='bbox 1452 2194 1671 2248; x_wconf 86' lang='lat' dir='ltr'><strong><em>videritis</em></strong></span> <span class='ocrx_word' id='word_1_189' title='bbox 1690 2194 1795 2247; x_wconf 76' lang='lat' dir='ltr'><strong><em>hwc</em></strong></span> <span class='ocrx_word' id='word_1_190' title='bbox 1817 2193 1926 2261; x_wconf 79' lang='lat' dir='ltr'><strong><em>ﬁeri</em></strong></span> <span class='ocrx_word' id='word_1_191' title='bbox 1942 2207 1962 2246; x_wconf 90' lang='lat'><strong><em>:</em></strong></span> 
     </span>
    </p>
   </div>
   <div class='ocr_carea' id='block_1_22' title="bbox 380 2285 1960 2367">
    <p class='ocr_par' dir='ltr' id='par_1_22' title="bbox 380 2285 1960 2367">
     <span class='ocr_line' id='line_1_22' title="bbox 380 2285 1960 2367; baseline -0.006 -19"><span class='ocrx_word' id='word_1_192' title='bbox 380 2309 505 2367; x_wconf 88' lang='lat' dir='ltr'><strong><em>nam</em></strong></span> <span class='ocrx_word' id='word_1_193' title='bbox 531 2305 583 2347; x_wconf 90' lang='lat' dir='ltr'><strong><em>et</em></strong></span> <span class='ocrx_word' id='word_1_194' title='bbox 605 2292 745 2362; x_wconf 90' lang='lat' dir='ltr'><strong><em>apud</em></strong></span> <span class='ocrx_word' id='word_1_195' title='bbox 776 2292 945 2360; x_wconf 87' lang='lat' dir='ltr'><strong><em>ipsum</em></strong></span> <span class='ocrx_word' id='word_1_196' title='bbox 970 2306 1089 2344; x_wconf 92' lang='lat' dir='ltr'><strong><em>cum</em></strong></span> <span class='ocrx_word' id='word_1_197' title='bbox 1117 2289 1315 2342; x_wconf 88' lang='lat' dir='ltr'><strong><em>dictum</em></strong></span> <span class='ocrx_word' id='word_1_198' title='bbox 1345 2294 1507 2353; x_wconf 83' lang='lat' dir='ltr'><strong><em>esset,</em></strong></span> <span class='ocrx_word' id='word_1_199' title='bbox 1538 2285 1603 2338; x_wconf 86' lang='lat' dir='ltr'><strong><em>Et</em></strong></span> <span class='ocrx_word' id='word_1_200' title='bbox 1630 2286 1834 2339; x_wconf 80' lang='lat' dir='ltr'><strong><em>virtutes</em></strong></span> <span class='ocrx_word' id='word_1_201' title='bbox 1859 2299 1960 2338; x_wconf 74' lang='lat' dir='ltr'><strong><em>cae-</em></strong></span> 
     </span>
    </p>
   </div>
   <div class='ocr_carea' id='block_1_23' title="bbox 381 2377 1963 2456">
    <p class='ocr_par' dir='ltr' id='par_1_23' title="bbox 381 2377 1963 2456">
     <span class='ocr_line' id='line_1_23' title="bbox 381 2377 1963 2456; baseline -0.006 -18"><span class='ocrx_word' id='word_1_202' title='bbox 381 2386 545 2456; x_wconf 73' lang='lat' dir='ltr'><strong><em>lorum</em></strong></span> <span class='ocrx_word' id='word_1_203' title='bbox 580 2382 940 2454; x_wconf 77' lang='lat' dir='ltr'><strong><em>movebuntur;</em></strong></span> <span class='ocrx_word' id='word_1_204' title='bbox 972 2390 1017 2435; x_wconf 88' lang='lat' dir='ltr'><strong><em>et</em></strong></span> <span class='ocrx_word' id='word_1_205' title='bbox 1048 2392 1167 2434; x_wconf 87' lang='lat' dir='ltr'><strong><em>tunc</em></strong></span> <span class='ocrx_word' id='word_1_206' title='bbox 1203 2378 1500 2449; x_wconf 88' lang='lat' dir='ltr'><strong><em>apparebit,</em></strong></span> <span class='ocrx_word' id='word_1_207' title='bbox 1532 2377 1734 2448; x_wconf 89' lang='lat' dir='ltr'><strong><em>inquit,</em></strong></span> <span class='ocrx_word' id='word_1_208' title='bbox 1762 2377 1963 2446; x_wconf 85' lang='lat' dir='ltr'><strong><em>signum</em></strong></span> 
     </span>
    </p>
   </div>
   <div class='ocr_carea' id='block_1_24' title="bbox 381 2467 1963 2541">
    <p class='ocr_par' dir='ltr' id='par_1_24' title="bbox 381 2467 1963 2541">
     <span class='ocr_line' id='line_1_24' title="bbox 381 2467 1963 2541; baseline -0.007 -9"><span class='ocrx_word' id='word_1_209' title='bbox 381 2478 506 2531; x_wconf 87' lang='lat' dir='ltr'><strong><em>Filii</em></strong></span> <span class='ocrx_word' id='word_1_210' title='bbox 543 2477 758 2531; x_wconf 79' lang='lat' dir='ltr'><strong><em>hominis</em></strong></span> <span class='ocrx_word' id='word_1_211' title='bbox 797 2476 849 2529; x_wconf 88' lang='lat' dir='ltr'><strong><em>in</em></strong></span> <span class='ocrx_word' id='word_1_212' title='bbox 884 2474 1042 2539; x_wconf 75' lang='lat' dir='ltr'><strong><em>caelo,</em></strong></span> <span class='ocrx_word' id='word_1_213' title='bbox 1075 2483 1120 2527; x_wconf 91' lang='lat' dir='ltr'><strong><em>et</em></strong></span> <span class='ocrx_word' id='word_1_214' title='bbox 1163 2482 1279 2526; x_wconf 88' lang='lat' dir='ltr'><strong><em>tunc</em></strong></span> <span class='ocrx_word' id='word_1_215' title='bbox 1315 2472 1553 2541; x_wconf 77' lang='lat' dir='ltr'><strong><em>plangant</em></strong></span> <span class='ocrx_word' id='word_1_216' title='bbox 1593 2485 1764 2522; x_wconf 88' lang='lat' dir='ltr'><strong><em>omnes</em></strong></span> <span class='ocrx_word' id='word_1_217' title='bbox 1806 2467 1963 2521; x_wconf 88' lang='lat' dir='ltr'><strong><em>tribus</em></strong></span> 
     </span>
    </p>
   </div>
   <div class='ocr_carea' id='block_1_25' title="bbox 381 2557 1963 2639">
    <p class='ocr_par' dir='ltr' id='par_1_25' title="bbox 381 2557 1963 2639">
     <span class='ocr_line' id='line_1_25' title="bbox 381 2557 1963 2639; baseline -0.008 -17"><span class='ocrx_word' id='word_1_218' title='bbox 381 2579 545 2639; x_wconf 76' lang='lat' dir='ltr'><strong><em>terrm.</em></strong></span> <span class='ocrx_word' id='word_1_219' title='bbox 572 2568 635 2621; x_wconf 80' lang='lat' dir='ltr'><strong><em>Et</em></strong></span> <span class='ocrx_word' id='word_1_220' title='bbox 660 2566 892 2621; x_wconf 85' lang='lat' dir='ltr'><strong><em>videbunt</em></strong></span> <span class='ocrx_word' id='word_1_221' title='bbox 922 2565 969 2617; x_wconf 86' lang='lat' dir='ltr'><em>F</em></span> <span class='ocrx_word' id='word_1_222' title='bbox 972 2565 1115 2619; x_wconf 84' lang='lat' dir='ltr'><strong><em>ilium</em></strong></span> <span class='ocrx_word' id='word_1_223' title='bbox 1142 2562 1357 2621; x_wconf 84' lang='lat' dir='ltr'><strong><em>hominis</em></strong></span> <span class='ocrx_word' id='word_1_224' title='bbox 1378 2560 1649 2613; x_wconf 83' lang='lat' dir='ltr'><strong><em>venientem</em></strong></span> <span class='ocrx_word' id='word_1_225' title='bbox 1670 2559 1722 2610; x_wconf 90' lang='lat' dir='ltr'><strong><em>in</em></strong></span> <span class='ocrx_word' id='word_1_226' title='bbox 1751 2557 1963 2610; x_wconf 89' lang='lat' dir='ltr'><strong><em>nubibus</em></strong></span> 
     </span>
    </p>
   </div>
   <div class='ocr_carea' id='block_1_26' title="bbox 382 2647 1965 2718">
    <p class='ocr_par' dir='ltr' id='par_1_26' title="bbox 382 2647 1965 2718">
     <span class='ocr_line' id='line_1_26' title="bbox 382 2647 1965 2718; baseline -0.007 -8"><span class='ocrx_word' id='word_1_227' title='bbox 382 2659 493 2713; x_wconf 70' lang='grc' dir='ltr'><strong><em>σαειὶ</em></strong></span> <span class='ocrx_word' id='word_1_228' title='bbox 517 2659 566 2710; x_wconf 87' lang='lat' dir='ltr'><strong><em>in</em></strong></span> <span class='ocrx_word' id='word_1_229' title='bbox 592 2658 770 2710; x_wconf 84' lang='lat' dir='ltr'><strong><em>virtute</em></strong></span> <span class='ocrx_word' id='word_1_230' title='bbox 791 2653 951 2708; x_wconf 86' lang='lat' dir='ltr'><strong><em>multa</em></strong></span> <span class='ocrx_word' id='word_1_231' title='bbox 977 2662 1022 2707; x_wconf 88' lang='lat' dir='ltr'><strong><em>et</em></strong></span> <span class='ocrx_word' id='word_1_232' title='bbox 1044 2654 1304 2718; x_wconf 75' lang='lat' dir='ltr'><strong><em>majestate</em></strong></span> <span class='ocrx_word' id='word_1_233' title='bbox 1325 2666 1345 2704; x_wconf 90' lang='lat'><strong><em>:</em></strong></span> <span class='ocrx_word' id='word_1_234' title='bbox 1364 2658 1410 2707; x_wconf 81' lang='lat' dir='ltr'><strong><em>et</em></strong></span> <span class='ocrx_word' id='word_1_235' title='bbox 1430 2649 1587 2704; x_wconf 81' lang='lat' dir='ltr'><strong><em>mittet</em></strong></span> <span class='ocrx_word' id='word_1_236' title='bbox 1608 2647 1827 2717; x_wconf 77' lang='lat' dir='ltr'><strong><em>Angelos</em></strong></span> <span class='ocrx_word' id='word_1_237' title='bbox 1846 2661 1965 2700; x_wconf 85' lang='lat' dir='ltr'><strong><em>suos</em></strong></span> 
     </span>
    </p>
   </div>
   <div class='ocr_carea' id='block_1_27' title="bbox 385 2740 1965 2816">
    <p class='ocr_par' dir='ltr' id='par_1_27' title="bbox 385 2740 1965 2816">
     <span class='ocr_line' id='line_1_27' title="bbox 385 2740 1965 2816; baseline -0.006 -14"><span class='ocrx_word' id='word_1_238' title='bbox 385 2767 501 2803; x_wconf 86' lang='lat' dir='ltr'><strong><em>cum</em></strong></span> <span class='ocrx_word' id='word_1_239' title='bbox 530 2748 646 2802; x_wconf 86' lang='lat' dir='ltr'><strong><em>tuba</em></strong></span> <span class='ocrx_word' id='word_1_240' title='bbox 672 2756 718 2802; x_wconf 89' lang='lat' dir='ltr'><strong><em>et</em></strong></span> <span class='ocrx_word' id='word_1_241' title='bbox 745 2763 861 2802; x_wconf 86' lang='lat' dir='ltr'><strong><em>voce</em></strong></span> <span class='ocrx_word' id='word_1_242' title='bbox 881 2763 1091 2816; x_wconf 88' lang='lat' dir='ltr'><strong><em>magna,</em></strong></span> <span class='ocrx_word' id='word_1_243' title='bbox 1120 2754 1167 2799; x_wconf 87' lang='lat' dir='ltr'><strong><em>et</em></strong></span> <span class='ocrx_word' id='word_1_244' title='bbox 1193 2741 1569 2814; x_wconf 86' lang='lat' dir='ltr'><strong><em>congregabunt</em></strong></span> <span class='ocrx_word' id='word_1_245' title='bbox 1595 2740 1774 2795; x_wconf 78' lang='lat' dir='ltr'><strong><em>electos</em></strong></span> <span class='ocrx_word' id='word_1_246' title='bbox 1797 2740 1908 2808; x_wconf 77' lang='lat' dir='ltr'><strong><em>ejus</em></strong></span> <span class='ocrx_word' id='word_1_247' title='bbox 1932 2753 1965 2792; x_wconf 88' lang='lat' dir='ltr'><strong><em>a</em></strong></span> 
     </span>
    </p>
   </div>
   <div class='ocr_carea' id='block_1_28' title="bbox 383 2831 1965 2914">
    <p class='ocr_par' dir='ltr' id='par_1_28' title="bbox 383 2831 1965 2914">
     <span class='ocr_line' id='line_1_28' title="bbox 383 2831 1965 2914; baseline -0.009 -18"><span class='ocrx_word' id='word_1_248' title='bbox 383 2851 597 2914; x_wconf 73' lang='lat' dir='ltr'><strong><em>quatuor</em></strong></span> <span class='ocrx_word' id='word_1_249' title='bbox 622 2839 809 2902; x_wconf 87' lang='lat' dir='ltr'><strong><em>ventis,</em></strong></span> <span class='ocrx_word' id='word_1_250' title='bbox 844 2855 877 2891; x_wconf 90' lang='lat' dir='ltr'><strong><em>a</em></strong></span> <span class='ocrx_word' id='word_1_251' title='bbox 912 2836 1118 2892; x_wconf 88' lang='lat' dir='ltr'><strong><em>summis</em></strong></span> <span class='ocrx_word' id='word_1_252' title='bbox 1156 2834 1397 2889; x_wconf 70' lang='lat' dir='ltr'><strong><em>caelorum</em></strong></span> <span class='ocrx_word' id='word_1_253' title='bbox 1434 2848 1591 2901; x_wconf 84' lang='lat' dir='ltr'><strong><em>usque</em></strong></span> <span class='ocrx_word' id='word_1_254' title='bbox 1628 2831 1696 2883; x_wconf 84' lang='lat' dir='ltr'><strong><em>ad</em></strong></span> <span class='ocrx_word' id='word_1_255' title='bbox 1725 2832 1965 2884; x_wconf 88' lang='lat' dir='ltr'><strong><em>terminos</em></strong></span> 
     </span>
    </p>
   </div>
   <div class='ocr_carea' id='block_1_29' title="bbox 386 2922 1962 2996">
    <p class='ocr_par' dir='ltr' id='par_1_29' title="bbox 386 2922 1962 2996">
     <span class='ocr_line' id='line_1_29' title="bbox 386 2922 1962 2996; baseline -0.007 -11"><span class='ocrx_word' id='word_1_256' title='bbox 386 2948 576 2985; x_wconf 65' lang='lat' dir='ltr'><strong><em>coriam.</em></strong></span> <span class='ocrx_word' id='word_1_257' title='bbox 610 2930 684 2984; x_wconf 80' lang='lat' dir='ltr'><strong><em>Ab</em></strong></span> <span class='ocrx_word' id='word_1_258' title='bbox 721 2932 898 2984; x_wconf 85' lang='lat' dir='ltr'><strong><em>arbore</em></strong></span> <span class='ocrx_word' id='word_1_259' title='bbox 934 2940 1102 2981; x_wconf 89' lang='lat' dir='ltr'><strong><em>autem</em></strong></span> <span class='ocrx_word' id='word_1_260' title='bbox 1144 2927 1229 2996; x_wconf 85' lang='lat' dir='ltr'><strong><em>ﬁci</em></strong></span> <span class='ocrx_word' id='word_1_261' title='bbox 1264 2926 1442 2980; x_wconf 84' lang='lat' dir='ltr'><strong><em>discite</em></strong></span> <span class='ocrx_word' id='word_1_262' title='bbox 1477 2922 1790 2994; x_wconf 73' lang='lat' dir='ltr'><strong><em>paraboiam.</em></strong></span> <span class='ocrx_word' id='word_1_263' title='bbox 1837 2922 1962 2978; x_wconf 85' lang='lat' dir='ltr'><strong><em>Cum</em></strong></span> 
     </span>
    </p>
   </div>
   <div class='ocr_carea' id='block_1_30' title="bbox 381 3013 1964 3093">
    <p class='ocr_par' dir='ltr' id='par_1_30' title="bbox 381 3013 1964 3093">
     <span class='ocr_line' id='line_1_30' title="bbox 381 3013 1964 3093; baseline -0.006 -18"><span class='ocrx_word' id='word_1_264' title='bbox 381 3023 489 3093; x_wconf 78' lang='lat' dir='ltr'><strong><em>jam</em></strong></span> <span class='ocrx_word' id='word_1_265' title='bbox 514 3038 686 3074; x_wconf 87' lang='lat' dir='ltr'><strong><em>ramus</em></strong></span> <span class='ocrx_word' id='word_1_266' title='bbox 721 3021 830 3091; x_wconf 88' lang='lat' dir='ltr'><strong><em>ejus</em></strong></span> <span class='ocrx_word' id='word_1_267' title='bbox 866 3029 1002 3072; x_wconf 86' lang='lat' dir='ltr'><strong><em>tener</em></strong></span> <span class='ocrx_word' id='word_1_268' title='bbox 1029 3018 1217 3089; x_wconf 77' lang='lat' dir='ltr'><strong><em>fuerit,</em></strong></span> <span class='ocrx_word' id='word_1_269' title='bbox 1246 3025 1291 3069; x_wconf 90' lang='lat' dir='ltr'><strong><em>et</em></strong></span> <span class='ocrx_word' id='word_1_270' title='bbox 1331 3016 1455 3084; x_wconf 78' lang='lat' dir='ltr'><strong><em>folia</em></strong></span> <span class='ocrx_word' id='word_1_271' title='bbox 1483 3023 1634 3080; x_wconf 90' lang='lat' dir='ltr'><strong><em>nata,</em></strong></span> <span class='ocrx_word' id='word_1_272' title='bbox 1666 3014 1803 3067; x_wconf 87' lang='lat' dir='ltr'><strong><em>scitis</em></strong></span> <span class='ocrx_word' id='word_1_273' title='bbox 1848 3013 1964 3081; x_wconf 84' lang='lat' dir='ltr'><strong><em>quia</em></strong></span> 
     </span>
    </p>
   </div>
   <div class='ocr_carea' id='block_1_31' title="bbox 385 3104 1969 3184">
    <p class='ocr_par' dir='ltr' id='par_1_31' title="bbox 385 3104 1969 3184">
     <span class='ocr_line' id='line_1_31' title="bbox 385 3104 1969 3184; baseline -0.01 -12"><span class='ocrx_word' id='word_1_274' title='bbox 385 3130 542 3184; x_wconf 66' lang='lat' dir='ltr'><strong><em>prope</em></strong></span> <span class='ocrx_word' id='word_1_275' title='bbox 567 3122 641 3167; x_wconf 88' lang='lat' dir='ltr'><strong><em>est</em></strong></span> <span class='ocrx_word' id='word_1_276' title='bbox 662 3122 810 3167; x_wconf 73' lang='lat' dir='ltr'><strong><em>testas</em></strong></span> <span class='ocrx_word' id='word_1_277' title='bbox 836 3126 856 3165; x_wconf 91' lang='lat'><strong><em>:</em></strong></span> <span class='ocrx_word' id='word_1_278' title='bbox 884 3112 954 3164; x_wconf 86' lang='lat' dir='ltr'><strong><em>ita</em></strong></span> <span class='ocrx_word' id='word_1_279' title='bbox 982 3120 1027 3164; x_wconf 90' lang='lat' dir='ltr'><strong><em>et</em></strong></span> <span class='ocrx_word' id='word_1_280' title='bbox 1047 3126 1132 3162; x_wconf 87' lang='lat' dir='ltr'><strong><em>vos</em></strong></span> <span class='ocrx_word' id='word_1_281' title='bbox 1156 3125 1268 3162; x_wconf 86' lang='lat' dir='ltr'><strong><em>cum</em></strong></span> <span class='ocrx_word' id='word_1_282' title='bbox 1288 3108 1507 3161; x_wconf 85' lang='lat' dir='ltr'><strong><em>videritis</em></strong></span> <span class='ocrx_word' id='word_1_283' title='bbox 1527 3106 1633 3161; x_wconf 64' lang='lat' dir='ltr'><strong><em>haec</em></strong></span> <span class='ocrx_word' id='word_1_284' title='bbox 1660 3106 1848 3173; x_wconf 87' lang='lat' dir='ltr'><strong><em>omnia,</em></strong></span> <span class='ocrx_word' id='word_1_285' title='bbox 1868 3104 1969 3157; x_wconf 83' lang='lat' dir='ltr'><strong><em>sci—</em></strong></span> 
     </span>
    </p>
   </div>
   <div class='ocr_carea' id='block_1_32' title="bbox 388 3201 1197 3273">
    <p class='ocr_par' dir='ltr' id='par_1_32' title="bbox 388 3201 1197 3273">
     <span class='ocr_line' id='line_1_32' title="bbox 388 3201 1197 3273; baseline -0.009 -14"><span class='ocrx_word' id='word_1_286' title='bbox 388 3215 489 3259; x_wconf 89' lang='lat' dir='ltr'><strong><em>tote</em></strong></span> <span class='ocrx_word' id='word_1_287' title='bbox 511 3206 631 3273; x_wconf 84' lang='lat' dir='ltr'><strong><em>quia</em></strong></span> <span class='ocrx_word' id='word_1_288' title='bbox 660 3219 815 3273; x_wconf 86' lang='lat' dir='ltr'><strong><em>pr0pe</em></strong></span> <span class='ocrx_word' id='word_1_289' title='bbox 835 3212 907 3259; x_wconf 85' lang='lat' dir='ltr'><strong><em>est</em></strong></span> <span class='ocrx_word' id='word_1_290' title='bbox 936 3202 985 3254; x_wconf 89' lang='lat' dir='ltr'><strong><em>in</em></strong></span> <span class='ocrx_word' id='word_1_291' title='bbox 997 3201 1197 3271; x_wconf 86' lang='lat' dir='ltr'><strong><em>januis.</em></strong></span> 
     </span>
    </p>
   </div>
   <div class='ocr_carea' id='block_1_33' title="bbox 456 3284 1969 3363">
    <p class='ocr_par' dir='ltr' id='par_1_33' title="bbox 456 3284 1969 3363">
     <span class='ocr_line' id='line_1_33' title="bbox 456 3284 1969 3363; baseline -0.007 -13"><span class='ocrx_word' id='word_1_292' title='bbox 456 3296 548 3351; x_wconf 67' lang='lat'><strong><em>45.</em></strong></span> <span class='ocrx_word' id='word_1_293' title='bbox 581 3296 621 3349; x_wconf 88' lang='grc' dir='ltr'>Τ</span> <span class='ocrx_word' id='word_1_294' title='bbox 627 3310 728 3348; x_wconf 88' lang='lat' dir='ltr'><strong><em>unc</em></strong></span> <span class='ocrx_word' id='word_1_295' title='bbox 758 3309 885 3363; x_wconf 74' lang='lat' dir='ltr'><strong><em>ergo</em></strong></span> <span class='ocrx_word' id='word_1_296' title='bbox 914 3293 1109 3348; x_wconf 82' lang='lat' dir='ltr'><strong><em>scimus</em></strong></span> <span class='ocrx_word' id='word_1_297' title='bbox 1132 3304 1294 3361; x_wconf 86' lang='lat' dir='ltr'><strong><em>prope</em></strong></span> <span class='ocrx_word' id='word_1_298' title='bbox 1325 3303 1444 3343; x_wconf 88' lang='lat' dir='ltr'><strong><em>esse</em></strong></span> <span class='ocrx_word' id='word_1_299' title='bbox 1467 3330 1481 3354; x_wconf 91' lang='lat'><strong><em>,</em></strong></span> <span class='ocrx_word' id='word_1_300' title='bbox 1520 3302 1641 3342; x_wconf 91' lang='lat' dir='ltr'><strong><em>cum</em></strong></span> <span class='ocrx_word' id='word_1_301' title='bbox 1678 3284 1969 3340; x_wconf 83' lang='lat' dir='ltr'><strong><em>viderimus</em></strong></span> 
     </span>
    </p>
   </div>
   <div class='ocr_carea' id='block_1_34' title="bbox 388 3375 1969 3456">
    <p class='ocr_par' dir='ltr' id='par_1_34' title="bbox 388 3375 1969 3456">
     <span class='ocr_line' id='line_1_34' title="bbox 388 3375 1969 3456; baseline -0.008 -13"><span class='ocrx_word' id='word_1_302' title='bbox 388 3403 495 3445; x_wconf 91' lang='lat' dir='ltr'><strong><em>non</em></strong></span> <span class='ocrx_word' id='word_1_303' title='bbox 521 3388 692 3456; x_wconf 84' lang='lat' dir='ltr'><strong><em>aliqua</em></strong></span> <span class='ocrx_word' id='word_1_304' title='bbox 718 3401 934 3448; x_wconf 84' lang='lat' dir='ltr'><strong><em>eorum,</em></strong></span> <span class='ocrx_word' id='word_1_305' title='bbox 968 3382 1062 3438; x_wconf 90' lang='lat' dir='ltr'><strong><em>sed</em></strong></span> <span class='ocrx_word' id='word_1_306' title='bbox 1103 3384 1215 3436; x_wconf 75' lang='lat' dir='ltr'><strong><em>lucc</em></strong></span> <span class='ocrx_word' id='word_1_307' title='bbox 1243 3381 1419 3436; x_wconf 82' lang='lat' dir='ltr'><strong><em>omnia</em></strong></span> <span class='ocrx_word' id='word_1_308' title='bbox 1438 3420 1453 3444; x_wconf 95' lang='lat'><strong><em>,</em></strong></span> <span class='ocrx_word' id='word_1_309' title='bbox 1488 3379 1543 3433; x_wconf 92' lang='lat' dir='ltr'><strong><em>in</em></strong></span> <span class='ocrx_word' id='word_1_310' title='bbox 1567 3378 1760 3449; x_wconf 82' lang='lat' dir='ltr'><strong><em>quibus</em></strong></span> <span class='ocrx_word' id='word_1_311' title='bbox 1788 3385 1842 3431; x_wconf 89' lang='lat' dir='ltr'><strong><em>et</em></strong></span> <span class='ocrx_word' id='word_1_312' title='bbox 1868 3375 1969 3431; x_wconf 89' lang='lat' dir='ltr'><strong><em>hoc</em></strong></span> 
     </span>
    </p>
   </div>
   <div class='ocr_carea' id='block_1_35' title="bbox 389 3469 1970 3547">
    <p class='ocr_par' dir='ltr' id='par_1_35' title="bbox 389 3469 1970 3547">
     <span class='ocr_line' id='line_1_35' title="bbox 389 3469 1970 3547; baseline -0.007 -13"><span class='ocrx_word' id='word_1_313' title='bbox 389 3489 467 3534; x_wconf 84' lang='lat' dir='ltr'><strong><em>est</em></strong></span> <span class='ocrx_word' id='word_1_314' title='bbox 485 3520 500 3544; x_wconf 96' lang='lat'><strong><em>,</em></strong></span> <span class='ocrx_word' id='word_1_315' title='bbox 531 3478 671 3547; x_wconf 90' lang='lat' dir='ltr'><strong><em>quod</em></strong></span> <span class='ocrx_word' id='word_1_316' title='bbox 700 3477 963 3532; x_wconf 85' lang='lat' dir='ltr'><strong><em>videbitur</em></strong></span> <span class='ocrx_word' id='word_1_317' title='bbox 988 3476 1154 3529; x_wconf 83' lang='lat' dir='ltr'><strong><em>Filius</em></strong></span> <span class='ocrx_word' id='word_1_318' title='bbox 1177 3471 1408 3526; x_wconf 84' lang='lat' dir='ltr'><strong><em>hominis</em></strong></span> <span class='ocrx_word' id='word_1_319' title='bbox 1434 3473 1649 3525; x_wconf 88' lang='lat' dir='ltr'><strong><em>veniens</em></strong></span> <span class='ocrx_word' id='word_1_320' title='bbox 1670 3511 1685 3536; x_wconf 93' lang='lat'><strong><em>,</em></strong></span> <span class='ocrx_word' id='word_1_321' title='bbox 1718 3477 1771 3524; x_wconf 90' lang='lat' dir='ltr'><strong><em>et</em></strong></span> <span class='ocrx_word' id='word_1_322' title='bbox 1796 3469 1970 3523; x_wconf 81' lang='lat' dir='ltr'><strong><em>mittet</em></strong></span> 
     </span>
    </p>
   </div>
   <div class='ocr_carea' id='block_1_36' title="bbox 391 3558 1965 3639">
    <p class='ocr_par' dir='ltr' id='par_1_36' title="bbox 391 3558 1965 3639">
     <span class='ocr_line' id='line_1_36' title="bbox 391 3558 1965 3639; baseline -0.01 -15"><span class='ocrx_word' id='word_1_323' title='bbox 391 3571 620 3639; x_wconf 71' lang='lat' dir='ltr'><strong><em>Angelus</em></strong></span> <span class='ocrx_word' id='word_1_324' title='bbox 645 3582 789 3631; x_wconf 91' lang='lat' dir='ltr'><strong><em>suos,</em></strong></span> <span class='ocrx_word' id='word_1_325' title='bbox 830 3577 885 3621; x_wconf 91' lang='lat' dir='ltr'><strong><em>et</em></strong></span> <span class='ocrx_word' id='word_1_326' title='bbox 911 3566 976 3621; x_wconf 89' lang='lat' dir='ltr'><strong><em>de</em></strong></span> <span class='ocrx_word' id='word_1_327' title='bbox 1002 3573 1228 3635; x_wconf 82' lang='lat' dir='ltr'><strong><em>quatuor</em></strong></span> <span class='ocrx_word' id='word_1_328' title='bbox 1259 3561 1439 3617; x_wconf 90' lang='lat' dir='ltr'><strong><em>mundi</em></strong></span> <span class='ocrx_word' id='word_1_329' title='bbox 1468 3562 1705 3630; x_wconf 88' lang='lat' dir='ltr'><strong><em>partibus</em></strong></span> <span class='ocrx_word' id='word_1_330' title='bbox 1732 3600 1747 3623; x_wconf 95' lang='lat'><strong><em>,</em></strong></span> <span class='ocrx_word' id='word_1_331' title='bbox 1782 3558 1833 3612; x_wconf 90' lang='lat' dir='ltr'><strong><em>id</em></strong></span> <span class='ocrx_word' id='word_1_332' title='bbox 1863 3567 1965 3624; x_wconf 90' lang='lat' dir='ltr'><strong><em>est,</em></strong></span> 
     </span>
    </p>
   </div>
   <div class='ocr_carea' id='block_1_37' title="bbox 389 3650 1969 3726">
    <p class='ocr_par' dir='ltr' id='par_1_37' title="bbox 389 3650 1969 3726">
     <span class='ocr_line' id='line_1_37' title="bbox 389 3650 1969 3726; baseline -0.008 -10"><span class='ocrx_word' id='word_1_333' title='bbox 389 3661 457 3715; x_wconf 87' lang='lat' dir='ltr'><strong><em>de</em></strong></span> <span class='ocrx_word' id='word_1_334' title='bbox 483 3669 591 3715; x_wconf 91' lang='lat' dir='ltr'><strong><em>toto</em></strong></span> <span class='ocrx_word' id='word_1_335' title='bbox 615 3660 744 3715; x_wconf 87' lang='lat' dir='ltr'><strong><em>orbe</em></strong></span> <span class='ocrx_word' id='word_1_336' title='bbox 768 3669 1025 3713; x_wconf 87' lang='lat' dir='ltr'><strong><em>terrarum</em></strong></span> <span class='ocrx_word' id='word_1_337' title='bbox 1052 3655 1392 3726; x_wconf 78' lang='lat' dir='ltr'><strong><em>eougregabit</em></strong></span> <span class='ocrx_word' id='word_1_338' title='bbox 1420 3654 1617 3709; x_wconf 82' lang='lat' dir='ltr'><strong><em>electos</em></strong></span> <span class='ocrx_word' id='word_1_339' title='bbox 1644 3667 1797 3716; x_wconf 89' lang='lat' dir='ltr'><strong><em>suos;</em></strong></span> <span class='ocrx_word' id='word_1_340' title='bbox 1827 3650 1969 3720; x_wconf 91' lang='lat' dir='ltr'><strong><em>quod</em></strong></span> 
     </span>
    </p>
   </div>
   <div class='ocr_carea' id='block_1_38' title="bbox 390 3743 1969 3814">
    <p class='ocr_par' dir='ltr' id='par_1_38' title="bbox 390 3743 1969 3814">
     <span class='ocr_line' id='line_1_38' title="bbox 390 3743 1969 3814; baseline -0.007 -7"><span class='ocrx_word' id='word_1_341' title='bbox 390 3762 499 3809; x_wconf 89' lang='lat' dir='ltr'><strong><em>tota</em></strong></span> <span class='ocrx_word' id='word_1_342' title='bbox 532 3753 659 3807; x_wconf 87' lang='lat' dir='ltr'><strong><em>hora</em></strong></span> <span class='ocrx_word' id='word_1_343' title='bbox 696 3752 982 3806; x_wconf 89' lang='lat' dir='ltr'><strong><em>novissima</em></strong></span> <span class='ocrx_word' id='word_1_344' title='bbox 1021 3749 1185 3814; x_wconf 86' lang='lat' dir='ltr'><strong><em>facit,</em></strong></span> <span class='ocrx_word' id='word_1_345' title='bbox 1209 3747 1430 3803; x_wconf 88' lang='lat' dir='ltr'><strong><em>veniens</em></strong></span> <span class='ocrx_word' id='word_1_346' title='bbox 1469 3744 1521 3799; x_wconf 91' lang='lat' dir='ltr'><strong><em>in</em></strong></span> <span class='ocrx_word' id='word_1_347' title='bbox 1560 3744 1673 3800; x_wconf 87' lang='lat' dir='ltr'><strong><em>suis</em></strong></span> <span class='ocrx_word' id='word_1_348' title='bbox 1714 3743 1969 3799; x_wconf 87' lang='lat' dir='ltr'><strong><em>membris</em></strong></span> 
     </span>
    </p>
   </div>
   <div class='ocr_carea' id='block_1_39' title="bbox 394 3833 1971 3911">
    <p class='ocr_par' dir='ltr' id='par_1_39' title="bbox 394 3833 1971 3911">
     <span class='ocr_line' id='line_1_39' title="bbox 394 3833 1971 3911; baseline -0.005 -14"><span class='ocrx_word' id='word_1_349' title='bbox 394 3852 637 3911; x_wconf 87' lang='lat' dir='ltr'><strong><em>tanquam</em></strong></span> <span class='ocrx_word' id='word_1_350' title='bbox 659 3842 710 3897; x_wconf 93' lang='lat' dir='ltr'><strong><em>in</em></strong></span> <span class='ocrx_word' id='word_1_351' title='bbox 738 3842 979 3904; x_wconf 86' lang='lat' dir='ltr'><strong><em>nubibus,</em></strong></span> <span class='ocrx_word' id='word_1_352' title='bbox 1005 3840 1090 3894; x_wconf 87' lang='lat' dir='ltr'><strong><em>vel</em></strong></span> <span class='ocrx_word' id='word_1_353' title='bbox 1118 3839 1171 3893; x_wconf 89' lang='lat' dir='ltr'><strong><em>in</em></strong></span> <span class='ocrx_word' id='word_1_354' title='bbox 1191 3845 1299 3892; x_wconf 89' lang='lat' dir='ltr'><strong><em>tota</em></strong></span> <span class='ocrx_word' id='word_1_355' title='bbox 1323 3838 1434 3906; x_wconf 88' lang='lat' dir='ltr'><strong><em>ipsa</em></strong></span> <span class='ocrx_word' id='word_1_356' title='bbox 1464 3836 1700 3890; x_wconf 84' lang='lat' dir='ltr'><strong><em>Ecclesia</em></strong></span> <span class='ocrx_word' id='word_1_357' title='bbox 1722 3833 1860 3903; x_wconf 88' lang='lat' dir='ltr'><strong><em>quod</em></strong></span> <span class='ocrx_word' id='word_1_358' title='bbox 1883 3841 1971 3889; x_wconf 89' lang='lat' dir='ltr'><strong><em>est</em></strong></span> 
     </span>
    </p>
   </div>
   <div class='ocr_carea' id='block_1_40' title="bbox 394 3927 1970 4004">
    <p class='ocr_par' dir='ltr' id='par_1_40' title="bbox 394 3927 1970 4004">
     <span class='ocr_line' id='line_1_40' title="bbox 394 3927 1970 4004; baseline -0.006 -15"><span class='ocrx_word' id='word_1_359' title='bbox 394 3950 585 4004; x_wconf 85' lang='lat' dir='ltr'><strong><em>corpus</em></strong></span> <span class='ocrx_word' id='word_1_360' title='bbox 610 3934 755 4003; x_wconf 81' lang='lat' dir='ltr'><strong><em>ejus,</em></strong></span> <span class='ocrx_word' id='word_1_361' title='bbox 779 3943 1026 4002; x_wconf 89' lang='lat' dir='ltr'><strong><em>tanquam</em></strong></span> <span class='ocrx_word' id='word_1_362' title='bbox 1050 3932 1100 3985; x_wconf 91' lang='lat' dir='ltr'><strong><em>in</em></strong></span> <span class='ocrx_word' id='word_1_363' title='bbox 1120 3932 1260 3985; x_wconf 86' lang='lat' dir='ltr'><strong><em>nube</em></strong></span> <span class='ocrx_word' id='word_1_364' title='bbox 1283 3943 1470 3999; x_wconf 78' lang='lat' dir='ltr'><strong><em>magna</em></strong></span> <span class='ocrx_word' id='word_1_365' title='bbox 1499 3927 1851 3981; x_wconf 77' lang='lat' dir='ltr'><strong><em>fructiﬁcantc</em></strong></span> <span class='ocrx_word' id='word_1_366' title='bbox 1885 3934 1970 3980; x_wconf 84' lang='lat' dir='ltr'><strong><em>at-</em></strong></span> 
     </span>
    </p>
   </div>
   <div class='ocr_carea' id='block_1_41' title="bbox 394 4016 1968 4096">
    <p class='ocr_par' dir='ltr' id='par_1_41' title="bbox 394 4016 1968 4096">
     <span class='ocr_line' id='line_1_41' title="bbox 394 4016 1968 4096; baseline -0.006 -15"><span class='ocrx_word' id='word_1_367' title='bbox 394 4041 499 4096; x_wconf 89' lang='lat' dir='ltr'><strong><em>que</em></strong></span> <span class='ocrx_word' id='word_1_368' title='bbox 524 4034 799 4080; x_wconf 87' lang='lat' dir='ltr'><strong><em>crescente</em></strong></span> <span class='ocrx_word' id='word_1_369' title='bbox 822 4025 879 4077; x_wconf 88' lang='lat' dir='ltr'><strong><em>iu</em></strong></span> <span class='ocrx_word' id='word_1_370' title='bbox 902 4024 1147 4077; x_wconf 87' lang='lat' dir='ltr'><strong><em>universo</em></strong></span> <span class='ocrx_word' id='word_1_371' title='bbox 1176 4022 1395 4086; x_wconf 91' lang='lat' dir='ltr'><strong><em>mundo,</em></strong></span> <span class='ocrx_word' id='word_1_372' title='bbox 1427 4035 1489 4073; x_wconf 87' lang='lat' dir='ltr'><strong><em>ex</em></strong></span> <span class='ocrx_word' id='word_1_373' title='bbox 1513 4034 1618 4088; x_wconf 91' lang='lat' dir='ltr'><strong><em>quo</em></strong></span> <span class='ocrx_word' id='word_1_374' title='bbox 1637 4018 1797 4086; x_wconf 71' lang='lat' dir='ltr'><strong><em>cmpit</em></strong></span> <span class='ocrx_word' id='word_1_375' title='bbox 1827 4016 1968 4086; x_wconf 75' lang='lat' dir='ltr'><strong><em>pm-</em></strong></span> 
     </span>
    </p>
   </div>
   <div class='ocr_carea' id='block_1_42' title="bbox 394 4109 1973 4182">
    <p class='ocr_par' dir='ltr' id='par_1_42' title="bbox 394 4109 1973 4182">
     <span class='ocr_line' id='line_1_42' title="bbox 394 4109 1973 4182; baseline -0.006 -12"><span class='ocrx_word' id='word_1_376' title='bbox 394 4115 572 4170; x_wconf 84' lang='lat' dir='ltr'><strong><em>dicare</em></strong></span> <span class='ocrx_word' id='word_1_377' title='bbox 607 4124 661 4170; x_wconf 86' lang='lat' dir='ltr'><strong><em>et</em></strong></span> <span class='ocrx_word' id='word_1_378' title='bbox 703 4115 913 4178; x_wconf 87' lang='lat' dir='ltr'><strong><em>dicere,</em></strong></span> <span class='ocrx_word' id='word_1_379' title='bbox 949 4112 1096 4182; x_wconf 82' lang='lat' dir='ltr'><strong><em>Agite</em></strong></span> <span class='ocrx_word' id='word_1_380' title='bbox 1136 4111 1510 4182; x_wconf 76' lang='lat' dir='ltr'><strong><em>paenitentiam,</em></strong></span> <span class='ocrx_word' id='word_1_381' title='bbox 1551 4109 1973 4179; x_wconf 81' lang='lat' dir='ltr'><strong><em>appropinquavit</em></strong></span> 
     </span>
    </p>
   </div>
   <div class='ocr_carea' id='block_1_43' title="bbox 394 4198 1974 4276">
    <p class='ocr_par' dir='ltr' id='par_1_43' title="bbox 394 4198 1974 4276">
     <span class='ocr_line' id='line_1_43' title="bbox 394 4198 1974 4276; baseline -0.006 -15"><span class='ocrx_word' id='word_1_382' title='bbox 394 4209 528 4261; x_wconf 79' lang='lat' dir='ltr'><strong><em>enim</em></strong></span> <span class='ocrx_word' id='word_1_383' title='bbox 562 4222 770 4276; x_wconf 88' lang='lat' dir='ltr'><strong><em>regnum</em></strong></span> <span class='ocrx_word' id='word_1_384' title='bbox 802 4204 1038 4258; x_wconf 71' lang='lat' dir='ltr'><strong><em>caelorum</em></strong></span> <span class='ocrx_word' id='word_1_385' title='bbox 1064 4219 1082 4257; x_wconf 92' lang='lat'><em>:</em></span> <span class='ocrx_word' id='word_1_386' title='bbox 1107 4204 1175 4256; x_wconf 90' lang='lat' dir='ltr'><strong><em>ita</em></strong></span> <span class='ocrx_word' id='word_1_387' title='bbox 1202 4211 1260 4256; x_wconf 88' lang='lat' dir='ltr'><strong><em>ut</em></strong></span> <span class='ocrx_word' id='word_1_388' title='bbox 1289 4201 1515 4255; x_wconf 80' lang='lat' dir='ltr'><strong><em>fortasse</em></strong></span> <span class='ocrx_word' id='word_1_389' title='bbox 1541 4201 1717 4253; x_wconf 86' lang='lat' dir='ltr'><strong><em>omnia</em></strong></span> <span class='ocrx_word' id='word_1_390' title='bbox 1747 4215 1865 4268; x_wconf 86' lang='lat' dir='ltr'><strong><em>quae</em></strong></span> <span class='ocrx_word' id='word_1_391' title='bbox 1905 4198 1974 4252; x_wconf 89' lang='lat' dir='ltr'><strong><em>ab</em></strong></span> 
     </span>
    </p>
   </div>
   <div class='ocr_carea' id='block_1_44' title="bbox 398 4288 1972 4365">
    <p class='ocr_par' dir='ltr' id='par_1_44' title="bbox 398 4288 1972 4365">
     <span class='ocr_line' id='line_1_44' title="bbox 398 4288 1972 4365; baseline -0.008 -12"><span class='ocrx_word' id='word_1_392' title='bbox 398 4300 482 4353; x_wconf 86' lang='lat' dir='ltr'><strong><em>bis</em></strong></span> <span class='ocrx_word' id='word_1_393' title='bbox 510 4297 676 4352; x_wconf 88' lang='lat' dir='ltr'><strong><em>tribus</em></strong></span> <span class='ocrx_word' id='word_1_394' title='bbox 702 4295 1039 4365; x_wconf 76' lang='lat' dir='ltr'><strong><em>evangelistis</em></strong></span> <span class='ocrx_word' id='word_1_395' title='bbox 1061 4294 1197 4347; x_wconf 89' lang='lat' dir='ltr'><strong><em>dicta</em></strong></span> <span class='ocrx_word' id='word_1_396' title='bbox 1225 4299 1347 4346; x_wconf 90' lang='lat' dir='ltr'><strong><em>sunt</em></strong></span> <span class='ocrx_word' id='word_1_397' title='bbox 1380 4291 1447 4344; x_wconf 86' lang='lat' dir='ltr'><strong><em>de</em></strong></span> <span class='ocrx_word' id='word_1_398' title='bbox 1468 4290 1583 4358; x_wconf 88' lang='lat' dir='ltr'><strong><em>ejus</em></strong></span> <span class='ocrx_word' id='word_1_399' title='bbox 1607 4290 1855 4355; x_wconf 86' lang='lat' dir='ltr'><strong><em>adventu,</em></strong></span> <span class='ocrx_word' id='word_1_400' title='bbox 1884 4288 1972 4342; x_wconf 89' lang='lat' dir='ltr'><strong><em>di-</em></strong></span> 
     </span>
    </p>
   </div>
   <div class='ocr_carea' id='block_1_45' title="bbox 397 4380 1973 4461">
    <p class='ocr_par' dir='ltr' id='par_1_45' title="bbox 397 4380 1973 4461">
     <span class='ocr_line' id='line_1_45' title="bbox 397 4380 1973 4461; baseline -0.008 -16"><span class='ocrx_word' id='word_1_401' title='bbox 397 4390 648 4461; x_wconf 76' lang='lat' dir='ltr'><strong><em>ligentius</em></strong></span> <span class='ocrx_word' id='word_1_402' title='bbox 677 4388 815 4442; x_wconf 90' lang='lat' dir='ltr'><strong><em>inter</em></strong></span> <span class='ocrx_word' id='word_1_403' title='bbox 846 4402 905 4442; x_wconf 89' lang='lat' dir='ltr'><strong><em>se</em></strong></span> <span class='ocrx_word' id='word_1_404' title='bbox 932 4386 1123 4441; x_wconf 73' lang='lat' dir='ltr'><strong><em>collata</em></strong></span> <span class='ocrx_word' id='word_1_405' title='bbox 1153 4394 1311 4453; x_wconf 88' lang='lat' dir='ltr'><strong><em>atque</em></strong></span> <span class='ocrx_word' id='word_1_406' title='bbox 1337 4382 1571 4437; x_wconf 89' lang='lat' dir='ltr'><strong><em>discussa</em></strong></span> <span class='ocrx_word' id='word_1_407' title='bbox 1589 4422 1605 4447; x_wconf 86' lang='lat'><strong><em>,</em></strong></span> <span class='ocrx_word' id='word_1_408' title='bbox 1638 4380 1973 4434; x_wconf 88' lang='lat' dir='ltr'><strong><em>inveniantur</em></strong></span> 
     </span>
    </p>
   </div>
   <div class='ocr_carea' id='block_1_46' title="bbox 396 4470 1971 4549">
    <p class='ocr_par' dir='ltr' id='par_1_46' title="bbox 396 4470 1971 4549">
     <span class='ocr_line' id='line_1_46' title="bbox 396 4470 1971 4549; baseline -0.009 -14"><span class='ocrx_word' id='word_1_409' title='bbox 396 4482 464 4536; x_wconf 88' lang='lat' dir='ltr'><strong><em>ad</em></strong></span> <span class='ocrx_word' id='word_1_410' title='bbox 491 4481 593 4534; x_wconf 90' lang='lat' dir='ltr'><strong><em>hoc</em></strong></span> <span class='ocrx_word' id='word_1_411' title='bbox 622 4479 907 4549; x_wconf 88' lang='lat' dir='ltr'><strong><em>pertinere,</em></strong></span> <span class='ocrx_word' id='word_1_412' title='bbox 940 4475 1077 4546; x_wconf 87' lang='lat' dir='ltr'><strong><em>quod</em></strong></span> <span class='ocrx_word' id='word_1_413' title='bbox 1099 4474 1332 4544; x_wconf 90' lang='lat' dir='ltr'><strong><em>quotidie</em></strong></span> <span class='ocrx_word' id='word_1_414' title='bbox 1349 4471 1493 4526; x_wconf 87' lang='lat' dir='ltr'><strong><em>venit</em></strong></span> <span class='ocrx_word' id='word_1_415' title='bbox 1521 4470 1572 4524; x_wconf 91' lang='lat' dir='ltr'><strong><em>in</em></strong></span> <span class='ocrx_word' id='word_1_416' title='bbox 1603 4483 1828 4538; x_wconf 89' lang='lat' dir='ltr'><strong><em>corpore</em></strong></span> <span class='ocrx_word' id='word_1_417' title='bbox 1853 4483 1971 4535; x_wconf 89' lang='lat' dir='ltr'><strong><em>suo,</em></strong></span> 
     </span>
    </p>
   </div>
   <div class='ocr_carea' id='block_1_47' title="bbox 398 4561 1975 4642">
    <p class='ocr_par' dir='ltr' id='par_1_47' title="bbox 398 4561 1975 4642">
     <span class='ocr_line' id='line_1_47' title="bbox 398 4561 1975 4642; baseline -0.008 -15"><span class='ocrx_word' id='word_1_418' title='bbox 398 4572 537 4642; x_wconf 89' lang='lat' dir='ltr'><strong><em>quod</em></strong></span> <span class='ocrx_word' id='word_1_419' title='bbox 568 4580 647 4626; x_wconf 82' lang='lat' dir='ltr'><strong><em>est</em></strong></span> <span class='ocrx_word' id='word_1_420' title='bbox 673 4569 911 4625; x_wconf 84' lang='lat' dir='ltr'><strong><em>Ecclesia</em></strong></span> <span class='ocrx_word' id='word_1_421' title='bbox 943 4567 1043 4640; x_wconf 88' lang='lat' dir='ltr'><strong><em>(de</em></strong></span> <span class='ocrx_word' id='word_1_422' title='bbox 1063 4582 1168 4638; x_wconf 88' lang='lat' dir='ltr'><strong><em>quo</em></strong></span> <span class='ocrx_word' id='word_1_423' title='bbox 1197 4566 1427 4621; x_wconf 88' lang='lat' dir='ltr'><strong><em>adventu</em></strong></span> <span class='ocrx_word' id='word_1_424' title='bbox 1457 4579 1552 4618; x_wconf 92' lang='lat' dir='ltr'><strong><em>suo</em></strong></span> <span class='ocrx_word' id='word_1_425' title='bbox 1578 4562 1710 4617; x_wconf 85' lang='lat' dir='ltr'><strong><em>dixit</em></strong></span> <span class='ocrx_word' id='word_1_426' title='bbox 1735 4604 1750 4628; x_wconf 92' lang='lat'><strong><em>,</em></strong></span> <span class='ocrx_word' id='word_1_427' title='bbox 1778 4561 1975 4615; x_wconf 82' lang='lat' dir='ltr'><strong><em>Amodo</em></strong></span> 
     </span>
    </p>
   </div>
   <div class='ocr_carea' id='block_1_48' title="bbox 399 4656 1976 4731">
    <p class='ocr_par' dir='ltr' id='par_1_48' title="bbox 399 4656 1976 4731">
     <span class='ocr_line' id='line_1_48' title="bbox 399 4656 1976 4731; baseline -0.006 -14"><span class='ocrx_word' id='word_1_428' title='bbox 399 4663 621 4718; x_wconf 82' lang='lat' dir='ltr'><strong><em>videbitis</em></strong></span> <span class='ocrx_word' id='word_1_429' title='bbox 650 4660 843 4715; x_wconf 82' lang='lat' dir='ltr'><strong><em>Filium</em></strong></span> <span class='ocrx_word' id='word_1_430' title='bbox 876 4660 1090 4713; x_wconf 76' lang='lat' dir='ltr'><strong><em>hominis</em></strong></span> <span class='ocrx_word' id='word_1_431' title='bbox 1117 4657 1366 4731; x_wconf 79' lang='lat' dir='ltr'><strong><em>sedentem</em></strong></span> <span class='ocrx_word' id='word_1_432' title='bbox 1389 4674 1420 4709; x_wconf 91' lang='lat' dir='ltr'><strong><em>a</em></strong></span> <span class='ocrx_word' id='word_1_433' title='bbox 1457 4656 1644 4709; x_wconf 79' lang='lat' dir='ltr'><strong><em>dextris</em></strong></span> <span class='ocrx_word' id='word_1_434' title='bbox 1671 4656 1864 4710; x_wconf 80' lang='lat' dir='ltr'><strong><em>virtutis</em></strong></span> <span class='ocrx_word' id='word_1_435' title='bbox 1886 4696 1901 4721; x_wconf 93' lang='lat'><strong><em>,</em></strong></span> <span class='ocrx_word' id='word_1_436' title='bbox 1929 4663 1976 4708; x_wconf 86' lang='lat' dir='ltr'><strong><em>et</em></strong></span> 
     </span>
    </p>
   </div>
   <div class='ocr_carea' id='block_1_49' title="bbox 401 4745 1977 4818">
    <p class='ocr_par' dir='ltr' id='par_1_49' title="bbox 401 4745 1977 4818">
     <span class='ocr_line' id='line_1_49' title="bbox 401 4745 1977 4818; baseline -0.004 -12"><span class='ocrx_word' id='word_1_437' title='bbox 401 4754 671 4807; x_wconf 83' lang='lat' dir='ltr'><strong><em>venientem</em></strong></span> <span class='ocrx_word' id='word_1_438' title='bbox 693 4752 744 4805; x_wconf 91' lang='lat' dir='ltr'><strong><em>in</em></strong></span> <span class='ocrx_word' id='word_1_439' title='bbox 765 4750 973 4804; x_wconf 81' lang='lat' dir='ltr'><strong><em>nubibus</em></strong></span> <span class='ocrx_word' id='word_1_440' title='bbox 999 4749 1110 4804; x_wconf 66' lang='grc' dir='ltr'><strong><em>εαξη</em></strong></span> <span class='ocrx_word' id='word_1_441' title='bbox 1129 4749 1178 4818; x_wconf 87' lang='grc'><strong><em>);</em></strong></span> <span class='ocrx_word' id='word_1_442' title='bbox 1202 4752 1437 4818; x_wconf 88' lang='lat' dir='ltr'><strong><em>exceptis</em></strong></span> <span class='ocrx_word' id='word_1_443' title='bbox 1459 4746 1540 4800; x_wconf 91' lang='lat' dir='ltr'><strong><em>his</em></strong></span> <span class='ocrx_word' id='word_1_444' title='bbox 1561 4745 1689 4801; x_wconf 88' lang='lat' dir='ltr'><strong><em>locis</em></strong></span> <span class='ocrx_word' id='word_1_445' title='bbox 1712 4746 1798 4799; x_wconf 90' lang='lat' dir='ltr'><strong><em>ubi</em></strong></span> <span class='ocrx_word' id='word_1_446' title='bbox 1820 4745 1887 4799; x_wconf 88' lang='lat' dir='ltr'><strong><em>ab</em></strong></span> <span class='ocrx_word' id='word_1_447' title='bbox 1911 4759 1977 4799; x_wconf 88' lang='lat' dir='ltr'><strong><em>eo</em></strong></span> 
     </span>
    </p>
   </div>
   <div class='ocr_carea' id='block_1_50' title="bbox 401 4838 1973 4910">
    <p class='ocr_par' dir='ltr' id='par_1_50' title="bbox 401 4838 1973 4910">
     <span class='ocr_line' id='line_1_50' title="bbox 401 4838 1973 4910; baseline -0.005 -10"><span class='ocrx_word' id='word_1_448' title='bbox 401 4847 491 4900; x_wconf 87' lang='lat' dir='ltr'><strong><em>ille</em></strong></span> <span class='ocrx_word' id='word_1_449' title='bbox 518 4846 777 4899; x_wconf 87' lang='lat' dir='ltr'><strong><em>adventus</em></strong></span> <span class='ocrx_word' id='word_1_450' title='bbox 800 4843 1014 4896; x_wconf 86' lang='lat' dir='ltr'><strong><em>ultimus</em></strong></span> <span class='ocrx_word' id='word_1_451' title='bbox 1037 4843 1091 4895; x_wconf 90' lang='lat' dir='ltr'><strong><em>in</em></strong></span> <span class='ocrx_word' id='word_1_452' title='bbox 1119 4841 1324 4910; x_wconf 80' lang='lat' dir='ltr'><strong><em>seipse,</em></strong></span> <span class='ocrx_word' id='word_1_453' title='bbox 1352 4840 1566 4909; x_wconf 83' lang='lat' dir='ltr'><strong><em>quando</em></strong></span> <span class='ocrx_word' id='word_1_454' title='bbox 1603 4848 1685 4894; x_wconf 86' lang='lat' dir='ltr'><strong><em>est</em></strong></span> <span class='ocrx_word' id='word_1_455' title='bbox 1711 4840 1861 4893; x_wconf 87' lang='lat' dir='ltr'><strong><em>vivos</em></strong></span> <span class='ocrx_word' id='word_1_456' title='bbox 1886 4838 1973 4907; x_wconf 87' lang='lat' dir='ltr'><strong><em>ju-</em></strong></span> 
     </span>
    </p>
   </div>
   <div class='ocr_carea' id='block_1_51' title="bbox 401 4932 1978 5002">
    <p class='ocr_par' dir='ltr' id='par_1_51' title="bbox 401 4932 1978 5002">
     <span class='ocr_line' id='line_1_51' title="bbox 401 4932 1978 5002; baseline -0.003 -11"><span class='ocrx_word' id='word_1_457' title='bbox 401 4937 670 4991; x_wconf 89' lang='lat' dir='ltr'><strong><em>dicaturus</em></strong></span> <span class='ocrx_word' id='word_1_458' title='bbox 696 4943 750 4989; x_wconf 91' lang='lat' dir='ltr'><strong><em>et</em></strong></span> <span class='ocrx_word' id='word_1_459' title='bbox 774 4944 1009 4988; x_wconf 90' lang='lat' dir='ltr'><strong><em>mortuos</em></strong></span> <span class='ocrx_word' id='word_1_460' title='bbox 1030 4976 1044 4998; x_wconf 90' lang='lat'><strong><em>,</em></strong></span> <span class='ocrx_word' id='word_1_461' title='bbox 1078 4935 1146 4986; x_wconf 89' lang='lat' dir='ltr'><strong><em>ita</em></strong></span> <span class='ocrx_word' id='word_1_462' title='bbox 1184 4933 1505 5002; x_wconf 86' lang='lat' dir='ltr'><strong><em>promittitur</em></strong></span> <span class='ocrx_word' id='word_1_463' title='bbox 1531 4941 1588 4986; x_wconf 92' lang='lat' dir='ltr'><strong><em>ut</em></strong></span> <span class='ocrx_word' id='word_1_464' title='bbox 1620 4932 1978 5001; x_wconf 82' lang='lat' dir='ltr'><strong><em>propinquare</em></strong></span> 
     </span>
    </p>
   </div>
   <div class='ocr_carea' id='block_1_52' title="bbox 400 5021 1977 5096">
    <p class='ocr_par' dir='ltr' id='par_1_52' title="bbox 400 5021 1977 5096">
     <span class='ocr_line' id='line_1_52' title="bbox 400 5021 1977 5096; baseline -0.005 -14"><span class='ocrx_word' id='word_1_465' title='bbox 400 5029 624 5093; x_wconf 85' lang='lat' dir='ltr'><strong><em>dicatur,</em></strong></span> <span class='ocrx_word' id='word_1_466' title='bbox 665 5035 718 5081; x_wconf 89' lang='lat' dir='ltr'><strong><em>et</em></strong></span> <span class='ocrx_word' id='word_1_467' title='bbox 743 5025 882 5096; x_wconf 89' lang='lat' dir='ltr'><strong><em>quod</em></strong></span> <span class='ocrx_word' id='word_1_468' title='bbox 914 5025 964 5079; x_wconf 91' lang='lat' dir='ltr'><strong><em>in</em></strong></span> <span class='ocrx_word' id='word_1_469' title='bbox 990 5024 1179 5078; x_wconf 82' lang='lat' dir='ltr'><strong><em>ultimo</em></strong></span> <span class='ocrx_word' id='word_1_470' title='bbox 1216 5025 1482 5077; x_wconf 88' lang='lat' dir='ltr'><strong><em>sermonis</em></strong></span> <span class='ocrx_word' id='word_1_471' title='bbox 1523 5023 1815 5076; x_wconf 81' lang='lat' dir='ltr'><strong><em>secundum</em></strong></span> <span class='ocrx_word' id='word_1_472' title='bbox 1848 5021 1977 5075; x_wconf 77' lang='lat' dir='ltr'><strong><em>Mat-</em></strong></span> 
     </span>
    </p>
   </div>
   <div class='ocr_carea' id='block_1_53' title="bbox 401 5114 1977 5188">
    <p class='ocr_par' dir='ltr' id='par_1_53' title="bbox 401 5114 1977 5188">
     <span class='ocr_line' id='line_1_53' title="bbox 401 5114 1977 5188; baseline -0.007 -12"><span class='ocrx_word' id='word_1_473' title='bbox 401 5120 599 5176; x_wconf 69' lang='lat' dir='ltr'><strong><em>thaaum</em></strong></span> <span class='ocrx_word' id='word_1_474' title='bbox 626 5120 742 5188; x_wconf 90' lang='lat' dir='ltr'><strong><em>ipse</em></strong></span> <span class='ocrx_word' id='word_1_475' title='bbox 780 5116 997 5172; x_wconf 87' lang='lat' dir='ltr'><strong><em>omnino</em></strong></span> <span class='ocrx_word' id='word_1_476' title='bbox 1042 5115 1297 5168; x_wconf 86' lang='lat' dir='ltr'><strong><em>adventus</em></strong></span> <span class='ocrx_word' id='word_1_477' title='bbox 1335 5115 1606 5169; x_wconf 76' lang='lat' dir='ltr'><strong><em>evidenter</em></strong></span> <span class='ocrx_word' id='word_1_478' title='bbox 1640 5114 1977 5187; x_wconf 81' lang='lat' dir='ltr'><strong><em>exprimitur,</em></strong></span> 
     </span>
    </p>
   </div>
   <div class='ocr_carea' id='block_1_54' title="bbox 402 5203 1979 5280">
    <p class='ocr_par' dir='ltr' id='par_1_54' title="bbox 402 5203 1979 5280">
     <span class='ocr_line' id='line_1_54' title="bbox 402 5203 1979 5280; baseline -0.006 -15"><span class='ocrx_word' id='word_1_479' title='bbox 402 5211 552 5280; x_wconf 85' lang='lat' dir='ltr'><strong><em>cujus</em></strong></span> <span class='ocrx_word' id='word_1_480' title='bbox 582 5208 826 5277; x_wconf 88' lang='lat' dir='ltr'><strong><em>superius</em></strong></span> <span class='ocrx_word' id='word_1_481' title='bbox 849 5206 1162 5276; x_wconf 83' lang='lat' dir='ltr'><strong><em>quibusdam</em></strong></span> <span class='ocrx_word' id='word_1_482' title='bbox 1190 5204 1354 5275; x_wconf 77' lang='lat' dir='ltr'><strong><em>signis</em></strong></span> <span class='ocrx_word' id='word_1_483' title='bbox 1382 5205 1744 5276; x_wconf 69' lang='lat' dir='ltr'><strong><em>propinquitas</em></strong></span> <span class='ocrx_word' id='word_1_484' title='bbox 1780 5203 1979 5257; x_wconf 84' lang='lat' dir='ltr'><strong><em>intelli-</em></strong></span> 
     </span>
    </p>
   </div>
   <div class='ocr_carea' id='block_1_55' title="bbox 401 5295 1976 5371">
    <p class='ocr_par' dir='ltr' id='par_1_55' title="bbox 401 5295 1976 5371">
     <span class='ocr_line' id='line_1_55' title="bbox 401 5295 1976 5371; baseline -0.006 -15"><span class='ocrx_word' id='word_1_485' title='bbox 401 5300 573 5371; x_wconf 81' lang='lat' dir='ltr'><strong><em>genda</em></strong></span> <span class='ocrx_word' id='word_1_486' title='bbox 613 5306 960 5354; x_wconf 89' lang='lat' dir='ltr'><strong><em>monstratur.</em></strong></span> <span class='ocrx_word' id='word_1_487' title='bbox 999 5296 1077 5351; x_wconf 84' lang='lat' dir='ltr'><strong><em>Ad</em></strong></span> <span class='ocrx_word' id='word_1_488' title='bbox 1114 5296 1215 5351; x_wconf 89' lang='lat' dir='ltr'><strong><em>hoc</em></strong></span> <span class='ocrx_word' id='word_1_489' title='bbox 1262 5298 1457 5365; x_wconf 83' lang='lat' dir='ltr'><strong><em>quippe</em></strong></span> <span class='ocrx_word' id='word_1_490' title='bbox 1495 5296 1631 5365; x_wconf 89' lang='lat' dir='ltr'><strong><em>apud</em></strong></span> <span class='ocrx_word' id='word_1_491' title='bbox 1674 5295 1976 5349; x_wconf 61' lang='lat' dir='ltr'><strong><em>Matth-stum</em></strong></span> 
     </span>
    </p>
   </div>
   <div class='ocr_carea' id='block_1_56' title="bbox 404 5384 1981 5460">
    <p class='ocr_par' dir='ltr' id='par_1_56' title="bbox 404 5384 1981 5460">
     <span class='ocr_line' id='line_1_56' title="bbox 404 5384 1981 5460; baseline -0.006 -13"><span class='ocrx_word' id='word_1_492' title='bbox 404 5406 582 5448; x_wconf 87' lang='lat' dir='ltr'><strong><em>sermo</em></strong></span> <span class='ocrx_word' id='word_1_493' title='bbox 607 5391 721 5460; x_wconf 89' lang='lat' dir='ltr'><strong><em>ipse</em></strong></span> <span class='ocrx_word' id='word_1_494' title='bbox 741 5388 1074 5445; x_wconf 88' lang='lat' dir='ltr'><strong><em>concluditur</em></strong></span> <span class='ocrx_word' id='word_1_495' title='bbox 1102 5404 1115 5439; x_wconf 91' lang='lat'><strong>:</strong></span> <span class='ocrx_word' id='word_1_496' title='bbox 1140 5385 1263 5441; x_wconf 86' lang='lat' dir='ltr'><strong><em>Cum</em></strong></span> <span class='ocrx_word' id='word_1_497' title='bbox 1300 5397 1463 5440; x_wconf 86' lang='lat' dir='ltr'><strong><em>autem</em></strong></span> <span class='ocrx_word' id='word_1_498' title='bbox 1490 5387 1676 5439; x_wconf 85' lang='lat' dir='ltr'><strong><em>venerit</em></strong></span> <span class='ocrx_word' id='word_1_499' title='bbox 1704 5384 1870 5439; x_wconf 84' lang='lat' dir='ltr'><strong><em>Filius</em></strong></span> <span class='ocrx_word' id='word_1_500' title='bbox 1887 5386 1981 5438; x_wconf 83' lang='lat' dir='ltr'><strong><em>ho-</em></strong></span> 
     </span>
    </p>
   </div>
   <div class='ocr_carea' id='block_1_57' title="bbox 404 5474 2009 5550">
    <p class='ocr_par' dir='ltr' id='par_1_57' title="bbox 404 5474 2009 5550">
     <span class='ocr_line' id='line_1_57' title="bbox 404 5474 2009 5550; baseline -0.005 -14"><span class='ocrx_word' id='word_1_501' title='bbox 404 5483 575 5548; x_wconf 86' lang='lat' dir='ltr'><strong><em>minis,</em></strong></span> <span class='ocrx_word' id='word_1_502' title='bbox 600 5480 795 5550; x_wconf 86' lang='lat' dir='ltr'><strong><em>inquit,</em></strong></span> <span class='ocrx_word' id='word_1_503' title='bbox 841 5479 893 5531; x_wconf 89' lang='lat' dir='ltr'><strong><em>in</em></strong></span> <span class='ocrx_word' id='word_1_504' title='bbox 922 5480 1184 5549; x_wconf 83' lang='lat' dir='ltr'><strong><em>majestate</em></strong></span> <span class='ocrx_word' id='word_1_505' title='bbox 1210 5494 1301 5531; x_wconf 87' lang='lat' dir='ltr'><strong><em>sua</em></strong></span> <span class='ocrx_word' id='word_1_506' title='bbox 1320 5518 1335 5543; x_wconf 97' lang='lat'><strong><em>,</em></strong></span> <span class='ocrx_word' id='word_1_507' title='bbox 1377 5485 1421 5531; x_wconf 89' lang='lat' dir='ltr'><strong><em>et</em></strong></span> <span class='ocrx_word' id='word_1_508' title='bbox 1466 5492 1635 5529; x_wconf 87' lang='lat' dir='ltr'><strong><em>onmes</em></strong></span> <span class='ocrx_word' id='word_1_509' title='bbox 1660 5474 1841 5545; x_wconf 80' lang='lat' dir='ltr'><strong><em>Angeli</em></strong></span> <span class='ocrx_word' id='word_1_510' title='bbox 1865 5490 1980 5528; x_wconf 85' lang='lat' dir='ltr'><strong><em>cum</em></strong></span> <span class='ocrx_word' id='word_1_511' title='bbox 2006 5480 2009 5487; x_wconf 86' lang='lat'>&#39;</span> 
     </span>
    </p>
   </div>
   <div class='ocr_carea' id='block_1_58' title="bbox 406 5566 1973 5638">
    <p class='ocr_par' dir='ltr' id='par_1_58' title="bbox 406 5566 1973 5638">
     <span class='ocr_line' id='line_1_58' title="bbox 406 5566 1973 5638; baseline -0.005 -14"><span class='ocrx_word' id='word_1_512' title='bbox 406 5588 496 5635; x_wconf 88' lang='lat' dir='ltr'><strong><em>eo;</em></strong></span> <span class='ocrx_word' id='word_1_513' title='bbox 527 5580 645 5622; x_wconf 86' lang='lat' dir='ltr'><strong><em>tunc</em></strong></span> <span class='ocrx_word' id='word_1_514' title='bbox 669 5568 853 5623; x_wconf 82' lang='lat' dir='ltr'><strong><em>sedebit</em></strong></span> <span class='ocrx_word' id='word_1_515' title='bbox 881 5584 1029 5637; x_wconf 86' lang='lat' dir='ltr'><strong><em>super</em></strong></span> <span class='ocrx_word' id='word_1_516' title='bbox 1057 5567 1222 5621; x_wconf 89' lang='lat' dir='ltr'><strong><em>sedem</em></strong></span> <span class='ocrx_word' id='word_1_517' title='bbox 1248 5566 1522 5638; x_wconf 85' lang='lat' dir='ltr'><strong><em>majestatis</em></strong></span> <span class='ocrx_word' id='word_1_518' title='bbox 1544 5581 1676 5631; x_wconf 66' lang='lat' dir='ltr'><strong><em>sum,</em></strong></span> <span class='ocrx_word' id='word_1_519' title='bbox 1710 5574 1826 5618; x_wconf 89' lang='lat' dir='ltr'><strong><em>tunc</em></strong></span> <span class='ocrx_word' id='word_1_520' title='bbox 1854 5580 1973 5617; x_wconf 89' lang='lat' dir='ltr'><strong><em>con-</em></strong></span> 
     </span>
    </p>
   </div>
   <div class='ocr_carea' id='block_1_59' title="bbox 403 5656 1978 5733">
    <p class='ocr_par' dir='ltr' id='par_1_59' title="bbox 403 5656 1978 5733">
     <span class='ocr_line' id='line_1_59' title="bbox 403 5656 1978 5733; baseline -0.003 -18"><span class='ocrx_word' id='word_1_521' title='bbox 403 5662 745 5733; x_wconf 75' lang='lat' dir='ltr'><strong><em>gregabantur</em></strong></span> <span class='ocrx_word' id='word_1_522' title='bbox 767 5671 881 5715; x_wconf 86' lang='lat' dir='ltr'><strong><em>ante</em></strong></span> <span class='ocrx_word' id='word_1_523' title='bbox 921 5678 1035 5715; x_wconf 88' lang='lat' dir='ltr'><strong><em>eum</em></strong></span> <span class='ocrx_word' id='word_1_524' title='bbox 1070 5676 1239 5714; x_wconf 90' lang='lat' dir='ltr'><strong><em>omnes</em></strong></span> <span class='ocrx_word' id='word_1_525' title='bbox 1271 5669 1474 5730; x_wconf 75' lang='lat' dir='ltr'><strong><em>gentes;</em></strong></span> <span class='ocrx_word' id='word_1_526' title='bbox 1501 5667 1555 5713; x_wconf 90' lang='lat' dir='ltr'><strong><em>et</em></strong></span> <span class='ocrx_word' id='word_1_527' title='bbox 1581 5656 1771 5713; x_wconf 58' lang='lat' dir='ltr'><strong><em>caetera</em></strong></span> <span class='ocrx_word' id='word_1_528' title='bbox 1812 5671 1978 5727; x_wconf 87' lang='lat' dir='ltr'><strong><em>usque</em></strong></span> 
     </span>
    </p>
   </div>
   <div class='ocr_carea' id='block_1_60' title="bbox 403 5750 1976 5823">
    <p class='ocr_par' dir='ltr' id='par_1_60' title="bbox 403 5750 1976 5823">
     <span class='ocr_line' id='line_1_60' title="bbox 403 5750 1976 5823; baseline -0.003 -17"><span class='ocrx_word' id='word_1_529' title='bbox 403 5753 470 5807; x_wconf 85' lang='lat' dir='ltr'><strong><em>ad</em></strong></span> <span class='ocrx_word' id='word_1_530' title='bbox 496 5752 644 5821; x_wconf 88' lang='lat' dir='ltr'><strong><em>illud,</em></strong></span> <span class='ocrx_word' id='word_1_531' title='bbox 673 5753 762 5816; x_wconf 83' lang='lat' dir='ltr'><strong><em>ubi</em></strong></span> <span class='ocrx_word' id='word_1_532' title='bbox 788 5752 882 5821; x_wconf 84' lang='lat' dir='ltr'><strong><em>ait,</em></strong></span> <span class='ocrx_word' id='word_1_533' title='bbox 914 5751 980 5805; x_wconf 79' lang='lat' dir='ltr'><strong><em>Et</em></strong></span> <span class='ocrx_word' id='word_1_534' title='bbox 1026 5752 1164 5806; x_wconf 86' lang='lat' dir='ltr'><strong><em>ibunt</em></strong></span> <span class='ocrx_word' id='word_1_535' title='bbox 1193 5752 1244 5805; x_wconf 90' lang='lat' dir='ltr'><strong><em>hi</em></strong></span> <span class='ocrx_word' id='word_1_536' title='bbox 1268 5752 1320 5806; x_wconf 86' lang='lat' dir='ltr'><strong><em>in</em></strong></span> <span class='ocrx_word' id='word_1_537' title='bbox 1351 5750 1655 5823; x_wconf 87' lang='lat' dir='ltr'><strong><em>supplicium</em></strong></span> <span class='ocrx_word' id='word_1_538' title='bbox 1697 5757 1976 5815; x_wconf 74' lang='lat' dir='ltr'><strong><em>a&#39;ternum;</em></strong></span> 
     </span>
    </p>
   </div>
   <div class='ocr_carea' id='block_1_61' title="bbox 1566 357 2445 422">
    <p class='ocr_par' dir='ltr' id='par_1_61' title="bbox 1566 357 2445 422">
     <span class='ocr_line' id='line_1_61' title="bbox 1566 357 2445 422; baseline -0.008 -4"><span class='ocrx_word' id='word_1_539' title='bbox 1566 359 2041 422; x_wconf 64' lang='lat' dir='ltr'><strong><em>EPISTLLARUM</em></strong></span> <span class='ocrx_word' id='word_1_540' title='bbox 2068 357 2341 415; x_wconf 69' lang='lat' dir='ltr'><strong><em>CLASSIS</em></strong></span> <span class='ocrx_word' id='word_1_541' title='bbox 2379 358 2445 413; x_wconf 91' lang='lat' dir='ltr'><strong><em>Ill</em></strong></span> 
     </span>
    </p>
   </div>
   <div class='ocr_carea' id='block_1_62' title="bbox 3537 362 3647 418">
    <p class='ocr_par' dir='ltr' id='par_1_62' title="bbox 3537 362 3647 418">
     <span class='ocr_line' id='line_1_62' title="bbox 3537 362 3647 418; baseline 0 0"><span class='ocrx_word' id='word_1_542' title='bbox 3537 362 3647 418; x_wconf 64' lang='lat'><strong><em>929</em></strong></span> 
     </span>
    </p>
   </div>
   <div class='ocr_carea' id='block_1_63' title="bbox 2050 470 3635 548">
    <p class='ocr_par' dir='ltr' id='par_1_63' title="bbox 2050 470 3635 548">
     <span class='ocr_line' id='line_1_63' title="bbox 2050 470 3635 548; baseline 0.002 -20"><span class='ocrx_word' id='word_1_543' title='bbox 2050 476 2179 548; x_wconf 80' lang='lat' dir='ltr'><strong><em>justi</em></strong></span> <span class='ocrx_word' id='word_1_544' title='bbox 2197 484 2362 527; x_wconf 87' lang='lat' dir='ltr'><strong><em>autem</em></strong></span> <span class='ocrx_word' id='word_1_545' title='bbox 2380 474 2430 526; x_wconf 88' lang='lat' dir='ltr'><strong><em>in</em></strong></span> <span class='ocrx_word' id='word_1_546' title='bbox 2448 473 2601 526; x_wconf 88' lang='lat' dir='ltr'><strong><em>vitam</em></strong></span> <span class='ocrx_word' id='word_1_547' title='bbox 2619 480 2876 528; x_wconf 68' lang='lat' dir='ltr'><strong><em>retentam.</em></strong></span> <span class='ocrx_word' id='word_1_548' title='bbox 2904 470 3013 527; x_wconf 79' lang='lat' dir='ltr'><strong><em>Hoc</em></strong></span> <span class='ocrx_word' id='word_1_549' title='bbox 3038 471 3183 527; x_wconf 88' lang='lat' dir='ltr'><strong><em>enim</em></strong></span> <span class='ocrx_word' id='word_1_550' title='bbox 3204 472 3385 527; x_wconf 73' lang='lat' dir='ltr'><strong><em>nullus</em></strong></span> <span class='ocrx_word' id='word_1_551' title='bbox 3415 474 3635 546; x_wconf 80' lang='lat' dir='ltr'><strong><em>ambigit</em></strong></span> 
     </span>
    </p>
   </div>
   <div class='ocr_carea' id='block_1_64' title="bbox 2060 563 3637 632">
    <p class='ocr_par' dir='ltr' id='par_1_64' title="bbox 2060 563 3637 632">
     <span class='ocr_line' id='line_1_64' title="bbox 2060 563 3637 632; baseline -0.003 -9"><span class='ocrx_word' id='word_1_552' title='bbox 2060 568 2126 623; x_wconf 89' lang='lat' dir='ltr'><strong><em>de</em></strong></span> <span class='ocrx_word' id='word_1_553' title='bbox 2150 566 2343 621; x_wconf 87' lang='lat' dir='ltr'><strong><em>Christi</em></strong></span> <span class='ocrx_word' id='word_1_554' title='bbox 2365 565 2592 619; x_wconf 88' lang='lat' dir='ltr'><strong><em>adventu</em></strong></span> <span class='ocrx_word' id='word_1_555' title='bbox 2620 564 2906 619; x_wconf 85' lang='lat' dir='ltr'><strong><em>novissimo</em></strong></span> <span class='ocrx_word' id='word_1_556' title='bbox 2927 572 2980 619; x_wconf 92' lang='lat' dir='ltr'><strong><em>et</em></strong></span> <span class='ocrx_word' id='word_1_557' title='bbox 3004 563 3070 617; x_wconf 90' lang='lat' dir='ltr'><strong><em>de</em></strong></span> <span class='ocrx_word' id='word_1_558' title='bbox 3092 564 3194 617; x_wconf 85' lang='lat' dir='ltr'><strong><em>llde</em></strong></span> <span class='ocrx_word' id='word_1_559' title='bbox 3220 564 3400 619; x_wconf 67' lang='lat' dir='ltr'><strong><em>saeculi</em></strong></span> <span class='ocrx_word' id='word_1_560' title='bbox 3446 567 3637 632; x_wconf 72' lang='lat' dir='ltr'><strong><em>pnedi-</em></strong></span> 
     </span>
    </p>
   </div>
   <div class='ocr_carea' id='block_1_65' title="bbox 2059 656 3635 726">
    <p class='ocr_par' dir='ltr' id='par_1_65' title="bbox 2059 656 3635 726">
     <span class='ocr_line' id='line_1_65' title="bbox 2059 656 3635 726; baseline -0.001 -13"><span class='ocrx_word' id='word_1_561' title='bbox 2059 667 2201 713; x_wconf 92' lang='lat' dir='ltr'><strong><em>ctum</em></strong></span> <span class='ocrx_word' id='word_1_562' title='bbox 2231 658 2412 712; x_wconf 89' lang='lat' dir='ltr'><strong><em>fuisse.</em></strong></span> <span class='ocrx_word' id='word_1_563' title='bbox 2438 658 2564 712; x_wconf 88' lang='lat' dir='ltr'><strong><em>Nam</em></strong></span> <span class='ocrx_word' id='word_1_564' title='bbox 2588 667 2641 711; x_wconf 91' lang='lat' dir='ltr'><strong><em>et</em></strong></span> <span class='ocrx_word' id='word_1_565' title='bbox 2661 658 2777 711; x_wconf 88' lang='lat' dir='ltr'><strong><em>illas</em></strong></span> <span class='ocrx_word' id='word_1_566' title='bbox 2809 656 3039 726; x_wconf 90' lang='lat' dir='ltr'><strong><em>quinque</em></strong></span> <span class='ocrx_word' id='word_1_567' title='bbox 3066 665 3121 711; x_wconf 88' lang='lat' dir='ltr'><strong><em>et</em></strong></span> <span class='ocrx_word' id='word_1_568' title='bbox 3143 656 3378 725; x_wconf 89' lang='lat' dir='ltr'><strong><em>quinque</em></strong></span> <span class='ocrx_word' id='word_1_569' title='bbox 3402 656 3635 724; x_wconf 84' lang='lat' dir='ltr'><strong><em>virgines</em></strong></span> 
     </span>
    </p>
   </div>
   <div class='ocr_carea' id='block_1_66' title="bbox 2061 749 3633 820">
    <p class='ocr_par' dir='ltr' id='par_1_66' title="bbox 2061 749 3633 820">
     <span class='ocr_line' id='line_1_66' title="bbox 2061 749 3633 820; baseline 0.001 -18"><span class='ocrx_word' id='word_1_570' title='bbox 2061 750 2079 819; x_wconf 93' lang='lat'><strong>(</strong></span> <span class='ocrx_word' id='word_1_571' title='bbox 2104 749 2291 803; x_wconf 76' lang='lat' dir='ltr'><strong><em>Matth.</em></strong></span> <span class='ocrx_word' id='word_1_572' title='bbox 2322 767 2452 811; x_wconf 82' lang='lat' dir='ltr'><strong><em>xxv.</em></strong></span> <span class='ocrx_word' id='word_1_573' title='bbox 2484 751 2611 804; x_wconf 62' lang='lat'><strong><em>145</em></strong></span> <span class='ocrx_word' id='word_1_574' title='bbox 2630 751 2650 816; x_wconf 92' lang='lat'>)</span> <span class='ocrx_word' id='word_1_575' title='bbox 2670 792 2684 815; x_wconf 90' lang='lat'><strong><em>,</em></strong></span> <span class='ocrx_word' id='word_1_576' title='bbox 2713 765 2815 804; x_wconf 89' lang='lat' dir='ltr'><strong><em>non</em></strong></span> <span class='ocrx_word' id='word_1_577' title='bbox 2843 750 3121 805; x_wconf 86' lang='lat' dir='ltr'><strong><em>defuerunt</em></strong></span> <span class='ocrx_word' id='word_1_578' title='bbox 3145 751 3234 820; x_wconf 86' lang='lat' dir='ltr'><strong><em>qui</em></strong></span> <span class='ocrx_word' id='word_1_579' title='bbox 3262 766 3365 805; x_wconf 91' lang='lat' dir='ltr'><strong><em>non</em></strong></span> <span class='ocrx_word' id='word_1_580' title='bbox 3393 758 3633 804; x_wconf 85' lang='lat' dir='ltr'><strong><em>contem-</em></strong></span> 
     </span>
    </p>
   </div>
   <div class='ocr_carea' id='block_1_67' title="bbox 2059 841 3637 911">
    <p class='ocr_par' dir='ltr' id='par_1_67' title="bbox 2059 841 3637 911">
     <span class='ocr_line' id='line_1_67' title="bbox 2059 841 3637 911; baseline 0.001 -18"><span class='ocrx_word' id='word_1_581' title='bbox 2059 841 2227 910; x_wconf 89' lang='lat' dir='ltr'><strong><em>ptibili</em></strong></span> <span class='ocrx_word' id='word_1_582' title='bbox 2257 841 2613 911; x_wconf 67' lang='lat' dir='ltr'><strong><em>disputatione</em></strong></span> <span class='ocrx_word' id='word_1_583' title='bbox 2656 841 2850 895; x_wconf 83' lang='lat' dir='ltr'><strong><em>ducere</em></strong></span> <span class='ocrx_word' id='word_1_584' title='bbox 2892 842 3187 909; x_wconf 87' lang='lat' dir='ltr'><strong><em>voluerint,</em></strong></span> <span class='ocrx_word' id='word_1_585' title='bbox 3229 842 3295 896; x_wconf 90' lang='lat' dir='ltr'><strong><em>ad</em></strong></span> <span class='ocrx_word' id='word_1_586' title='bbox 3344 843 3483 896; x_wconf 87' lang='lat' dir='ltr'><strong><em>hunc</em></strong></span> <span class='ocrx_word' id='word_1_587' title='bbox 3520 841 3637 909; x_wconf 86' lang='lat' dir='ltr'><strong><em>ejus</em></strong></span> 
     </span>
    </p>
   </div>
   <div class='ocr_carea' id='block_1_68' title="bbox 2060 930 3636 1002">
    <p class='ocr_par' dir='ltr' id='par_1_68' title="bbox 2060 930 3636 1002">
     <span class='ocr_line' id='line_1_68' title="bbox 2060 930 3636 1002; baseline 0.002 -17"><span class='ocrx_word' id='word_1_588' title='bbox 2060 931 2366 995; x_wconf 87' lang='lat' dir='ltr'><strong><em>adventum,</em></strong></span> <span class='ocrx_word' id='word_1_589' title='bbox 2400 933 2488 1002; x_wconf 88' lang='lat' dir='ltr'><strong><em>qui</em></strong></span> <span class='ocrx_word' id='word_1_590' title='bbox 2522 948 2662 987; x_wconf 88' lang='lat' dir='ltr'><strong><em>nunc</em></strong></span> <span class='ocrx_word' id='word_1_591' title='bbox 2688 933 2743 986; x_wconf 85' lang='lat' dir='ltr'><strong><em>lit</em></strong></span> <span class='ocrx_word' id='word_1_592' title='bbox 2770 949 2861 1002; x_wconf 87' lang='lat' dir='ltr'><strong><em>per</em></strong></span> <span class='ocrx_word' id='word_1_593' title='bbox 2880 934 3190 997; x_wconf 76' lang='lat' dir='ltr'><strong><em>Ecclesium,</em></strong></span> <span class='ocrx_word' id='word_1_594' title='bbox 3218 934 3500 1002; x_wconf 82' lang='lat' dir='ltr'><strong><em>pertinere.</em></strong></span> <span class='ocrx_word' id='word_1_595' title='bbox 3528 930 3636 988; x_wconf 84' lang='lat' dir='ltr'><strong><em>Sed</em></strong></span> 
     </span>
    </p>
   </div>
   <div class='ocr_carea' id='block_1_69' title="bbox 2063 1024 3637 1095">
    <p class='ocr_par' dir='ltr' id='par_1_69' title="bbox 2063 1024 3637 1095">
     <span class='ocr_line' id='line_1_69' title="bbox 2063 1024 3637 1095; baseline 0.001 -17"><span class='ocrx_word' id='word_1_596' title='bbox 2063 1024 2174 1079; x_wconf 72' lang='lat' dir='ltr'><strong><em>hmc</em></strong></span> <span class='ocrx_word' id='word_1_597' title='bbox 2202 1040 2305 1079; x_wconf 91' lang='lat' dir='ltr'><strong><em>non</em></strong></span> <span class='ocrx_word' id='word_1_598' title='bbox 2332 1035 2457 1080; x_wconf 79' lang='lat' dir='ltr'><strong><em>Sunt</em></strong></span> <span class='ocrx_word' id='word_1_599' title='bbox 2485 1036 2682 1080; x_wconf 85' lang='lat' dir='ltr'><strong><em>temere</em></strong></span> <span class='ocrx_word' id='word_1_600' title='bbox 2709 1026 3001 1094; x_wconf 86' lang='lat' dir='ltr'><strong><em>pollicenda</em></strong></span> <span class='ocrx_word' id='word_1_601' title='bbox 3025 1068 3039 1091; x_wconf 98' lang='lat'><strong><em>,</em></strong></span> <span class='ocrx_word' id='word_1_602' title='bbox 3076 1042 3143 1079; x_wconf 89' lang='lat' dir='ltr'><strong><em>ne</em></strong></span> <span class='ocrx_word' id='word_1_603' title='bbox 3170 1025 3365 1095; x_wconf 85' lang='lat' dir='ltr'><strong><em>aliquid</em></strong></span> <span class='ocrx_word' id='word_1_604' title='bbox 3393 1033 3637 1080; x_wconf 86' lang='lat' dir='ltr'><strong><em>occurrat</em></strong></span> 
     </span>
    </p>
   </div>
   <div class='ocr_carea' id='block_1_70' title="bbox 2061 1113 3637 1185">
    <p class='ocr_par' dir='ltr' id='par_1_70' title="bbox 2061 1113 3637 1185">
     <span class='ocr_line' id='line_1_70' title="bbox 2061 1113 3637 1185; baseline 0 -17"><span class='ocrx_word' id='word_1_605' title='bbox 2061 1114 2199 1185; x_wconf 91' lang='lat' dir='ltr'><strong><em>quod</em></strong></span> <span class='ocrx_word' id='word_1_606' title='bbox 2230 1114 2400 1169; x_wconf 86' lang='lat' dir='ltr'><strong><em>valide</em></strong></span> <span class='ocrx_word' id='word_1_607' title='bbox 2424 1115 2773 1180; x_wconf 84' lang='lat' dir='ltr'><strong><em>contradicat,</em></strong></span> <span class='ocrx_word' id='word_1_608' title='bbox 2800 1117 3093 1184; x_wconf 84' lang='lat' dir='ltr'><strong><em>praesertim</em></strong></span> <span class='ocrx_word' id='word_1_609' title='bbox 3116 1115 3235 1185; x_wconf 87' lang='lat' dir='ltr'><strong><em>quia</em></strong></span> <span class='ocrx_word' id='word_1_610' title='bbox 3264 1115 3314 1168; x_wconf 93' lang='lat' dir='ltr'><strong><em>in</em></strong></span> <span class='ocrx_word' id='word_1_611' title='bbox 3345 1115 3534 1168; x_wconf 86' lang='lat' dir='ltr'><strong><em>talibus</em></strong></span> <span class='ocrx_word' id='word_1_612' title='bbox 3557 1113 3637 1168; x_wconf 89' lang='lat' dir='ltr'><strong><em>di-</em></strong></span> 
     </span>
    </p>
   </div>
   <div class='ocr_carea' id='block_1_71' title="bbox 2059 1204 3634 1274">
    <p class='ocr_par' dir='ltr' id='par_1_71' title="bbox 2059 1204 3634 1274">
     <span class='ocr_line' id='line_1_71' title="bbox 2059 1204 3634 1274; baseline 0.001 -16"><span class='ocrx_word' id='word_1_613' title='bbox 2059 1206 2301 1258; x_wconf 90' lang='lat' dir='ltr'><strong><em>vinorum</em></strong></span> <span class='ocrx_word' id='word_1_614' title='bbox 2345 1206 2671 1274; x_wconf 89' lang='lat' dir='ltr'><strong><em>eloquiorum</em></strong></span> <span class='ocrx_word' id='word_1_615' title='bbox 2717 1206 3158 1271; x_wconf 86' lang='lat' dir='ltr'><strong><em>obscuritatibus,</em></strong></span> <span class='ocrx_word' id='word_1_616' title='bbox 3199 1204 3388 1274; x_wconf 86' lang='lat' dir='ltr'><strong><em>quibus</em></strong></span> <span class='ocrx_word' id='word_1_617' title='bbox 3425 1214 3634 1260; x_wconf 89' lang='lat' dir='ltr'><strong><em>nostras</em></strong></span> 
     </span>
    </p>
   </div>
   <div class='ocr_carea' id='block_1_72' title="bbox 2060 1294 3633 1364">
    <p class='ocr_par' dir='ltr' id='par_1_72' title="bbox 2060 1294 3633 1364">
     <span class='ocr_line' id='line_1_72' title="bbox 2060 1294 3633 1364; baseline -0.001 -15"><span class='ocrx_word' id='word_1_618' title='bbox 2060 1295 2434 1364; x_wconf 80' lang='lat' dir='ltr'><strong><em>inlelligentias</em></strong></span> <span class='ocrx_word' id='word_1_619' title='bbox 2476 1295 2585 1348; x_wconf 92' lang='lat' dir='ltr'><strong><em>Deo</em></strong></span> <span class='ocrx_word' id='word_1_620' title='bbox 2615 1295 2807 1363; x_wconf 88' lang='lat' dir='ltr'><strong><em>placuit</em></strong></span> <span class='ocrx_word' id='word_1_621' title='bbox 2833 1310 3117 1359; x_wconf 86' lang='lat' dir='ltr'><strong><em>exercere,</em></strong></span> <span class='ocrx_word' id='word_1_622' title='bbox 3150 1310 3256 1349; x_wconf 93' lang='lat' dir='ltr'><strong><em>non</em></strong></span> <span class='ocrx_word' id='word_1_623' title='bbox 3296 1295 3467 1348; x_wconf 88' lang='lat' dir='ltr'><strong><em>solum</em></strong></span> <span class='ocrx_word' id='word_1_624' title='bbox 3497 1294 3633 1348; x_wconf 89' lang='lat' dir='ltr'><strong><em>alius</em></strong></span> 
     </span>
    </p>
   </div>
   <div class='ocr_carea' id='block_1_73' title="bbox 2060 1385 3628 1457">
    <p class='ocr_par' dir='ltr' id='par_1_73' title="bbox 2060 1385 3628 1457">
     <span class='ocr_line' id='line_1_73' title="bbox 2060 1385 3628 1457; baseline 0.001 -17"><span class='ocrx_word' id='word_1_625' title='bbox 2060 1387 2164 1440; x_wconf 89' lang='lat' dir='ltr'><strong><em>alio</em></strong></span> <span class='ocrx_word' id='word_1_626' title='bbox 2195 1396 2435 1441; x_wconf 85' lang='lat' dir='ltr'><strong><em>movetur</em></strong></span> <span class='ocrx_word' id='word_1_627' title='bbox 2453 1388 2656 1441; x_wconf 89' lang='lat' dir='ltr'><strong><em>acutius</em></strong></span> <span class='ocrx_word' id='word_1_628' title='bbox 2675 1402 2857 1441; x_wconf 89' lang='lat' dir='ltr'><strong><em>eorum</em></strong></span> <span class='ocrx_word' id='word_1_629' title='bbox 2881 1386 2969 1457; x_wconf 92' lang='lat' dir='ltr'><strong><em>qui</em></strong></span> <span class='ocrx_word' id='word_1_630' title='bbox 2986 1385 3287 1455; x_wconf 82' lang='lat' dir='ltr'><strong><em>Scripturas</em></strong></span> <span class='ocrx_word' id='word_1_631' title='bbox 3302 1394 3509 1440; x_wconf 88' lang='lat' dir='ltr'><strong><em>sanctas</em></strong></span> <span class='ocrx_word' id='word_1_632' title='bbox 3529 1399 3628 1441; x_wconf 88' lang='lat' dir='ltr'><strong><em>non</em></strong></span> 
     </span>
    </p>
   </div>
   <div class='ocr_carea' id='block_1_74' title="bbox 2059 1474 3627 1546">
    <p class='ocr_par' dir='ltr' id='par_1_74' title="bbox 2059 1474 3627 1546">
     <span class='ocr_line' id='line_1_74' title="bbox 2059 1474 3627 1546; baseline -0.001 -17"><span class='ocrx_word' id='word_1_633' title='bbox 2059 1476 2478 1546; x_wconf 87' lang='lat' dir='ltr'><strong><em>improbabiliter</em></strong></span> <span class='ocrx_word' id='word_1_634' title='bbox 2511 1484 2768 1541; x_wconf 86' lang='lat' dir='ltr'><strong><em>tractant;</em></strong></span> <span class='ocrx_word' id='word_1_635' title='bbox 2794 1475 2887 1541; x_wconf 91' lang='lat' dir='ltr'><strong><em>sed</em></strong></span> <span class='ocrx_word' id='word_1_636' title='bbox 2917 1477 3075 1529; x_wconf 88' lang='lat' dir='ltr'><strong><em>etiam</em></strong></span> <span class='ocrx_word' id='word_1_637' title='bbox 3102 1474 3323 1545; x_wconf 89' lang='lat' dir='ltr'><strong><em>quilibet</em></strong></span> <span class='ocrx_word' id='word_1_638' title='bbox 3348 1489 3484 1527; x_wconf 80' lang='lat' dir='ltr'><strong><em>unus</em></strong></span> <span class='ocrx_word' id='word_1_639' title='bbox 3515 1474 3627 1527; x_wconf 84' lang='lat' dir='ltr'><strong><em>illo-</em></strong></span> 
     </span>
    </p>
   </div>
   <div class='ocr_carea' id='block_1_75' title="bbox 2060 1564 3540 1635">
    <p class='ocr_par' dir='ltr' id='par_1_75' title="bbox 2060 1564 3540 1635">
     <span class='ocr_line' id='line_1_75' title="bbox 2060 1564 3540 1635; baseline -0.004 -13"><span class='ocrx_word' id='word_1_640' title='bbox 2060 1583 2197 1631; x_wconf 92' lang='lat' dir='ltr'><strong><em>rum,</em></strong></span> <span class='ocrx_word' id='word_1_641' title='bbox 2226 1566 2506 1635; x_wconf 88' lang='lat' dir='ltr'><strong><em>aliquaudo</em></strong></span> <span class='ocrx_word' id='word_1_642' title='bbox 2534 1568 2726 1631; x_wconf 88' lang='lat' dir='ltr'><strong><em>minus,</em></strong></span> <span class='ocrx_word' id='word_1_643' title='bbox 2752 1564 3035 1635; x_wconf 86' lang='lat' dir='ltr'><strong><em>aliquando</em></strong></span> <span class='ocrx_word' id='word_1_644' title='bbox 3060 1566 3252 1620; x_wconf 90' lang='lat' dir='ltr'><strong><em>melius</em></strong></span> <span class='ocrx_word' id='word_1_645' title='bbox 3278 1565 3540 1634; x_wconf 85' lang='lat' dir='ltr'><strong><em>intelligit.</em></strong></span> 
     </span>
    </p>
   </div>
   <div class='ocr_carea' id='block_1_76' title="bbox 2131 1654 3636 1714">
    <p class='ocr_par' dir='ltr' id='par_1_76' title="bbox 2131 1654 3636 1714">
     <span class='ocr_line' id='line_1_76' title="bbox 2131 1654 3636 1714; baseline -0.002 -1"><span class='ocrx_word' id='word_1_646' title='bbox 2131 1658 2358 1714; x_wconf 81' lang='lat' dir='ltr'><strong><em>CAPUT</em></strong></span> <span class='ocrx_word' id='word_1_647' title='bbox 2397 1659 2510 1713; x_wconf 81' lang='lat' dir='ltr'><strong><em>XII.</em></strong></span> <span class='ocrx_word' id='word_1_648' title='bbox 2542 1689 2616 1700; x_wconf 90' lang='lat'><strong><em>—-</em></strong></span> <span class='ocrx_word' id='word_1_649' title='bbox 2657 1660 2744 1713; x_wconf 76' lang='grc'><strong><em>46.</em></strong></span> <span class='ocrx_word' id='word_1_650' title='bbox 2792 1658 2981 1714; x_wconf 88' lang='lat' dir='ltr'><strong><em>Nescio</em></strong></span> <span class='ocrx_word' id='word_1_651' title='bbox 3018 1666 3191 1712; x_wconf 88' lang='lat' dir='ltr'><strong><em>tamen</em></strong></span> <span class='ocrx_word' id='word_1_652' title='bbox 3229 1666 3403 1712; x_wconf 89' lang='lat' dir='ltr'><strong><em>utrum</em></strong></span> <span class='ocrx_word' id='word_1_653' title='bbox 3445 1654 3636 1711; x_wconf 82' lang='lat' dir='ltr'><strong><em>intueri</em></strong></span> 
     </span>
    </p>
   </div>
   <div class='ocr_carea' id='block_1_77' title="bbox 2060 1747 3637 1820">
    <p class='ocr_par' dir='ltr' id='par_1_77' title="bbox 2060 1747 3637 1820">
     <span class='ocr_line' id='line_1_77' title="bbox 2060 1747 3637 1820; baseline -0.003 -17"><span class='ocrx_word' id='word_1_654' title='bbox 2060 1750 2254 1820; x_wconf 89' lang='lat' dir='ltr'><strong><em>aliquid</em></strong></span> <span class='ocrx_word' id='word_1_655' title='bbox 2283 1752 2477 1804; x_wconf 88' lang='lat' dir='ltr'><strong><em>certius</em></strong></span> <span class='ocrx_word' id='word_1_656' title='bbox 2499 1752 2551 1804; x_wconf 90' lang='lat' dir='ltr'><strong><em>in</em></strong></span> <span class='ocrx_word' id='word_1_657' title='bbox 2584 1751 2679 1804; x_wconf 86' lang='lat' dir='ltr'><strong><em>hac</em></strong></span> <span class='ocrx_word' id='word_1_658' title='bbox 2700 1752 2992 1819; x_wconf 69' lang='lat' dir='ltr'><strong><em>qumstione</em></strong></span> <span class='ocrx_word' id='word_1_659' title='bbox 3018 1763 3292 1818; x_wconf 88' lang='lat' dir='ltr'><strong><em>possemus</em></strong></span> <span class='ocrx_word' id='word_1_660' title='bbox 3313 1789 3325 1811; x_wconf 94' lang='lat'><strong><em>,</em></strong></span> <span class='ocrx_word' id='word_1_661' title='bbox 3354 1748 3395 1802; x_wconf 92' lang='lat' dir='ltr'><strong><em>si</em></strong></span> <span class='ocrx_word' id='word_1_662' title='bbox 3418 1747 3521 1800; x_wconf 90' lang='lat' dir='ltr'><strong><em>ulla</em></strong></span> <span class='ocrx_word' id='word_1_663' title='bbox 3552 1761 3637 1800; x_wconf 86' lang='lat' dir='ltr'><strong><em>ra-</em></strong></span> 
     </span>
    </p>
   </div>
   <div class='ocr_carea' id='block_1_78' title="bbox 2064 1836 3638 1909">
    <p class='ocr_par' dir='ltr' id='par_1_78' title="bbox 2064 1836 3638 1909">
     <span class='ocr_line' id='line_1_78' title="bbox 2064 1836 3638 1909; baseline -0.003 -16"><span class='ocrx_word' id='word_1_664' title='bbox 2064 1840 2204 1894; x_wconf 88' lang='lat' dir='ltr'><strong><em>tione</em></strong></span> <span class='ocrx_word' id='word_1_665' title='bbox 2227 1855 2320 1894; x_wconf 89' lang='lat' dir='ltr'><strong><em>seu</em></strong></span> <span class='ocrx_word' id='word_1_666' title='bbox 2349 1838 2597 1893; x_wconf 82' lang='lat' dir='ltr'><strong><em>facultate</em></strong></span> <span class='ocrx_word' id='word_1_667' title='bbox 2629 1854 2926 1909; x_wconf 86' lang='lat' dir='ltr'><strong><em>possemus,</em></strong></span> <span class='ocrx_word' id='word_1_668' title='bbox 2951 1854 3105 1907; x_wconf 88' lang='lat' dir='ltr'><strong><em>quam</em></strong></span> <span class='ocrx_word' id='word_1_669' title='bbox 3134 1837 3261 1891; x_wconf 88' lang='lat' dir='ltr'><strong><em>illud</em></strong></span> <span class='ocrx_word' id='word_1_670' title='bbox 3288 1837 3428 1905; x_wconf 91' lang='lat' dir='ltr'><strong><em>quod</em></strong></span> <span class='ocrx_word' id='word_1_671' title='bbox 3454 1836 3507 1888; x_wconf 90' lang='lat' dir='ltr'><strong><em>in</em></strong></span> <span class='ocrx_word' id='word_1_672' title='bbox 3527 1836 3638 1904; x_wconf 83' lang='lat' dir='ltr'><strong><em>epi-</em></strong></span> 
     </span>
    </p>
   </div>
   <div class='ocr_carea' id='block_1_79' title="bbox 2061 1926 3640 2002">
    <p class='ocr_par' dir='ltr' id='par_1_79' title="bbox 2061 1926 3640 2002">
     <span class='ocr_line' id='line_1_79' title="bbox 2061 1926 3640 2002; baseline -0.005 -15"><span class='ocrx_word' id='word_1_673' title='bbox 2061 1933 2193 1987; x_wconf 87' lang='lat' dir='ltr'><strong><em>stola</em></strong></span> <span class='ocrx_word' id='word_1_674' title='bbox 2226 1933 2520 2001; x_wconf 85' lang='lat' dir='ltr'><strong><em>priorejam</em></strong></span> <span class='ocrx_word' id='word_1_675' title='bbox 2545 1934 2716 2001; x_wconf 91' lang='lat' dir='ltr'><strong><em>posui,</em></strong></span> <span class='ocrx_word' id='word_1_676' title='bbox 2737 1932 2945 2002; x_wconf 89' lang='lat' dir='ltr'><strong><em>quando</em></strong></span> <span class='ocrx_word' id='word_1_677' title='bbox 2970 1929 3253 1999; x_wconf 82' lang='lat' dir='ltr'><strong><em>Evangelio</em></strong></span> <span class='ocrx_word' id='word_1_678' title='bbox 3274 1927 3501 1982; x_wconf 90' lang='lat' dir='ltr'><strong><em>mundus</em></strong></span> <span class='ocrx_word' id='word_1_679' title='bbox 3524 1926 3640 1980; x_wconf 83' lang='lat' dir='ltr'><strong><em>uni-</em></strong></span> 
     </span>
    </p>
   </div>
   <div class='ocr_carea' id='block_1_80' title="bbox 2061 2018 3638 2090">
    <p class='ocr_par' dir='ltr' id='par_1_80' title="bbox 2061 2018 3638 2090">
     <span class='ocr_line' id='line_1_80' title="bbox 2061 2018 3638 2090; baseline -0.004 -15"><span class='ocrx_word' id='word_1_680' title='bbox 2061 2038 2247 2077; x_wconf 84' lang='lat' dir='ltr'><strong><em>versus</em></strong></span> <span class='ocrx_word' id='word_1_681' title='bbox 2273 2022 2569 2089; x_wconf 81' lang='lat' dir='ltr'><strong><em>impleatur.</em></strong></span> <span class='ocrx_word' id='word_1_682' title='bbox 2597 2022 2747 2089; x_wconf 90' lang='lat' dir='ltr'><strong><em>Quod</em></strong></span> <span class='ocrx_word' id='word_1_683' title='bbox 2782 2022 2922 2077; x_wconf 93' lang='lat' dir='ltr'><strong><em>enim</em></strong></span> <span class='ocrx_word' id='word_1_684' title='bbox 2966 2029 3113 2090; x_wconf 86' lang='lat' dir='ltr'><strong><em>putat</em></strong></span> <span class='ocrx_word' id='word_1_685' title='bbox 3139 2018 3521 2074; x_wconf 85' lang='lat' dir='ltr'><strong><em>Venerabilitas</em></strong></span> <span class='ocrx_word' id='word_1_686' title='bbox 3550 2025 3638 2070; x_wconf 87' lang='lat' dir='ltr'><strong><em>tua</em></strong></span> 
     </span>
    </p>
   </div>
   <div class='ocr_carea' id='block_1_81' title="bbox 2057 2108 3640 2182">
    <p class='ocr_par' dir='ltr' id='par_1_81' title="bbox 2057 2108 3640 2182">
     <span class='ocr_line' id='line_1_81' title="bbox 2057 2108 3640 2182; baseline -0.004 -17"><span class='ocrx_word' id='word_1_687' title='bbox 2057 2112 2165 2182; x_wconf 82' lang='lat' dir='ltr'><strong><em>jam</em></strong></span> <span class='ocrx_word' id='word_1_688' title='bbox 2193 2112 2294 2167; x_wconf 86' lang='lat' dir='ltr'><strong><em>hoc</em></strong></span> <span class='ocrx_word' id='word_1_689' title='bbox 2316 2128 2410 2182; x_wconf 85' lang='lat' dir='ltr'><strong><em>per</em></strong></span> <span class='ocrx_word' id='word_1_690' title='bbox 2432 2114 2573 2181; x_wconf 88' lang='lat' dir='ltr'><strong><em>ipsos</em></strong></span> <span class='ocrx_word' id='word_1_691' title='bbox 2602 2111 2884 2181; x_wconf 84' lang='lat' dir='ltr'><strong><em>Apostolos</em></strong></span> <span class='ocrx_word' id='word_1_692' title='bbox 2905 2110 3121 2172; x_wconf 87' lang='lat' dir='ltr'><strong><em>factum,</em></strong></span> <span class='ocrx_word' id='word_1_693' title='bbox 3148 2123 3255 2162; x_wconf 90' lang='lat' dir='ltr'><strong><em>non</em></strong></span> <span class='ocrx_word' id='word_1_694' title='bbox 3283 2108 3354 2161; x_wconf 90' lang='lat' dir='ltr'><strong><em>ita</em></strong></span> <span class='ocrx_word' id='word_1_695' title='bbox 3379 2121 3498 2162; x_wconf 89' lang='lat' dir='ltr'><strong><em>esse</em></strong></span> <span class='ocrx_word' id='word_1_696' title='bbox 3523 2119 3640 2159; x_wconf 86' lang='lat' dir='ltr'><strong><em>cer-</em></strong></span> 
     </span>
    </p>
   </div>
   <div class='ocr_carea' id='block_1_82' title="bbox 2064 2195 3635 2271">
    <p class='ocr_par' dir='ltr' id='par_1_82' title="bbox 2064 2195 3635 2271">
     <span class='ocr_line' id='line_1_82' title="bbox 2064 2195 3635 2271; baseline -0.006 -14"><span class='ocrx_word' id='word_1_697' title='bbox 2064 2204 2131 2257; x_wconf 92' lang='lat' dir='ltr'><strong><em>tis</em></strong></span> <span class='ocrx_word' id='word_1_698' title='bbox 2154 2202 2485 2257; x_wconf 89' lang='lat' dir='ltr'><strong><em>documentis</em></strong></span> <span class='ocrx_word' id='word_1_699' title='bbox 2506 2202 2742 2271; x_wconf 90' lang='lat' dir='ltr'><strong><em>probavi.</em></strong></span> <span class='ocrx_word' id='word_1_700' title='bbox 2770 2200 2904 2255; x_wconf 92' lang='lat' dir='ltr'><strong><em>Sunt</em></strong></span> <span class='ocrx_word' id='word_1_701' title='bbox 2926 2200 3067 2254; x_wconf 89' lang='lat' dir='ltr'><strong><em>enim</em></strong></span> <span class='ocrx_word' id='word_1_702' title='bbox 3094 2197 3232 2267; x_wconf 86' lang='lat' dir='ltr'><strong><em>apud</em></strong></span> <span class='ocrx_word' id='word_1_703' title='bbox 3260 2211 3378 2261; x_wconf 86' lang='lat' dir='ltr'><strong><em>nos,</em></strong></span> <span class='ocrx_word' id='word_1_704' title='bbox 3406 2195 3509 2248; x_wconf 88' lang='lat' dir='ltr'><strong><em>hoc</em></strong></span> <span class='ocrx_word' id='word_1_705' title='bbox 3533 2202 3635 2261; x_wconf 86' lang='lat' dir='ltr'><strong><em>est,</em></strong></span> 
     </span>
    </p>
   </div>
   <div class='ocr_carea' id='block_1_83' title="bbox 2063 2282 3641 2357">
    <p class='ocr_par' dir='ltr' id='par_1_83' title="bbox 2063 2282 3641 2357">
     <span class='ocr_line' id='line_1_83' title="bbox 2063 2282 3641 2357; baseline -0.006 -12"><span class='ocrx_word' id='word_1_706' title='bbox 2063 2291 2116 2345; x_wconf 91' lang='lat' dir='ltr'><strong><em>in</em></strong></span> <span class='ocrx_word' id='word_1_707' title='bbox 2145 2291 2322 2346; x_wconf 89' lang='lat' dir='ltr'><strong><em>Africa</em></strong></span> <span class='ocrx_word' id='word_1_708' title='bbox 2343 2332 2357 2357; x_wconf 92' lang='lat'><strong><em>,</em></strong></span> <span class='ocrx_word' id='word_1_709' title='bbox 2380 2291 2617 2357; x_wconf 60' lang='lat' dir='ltr'><strong><em>barbara;</em></strong></span> <span class='ocrx_word' id='word_1_710' title='bbox 2656 2288 3070 2344; x_wconf 87' lang='lat' dir='ltr'><strong><em>innumerabiles</em></strong></span> <span class='ocrx_word' id='word_1_711' title='bbox 3099 2296 3316 2356; x_wconf 72' lang='lat' dir='ltr'><strong><em>gentes,</em></strong></span> <span class='ocrx_word' id='word_1_712' title='bbox 3357 2284 3410 2338; x_wconf 91' lang='lat' dir='ltr'><strong><em>in</em></strong></span> <span class='ocrx_word' id='word_1_713' title='bbox 3448 2282 3641 2352; x_wconf 87' lang='lat' dir='ltr'><strong><em>quibus</em></strong></span> 
     </span>
    </p>
   </div>
   <div class='ocr_carea' id='block_1_84' title="bbox 2065 2371 3640 2450">
    <p class='ocr_par' dir='ltr' id='par_1_84' title="bbox 2065 2371 3640 2450">
     <span class='ocr_line' id='line_1_84' title="bbox 2065 2371 3640 2450; baseline -0.008 -14"><span class='ocrx_word' id='word_1_714' title='bbox 2065 2381 2299 2436; x_wconf 91' lang='lat' dir='ltr'><strong><em>nondum</em></strong></span> <span class='ocrx_word' id='word_1_715' title='bbox 2328 2396 2447 2435; x_wconf 89' lang='lat' dir='ltr'><strong><em>esse</em></strong></span> <span class='ocrx_word' id='word_1_716' title='bbox 2476 2380 2815 2450; x_wconf 83' lang='lat' dir='ltr'><strong><em>praedicatum</em></strong></span> <span class='ocrx_word' id='word_1_717' title='bbox 2838 2377 3182 2447; x_wconf 77' lang='lat' dir='ltr'><strong><em>Evangelium</em></strong></span> <span class='ocrx_word' id='word_1_718' title='bbox 3203 2416 3217 2440; x_wconf 92' lang='lat'><strong><em>,</em></strong></span> <span class='ocrx_word' id='word_1_719' title='bbox 3240 2389 3305 2429; x_wconf 86' lang='lat' dir='ltr'><strong><em>ex</em></strong></span> <span class='ocrx_word' id='word_1_720' title='bbox 3336 2374 3400 2426; x_wconf 90' lang='lat' dir='ltr'><strong><em>iis</em></strong></span> <span class='ocrx_word' id='word_1_721' title='bbox 3419 2373 3507 2441; x_wconf 90' lang='lat' dir='ltr'><strong><em>qui</em></strong></span> <span class='ocrx_word' id='word_1_722' title='bbox 3538 2371 3640 2425; x_wconf 83' lang='lat' dir='ltr'><strong><em>du-</em></strong></span> 
     </span>
    </p>
   </div>
   <div class='ocr_carea' id='block_1_85' title="bbox 2065 2462 3644 2539">
    <p class='ocr_par' dir='ltr' id='par_1_85' title="bbox 2065 2462 3644 2539">
     <span class='ocr_line' id='line_1_85' title="bbox 2065 2462 3644 2539; baseline -0.008 -12"><span class='ocrx_word' id='word_1_723' title='bbox 2065 2482 2257 2527; x_wconf 89' lang='lat' dir='ltr'><strong><em>cuntur</em></strong></span> <span class='ocrx_word' id='word_1_724' title='bbox 2279 2471 2399 2525; x_wconf 90' lang='lat' dir='ltr'><strong><em>inde</em></strong></span> <span class='ocrx_word' id='word_1_725' title='bbox 2426 2471 2638 2539; x_wconf 89' lang='lat' dir='ltr'><strong><em>captivi,</em></strong></span> <span class='ocrx_word' id='word_1_726' title='bbox 2661 2477 2717 2523; x_wconf 88' lang='lat' dir='ltr'><strong><em>et</em></strong></span> <span class='ocrx_word' id='word_1_727' title='bbox 2752 2469 3114 2523; x_wconf 83' lang='lat' dir='ltr'><strong><em>Romanorum</em></strong></span> <span class='ocrx_word' id='word_1_728' title='bbox 3146 2464 3377 2520; x_wconf 85' lang='lat' dir='ltr'><strong><em>servitiis</em></strong></span> <span class='ocrx_word' id='word_1_729' title='bbox 3410 2463 3517 2532; x_wconf 85' lang='lat' dir='ltr'><strong><em>jam</em></strong></span> <span class='ocrx_word' id='word_1_730' title='bbox 3550 2462 3644 2517; x_wconf 87' lang='lat' dir='ltr'><strong><em>mi-</em></strong></span> 
     </span>
    </p>
   </div>
   <div class='ocr_carea' id='block_1_86' title="bbox 2066 2553 3643 2631">
    <p class='ocr_par' dir='ltr' id='par_1_86' title="bbox 2066 2553 3643 2631">
     <span class='ocr_line' id='line_1_86' title="bbox 2066 2553 3643 2631; baseline -0.005 -15"><span class='ocrx_word' id='word_1_731' title='bbox 2066 2572 2298 2625; x_wconf 87' lang='lat' dir='ltr'><strong><em>scentur,</em></strong></span> <span class='ocrx_word' id='word_1_732' title='bbox 2313 2561 2548 2631; x_wconf 85' lang='lat' dir='ltr'><strong><em>quotidie</em></strong></span> <span class='ocrx_word' id='word_1_733' title='bbox 2569 2560 3011 2631; x_wconf 84' lang='lat' dir='ltr'><strong><em>nobisaddiscere</em></strong></span> <span class='ocrx_word' id='word_1_734' title='bbox 3029 2560 3078 2610; x_wconf 91' lang='lat' dir='ltr'><strong><em>in</em></strong></span> <span class='ocrx_word' id='word_1_735' title='bbox 3104 2565 3347 2626; x_wconf 88' lang='lat' dir='ltr'><strong><em>promptu</em></strong></span> <span class='ocrx_word' id='word_1_736' title='bbox 3361 2562 3460 2609; x_wconf 90' lang='lat' dir='ltr'><strong><em>est.</em></strong></span> <span class='ocrx_word' id='word_1_737' title='bbox 3482 2553 3643 2608; x_wconf 81' lang='lat' dir='ltr'><strong><em>Pauci</em></strong></span> 
     </span>
    </p>
   </div>
   <div class='ocr_carea' id='block_1_87' title="bbox 2069 2646 3644 2719">
    <p class='ocr_par' dir='ltr' id='par_1_87' title="bbox 2069 2646 3644 2719">
     <span class='ocr_line' id='line_1_87' title="bbox 2069 2646 3644 2719; baseline -0.005 -14"><span class='ocrx_word' id='word_1_738' title='bbox 2069 2662 2241 2705; x_wconf 86' lang='lat' dir='ltr'><strong><em>tamen</em></strong></span> <span class='ocrx_word' id='word_1_739' title='bbox 2269 2652 2387 2705; x_wconf 89' lang='lat' dir='ltr'><strong><em>anni</em></strong></span> <span class='ocrx_word' id='word_1_740' title='bbox 2419 2659 2573 2715; x_wconf 92' lang='lat' dir='ltr'><strong><em>sunt,</em></strong></span> <span class='ocrx_word' id='word_1_741' title='bbox 2598 2666 2659 2705; x_wconf 86' lang='lat' dir='ltr'><strong><em>ex</em></strong></span> <span class='ocrx_word' id='word_1_742' title='bbox 2683 2665 2788 2719; x_wconf 92' lang='lat' dir='ltr'><strong><em>quo</em></strong></span> <span class='ocrx_word' id='word_1_743' title='bbox 2816 2650 3028 2719; x_wconf 86' lang='lat' dir='ltr'><strong><em>quidam</em></strong></span> <span class='ocrx_word' id='word_1_744' title='bbox 3059 2663 3245 2702; x_wconf 91' lang='lat' dir='ltr'><strong><em>eorum</em></strong></span> <span class='ocrx_word' id='word_1_745' title='bbox 3281 2646 3536 2701; x_wconf 87' lang='lat' dir='ltr'><strong><em>rarissimi</em></strong></span> <span class='ocrx_word' id='word_1_746' title='bbox 3563 2653 3644 2697; x_wconf 85' lang='lat' dir='ltr'><strong><em>at-</em></strong></span> 
     </span>
    </p>
   </div>
   <div class='ocr_carea' id='block_1_88' title="bbox 2066 2735 3639 2812">
    <p class='ocr_par' dir='ltr' id='par_1_88' title="bbox 2066 2735 3639 2812">
     <span class='ocr_line' id='line_1_88' title="bbox 2066 2735 3639 2812; baseline -0.005 -18"><span class='ocrx_word' id='word_1_747' title='bbox 2066 2757 2169 2812; x_wconf 90' lang='lat' dir='ltr'><strong><em>que</em></strong></span> <span class='ocrx_word' id='word_1_748' title='bbox 2191 2742 2506 2811; x_wconf 86' lang='lat' dir='ltr'><strong><em>paucissimi,</em></strong></span> <span class='ocrx_word' id='word_1_749' title='bbox 2537 2742 2625 2810; x_wconf 89' lang='lat' dir='ltr'><strong><em>qui</em></strong></span> <span class='ocrx_word' id='word_1_750' title='bbox 2649 2740 2814 2809; x_wconf 77' lang='lat' dir='ltr'><strong><em>pacati</em></strong></span> <span class='ocrx_word' id='word_1_751' title='bbox 2847 2738 3097 2793; x_wconf 76' lang='lat' dir='ltr'><strong><em>Romanis</em></strong></span> <span class='ocrx_word' id='word_1_752' title='bbox 3129 2738 3317 2791; x_wconf 83' lang='lat' dir='ltr'><strong><em>ﬁnibus</em></strong></span> <span class='ocrx_word' id='word_1_753' title='bbox 3346 2735 3639 2801; x_wconf 85' lang='lat' dir='ltr'><strong><em>adhaerent,</em></strong></span> 
     </span>
    </p>
   </div>
   <div class='ocr_carea' id='block_1_89' title="bbox 2068 2824 3642 2898">
    <p class='ocr_par' dir='ltr' id='par_1_89' title="bbox 2068 2824 3642 2898">
     <span class='ocr_line' id='line_1_89' title="bbox 2068 2824 3642 2898; baseline -0.004 -13"><span class='ocrx_word' id='word_1_754' title='bbox 2068 2832 2139 2885; x_wconf 90' lang='lat' dir='ltr'><strong><em>ita</em></strong></span> <span class='ocrx_word' id='word_1_755' title='bbox 2170 2841 2225 2883; x_wconf 90' lang='lat' dir='ltr'><strong><em>ut</em></strong></span> <span class='ocrx_word' id='word_1_756' title='bbox 2253 2846 2358 2884; x_wconf 91' lang='lat' dir='ltr'><strong><em>non</em></strong></span> <span class='ocrx_word' id='word_1_757' title='bbox 2391 2830 2617 2883; x_wconf 87' lang='lat' dir='ltr'><strong><em>habeant</em></strong></span> <span class='ocrx_word' id='word_1_758' title='bbox 2640 2843 2792 2898; x_wconf 87' lang='lat' dir='ltr'><strong><em>reges</em></strong></span> <span class='ocrx_word' id='word_1_759' title='bbox 2811 2844 2956 2895; x_wconf 91' lang='lat' dir='ltr'><strong><em>suos,</em></strong></span> <span class='ocrx_word' id='word_1_760' title='bbox 2984 2827 3079 2881; x_wconf 88' lang='lat' dir='ltr'><strong><em>sed</em></strong></span> <span class='ocrx_word' id='word_1_761' title='bbox 3104 2841 3265 2895; x_wconf 85' lang='lat' dir='ltr'><strong><em>super</em></strong></span> <span class='ocrx_word' id='word_1_762' title='bbox 3289 2841 3382 2880; x_wconf 91' lang='lat' dir='ltr'><strong><em>eos</em></strong></span> <span class='ocrx_word' id='word_1_763' title='bbox 3407 2824 3642 2895; x_wconf 65' lang='lat' dir='ltr'><strong><em>praefecti</em></strong></span> 
     </span>
    </p>
   </div>
   <div class='ocr_carea' id='block_1_90' title="bbox 2067 2918 3643 2990">
    <p class='ocr_par' dir='ltr' id='par_1_90' title="bbox 2067 2918 3643 2990">
     <span class='ocr_line' id='line_1_90' title="bbox 2067 2918 3643 2990; baseline -0.004 -13"><span class='ocrx_word' id='word_1_764' title='bbox 2067 2939 2096 2977; x_wconf 91' lang='lat' dir='ltr'><strong><em>a</em></strong></span> <span class='ocrx_word' id='word_1_765' title='bbox 2126 2923 2366 2978; x_wconf 82' lang='lat' dir='ltr'><strong><em>Romano</em></strong></span> <span class='ocrx_word' id='word_1_766' title='bbox 2388 2922 2778 2976; x_wconf 89' lang='lat' dir='ltr'><strong><em>constituantur</em></strong></span> <span class='ocrx_word' id='word_1_767' title='bbox 2806 2920 3049 2990; x_wconf 89' lang='lat' dir='ltr'><strong><em>imperio,</em></strong></span> <span class='ocrx_word' id='word_1_768' title='bbox 3078 2928 3132 2973; x_wconf 91' lang='lat' dir='ltr'><strong><em>et</em></strong></span> <span class='ocrx_word' id='word_1_769' title='bbox 3160 2919 3232 2972; x_wconf 89' lang='lat' dir='ltr'><strong><em>illi</em></strong></span> <span class='ocrx_word' id='word_1_770' title='bbox 3255 2926 3308 2972; x_wconf 88' lang='lat' dir='ltr'><strong><em>et</em></strong></span> <span class='ocrx_word' id='word_1_771' title='bbox 3332 2918 3429 2987; x_wconf 80' lang='lat' dir='ltr'><strong><em>ipsi</em></strong></span> <span class='ocrx_word' id='word_1_772' title='bbox 3458 2931 3643 2971; x_wconf 89' lang='lat' dir='ltr'><strong><em>eorum</em></strong></span> 
     </span>
    </p>
   </div>
   <div class='ocr_carea' id='block_1_91' title="bbox 2070 3009 3642 3085">
    <p class='ocr_par' dir='ltr' id='par_1_91' title="bbox 2070 3009 3642 3085">
     <span class='ocr_line' id='line_1_91' title="bbox 2070 3009 3642 3085; baseline -0.006 -17"><span class='ocrx_word' id='word_1_773' title='bbox 2070 3015 2301 3085; x_wconf 72' lang='lat' dir='ltr'><strong><em>praefecti</em></strong></span> <span class='ocrx_word' id='word_1_774' title='bbox 2334 3012 2608 3068; x_wconf 84' lang='lat' dir='ltr'><strong><em>christiani</em></strong></span> <span class='ocrx_word' id='word_1_775' title='bbox 2646 3027 2765 3067; x_wconf 91' lang='lat' dir='ltr'><strong><em>esse</em></strong></span> <span class='ocrx_word' id='word_1_776' title='bbox 2796 3020 3090 3080; x_wconf 72' lang='lat' dir='ltr'><strong><em>cmpcrunt.</em></strong></span> <span class='ocrx_word' id='word_1_777' title='bbox 3124 3009 3405 3064; x_wconf 88' lang='lat' dir='ltr'><strong><em>Interiores</em></strong></span> <span class='ocrx_word' id='word_1_778' title='bbox 3434 3017 3642 3073; x_wconf 84' lang='lat' dir='ltr'><strong><em>autem,</em></strong></span> 
     </span>
    </p>
   </div>
   <div class='ocr_carea' id='block_1_92' title="bbox 2068 3102 3647 3175">
    <p class='ocr_par' dir='ltr' id='par_1_92' title="bbox 2068 3102 3647 3175">
     <span class='ocr_line' id='line_1_92' title="bbox 2068 3102 3647 3175; baseline -0.004 -16"><span class='ocrx_word' id='word_1_779' title='bbox 2068 3106 2155 3175; x_wconf 86' lang='lat' dir='ltr'><strong><em>qui</em></strong></span> <span class='ocrx_word' id='word_1_780' title='bbox 2184 3106 2281 3160; x_wconf 88' lang='lat' dir='ltr'><strong><em>sub</em></strong></span> <span class='ocrx_word' id='word_1_781' title='bbox 2305 3104 2445 3161; x_wconf 84' lang='lat' dir='ltr'><strong><em>nulla</em></strong></span> <span class='ocrx_word' id='word_1_782' title='bbox 2472 3113 2595 3157; x_wconf 92' lang='lat' dir='ltr'><strong><em>sunt</em></strong></span> <span class='ocrx_word' id='word_1_783' title='bbox 2622 3112 2879 3172; x_wconf 89' lang='lat' dir='ltr'><strong><em>potestate</em></strong></span> <span class='ocrx_word' id='word_1_784' title='bbox 2902 3102 3158 3165; x_wconf 84' lang='lat' dir='ltr'><strong><em>Romana,</em></strong></span> <span class='ocrx_word' id='word_1_785' title='bbox 3192 3114 3411 3169; x_wconf 76' lang='lat' dir='ltr'><strong><em>prorsus</em></strong></span> <span class='ocrx_word' id='word_1_786' title='bbox 3437 3113 3534 3153; x_wconf 91' lang='lat' dir='ltr'><strong><em>nec</em></strong></span> <span class='ocrx_word' id='word_1_787' title='bbox 3559 3114 3647 3153; x_wconf 84' lang='lat' dir='ltr'><strong><em>re-</em></strong></span> 
     </span>
    </p>
   </div>
   <div class='ocr_carea' id='block_1_93' title="bbox 2068 3192 3646 3269">
    <p class='ocr_par' dir='ltr' id='par_1_93' title="bbox 2068 3192 3646 3269">
     <span class='ocr_line' id='line_1_93' title="bbox 2068 3192 3646 3269; baseline -0.006 -17"><span class='ocrx_word' id='word_1_788' title='bbox 2068 3198 2262 3269; x_wconf 79' lang='lat' dir='ltr'><strong><em>ligione</em></strong></span> <span class='ocrx_word' id='word_1_789' title='bbox 2290 3197 2574 3252; x_wconf 86' lang='lat' dir='ltr'><strong><em>christiana</em></strong></span> <span class='ocrx_word' id='word_1_790' title='bbox 2602 3196 2653 3249; x_wconf 92' lang='lat' dir='ltr'><strong><em>in</em></strong></span> <span class='ocrx_word' id='word_1_791' title='bbox 2676 3210 2891 3249; x_wconf 89' lang='lat' dir='ltr'><strong><em>suorum</em></strong></span> <span class='ocrx_word' id='word_1_792' title='bbox 2912 3193 3171 3262; x_wconf 75' lang='lat' dir='ltr'><strong><em>siquibus</em></strong></span> <span class='ocrx_word' id='word_1_793' title='bbox 3195 3192 3520 3255; x_wconf 88' lang='lat' dir='ltr'><strong><em>detinentur,</em></strong></span> <span class='ocrx_word' id='word_1_794' title='bbox 3551 3205 3646 3243; x_wconf 80' lang='lat' dir='ltr'><strong><em>ne-</em></strong></span> 
     </span>
    </p>
   </div>
   <div class='ocr_carea' id='block_1_94' title="bbox 2069 3279 3645 3359">
    <p class='ocr_par' dir='ltr' id='par_1_94' title="bbox 2069 3279 3645 3359">
     <span class='ocr_line' id='line_1_94' title="bbox 2069 3279 3645 3359; baseline -0.008 -16"><span class='ocrx_word' id='word_1_795' title='bbox 2069 3304 2171 3359; x_wconf 89' lang='lat' dir='ltr'><strong><em>que</em></strong></span> <span class='ocrx_word' id='word_1_796' title='bbox 2191 3289 2299 3343; x_wconf 91' lang='lat' dir='ltr'><strong><em>ullo</em></strong></span> <span class='ocrx_word' id='word_1_797' title='bbox 2327 3287 2484 3341; x_wconf 90' lang='lat' dir='ltr'><strong><em>modo</em></strong></span> <span class='ocrx_word' id='word_1_798' title='bbox 2510 3294 2656 3341; x_wconf 90' lang='lat' dir='ltr'><strong><em>recte</em></strong></span> <span class='ocrx_word' id='word_1_799' title='bbox 2681 3285 2785 3339; x_wconf 87' lang='lat' dir='ltr'><strong><em>dici</em></strong></span> <span class='ocrx_word' id='word_1_800' title='bbox 2810 3292 2982 3354; x_wconf 87' lang='lat' dir='ltr'><strong><em>potest</em></strong></span> <span class='ocrx_word' id='word_1_801' title='bbox 3006 3284 3133 3337; x_wconf 90' lang='lat' dir='ltr'><strong><em>istos</em></strong></span> <span class='ocrx_word' id='word_1_802' title='bbox 3153 3281 3218 3335; x_wconf 87' lang='lat' dir='ltr'><strong><em>ad</em></strong></span> <span class='ocrx_word' id='word_1_803' title='bbox 3240 3279 3645 3353; x_wconf 84' lang='lat' dir='ltr'><strong><em>promissionem</em></strong></span> 
     </span>
    </p>
   </div>
   <div class='ocr_carea' id='block_1_95' title="bbox 2075 3379 2608 3447">
    <p class='ocr_par' dir='ltr' id='par_1_95' title="bbox 2075 3379 2608 3447">
     <span class='ocr_line' id='line_1_95' title="bbox 2075 3379 2608 3447; baseline -0.009 -12"><span class='ocrx_word' id='word_1_804' title='bbox 2075 3380 2163 3435; x_wconf 89' lang='lat' dir='ltr'><strong><em>Dei</em></strong></span> <span class='ocrx_word' id='word_1_805' title='bbox 2188 3395 2290 3434; x_wconf 90' lang='lat' dir='ltr'><strong><em>non</em></strong></span> <span class='ocrx_word' id='word_1_806' title='bbox 2320 3379 2608 3447; x_wconf 87' lang='lat' dir='ltr'><strong><em>pertinere.</em></strong></span> 
     </span>
    </p>
   </div>
   <div class='ocr_carea' id='block_1_96' title="bbox 2144 3458 3648 3530">
    <p class='ocr_par' dir='ltr' id='par_1_96' title="bbox 2144 3458 3648 3530">
     <span class='ocr_line' id='line_1_96' title="bbox 2144 3458 3648 3530; baseline -0.009 -6"><span class='ocrx_word' id='word_1_807' title='bbox 2144 3471 2230 3524; x_wconf 67' lang='grc' dir='ltr'><strong><em>Π.</em></strong></span> <span class='ocrx_word' id='word_1_808' title='bbox 2258 3467 2374 3523; x_wconf 85' lang='lat' dir='ltr'><strong><em>Non</em></strong></span> <span class='ocrx_word' id='word_1_809' title='bbox 2401 3468 2542 3522; x_wconf 87' lang='lat' dir='ltr'><strong><em>enim</em></strong></span> <span class='ocrx_word' id='word_1_810' title='bbox 2561 3466 2848 3530; x_wconf 82' lang='lat' dir='ltr'><strong><em>Romanos,</em></strong></span> <span class='ocrx_word' id='word_1_811' title='bbox 2877 3462 2971 3518; x_wconf 86' lang='lat' dir='ltr'><strong><em>sed</em></strong></span> <span class='ocrx_word' id='word_1_812' title='bbox 2993 3475 3176 3516; x_wconf 90' lang='lat' dir='ltr'><strong><em>omnes</em></strong></span> <span class='ocrx_word' id='word_1_813' title='bbox 3197 3468 3376 3529; x_wconf 81' lang='lat' dir='ltr'><strong><em>gentes</em></strong></span> <span class='ocrx_word' id='word_1_814' title='bbox 3393 3458 3648 3513; x_wconf 88' lang='lat' dir='ltr'><strong><em>Dominus</em></strong></span> 
     </span>
    </p>
   </div>
   <div class='ocr_carea' id='block_1_97' title="bbox 2072 3547 3650 3624">
    <p class='ocr_par' dir='ltr' id='par_1_97' title="bbox 2072 3547 3650 3624">
     <span class='ocr_line' id='line_1_97' title="bbox 2072 3547 3650 3624; baseline -0.008 -10"><span class='ocrx_word' id='word_1_815' title='bbox 2072 3559 2261 3615; x_wconf 89' lang='lat' dir='ltr'><strong><em>semini</em></strong></span> <span class='ocrx_word' id='word_1_816' title='bbox 2301 3558 2568 3624; x_wconf 70' lang='lat' dir='ltr'><strong><em>Abrahm,</em></strong></span> <span class='ocrx_word' id='word_1_817' title='bbox 2612 3556 2784 3611; x_wconf 89' lang='lat' dir='ltr'><strong><em>media</em></strong></span> <span class='ocrx_word' id='word_1_818' title='bbox 2828 3568 3039 3624; x_wconf 88' lang='lat' dir='ltr'><strong><em>quoque</em></strong></span> <span class='ocrx_word' id='word_1_819' title='bbox 3087 3552 3354 3621; x_wconf 88' lang='lat' dir='ltr'><strong><em>juratione</em></strong></span> <span class='ocrx_word' id='word_1_820' title='bbox 3402 3547 3650 3619; x_wconf 87' lang='lat' dir='ltr'><strong><em>promisit</em></strong></span> 
     </span>
    </p>
   </div>
   <div class='ocr_carea' id='block_1_98' title="bbox 2077 3636 3649 3725">
    <p class='ocr_par' dir='ltr' id='par_1_98' title="bbox 2077 3636 3649 3725">
     <span class='ocr_line' id='line_1_98' title="bbox 2077 3636 3649 3725; baseline -0.011 -19"><span class='ocrx_word' id='word_1_821' title='bbox 2077 3651 2245 3725; x_wconf 79' lang='lat' dir='ltr'><strong><em>(Gen.</em></strong></span> <span class='ocrx_word' id='word_1_822' title='bbox 2274 3666 2389 3704; x_wconf 71' lang='grc' dir='ltr'>χχιι</span> <span class='ocrx_word' id='word_1_823' title='bbox 2411 3692 2425 3716; x_wconf 91' lang='grc'><em>,</em></span> <span class='ocrx_word' id='word_1_824' title='bbox 2451 3647 2648 3717; x_wconf 76' lang='lat' dir='ltr'><strong><em>ili-18)</em></strong></span> <span class='ocrx_word' id='word_1_825' title='bbox 2674 3664 2687 3701; x_wconf 92' lang='lat'><strong>:</strong></span> <span class='ocrx_word' id='word_1_826' title='bbox 2720 3661 2784 3702; x_wconf 86' lang='lat' dir='ltr'><strong><em>ex</em></strong></span> <span class='ocrx_word' id='word_1_827' title='bbox 2814 3660 2915 3716; x_wconf 87' lang='lat' dir='ltr'><strong><em>qua</em></strong></span> <span class='ocrx_word' id='word_1_828' title='bbox 2938 3641 3289 3714; x_wconf 88' lang='lat' dir='ltr'><strong><em>promissione</em></strong></span> <span class='ocrx_word' id='word_1_829' title='bbox 3310 3639 3419 3709; x_wconf 85' lang='lat' dir='ltr'><strong><em>jam</em></strong></span> <span class='ocrx_word' id='word_1_830' title='bbox 3451 3636 3649 3691; x_wconf 88' lang='lat' dir='ltr'><strong><em>factum</em></strong></span> 
     </span>
    </p>
   </div>
   <div class='ocr_carea' id='block_1_99' title="bbox 2072 3728 3651 3808">
    <p class='ocr_par' dir='ltr' id='par_1_99' title="bbox 2072 3728 3651 3808">
     <span class='ocr_line' id='line_1_99' title="bbox 2072 3728 3651 3808; baseline -0.011 -9"><span class='ocrx_word' id='word_1_831' title='bbox 2072 3750 2236 3799; x_wconf 91' lang='lat' dir='ltr'><strong><em>estut</em></strong></span> <span class='ocrx_word' id='word_1_832' title='bbox 2265 3740 2529 3795; x_wconf 85' lang='lat' dir='ltr'><strong><em>nonnullae</em></strong></span> <span class='ocrx_word' id='word_1_833' title='bbox 2556 3748 2741 3808; x_wconf 83' lang='lat' dir='ltr'><strong><em>gentes</em></strong></span> <span class='ocrx_word' id='word_1_834' title='bbox 2767 3752 2885 3806; x_wconf 74' lang='lat' dir='ltr'><strong><em>qua:</em></strong></span> <span class='ocrx_word' id='word_1_835' title='bbox 2907 3750 3013 3789; x_wconf 91' lang='lat' dir='ltr'><strong><em>non</em></strong></span> <span class='ocrx_word' id='word_1_836' title='bbox 3046 3742 3292 3788; x_wconf 90' lang='lat' dir='ltr'><strong><em>tenentur</em></strong></span> <span class='ocrx_word' id='word_1_837' title='bbox 3322 3730 3521 3785; x_wconf 90' lang='lat' dir='ltr'><strong><em>ditione</em></strong></span> <span class='ocrx_word' id='word_1_838' title='bbox 3544 3728 3651 3783; x_wconf 81' lang='lat' dir='ltr'><strong><em>Ro-</em></strong></span> 
     </span>
    </p>
   </div>
   <div class='ocr_carea' id='block_1_100' title="bbox 2072 3820 3651 3900">
    <p class='ocr_par' dir='ltr' id='par_1_100' title="bbox 2072 3820 3651 3900">
     <span class='ocr_line' id='line_1_100' title="bbox 2072 3820 3651 3900; baseline -0.009 -11"><span class='ocrx_word' id='word_1_839' title='bbox 2072 3848 2228 3889; x_wconf 88' lang='lat' dir='ltr'><strong><em>mana</em></strong></span> <span class='ocrx_word' id='word_1_840' title='bbox 2249 3873 2264 3898; x_wconf 97' lang='lat'><strong><em>,</em></strong></span> <span class='ocrx_word' id='word_1_841' title='bbox 2297 3832 2595 3900; x_wconf 87' lang='lat' dir='ltr'><strong><em>reciperent</em></strong></span> <span class='ocrx_word' id='word_1_842' title='bbox 2626 3828 2967 3897; x_wconf 82' lang='lat' dir='ltr'><strong><em>Evangelium</em></strong></span> <span class='ocrx_word' id='word_1_843' title='bbox 2988 3866 3005 3892; x_wconf 95' lang='lat'><strong><em>,</em></strong></span> <span class='ocrx_word' id='word_1_844' title='bbox 3037 3834 3091 3880; x_wconf 89' lang='lat' dir='ltr'><strong><em>et</em></strong></span> <span class='ocrx_word' id='word_1_845' title='bbox 3110 3824 3523 3893; x_wconf 72' lang='lat' dir='ltr'><strong><em>adiungerentur</em></strong></span> <span class='ocrx_word' id='word_1_846' title='bbox 3548 3820 3651 3875; x_wconf 87' lang='lat' dir='ltr'><strong><em>Ec-</em></strong></span> 
     </span>
    </p>
   </div>
   <div class='ocr_carea' id='block_1_101' title="bbox 2072 3910 3648 3992">
    <p class='ocr_par' dir='ltr' id='par_1_101' title="bbox 2072 3910 3648 3992">
     <span class='ocr_line' id='line_1_101' title="bbox 2072 3910 3648 3992; baseline -0.01 -13"><span class='ocrx_word' id='word_1_847' title='bbox 2072 3924 2277 3988; x_wconf 67' lang='lat' dir='ltr'><strong><em>clesiae,</em></strong></span> <span class='ocrx_word' id='word_1_848' title='bbox 2305 3936 2425 3992; x_wconf 74' lang='lat' dir='ltr'><strong><em>qua:</em></strong></span> <span class='ocrx_word' id='word_1_849' title='bbox 2451 3919 2732 3974; x_wconf 79' lang='lat' dir='ltr'><strong><em>fructiﬁeat</em></strong></span> <span class='ocrx_word' id='word_1_850' title='bbox 2760 3926 2813 3973; x_wconf 89' lang='lat' dir='ltr'><strong><em>et</em></strong></span> <span class='ocrx_word' id='word_1_851' title='bbox 2841 3917 3033 3971; x_wconf 88' lang='lat' dir='ltr'><strong><em>crescit</em></strong></span> <span class='ocrx_word' id='word_1_852' title='bbox 3064 3916 3115 3969; x_wconf 92' lang='lat' dir='ltr'><strong><em>in</em></strong></span> <span class='ocrx_word' id='word_1_853' title='bbox 3153 3914 3400 3967; x_wconf 88' lang='lat' dir='ltr'><strong><em>universo</em></strong></span> <span class='ocrx_word' id='word_1_854' title='bbox 3429 3910 3648 3965; x_wconf 90' lang='lat' dir='ltr'><strong><em>mundo.</em></strong></span> 
     </span>
    </p>
   </div>
   <div class='ocr_carea' id='block_1_102' title="bbox 2074 3999 3651 4077">
    <p class='ocr_par' dir='ltr' id='par_1_102' title="bbox 2074 3999 3651 4077">
     <span class='ocr_line' id='line_1_102' title="bbox 2074 3999 3651 4077; baseline -0.01 -9"><span class='ocrx_word' id='word_1_855' title='bbox 2074 4014 2262 4069; x_wconf 84' lang='lat' dir='ltr'><strong><em>Adhuc</em></strong></span> <span class='ocrx_word' id='word_1_856' title='bbox 2301 4011 2441 4066; x_wconf 88' lang='lat' dir='ltr'><strong><em>enim</em></strong></span> <span class='ocrx_word' id='word_1_857' title='bbox 2474 4010 2645 4064; x_wconf 87' lang='lat' dir='ltr'><strong><em>habet.</em></strong></span> <span class='ocrx_word' id='word_1_858' title='bbox 2666 4023 2771 4077; x_wconf 92' lang='lat' dir='ltr'><strong><em>quo</em></strong></span> <span class='ocrx_word' id='word_1_859' title='bbox 2805 4016 3046 4068; x_wconf 89' lang='lat' dir='ltr'><strong><em>crescat,</em></strong></span> <span class='ocrx_word' id='word_1_860' title='bbox 3078 4003 3246 4057; x_wconf 90' lang='lat' dir='ltr'><strong><em>donec</em></strong></span> <span class='ocrx_word' id='word_1_861' title='bbox 3282 4001 3372 4054; x_wconf 86' lang='lat' dir='ltr'><strong><em>ﬁat</em></strong></span> <span class='ocrx_word' id='word_1_862' title='bbox 3405 3999 3543 4068; x_wconf 91' lang='lat' dir='ltr'><strong><em>quod</em></strong></span> <span class='ocrx_word' id='word_1_863' title='bbox 3581 3999 3651 4053; x_wconf 80' lang='lat' dir='ltr'><strong><em>de</em></strong></span> 
     </span>
    </p>
   </div>
   <div class='ocr_carea' id='block_1_103' title="bbox 2074 4089 3651 4167">
    <p class='ocr_par' dir='ltr' id='par_1_103' title="bbox 2074 4089 3651 4167">
     <span class='ocr_line' id='line_1_103' title="bbox 2074 4089 3651 4167; baseline -0.012 -8"><span class='ocrx_word' id='word_1_864' title='bbox 2074 4104 2285 4159; x_wconf 85' lang='lat' dir='ltr'><strong><em>Christo</em></strong></span> <span class='ocrx_word' id='word_1_865' title='bbox 2312 4103 2363 4156; x_wconf 91' lang='lat' dir='ltr'><strong><em>in</em></strong></span> <span class='ocrx_word' id='word_1_866' title='bbox 2394 4101 2695 4156; x_wconf 86' lang='lat' dir='ltr'><strong><em>Salomonis</em></strong></span> <span class='ocrx_word' id='word_1_867' title='bbox 2723 4095 3287 4167; x_wconf 78' lang='lat' dir='ltr'><strong><em>ﬁgura&#39;prophetatum</em></strong></span> <span class='ocrx_word' id='word_1_868' title='bbox 3314 4099 3395 4144; x_wconf 88' lang='lat' dir='ltr'><strong><em>cst</em></strong></span> <span class='ocrx_word' id='word_1_869' title='bbox 3426 4109 3437 4143; x_wconf 93' lang='lat'>:</span> <span class='ocrx_word' id='word_1_870' title='bbox 3470 4089 3651 4141; x_wconf 64' lang='lat' dir='ltr'><strong><em>Domi-</em></strong></span> 
     </span>
    </p>
   </div>
   <div class='ocr_carea' id='block_1_104' title="bbox 2077 4178 3651 4256">
    <p class='ocr_par' dir='ltr' id='par_1_104' title="bbox 2077 4178 3651 4256">
     <span class='ocr_line' id='line_1_104' title="bbox 2077 4178 3651 4256; baseline -0.011 -10"><span class='ocrx_word' id='word_1_871' title='bbox 2077 4194 2276 4247; x_wconf 78' lang='lat' dir='ltr'><strong><em>nubitur</em></strong></span> <span class='ocrx_word' id='word_1_872' title='bbox 2300 4210 2331 4245; x_wconf 88' lang='lat' dir='ltr'><strong><em>a</em></strong></span> <span class='ocrx_word' id='word_1_873' title='bbox 2356 4192 2485 4245; x_wconf 91' lang='lat' dir='ltr'><strong><em>mari</em></strong></span> <span class='ocrx_word' id='word_1_874' title='bbox 2512 4206 2666 4256; x_wconf 85' lang='lat' dir='ltr'><strong><em>usque</em></strong></span> <span class='ocrx_word' id='word_1_875' title='bbox 2693 4191 2759 4243; x_wconf 85' lang='lat' dir='ltr'><strong><em>ad</em></strong></span> <span class='ocrx_word' id='word_1_876' title='bbox 2786 4202 2925 4239; x_wconf 88' lang='lat' dir='ltr'><strong><em>mare</em></strong></span> <span class='ocrx_word' id='word_1_877' title='bbox 2946 4226 2959 4247; x_wconf 87' lang='lat'><strong><em>,</em></strong></span> <span class='ocrx_word' id='word_1_878' title='bbox 2997 4196 3041 4238; x_wconf 91' lang='lat' dir='ltr'><strong><em>et</em></strong></span> <span class='ocrx_word' id='word_1_879' title='bbox 3085 4201 3116 4234; x_wconf 92' lang='lat' dir='ltr'><strong><em>a</em></strong></span> <span class='ocrx_word' id='word_1_880' title='bbox 3148 4182 3355 4253; x_wconf 76' lang='lat' dir='ltr'><strong><em>[lumine</em></strong></span> <span class='ocrx_word' id='word_1_881' title='bbox 3397 4195 3549 4247; x_wconf 86' lang='lat' dir='ltr'><strong><em>usque</em></strong></span> <span class='ocrx_word' id='word_1_882' title='bbox 3582 4178 3651 4230; x_wconf 87' lang='lat' dir='ltr'><strong><em>ad</em></strong></span> 
     </span>
    </p>
   </div>
   <div class='ocr_carea' id='block_1_105' title="bbox 2076 4269 3650 4351">
    <p class='ocr_par' dir='ltr' id='par_1_105' title="bbox 2076 4269 3650 4351">
     <span class='ocr_line' id='line_1_105' title="bbox 2076 4269 3650 4351; baseline -0.008 -15"><span class='ocrx_word' id='word_1_883' title='bbox 2076 4283 2312 4337; x_wconf 87' lang='lat' dir='ltr'><strong><em>terminos</em></strong></span> <span class='ocrx_word' id='word_1_884' title='bbox 2332 4280 2464 4335; x_wconf 80' lang='lat' dir='ltr'><strong><em>orbis</em></strong></span> <span class='ocrx_word' id='word_1_885' title='bbox 2491 4288 2636 4351; x_wconf 78' lang='lat' dir='ltr'><strong><em>teme</em></strong></span> <span class='ocrx_word' id='word_1_886' title='bbox 2675 4276 2841 4349; x_wconf 86' lang='lat' dir='ltr'><strong><em>(Psal.</em></strong></span> <span class='ocrx_word' id='word_1_887' title='bbox 2876 4290 3002 4328; x_wconf 74' lang='lat' dir='ltr'><strong><em>uxn</em></strong></span> <span class='ocrx_word' id='word_1_888' title='bbox 3035 4314 3050 4339; x_wconf 93' lang='lat'><strong><em>,</em></strong></span> <span class='ocrx_word' id='word_1_889' title='bbox 3090 4274 3165 4342; x_wconf 81' lang='grc'><strong><em>8).</em></strong></span> <span class='ocrx_word' id='word_1_890' title='bbox 3190 4271 3234 4325; x_wconf 82' lang='grc' dir='ltr'><em>Α</em></span> <span class='ocrx_word' id='word_1_891' title='bbox 3275 4270 3483 4341; x_wconf 77' lang='lat' dir='ltr'><strong><em>[tantine</em></strong></span> <span class='ocrx_word' id='word_1_892' title='bbox 3511 4269 3650 4323; x_wconf 86' lang='lat' dir='ltr'><strong><em>scili-</em></strong></span> 
     </span>
    </p>
   </div>
   <div class='ocr_carea' id='block_1_106' title="bbox 2077 4359 3649 4440">
    <p class='ocr_par' dir='ltr' id='par_1_106' title="bbox 2077 4359 3649 4440">
     <span class='ocr_line' id='line_1_106' title="bbox 2077 4359 3649 4440; baseline -0.009 -14"><span class='ocrx_word' id='word_1_893' title='bbox 2077 4380 2161 4427; x_wconf 83' lang='lat' dir='ltr'><strong><em>cet</em></strong></span> <span class='ocrx_word' id='word_1_894' title='bbox 2184 4373 2273 4426; x_wconf 89' lang='lat' dir='ltr'><strong><em>ubi</em></strong></span> <span class='ocrx_word' id='word_1_895' title='bbox 2300 4371 2594 4440; x_wconf 78' lang='lat' dir='ltr'><strong><em>baptizatus</em></strong></span> <span class='ocrx_word' id='word_1_896' title='bbox 2631 4376 2747 4432; x_wconf 91' lang='lat' dir='ltr'><strong><em>est,</em></strong></span> <span class='ocrx_word' id='word_1_897' title='bbox 2789 4367 2910 4436; x_wconf 88' lang='lat' dir='ltr'><strong><em>quia</em></strong></span> <span class='ocrx_word' id='word_1_898' title='bbox 2942 4364 3068 4419; x_wconf 88' lang='lat' dir='ltr'><strong><em>inde</em></strong></span> <span class='ocrx_word' id='word_1_899' title='bbox 3107 4362 3269 4431; x_wconf 75' lang='lat' dir='ltr'><strong><em>ccepit</em></strong></span> <span class='ocrx_word' id='word_1_900' title='bbox 3313 4359 3649 4430; x_wconf 81' lang='lat' dir='ltr'><strong><em>Evangelium</em></strong></span> 
     </span>
    </p>
   </div>
   <div class='ocr_carea' id='block_1_107' title="bbox 2076 4453 3650 4533">
    <p class='ocr_par' dir='ltr' id='par_1_107' title="bbox 2076 4453 3650 4533">
     <span class='ocr_line' id='line_1_107' title="bbox 2076 4453 3650 4533; baseline -0.007 -20"><span class='ocrx_word' id='word_1_901' title='bbox 2076 4462 2367 4533; x_wconf 69' lang='lat' dir='ltr'><strong><em>praedicare</em></strong></span> <span class='ocrx_word' id='word_1_902' title='bbox 2394 4478 2408 4514; x_wconf 89' lang='lat'><strong>:</strong></span> <span class='ocrx_word' id='word_1_903' title='bbox 2437 4477 2468 4513; x_wconf 90' lang='lat' dir='ltr'><strong><em>a</em></strong></span> <span class='ocrx_word' id='word_1_904' title='bbox 2494 4459 2621 4512; x_wconf 84' lang='lat' dir='ltr'><strong><em>mari</em></strong></span> <span class='ocrx_word' id='word_1_905' title='bbox 2645 4466 2823 4511; x_wconf 87' lang='lat' dir='ltr'><strong><em>autem</em></strong></span> <span class='ocrx_word' id='word_1_906' title='bbox 2852 4471 3007 4525; x_wconf 85' lang='lat' dir='ltr'><strong><em>usque</em></strong></span> <span class='ocrx_word' id='word_1_907' title='bbox 3033 4453 3102 4506; x_wconf 84' lang='lat' dir='ltr'><strong><em>ad</em></strong></span> <span class='ocrx_word' id='word_1_908' title='bbox 3124 4469 3261 4505; x_wconf 81' lang='lat' dir='ltr'><strong><em>mare</em></strong></span> <span class='ocrx_word' id='word_1_909' title='bbox 3288 4460 3427 4505; x_wconf 86' lang='lat' dir='ltr'><strong><em>totus</em></strong></span> <span class='ocrx_word' id='word_1_910' title='bbox 3452 4458 3535 4505; x_wconf 88' lang='lat' dir='ltr'><strong><em>est</em></strong></span> <span class='ocrx_word' id='word_1_911' title='bbox 3562 4465 3650 4503; x_wconf 85' lang='lat' dir='ltr'><strong><em>or-</em></strong></span> 
     </span>
    </p>
   </div>
   <div class='ocr_carea' id='block_1_108' title="bbox 2077 4540 3653 4620">
    <p class='ocr_par' dir='ltr' id='par_1_108' title="bbox 2077 4540 3653 4620">
     <span class='ocr_line' id='line_1_108' title="bbox 2077 4540 3653 4620; baseline -0.011 -11"><span class='ocrx_word' id='word_1_912' title='bbox 2077 4555 2161 4609; x_wconf 90' lang='lat' dir='ltr'><strong><em>bis</em></strong></span> <span class='ocrx_word' id='word_1_913' title='bbox 2178 4569 2297 4608; x_wconf 90' lang='lat' dir='ltr'><strong><em>cum</em></strong></span> <span class='ocrx_word' id='word_1_914' title='bbox 2320 4552 2563 4606; x_wconf 91' lang='lat' dir='ltr'><strong><em>omnibus</em></strong></span> <span class='ocrx_word' id='word_1_915' title='bbox 2588 4550 2851 4620; x_wconf 82' lang='lat' dir='ltr'><strong><em>gentibus.</em></strong></span> <span class='ocrx_word' id='word_1_916' title='bbox 2880 4545 3128 4615; x_wconf 88' lang='lat' dir='ltr'><strong><em>quoniam</em></strong></span> <span class='ocrx_word' id='word_1_917' title='bbox 3159 4542 3288 4596; x_wconf 87' lang='lat' dir='ltr'><strong><em>mari</em></strong></span> <span class='ocrx_word' id='word_1_918' title='bbox 3311 4556 3509 4595; x_wconf 89' lang='lat' dir='ltr'><strong><em>oceano</em></strong></span> <span class='ocrx_word' id='word_1_919' title='bbox 3533 4540 3653 4593; x_wconf 83' lang='lat' dir='ltr'><strong><em>cin-</em></strong></span> 
     </span>
    </p>
   </div>
   <div class='ocr_carea' id='block_1_109' title="bbox 2077 4631 3653 4719">
    <p class='ocr_par' dir='ltr' id='par_1_109' title="bbox 2077 4631 3653 4719">
     <span class='ocr_line' id='line_1_109' title="bbox 2077 4631 3653 4719; baseline -0.012 -17"><span class='ocrx_word' id='word_1_920' title='bbox 2077 4650 2217 4719; x_wconf 81' lang='lat' dir='ltr'><strong><em>gitur</em></strong></span> <span class='ocrx_word' id='word_1_921' title='bbox 2241 4648 2535 4701; x_wconf 82' lang='lat' dir='ltr'><strong><em>universus.</em></strong></span> <span class='ocrx_word' id='word_1_922' title='bbox 2559 4640 2835 4709; x_wconf 79' lang='lat' dir='ltr'><strong><em>Quomodo</em></strong></span> <span class='ocrx_word' id='word_1_923' title='bbox 2853 4648 3030 4692; x_wconf 88' lang='lat' dir='ltr'><strong><em>autem</em></strong></span> <span class='ocrx_word' id='word_1_924' title='bbox 3062 4634 3364 4705; x_wconf 83' lang='lat' dir='ltr'><strong><em>implebitur</em></strong></span> <span class='ocrx_word' id='word_1_925' title='bbox 3388 4632 3543 4686; x_wconf 87' lang='lat' dir='ltr'><strong><em>aliter</em></strong></span> <span class='ocrx_word' id='word_1_926' title='bbox 3562 4631 3653 4684; x_wconf 87' lang='lat' dir='ltr'><strong><em>illa</em></strong></span> 
     </span>
    </p>
   </div>
   <div class='ocr_carea' id='block_1_110' title="bbox 2079 4721 3656 4809">
    <p class='ocr_par' dir='ltr' id='par_1_110' title="bbox 2079 4721 3656 4809">
     <span class='ocr_line' id='line_1_110' title="bbox 2079 4721 3656 4809; baseline -0.014 -15"><span class='ocrx_word' id='word_1_927' title='bbox 2079 4738 2354 4809; x_wconf 83' lang='lat' dir='ltr'><strong><em>prophetia</em></strong></span> <span class='ocrx_word' id='word_1_928' title='bbox 2384 4754 2397 4787; x_wconf 87' lang='lat'><strong>:</strong></span> <span class='ocrx_word' id='word_1_929' title='bbox 2435 4734 2617 4787; x_wconf 89' lang='lat' dir='ltr'><strong><em>Omnes</em></strong></span> <span class='ocrx_word' id='word_1_930' title='bbox 2644 4739 2812 4801; x_wconf 85' lang='lat' dir='ltr'><strong><em>gentes</em></strong></span> <span class='ocrx_word' id='word_1_931' title='bbox 2830 4768 2844 4794; x_wconf 89' lang='lat'><strong><em>,</em></strong></span> <span class='ocrx_word' id='word_1_932' title='bbox 2871 4734 3108 4798; x_wconf 87' lang='lat' dir='ltr'><strong><em>quotquot</em></strong></span> <span class='ocrx_word' id='word_1_933' title='bbox 3130 4724 3321 4793; x_wconf 80' lang='lat' dir='ltr'><strong><em>fecisti,</em></strong></span> <span class='ocrx_word' id='word_1_934' title='bbox 3344 4721 3567 4782; x_wconf 86' lang='lat' dir='ltr'><strong><em>venient,</em></strong></span> <span class='ocrx_word' id='word_1_935' title='bbox 3608 4724 3656 4772; x_wconf 77' lang='lat' dir='ltr'><strong><em>et</em></strong></span> 
     </span>
    </p>
   </div>
   <div class='ocr_carea' id='block_1_111' title="bbox 2078 4808 3652 4891">
    <p class='ocr_par' dir='ltr' id='par_1_111' title="bbox 2078 4808 3652 4891">
     <span class='ocr_line' id='line_1_111' title="bbox 2078 4808 3652 4891; baseline -0.015 -5"><span class='ocrx_word' id='word_1_936' title='bbox 2078 4808 2357 4885; x_wconf 82' lang='lat' dir='ltr'><strong><em>adorabunt</em></strong></span> <span class='ocrx_word' id='word_1_937' title='bbox 2396 4842 2566 4881; x_wconf 86' lang='lat' dir='ltr'><strong><em>coram</em></strong></span> <span class='ocrx_word' id='word_1_938' title='bbox 2612 4832 2676 4889; x_wconf 87' lang='lat' dir='ltr'><strong><em>te,</em></strong></span> <span class='ocrx_word' id='word_1_939' title='bbox 2706 4820 2920 4875; x_wconf 87' lang='lat' dir='ltr'><strong><em>Domine</em></strong></span> <span class='ocrx_word' id='word_1_940' title='bbox 2955 4816 3123 4891; x_wconf 80' lang='lat' dir='ltr'><strong><em>(Psal.</em></strong></span> <span class='ocrx_word' id='word_1_941' title='bbox 3161 4829 3372 4878; x_wconf 78' lang='lat' dir='ltr'><strong><em>Lxxxv,</em></strong></span> <span class='ocrx_word' id='word_1_942' title='bbox 3419 4812 3512 4881; x_wconf 82' lang='lat'><strong><em>9)?</em></strong></span> <span class='ocrx_word' id='word_1_943' title='bbox 3538 4808 3652 4864; x_wconf 76' lang='lat' dir='ltr'><strong><em>Non</em></strong></span> 
     </span>
    </p>
   </div>
   <div class='ocr_carea' id='block_1_112' title="bbox 2080 4900 3654 4982">
    <p class='ocr_par' dir='ltr' id='par_1_112' title="bbox 2080 4900 3654 4982">
     <span class='ocr_line' id='line_1_112' title="bbox 2080 4900 3654 4982; baseline -0.015 -5"><span class='ocrx_word' id='word_1_944' title='bbox 2080 4923 2220 4978; x_wconf 87' lang='lat' dir='ltr'><strong><em>enim</em></strong></span> <span class='ocrx_word' id='word_1_945' title='bbox 2244 4920 2311 4975; x_wconf 91' lang='lat' dir='ltr'><strong><em>de</em></strong></span> <span class='ocrx_word' id='word_1_946' title='bbox 2336 4918 2464 4972; x_wconf 91' lang='lat' dir='ltr'><strong><em>locis</em></strong></span> <span class='ocrx_word' id='word_1_947' title='bbox 2493 4916 2603 4970; x_wconf 92' lang='lat' dir='ltr'><strong><em>suis</em></strong></span> <span class='ocrx_word' id='word_1_948' title='bbox 2629 4911 2902 4982; x_wconf 82' lang='lat' dir='ltr'><strong><em>migrando</em></strong></span> <span class='ocrx_word' id='word_1_949' title='bbox 2927 4909 3157 4973; x_wconf 74' lang='lat' dir='ltr'><strong><em>venient,</em></strong></span> <span class='ocrx_word' id='word_1_950' title='bbox 3184 4906 3277 4960; x_wconf 89' lang='lat' dir='ltr'><strong><em>sed</em></strong></span> <span class='ocrx_word' id='word_1_951' title='bbox 3308 4905 3357 4957; x_wconf 91' lang='lat' dir='ltr'><strong><em>in</em></strong></span> <span class='ocrx_word' id='word_1_952' title='bbox 3384 4901 3516 4956; x_wconf 90' lang='lat' dir='ltr'><strong><em>locis</em></strong></span> <span class='ocrx_word' id='word_1_953' title='bbox 3543 4900 3654 4955; x_wconf 85' lang='lat' dir='ltr'><strong><em>suis</em></strong></span> 
     </span>
    </p>
   </div>
   <div class='ocr_carea' id='block_1_113' title="bbox 2079 4991 3653 5070">
    <p class='ocr_par' dir='ltr' id='par_1_113' title="bbox 2079 4991 3653 5070">
     <span class='ocr_line' id='line_1_113' title="bbox 2079 4991 3653 5070; baseline -0.017 -1"><span class='ocrx_word' id='word_1_954' title='bbox 2079 5010 2366 5068; x_wconf 79' lang='lat' dir='ltr'><strong><em>credendo.</em></strong></span> <span class='ocrx_word' id='word_1_955' title='bbox 2420 5009 2497 5062; x_wconf 87' lang='lat' dir='ltr'><strong><em>De</em></strong></span> <span class='ocrx_word' id='word_1_956' title='bbox 2550 5003 2884 5059; x_wconf 88' lang='lat' dir='ltr'><strong><em>credentibus</em></strong></span> <span class='ocrx_word' id='word_1_957' title='bbox 2926 5000 3123 5070; x_wconf 90' lang='lat' dir='ltr'><strong><em>quippe</em></strong></span> <span class='ocrx_word' id='word_1_958' title='bbox 3174 4996 3427 5050; x_wconf 90' lang='lat' dir='ltr'><strong><em>Dominus</em></strong></span> <span class='ocrx_word' id='word_1_959' title='bbox 3475 4991 3653 5047; x_wconf 80' lang='lat' dir='ltr'><strong><em>dixit:</em></strong></span> 
     </span>
    </p>
   </div>
   <div class='ocr_carea' id='block_1_114' title="bbox 2084 5082 3655 5170">
    <p class='ocr_par' dir='ltr' id='par_1_114' title="bbox 2084 5082 3655 5170">
     <span class='ocr_line' id='line_1_114' title="bbox 2084 5082 3655 5170; baseline -0.015 -12"><span class='ocrx_word' id='word_1_960' title='bbox 2084 5102 2248 5158; x_wconf 85' lang='lat' dir='ltr'><strong><em>Nemo</em></strong></span> <span class='ocrx_word' id='word_1_961' title='bbox 2277 5108 2436 5170; x_wconf 86' lang='lat' dir='ltr'><strong><em>potest</em></strong></span> <span class='ocrx_word' id='word_1_962' title='bbox 2463 5098 2626 5151; x_wconf 85' lang='lat' dir='ltr'><strong><em>venire</em></strong></span> <span class='ocrx_word' id='word_1_963' title='bbox 2641 5095 2707 5147; x_wconf 88' lang='lat' dir='ltr'><strong><em>ad</em></strong></span> <span class='ocrx_word' id='word_1_964' title='bbox 2735 5111 2831 5159; x_wconf 77' lang='lat' dir='ltr'><strong><em>me,</em></strong></span> <span class='ocrx_word' id='word_1_965' title='bbox 2859 5092 2955 5147; x_wconf 89' lang='lat' dir='ltr'><strong><em>nisi</em></strong></span> <span class='ocrx_word' id='word_1_966' title='bbox 2981 5093 3156 5145; x_wconf 85' lang='lat' dir='ltr'><strong><em>datum</em></strong></span> <span class='ocrx_word' id='word_1_967' title='bbox 3182 5087 3330 5157; x_wconf 81' lang='lat' dir='ltr'><strong><em>fuerit</em></strong></span> <span class='ocrx_word' id='word_1_968' title='bbox 3360 5086 3404 5139; x_wconf 89' lang='lat' dir='ltr'><strong><em>ei</em></strong></span> <span class='ocrx_word' id='word_1_969' title='bbox 3433 5101 3464 5137; x_wconf 92' lang='lat' dir='ltr'><strong><em>a</em></strong></span> <span class='ocrx_word' id='word_1_970' title='bbox 3500 5082 3655 5137; x_wconf 85' lang='lat' dir='ltr'><strong><em>Patre</em></strong></span> 
     </span>
    </p>
   </div>
   <div class='ocr_carea' id='block_1_115' title="bbox 2082 5173 3657 5265">
    <p class='ocr_par' dir='ltr' id='par_1_115' title="bbox 2082 5173 3657 5265">
     <span class='ocr_line' id='line_1_115' title="bbox 2082 5173 3657 5265; baseline -0.017 -16"><span class='ocrx_word' id='word_1_971' title='bbox 2082 5210 2191 5249; x_wconf 85' lang='lat' dir='ltr'><strong><em>meo</em></strong></span> <span class='ocrx_word' id='word_1_972' title='bbox 2215 5192 2392 5265; x_wconf 86' lang='lat' dir='ltr'><strong><em>(Joan.</em></strong></span> <span class='ocrx_word' id='word_1_973' title='bbox 2415 5205 2489 5251; x_wconf 74' lang='lat' dir='ltr'><strong><em>vr,</em></strong></span> <span class='ocrx_word' id='word_1_974' title='bbox 2519 5187 2629 5257; x_wconf 79' lang='grc'><strong><em>66).</em></strong></span> <span class='ocrx_word' id='word_1_975' title='bbox 2661 5185 2921 5254; x_wconf 85' lang='lat' dir='ltr'><strong><em>Propheta</em></strong></span> <span class='ocrx_word' id='word_1_976' title='bbox 2955 5190 3132 5236; x_wconf 82' lang='lat' dir='ltr'><strong><em>autem</em></strong></span> <span class='ocrx_word' id='word_1_977' title='bbox 3155 5178 3287 5233; x_wconf 88' lang='lat' dir='ltr'><strong><em>dicit</em></strong></span> <span class='ocrx_word' id='word_1_978' title='bbox 3318 5192 3331 5228; x_wconf 90' lang='lat'><strong>:</strong></span> <span class='ocrx_word' id='word_1_979' title='bbox 3369 5173 3437 5227; x_wconf 83' lang='lat' dir='ltr'><strong><em>Et</em></strong></span> <span class='ocrx_word' id='word_1_980' title='bbox 3469 5173 3657 5225; x_wconf 84' lang='lat' dir='ltr'><strong><em>adora-</em></strong></span> 
     </span>
    </p>
   </div>
   <div class='ocr_carea' id='block_1_116' title="bbox 2083 5264 3657 5349">
    <p class='ocr_par' dir='ltr' id='par_1_116' title="bbox 2083 5264 3657 5349">
     <span class='ocr_line' id='line_1_116' title="bbox 2083 5264 3657 5349; baseline -0.017 -9"><span class='ocrx_word' id='word_1_981' title='bbox 2083 5287 2203 5341; x_wconf 85' lang='lat' dir='ltr'><strong><em>bunt</em></strong></span> <span class='ocrx_word' id='word_1_982' title='bbox 2227 5264 2344 5338; x_wconf 14' lang='lat' dir='ltr'><strong><em>renm</em></strong></span> <span class='ocrx_word' id='word_1_983' title='bbox 2368 5279 2703 5349; x_wconf 85' lang='lat' dir='ltr'><strong><em>unusquisque</em></strong></span> <span class='ocrx_word' id='word_1_984' title='bbox 2730 5277 2791 5329; x_wconf 88' lang='lat' dir='ltr'><strong><em>de</em></strong></span> <span class='ocrx_word' id='word_1_985' title='bbox 2819 5277 2927 5329; x_wconf 87' lang='lat' dir='ltr'><strong><em>loco</em></strong></span> <span class='ocrx_word' id='word_1_986' title='bbox 2958 5289 3078 5335; x_wconf 89' lang='lat' dir='ltr'><strong><em>suo,</em></strong></span> <span class='ocrx_word' id='word_1_987' title='bbox 3107 5284 3276 5323; x_wconf 90' lang='lat' dir='ltr'><strong><em>omnes</em></strong></span> <span class='ocrx_word' id='word_1_988' title='bbox 3316 5264 3495 5320; x_wconf 70' lang='lat' dir='ltr'><strong><em>insula</em></strong></span> <span class='ocrx_word' id='word_1_989' title='bbox 3531 5278 3657 5334; x_wconf 85' lang='lat' dir='ltr'><strong><em>gen-</em></strong></span> 
     </span>
    </p>
   </div>
   <div class='ocr_carea' id='block_1_117' title="bbox 2084 5353 3659 5448">
    <p class='ocr_par' dir='ltr' id='par_1_117' title="bbox 2084 5353 3659 5448">
     <span class='ocr_line' id='line_1_117' title="bbox 2084 5353 3659 5448; baseline -0.017 -16"><span class='ocrx_word' id='word_1_990' title='bbox 2084 5380 2208 5433; x_wconf 90' lang='lat' dir='ltr'><strong><em>tium</em></strong></span> <span class='ocrx_word' id='word_1_991' title='bbox 2227 5374 2480 5448; x_wconf 85' lang='lat' dir='ltr'><strong><em>(Saphon.</em></strong></span> <span class='ocrx_word' id='word_1_992' title='bbox 2508 5387 2566 5436; x_wconf 90' lang='lat' dir='ltr'><strong><em>u,</em></strong></span> <span class='ocrx_word' id='word_1_993' title='bbox 2598 5370 2703 5439; x_wconf 81' lang='lat' dir='ltr'><strong><em>ll).</em></strong></span> <span class='ocrx_word' id='word_1_994' title='bbox 2734 5368 2917 5421; x_wconf 83' lang='lat' dir='ltr'><strong><em>Omnes</em></strong></span> <span class='ocrx_word' id='word_1_995' title='bbox 2937 5363 3117 5417; x_wconf 82' lang='lat' dir='ltr'><strong><em>insula:</em></strong></span> <span class='ocrx_word' id='word_1_996' title='bbox 3130 5360 3280 5425; x_wconf 87' lang='lat' dir='ltr'><strong><em>dixit,</em></strong></span> <span class='ocrx_word' id='word_1_997' title='bbox 3307 5367 3553 5426; x_wconf 90' lang='lat' dir='ltr'><strong><em>tanquam</em></strong></span> <span class='ocrx_word' id='word_1_998' title='bbox 3578 5353 3659 5408; x_wconf 81' lang='lat' dir='ltr'><strong><em>di-</em></strong></span> 
     </span>
    </p>
   </div>
   <div class='ocr_carea' id='block_1_118' title="bbox 2083 5448 3657 5532">
    <p class='ocr_par' dir='ltr' id='par_1_118' title="bbox 2083 5448 3657 5532">
     <span class='ocr_line' id='line_1_118' title="bbox 2083 5448 3657 5532; baseline -0.02 -6"><span class='ocrx_word' id='word_1_999' title='bbox 2083 5478 2245 5532; x_wconf 89' lang='lat' dir='ltr'><strong><em>ceret,</em></strong></span> <span class='ocrx_word' id='word_1_1000' title='bbox 2294 5464 2467 5520; x_wconf 87' lang='lat' dir='ltr'><strong><em>Etiam</em></strong></span> <span class='ocrx_word' id='word_1_1001' title='bbox 2510 5475 2709 5515; x_wconf 24' lang='lat' dir='ltr'><strong><em>omnes‘</em></strong></span> <span class='ocrx_word' id='word_1_1002' title='bbox 2736 5456 2956 5519; x_wconf 79' lang='lat' dir='ltr'><strong><em>insulze;</em></strong></span> <span class='ocrx_word' id='word_1_1003' title='bbox 3004 5453 3128 5507; x_wconf 87' lang='lat' dir='ltr'><strong><em>hinc</em></strong></span> <span class='ocrx_word' id='word_1_1004' title='bbox 3173 5448 3459 5504; x_wconf 83' lang='lat' dir='ltr'><strong><em>ostendens</em></strong></span> <span class='ocrx_word' id='word_1_1005' title='bbox 3498 5456 3657 5514; x_wconf 92' lang='lat' dir='ltr'><strong><em>quam</em></strong></span> 
     </span>
    </p>
   </div>
   <div class='ocr_carea' id='block_1_119' title="bbox 2083 5533 3655 5626">
    <p class='ocr_par' dir='ltr' id='par_1_119' title="bbox 2083 5533 3655 5626">
     <span class='ocr_line' id='line_1_119' title="bbox 2083 5533 3655 5626; baseline -0.02 -9"><span class='ocrx_word' id='word_1_1006' title='bbox 2083 5561 2227 5617; x_wconf 84' lang='lat' dir='ltr'><strong><em>nulla</em></strong></span> <span class='ocrx_word' id='word_1_1007' title='bbox 2274 5557 2600 5626; x_wconf 87' lang='lat' dir='ltr'><strong><em>relinquatur</em></strong></span> <span class='ocrx_word' id='word_1_1008' title='bbox 2646 5558 2907 5605; x_wconf 86' lang='lat' dir='ltr'><strong><em>terrarum</em></strong></span> <span class='ocrx_word' id='word_1_1009' title='bbox 2956 5542 3044 5598; x_wconf 89' lang='lat' dir='ltr'><strong><em>ubi</em></strong></span> <span class='ocrx_word' id='word_1_1010' title='bbox 3094 5558 3199 5596; x_wconf 91' lang='lat' dir='ltr'><strong><em>non</em></strong></span> <span class='ocrx_word' id='word_1_1011' title='bbox 3257 5542 3326 5595; x_wconf 89' lang='lat' dir='ltr'><strong><em>sit</em></strong></span> <span class='ocrx_word' id='word_1_1012' title='bbox 3375 5533 3655 5594; x_wconf 83' lang='lat' dir='ltr'><strong><em>Ecclesia,</em></strong></span> 
     </span>
    </p>
   </div>
   <div class='ocr_carea' id='block_1_120' title="bbox 2084 5622 3660 5722">
    <p class='ocr_par' dir='ltr' id='par_1_120' title="bbox 2084 5622 3660 5722">
     <span class='ocr_line' id='line_1_120' title="bbox 2084 5622 3660 5722; baseline -0.019 -17"><span class='ocrx_word' id='word_1_1013' title='bbox 2084 5647 2296 5722; x_wconf 86' lang='lat' dir='ltr'><strong><em>quando</em></strong></span> <span class='ocrx_word' id='word_1_1014' title='bbox 2322 5622 2461 5700; x_wconf 78' lang='lat' dir='ltr'><strong><em>nulla</em></strong></span> <span class='ocrx_word' id='word_1_1015' title='bbox 2484 5640 2797 5707; x_wconf 85' lang='lat' dir='ltr'><strong><em>relinquitur</em></strong></span> <span class='ocrx_word' id='word_1_1016' title='bbox 2820 5634 3128 5696; x_wconf 89' lang='lat' dir='ltr'><strong><em>insularum,</em></strong></span> <span class='ocrx_word' id='word_1_1017' title='bbox 3152 5643 3371 5701; x_wconf 87' lang='lat' dir='ltr'><strong><em>quarum</em></strong></span> <span class='ocrx_word' id='word_1_1018' title='bbox 3391 5622 3660 5679; x_wconf 70' lang='lat' dir='ltr'><strong><em>noanullai</em></strong></span> 
     </span>
    </p>
   </div>
   <div class='ocr_carea' id='block_1_121' title="bbox 2082 5720 3658 5800">
    <p class='ocr_par' dir='ltr' id='par_1_121' title="bbox 2082 5720 3658 5800">
     <span class='ocr_line' id='line_1_121' title="bbox 2082 5720 3658 5800; baseline -0.022 -1"><span class='ocrx_word' id='word_1_1019' title='bbox 2082 5720 2244 5800; x_wconf 71' lang='lat' dir='ltr'><strong><em>etiam</em></strong></span> <span class='ocrx_word' id='word_1_1020' title='bbox 2272 5739 2324 5794; x_wconf 87' lang='lat' dir='ltr'><strong><em>in</em></strong></span> <span class='ocrx_word' id='word_1_1021' title='bbox 2349 5735 2561 5794; x_wconf 88' lang='lat' dir='ltr'><strong><em>Oceano</em></strong></span> <span class='ocrx_word' id='word_1_1022' title='bbox 2588 5737 2709 5788; x_wconf 89' lang='lat' dir='ltr'><strong><em>sunt</em></strong></span> <span class='ocrx_word' id='word_1_1023' title='bbox 2729 5726 3026 5799; x_wconf 69' lang='lat' dir='ltr'><strong><em>constituta:</em></strong></span> <span class='ocrx_word' id='word_1_1024' title='bbox 3046 5765 3059 5790; x_wconf 94' lang='lat'><strong><em>,</em></strong></span> <span class='ocrx_word' id='word_1_1025' title='bbox 3089 5732 3143 5777; x_wconf 89' lang='lat' dir='ltr'><strong><em>et</em></strong></span> <span class='ocrx_word' id='word_1_1026' title='bbox 3175 5720 3426 5793; x_wconf 86' lang='lat' dir='ltr'><strong><em>quasdam</em></strong></span> <span class='ocrx_word' id='word_1_1027' title='bbox 3470 5726 3658 5772; x_wconf 80' lang='lat' dir='ltr'><strong><em>earum</em></strong></span> 
     </span>
    </p>
   </div>
  </div>
