4086 6350
512 319 627 387 825.

508 432 981 503 Evangeliumjam
1003 437 1297 506 suscepisse
1322 438 1623 496 didicimus.
1656 443 1827 512 Atque
1856 446 2005 516 itaet
2024 448 2076 504 in

504 524 697 578 insulis
724 524 942 593 singulis
977 527 1267 598 quibusque
1298 529 1547 601 impletur
1572 532 1715 601 quod
1742 533 1939 591 dictum
1970 546 2072 604 est,

506 614 862 669 Dominabitur
886 634 921 671 a
947 619 1078 671 mari
1103 634 1261 690 usque
1292 629 1367 683 ad,
1386 638 1558 690 mare,
1607 640 1711 694 quo
1751 642 2077 702 unaquaaque

506 705 681 760 insula
708 706 961 777 cingitur;
990 709 1127 764 sicut
1150 712 1202 765 in
1220 712 1468 768 universo
1493 716 1622 770 orbe
1647 725 1928 783 terrarum,
1956 736 2077 789 quae

511 803 757 850 tannnam
800 799 1032 853 omnium
1070 801 1459 871 quodammodo
1499 809 1725 863 maxima
1763 818 1844 866 est
1881 809 2071 881 insula,

508 884 631 951 quia
659 895 713 941 et
742 887 907 955 ipsam
932 890 1092 959 cingit
1118 890 1379 958 Oceanus,
1405 894 1471 948 ad
1495 897 1646 965 cujus
1666 898 1913 955 littoraiu
1935 903 2076 957 oeci-,-

506 975 806 1032 dentalibus
835 982 1076 1047 partibus
1107 982 1395 1038 Ecclesium
1439 988 1747 1054 pervenisse
1773 989 1883 1060 jam
1922 992 2075 1059 novi-

506 1080 647 1132 mus,
674 1077 727 1122 et
750 1083 1076 1140 quocumque
1102 1071 1334 1129 littorum
1363 1076 1594 1130 nondum
1634 1081 1905 1147 pervenit.
1948 1096 2073 1152 per-

506 1166 720 1212 ventura
751 1169 831 1213 est
856 1161 1032 1230 utique
1054 1161 1415 1222 t‘ructiﬁcando
1438 1174 1594 1236 atque
1619 1170 1928 1237 crescendo.

573 1247 667 1311 te.
702 1247 758 1303 Si
795 1263 922 1319 ergo
947 1251 1069 1321 quia
1111 1253 1385 1322 prophetia
1429 1256 1665 1311 veritatis
1706 1261 1915 1314 mentiri
1966 1276 2070 1317 non

505 1346 711 1407 potest,
762 1356 982 1396 necesse
1009 1351 1091 1397 est
1134 1353 1189 1398 ut
1217 1360 1404 1400 omnes
1427 1356 1635 1417 gentes,
1665 1360 1923 1420 quotquot
1947 1352 2073 1408 fecit

504 1429 676 1494 Deus,
706 1429 929 1485 adorent
967 1448 1125 1499 eum;
1164 1437 1429 1505 quomodo
1468 1439 1759 1497 adorabunt
1787 1458 1907 1496 eum
1927 1485 1943 1510 ,
1968 1445 2068 1499 nisi

502 1517 749 1575 invocent
772 1523 930 1577 eum?
953 1522 1227 1589 Quomodo
1256 1510 1430 1581 autem
1462 1529 1798 1597 invocabunt,
1832 1534 1882 1587 in
1911 1550 2068 1604 quem

500 1624 606 1665 non
649 1612 1025 1669 crediderunt?
1071 1625 1162 1670 aut
1202 1619 1468 1687 quomodo
1513 1622 1729 1677 credent
1768 1639 1923 1695 quem
1962 1641 2069 1680 non

497 1701 819 1757 audierunt?
844 1706 1112 1774 quomodo
1135 1717 1307 1762 autem
1337 1710 1552 1766 audient
1576 1713 1690 1767 sine
1714 1715 2070 1783 praedicante?

498 1801 591 1846 aut
620 1796 886 1862 quomodo
914 1798 1304 1865 prtedicabunt,
1340 1802 1436 1856 nisi
1470 1804 1743 1860 mittantur
1780 1807 1954 1877 (Rom.
2004 1824 2077 1882 x,

496 1882 585 1952 14)
613 1882 812 1939 ?Mittit
839 1886 978 1940 enim
1010 1888 1239 1956 Angelos
1267 1904 1424 1955 suos,
1461 1901 1515 1946 et
1560 1905 1844 1964 congregat
1866 1898 2065 1954 electos

494 1983 619 2027 suos
638 1987 669 2027 a
689 1983 913 2043 quatuor
930 1977 1101 2031 ventis
1119 1978 1328 2047 (Matth.
1358 1995 1508 2047 xxw,
1538 1983 1647 2052 51),
1677 1985 1727 2037 id
1752 1995 1833 2040 est
1858 1986 1925 2041 ab
1948 1989 2065 2042 uni-

493 2076 649 2117 verso
670 2063 798 2119 orbe
821 2074 1101 2122 terrarum.
1130 2067 1186 2122 lu
1214 2070 1404 2139 quibus
1418 2086 1545 2143 ergo
1566 2074 1808 2142 gentibus
1828 2078 2061 2134 nondum

493 2161 575 2205 est
602 2152 856 2219 Ecclesia,
879 2166 1087 2225 oportet
1112 2167 1169 2218 ut
1193 2160 1280 2225 sit,
1313 2175 1427 2217 non
1443 2171 1501 2216 ut
1524 2178 1710 2218 ornnes
1732 2165 1823 2235 qui
1850 2166 1923 2221 ibi
1950 2168 2063 2225 fue-

491 2245 599 2300 rint
625 2247 838 2305 credant
865 2265 881 2313 ;
911 2266 1098 2309 omnes
1121 2255 1264 2309 enim
1294 2267 1478 2326 gentes
1507 2259 1778 2328 promissae
1794 2268 1934 2323 sunt,
1953 2276 2058 2317 non

491 2348 678 2391 omnes
706 2337 944 2394 homines
967 2344 1201 2396 omnium
1228 2346 1461 2414 gentium
1487 2364 1501 2400 :
1532 2364 1635 2402 non
1660 2348 1801 2407 enim
1823 2351 2055 2405 omnium

488 2430 575 2476 est
602 2423 729 2479 ﬁdes
762 2426 827 2497 (ll
857 2428 1029 2485 Thess.
1066 2446 1141 2493 nt,
1167 2432 1248 2502 2).
1267 2432 1443 2488 Credit
1464 2436 1636 2505 itaque
1659 2439 1829 2493 omnis
1850 2454 1982 2510 gens
2004 2441 2055 2495 in

488 2512 733 2570 omnibus
757 2517 845 2585 qui
883 2518 1037 2575 electi
1082 2530 1205 2576 sunt
1241 2531 1364 2577 ante
1403 2527 1831 2593 constitutionem
1876 2530 2054 2585 mundi

485 2599 646 2674 (Eph.
678 2619 714 2669 ι,
745 2606 823 2676 4),
856 2607 906 2660 in
934 2596 1141 2664 exteris
1168 2626 1272 2666 non
1302 2598 1505 2681 credit,
1539 2623 1595 2671 et
1617 2617 1892 2673 credentes
1920 2620 2051 2679 odit.

482 2689 759 2758 Quomodo
784 2694 921 2749 enim
946 2705 1000 2752 et
1037 2699 1161 2756 illud
1196 2700 1517 2770 implebitur,
1548 2704 1707 2759 Erilis
1741 2706 1856 2764 odio
1889 2710 2052 2775 omni-

482 2780 572 2835 bus
608 2783 836 2851 gentibus
871 2798 1076 2857 propter
1114 2805 1293 2845 nomen
1330 2808 1494 2847 meum
1537 2793 1746 2864 (Matth.
1778 2813 1927 2864 xxxv,
1957 2799 2048 2870 9);

482 2869 583 2923 nisi
612 2870 665 2924 in
694 2874 939 2930 omnibus
968 2878 1211 2947 gentibus
1240 2881 1345 2936 sint
1370 2890 1424 2939 et
1450 2884 1537 2953 qui
1561 2884 1803 2955 oderint,
1836 2897 1890 2943 et
1916 2905 2065 2959 quos,

479 2957 725 3016 oderint?

544 3050 636 3105 49.
677 3051 793 3120 Quo
822 3062 975 3123 pacto
1022 3057 1180 3127 igitur
1208 3059 1275 3114 ab
1308 3062 1578 3131 Apostolis
1616 3073 1699 3121 est
1743 3068 2046 3136 prmdicatio

474 3138 570 3193 ista
598 3143 881 3211 completa,
903 3149 1113 3215 quando
1134 3149 1310 3206 adhuc
1334 3167 1500 3222 usque
1527 3165 1648 3210 sunt
1671 3168 1854 3227 gentes
1882 3161 2043 3231 (quod

473 3231 821 3288 certissimum
852 3245 934 3292 est
959 3239 1135 3311 nobis)
1172 3242 1225 3297 in
1254 3243 1445 3312 quibus
1472 3247 1627 3300 modo
1659 3251 1845 3322 coepit,
1893 3260 1946 3305 et
1986 3253 2042 3315 in

471 3322 661 3391 quibus
686 3326 916 3381 nondum
947 3330 1106 3400 cmpit
1134 3332 1375 3401 impleri?
1400 3334 1513 3389 Non
1546 3335 1719 3408 itaque
1738 3342 1815 3395 sic
1842 3341 2039 3398 dictum

469 3421 551 3467 est
576 3414 862 3484 Apostulis,
892 3418 1047 3475 Erilis
1066 3421 1191 3476 mihi
1217 3432 1363 3479 testes
1382 3424 1436 3478 in
1463 3424 1766 3495 Jerusalem,
1796 3441 1842 3484 et
1863 3432 1914 3485 in
1936 3441 2038 3487 tota

467 3502 650 3559 ludam
668 3546 683 3571 ,
712 3516 757 3560 et
787 3508 1054 3578 Samaria,
1093 3521 1141 3567 et
1174 3530 1328 3584 usque
1350 3517 1403 3569 in
1428 3527 1700 3573 extremum
1729 3531 1873 3577 terra:
1901 3522 2031 3595 (Act.

466 3607 504 3655 ι,
533 3592 611 3664 8),
638 3604 884 3666 tanquam
916 3600 1012 3668 ipsi
1038 3602 1158 3669 soli,
1185 3605 1377 3673 quibus
1405 3616 1526 3662 tunc
1552 3609 1882 3680 loquebatur,
1910 3592 2033 3669 tan-

466 3691 575 3736 tum
602 3700 792 3740 munus
814 3686 1010 3743 fuerint
1037 3690 1338 3760 impleturi:
1367 3697 1458 3751 sed
1476 3699 1610 3753 sicut
1634 3701 1712 3755 eis
1733 3704 1862 3759 solis
1883 3704 2031 3760 vide-

465 3780 550 3825 tnr
567 3773 761 3829 dixisse
784 3778 922 3846 quod
948 3780 1098 3845 dixit,
1124 3781 1256 3837 Ecce
1275 3785 1522 3841 uobiscum
1547 3805 1654 3843 sum
1677 3808 1829 3863 usque
1846 3795 1896 3848 in
1911 3812 2032 3851 con-

462 3864 845 3919 summationem
870 3870 1040 3923 surculi
1070 3871 1278 3940 (Matth.
1307 3890 1498 3943 xxvnt,
1524 3877 1654 3950 20);
1682 3882 1823 3951 quod
1854 3892 2026 3942 tamen

461 3969 583 4009 eum
609 3956 866 4013 universa:
888 3959 1135 4019 Ecclesia:
1164 3968 1488 4034 promisisse,
1518 3985 1637 4039 quae
1654 3972 1769 4027 aliis
1795 3977 2026 4033 morien-
2057 3986 2061 3991 '

458 4047 616 4114 tibus,
646 4051 765 4104 aliis
790 4055 1124 4111 nascentibus
1154 4056 1237 4112 hic
1266 4074 1433 4129 usque
1472 4060 1525 4116 in
1566 4064 1741 4119 seaculi
1771 4081 2022 4123 consum-

458 4138 739 4194 mationem
772 4142 941 4198 futura
969 4157 1070 4213 est,
1096 4149 1212 4217 quis
1238 4164 1343 4204 non
1382 4151 1669 4223 intelligat?
1704 4157 1838 4212 sicut
1863 4159 1941 4214 eis
1967 4170 2022 4217 et

455 4225 583 4281 illud
611 4230 704 4295 ait,
732 4233 869 4301 quod
898 4234 964 4289 ad
993 4251 1085 4291 eos
1111 4240 1328 4296 omnino
1357 4256 1459 4295 non
1487 4245 1735 4314 pertinet,
1764 4257 1821 4304 et
1844 4259 2018 4307 tamen

452 4317 530 4370 sic
547 4318 745 4374 dictum
766 4332 844 4377 est
866 4332 1112 4396 tanquam
1132 4329 1198 4382 ad
1223 4331 1365 4385 solos
1388 4334 1546 4387 etiam
1567 4338 1867 4406 pertineret,
1893 4340 2018 4396 Cum

451 4408 672 4464 uideritis
696 4414 804 4466 hac
840 4418 1040 4483 omnia,
1085 4419 1260 4474 scitote
1300 4422 1420 4493 quia
1463 4441 1619 4497 prope
1653 4438 1729 4482 est
1766 4431 1820 4484 in
1838 4433 2016 4500 januis

456 4496 565 4569 (ld.
587 4514 734 4563 xxtv,
759 4503 881 4573 55):
912 4505 977 4559 ad
1005 4522 1140 4575 quos
1164 4510 1304 4563 enim
1323 4511 1422 4566 hoc
1449 4515 1693 4582 pertinet,
1712 4519 1810 4573 nisi
1836 4496 1901 4577 ad
1922 4538 2013 4578 eos

450 4587 538 4656 qui
564 4588 615 4642 in
644 4604 803 4647 carne
846 4603 969 4650 tunc
1003 4607 1189 4665 erunt,
1217 4614 1335 4655 cum
1364 4606 1540 4660 omnia
1567 4610 2011 4678 complebuutur?

445 4691 642 4749 quanto
663 4684 827 4755 magis
852 4685 979 4741 illud
1002 4691 1140 4759 quod
1156 4708 1221 4747 ex
1245 4710 1429 4765 magna
1456 4709 1605 4768 parte
1632 4715 1727 4770 per
1744 4718 1836 4758 eos
1850 4720 2011 4776 agen.

442 4772 567 4827 dum
611 4773 746 4843 fuit,
794 4780 1033 4849 quamvis
1068 4790 1123 4838 et
1160 4787 1387 4855 posteris
1427 4794 1834 4851 eorumeadem
1862 4772 2006 4855 actio

439 4866 772 4923 servaretur?

505 4953 596 5010 50.
635 4956 784 5024 Quod
810 4967 984 5016 autem
1009 4962 1139 5020 dixit
1164 4965 1470 5037 Apostolus,
1496 4969 1761 5043 Numquid
1783 4993 1882 5033 non
1907 4996 2003 5034 au-

433 5042 676 5101 diemnt?
702 5046 767 5101 In
788 5065 980 5105 onmem
1002 5062 1185 5109 terram
1206 5058 1325 5111 exiit
1344 5075 1497 5114 sonus
1516 5042 1704 5130 eorum,
1733 5075 1778 5119 et
1795 5067 1847 5120 in
1874 5069 2001 5136 ﬁnes

432 5134 564 5189 orbis
587 5143 733 5192 teme
746 5139 890 5195 verba
908 5157 1079 5198 eorum
1099 5144 1274 5217 (llam.
1305 5163 1361 5213 x,
1389 5149 1477 5217 18,
1503 5159 1551 5205 et
1576 5150 1719 5208 Psal.
1746 5134 1894 5223 xvm,
1913 5158 1994 5227 5):

429 5228 671 5296 quamvis
696 5229 899 5286 locutus
926 5235 995 5288 sit
1024 5238 1277 5305 praeteriti
1305 5242 1556 5310 temporis
1579 5245 1753 5300 verbis
1772 5286 1787 5311 ,
1816 5254 1991 5305 tamen

426 5321 567 5385 quod
586 5317 815 5376 futurum
836 5322 1007 5380 fuerat
1024 5326 1175 5395 dixit,
1204 5345 1308 5385 non
1337 5332 1477 5401 quod
1494 5334 1603 5402 jam
1626 5334 1817 5393 factum
1834 5348 1994 5410 atque

425 5411 779 5478 completum;
805 5414 940 5469 sicut
964 5415 1077 5485 ipse
1104 5420 1356 5489 prepheta
1395 5437 1501 5493 quo
1537 5438 1662 5478 usus
1707 5436 1790 5482 est
1834 5439 1988 5500 teste,

424 5512 528 5552 non
553 5500 649 5568 ait,
672 5501 734 5557 In
758 5519 955 5561 omnem
973 5516 1156 5565 terram
1175 5511 1440 5580 exiturus,
1463 5514 1580 5581 sed,
1606 5514 1767 5584 Eriit,
1798 5519 1985 5592 inquit,

421 5603 573 5642 sonus
598 5606 789 5655 eorum,
813 5596 951 5662 quod
980 5599 1156 5667 utique
1181 5602 1413 5657 nondum
1438 5602 1631 5660 factum
1651 5618 1767 5664 erat
1789 5627 1802 5661 :
1830 5614 1986 5680 quale

419 5686 501 5730 est
531 5677 689 5734 etiam
721 5682 881 5752 illud,
915 5685 1170 5743 Fuderunt
1196 5706 1372 5747 manus
1402 5710 1537 5750 meas
1564 5705 1609 5749 et
1635 5698 1782 5767 pedes
1808 5677 1980 5773 (Ρωι.

1717 326 1773 386 8.
1815 331 2174 389 AUGUSTINI
2216 340 2513 402 EPISCOPI

3651 376 3758 435 925

2185 468 2296 521 xxi,
2324 457 2444 530 l7);
2477 464 2613 530 quod
2643 474 2747 520 tam
2773 467 2924 540 longe
2947 481 3127 541 postea
3155 475 3345 536 factum
3363 484 3625 546 novimus.
3644 492 3753 550 Sed

2184 558 2253 598 ne
2283 546 2409 605 istas
2440 558 2639 607 tantum
2684 558 3015 628 prophetieas
3040 565 3363 639 locutiones,
3401 590 3507 631 non
3538 588 3591 633 et
3617 597 3750 651 apo—

2183 635 2396 693 stolicas
2426 639 2587 703 fuisse
2612 647 2921 718 credamus,
2960 668 3134 711 nonne
3174 658 3311 715 idem
3341 662 3453 734 ipse
3478 635 3755 737 apostdlus

2181 725 2255 780 ait
2277 744 2290 780 :
2319 728 2447 794 Qua:
2463 744 2536 788 est
2557 734 2784 793 Ecclesia
2800 742 2896 799 Dei
2918 747 3033 812 uici,
3056 751 3286 807 columna
3303 767 3348 810 et
3374 759 3755 827 ﬁrmamentum

2180 820 2420 885 veritatis.
2447 824 2523 895 Et
2540 828 2646 882 sine
2675 830 2825 887 dubio
2850 852 3084 908 magnum
3112 852 3182 897 est
3207 820 3407 915 pietatis
3443 850 3753 911 Sacramen-

2181 914 2307 975 tum,
2333 912 2469 980 quod
2488 918 2857 985 manifestatum
2881 935 2953 979 est
2977 928 3030 982 in
3047 912 3216 998 carne,
3233 934 3571 1006 justi/ieatum
3595 956 3667 998 est
3687 948 3747 1002 in

2176 998 2385 1108 spizitu,
2415 1008 2648 1073 apparuit
2673 1009 2904 1081 Angelis,
2951 998 3277 1087 praedicatum
3304 998 3377 1082 esi
3401 1030 3454 1084 in
3490 998 3750 1108 gentibus,L

2177 1088 2418 1145 creditum
2437 1104 2509 1146 est
2532 1096 2583 1153 in
2606 1102 2814 1168 mundo,
2826 1120 3141 1180 assumptum
3167 1126 3241 1171 est
3264 1117 3316 1172 in
3331 1088 3515 1191 gloria"
3531 1124 3573 1198 (l
3602 1088 3744 1189 Tim:

2177 1190 2255 1242 tu,
2292 1178 2542 1254 15,l6)?
2586 1187 2788 1261 Nempe
2833 1178 3166 1257 manifestum
3201 1215 3283 1261 est
3321 1178 3456 1279 hoc,

2174 1276 2413 1324 extremo
2436 1276 2627 1343 posuit,
2652 1280 2808 1351 etiam
2830 1299 2967 1341 nunc
2987 1291 3217 1347 nondum
3243 1310 3361 1353 esse
3389 1276 3737 1377 completum;

2173 1367 2373 1425 quanto
2417 1366 2584 1434 magis
2630 1376 2753 1425 tunc
2795 1377 3003 1443 quando
3050 1379 3153 1443 ista
3204 1384 3459 1444 diccbat?
3504 1366 3745 1457 Ecclesia

2173 1448 2517 1518 quippetunc
2542 1470 2838 1543 assumetur
2865 1465 2915 1519 in
2943 1468 3126 1537 gloria,
3151 1477 3363 1545 quando
3386 1448 3744 1551 dicetur-Ii}:

2173 1538 2315 1603 nite!
2357 1538 2601 1600 benedicti
2640 1548 2810 1607 Patris
2854 1558 2979 1622 mei,
3025 1538 3265 1634 percipite
3289 1584 3495 1639 regnum
3521 1538 3745 1645 (Matth;

2177 1641 2316 1695 xxv,
2346 1632 2435 1703 54)
2462 1651 2474 1686 :
2505 1643 2560 1690 et
2596 1646 2771 1696 tamen
2810 1653 3054 1716 tanquam
3082 1632 3277 1711 factum
3316 1632 3499 1718 fuisset
3524 1632 3752 1730 dictum:

2170 1726 2273 1784 est,
2305 1722 2445 1790 quod
2470 1736 2617 1782 certo
2646 1731 2910 1789 sciebatur
2935 1738 3187 1809 futurum.

2239 1807 2328 1862 51.
2370 1810 2532 1875 Multo
2562 1817 2755 1884 minus,
2774 1823 3069 1882 mirandum
3099 1836 3351 1904 estquod
3370 1839 3529 1896 etiam
3557 1845 3751 1911 verbis.

2169 1900 2444 1962 praesentis
2468 1908 2720 1974 temporis
2749 1925 2875 1968 usus
2902 1925 2983 1969 est
3018 1918 3067 1971 in
3094 1935 3161 1975 eo
3183 1900 3320 1992 quod
3352 1927 3496 1984 illum
3537 1900 3733 1991 identi:

2166 1984 2285 2042 dem
2324 1989 2519 2050 dixisse
2557 2005 2894 2069 memorasti,
2929 2006 3147 2078 Propter
3172 1984 3311 2085 spem
3335 2060 3350 2085 ,
3380 2037 3492 2096 gnte
3516 2029 3747 2096 reposita,

2164 2087 2235 2145 est
2262 2079 2419 2149 nobis,
2452 2100 2602 2155 quam
2630 2101 2747 2144 ante
2770 2094 2981 2151 audistis
3006 2100 3057 2154 in
3086 2104 3230 2158 verba
3254 2079 3471 2164 ueritdt'is
3498 2079 3735 2187 Eonnqe-

2162 2170 2238 2235 lii,
2267 2174 2402 2240 quod
2424 2176 2621 2235 aduenit
2644 2182 2695 2236 in
2723 2198 2828 2253 nos,
2856 2189 2986 2244 sicut
3012 2202 3059 2245 et
3081 2193 3131 2247 in
3155 2199 3291 2253 omni
3314 2203 3499 2258 mundo
3522 2217 3595 2262 est
3612 2170 3729 2279 fr?»

2160 2262 2391 2330 ctiﬁcans
2416 2277 2462 2320 et
2491 2286 2713 2327 crescens
2742 2276 2955 2346 (Coloss,
2983 2297 3021 2349 ι,
3052 2285 3106 2350 5,
3133 2287 3208 2359 6),
3236 2296 3475 2361 quamvis
3500 2262 3733 2372 Evange-

2160 2349 2287 2405 limn
2346 2357 2580 2413 nondum
2638 2366 2891 2422 mundum
2950 2349 3571 2441 tenebat'universum:
3630 2349 3742 2451 sueti;

2158 2439 2479 2503 fructiﬁcare
2508 2450 2633 2506 illud
2660 2454 2709 2508 in
2741 2457 2988 2525 universo
3010 2466 3205 2521 mundo
3224 2469 3355 2529 dixit
3380 2484 3431 2528 et
3454 2491 3722 2549 crescere,

2157 2539 2214 2586 ut
2258 2533 2327 2586 ita
2364 2536 2681 2605 signiﬁcaret
2726 2561 2997 2619 quousque
3041 2554 3225 2612 fuisset
3264 2533 3725 2628 fructiﬁcando‘ei

2155 2626 2443 2683 crescendo
2469 2640 2771 2690 venturum.
2803 2637 2859 2693 Si
2886 2655 3012 2711 ergo
3053 2643 3181 2701 latet
3226 2652 3437 2719 quando
3484 2626 3720 2717 Ecclesia

2153 2711 2499 2776 fruetiﬁcante
2527 2732 2682 2795 atque
2703 2742 2975 2787 crescente
3000 2737 3276 2797 universus
3299 2744 3515 2801 omnino
3534 2763 3563 2802 a
3587 2754 3727 2815 mari

2152 2820 2317 2876 usque
2344 2808 2409 2862 ad
2441 2827 2586 2868 mare
2612 2817 2756 2873 orbis
2784 2820 3117 2893 implebitur,
3163 2832 3346 2897 procul
3387 2835 3550 2893 dubio
3592 2808 3727 2901 latet

2149 2899 2360 2966 quando
2386 2900 2502 2957 ﬁnis
2529 2907 2661 2974 erit;
2688 2919 2811 2965 ante
2835 2914 3029 2984 quippe
3059 2932 3162 2973 non
3190 2922 3309 2976 erit.

2217 2988 2605 3087 CaPUT-Xlll.
2632 3028 2701 3038 —
2726 3000 2813 3056 52.
2847 3002 2917 3059 Ut
2940 3016 3114 3061 autem
3144 3010 3235 3065 tibi
3263 3021 3506 3084 tanquam
3528 3029 3728 3087 sancto,

2148 3073 2346 3133 homini
2367 3080 2458 3134 Dei
2483 3095 2535 3137 et
2551 3085 2913 3146 sincerissimo
2938 3093 3084 3150 fratri
3109 3100 3341 3167 aperiam
3360 3104 3428 3159 de
3448 3105 3546 3163 hac
3566 3126 3713 3179 quat.

2145 3164 2317 3221 stione
2343 3169 2467 3239 quid
2496 3176 2718 3231 sentiam
2743 3195 2756 3231 :
2785 3195 2938 3245 error
2962 3186 3173 3254 quidem
3203 3190 3255 3246 in
3286 3201 3508 3267 utroque
3533 3202 3711 3257 vitan-

2142 3250 2241 3307 dus
2261 3264 2362 3321 est,
2383 3271 2637 3339 quantum
2666 3266 2734 3319 ab
2759 3250 3147 3331 homine'vitari
3178 3288 3383 3347 potest,
3415 3250 3526 3342 sive
3554 3290 3711 3349 citius

2140 3341 2251 3397 sive
2273 3336 2471 3403 tardius
2489 3366 2646 3421 quam
2669 3354 2897 3414 futurum
2923 3371 3021 3427 est,
3052 3366 3301 3426 Dominus
3320 3384 3570 3432 venturus
3588 3394 3711 3438 esse

2139 3433 2414 3503 credatur;
2443 3440 2535 3495 sed
2562 3443 2689 3501 mihi
2715 3449 2991 3519 quisquam
3012 3469 3115 3509 non
3135 3458 3342 3525 videtur
3357 3478 3557 3535 errare,
3582 3484 3719 3538 cum,

2136 3522 2331 3592 aliquid
2362 3530 2565 3585 nescire
2594 3546 2653 3587 se
2688 3536 2823 3604 scit,
2868 3539 3110 3605 sedcum
3143 3561 3201 3602 se
3227 3522 3372 3618 putat
3396 3522 3711 3627 scire'quod

2136 3615 2321 3669 nescit.
2352 3616 2738 3680 Removeamus
2775 3627 2951 3700 itaque
2990 3633 3057 3689 de
3086 3638 3259 3693 medio
3295 3658 3504 3701 servum
3550 3649 3699 3704 illum

2132 3705 2349 3773 malum,
2377 3711 2465 3779 qui
2486 3712 2667 3769 dicens
2694 3717 2744 3783 in
2764 3719 2924 3776 corde
2942 3737 3063 3790 suo,
3086 3725 3283 3783 Moram
3308 3734 3428 3801 facit
3452 3734 3712 3801 Dominus

2130 3811 2269 3849 meus
2312 3802 2507 3867 venire,
2560 3804 2861 3864 dominatur
2897 3819 3168 3871 conservis
3206 3822 3347 3888 suis,
3391 3836 3446 3880 et
3471 3827 3699 3888 ebriosis

2128 3889 2457 3946 convivando
2499 3895 2751 3955 miscetur
2795 3902 3005 3973 (Matth.
3038 3924 3203 3977 xxxv,
3234 3913 3302 3969 48
3321 3955 3337 3979 ,
3367 3918 3467 3983 49.
3495 3930 3543 3974 et
3567 3923 3692 3979 Luc.

2128 3991 2235 4074 xu,
2268 3981 2359 4053 45)
2387 3999 2401 4036 :
2430 3984 2530 4042 iste
2554 3989 2746 4059 quippe
2786 3998 2965 4062 procul
3006 3999 3168 4056 dubio
3210 4004 3417 4063 Domini
3454 3981 3543 4067 sui
3583 4016 3705 4074 odit

2123 4067 2430 4127 adventum.
2453 4075 2568 4144 Quo
2590 4094 2744 4135 servo
2761 4086 2899 4143 malo
2916 4100 3139 4158 remoto,
3165 4096 3547 4158 constituamus
3567 4114 3690 4163 ante

2122 4160 2305 4215 oculos
2332 4173 2440 4219 tres
2467 4170 2841 4229 servosbonos
2861 4216 2876 4242 ,
2908 4175 3160 4235 familiam
3202 4184 3521 4246 dominicam
3561 4193 3688 4259 dili-

2119 4260 2305 4319 genter
2330 4256 2610 4328 sobrieque
2632 4270 2937 4334 tractantes,
2965 4270 3246 4329 adventum
3275 4277 3481 4335 Domini
3507 4285 3595 4343 sui
3612 4258 3686 4341 si.

2120 4342 2314 4401 tienter
2340 4346 2720 4419 desiderantes,
2748 4356 3023 4426 vigilanter
3048 4376 3432 4436 exspectantes,
3458 4372 3686 4433 ﬁdeliter

2115 4442 2389 4493 amantes:
2419 4438 2464 4492 si
2495 4454 2632 4496 unus
2657 4458 2839 4499 eorum
2866 4448 3043 4517 citius,
3088 4454 3223 4510 alter
3258 4459 3459 4516 tardius
3502 4463 3685 4522 Domi-

2118 4536 2243 4581 num
2271 4533 2420 4593 putat
2439 4542 2563 4587 esse
2590 4542 2890 4604 venturum,
2920 4542 3106 4598 tertius
3134 4560 3262 4601 vero
3288 4562 3440 4607 suam
3478 4553 3546 4609 de
3580 4554 3691 4620 hac

2112 4628 2172 4669 re
2202 4614 2550 4685 ignorantiam
2580 4624 2897 4696 conﬁtetur;
2941 4648 3241 4705 quanquam
3279 4656 3465 4699 omnes
3488 4660 3681 4705 conso-

2111 4714 2240 4760 nent
2261 4708 2566 4781 Evangelio,
2593 4716 2719 4785 quia
2738 4735 2924 4777 omnes
2951 4723 3174 4796 diligunt
3196 4732 3677 4796 manifestationem

2108 4793 2336 4861 Domini.
2366 4809 2420 4856 et
2446 4816 2561 4857 eam
2589 4805 2951 4868 desideranter
2975 4822 3030 4869 et
3046 4793 3322 4886 vigilanter
3344 4835 3689 4903 exspectant,~

2105 4886 2378 4948 videamus
2406 4900 2580 4950 tamen
2608 4899 2729 4969 quis
2754 4903 2981 4972 amplius
3004 4920 3281 4967 consonet.

2174 4979 2262 5035 55.
2294 4981 2443 5038 Unus
2478 4986 2638 5054 dicit,
2672 4989 2959 5061 Vigilemus
2985 5006 3039 5052 et
3065 5014 3313 5071 oremus,
3354 5008 3477 5078 quia
3517 5011 3674 5070 citius

2066 5108 2079 5115 ν,
2102 5077 2356 5125 venturus
2380 5082 2463 5129 est
2491 5075 2780 5136 Dominus:
2810 5084 2945 5140 alter
2971 5086 3119 5157 dicit,
3157 5075 3444 5163 Vigilemus
3470 5110 3525 5156 et
3544 5116 3669 5159 ore.

2100 5175 2239 5223 mus,
2269 5164 2390 5233 quia
2413 5166 2590 5223 brevis
2615 5180 2669 5226 et
2693 5171 2890 5231 incerta
2917 5188 2999 5234 est
3026 5181 3125 5237 ista
3149 5185 3272 5251 vita,
3299 5192 3539 5257 quamvis
3554 5202 3667 5250 tar-

2098 5249 2222 5305 dius
2251 5261 2506 5311 venturus
2546 5260 2618 5314 sit
2650 5261 2940 5322 Dominus:
2973 5271 3160 5326 tertius
3184 5249 3348 5343 dicit,
3380 5279 3673 5350 Vigilemus

2096 5350 2152 5399 et
2173 5356 2407 5414 oremus,
2428 5348 2551 5418 quia
2575 5359 2627 5406 et
2656 5352 2832 5410 brevis
2852 5365 2907 5411 et
2934 5357 3133 5416 incerta
3173 5373 3257 5420 est
3294 5366 3395 5423 ista
3442 5348 3543 5426 vita
3562 5414 3578 5439 ,
3608 5383 3667 5433 et

2093 5436 2360 5493 nescimus
2420 5447 2631 5511 tempus
2688 5447 2899 5514 quando
2953 5461 3203 5510 venturus
3252 5468 3335 5514 est
3381 5436 3660 5520 Dominus.

2092 5524 2436 5599 Evangelium
2477 5531 2643 5589 dicit:
2679 5534 2880 5605 Videte,
2912 5541 3142 5612 vigilate,
3174 5555 3221 5599 et
3248 5558 3416 5616 orate;
3460 5556 3662 5613 nescitis

2089 5620 2221 5676 enim
2249 5624 2450 5691 quando
2489 5633 2684 5698 tempus
2719 5630 2785 5684 sit
2811 5630 3001 5704 (Marc.
3028 5650 3140 5698 xm.
3181 5639 3294 5709 55).
3322 5639 3556 5699 Obsecro
3579 5656 3653 5713 te,

2088 5710 2211 5781 quid
2235 5711 2378 5769 aliud
2404 5713 2581 5773 dicere
2610 5718 2856 5777 audimus
2881 5722 3021 5781 hunc
3045 5728 3255 5787 tertium
3279 5772 3294 5802 ,
3323 5747 3480 5805 quam
3512 5710 3659 5809 quod
