4120 6358
512 344 615 400 993

511 458 690 514 dicere
710 459 950 517 audimus
977 460 1353 533 Evangelium?
1379 461 1576 520 Omnes
1594 465 1828 534 quidem,
1859 481 1966 535 prae
1987 465 2081 519 de-

513 549 709 606 siderio
733 552 880 621 regni
910 552 1043 619 Dei,
1073 551 1176 608 hoc
1203 554 1385 616 volunt
1427 569 1547 611 esse
1574 571 1758 610 verum
1785 556 1922 625 quod
1950 555 2080 610 dicit

513 639 755 718 primus;
806 641 900 696 sed
949 642 1050 697 hoc
1077 644 1342 699 secundus
1369 652 1561 714 negat;
1604 646 1789 701 tertius
1819 662 1946 702 vero
1971 661 2077 703 non

513 738 668 797 negat
695 729 892 800 aliquid
921 732 1131 799 horum,
1157 733 1252 788 sed
1277 735 1519 805 ignorare
1543 749 1601 788 se
1625 734 1820 791 fatetur
1845 737 1964 806 quis
1988 751 2079 792 ve-

513 836 630 885 rum
659 821 800 876 dicat
820 823 1050 879 illorum.
1078 825 1304 880 Proinde
1319 828 1375 881 'si
1403 825 1504 895 hoc
1537 826 1727 882 factum
1757 827 1914 884 fuerit
1938 829 2078 900 quod

513 912 829 984 prtedixerat
871 915 1104 985 primus,
1143 917 1443 986 gaudebunt
1465 933 1586 974 cum
1617 919 1708 974 illo
1733 919 1997 979 secundus
2024 929 2080 978 et

515 1004 730 1070 tertius;
752 1020 939 1068 omnes
959 1008 1097 1062 enim
1115 1009 1584 1065 manifestationcm
1604 1011 1808 1065 Domini
1829 1012 2074 1083 diligunt.

513 1097 866 1153 Essultabunt
909 1099 1085 1169 itaque
1127 1101 1284 1157 citius
1325 1104 1536 1160 venisse
1562 1101 1701 1172 quod
1737 1102 1980 1173 diligunt.
2020 1104 2078 1160 Si

513 1188 904 1254 autemslactum
937 1205 1044 1248 non
1066 1190 1240 1259 inierit,
1273 1200 1328 1247 et
1350 1207 1605 1263 apparere
1631 1195 1851 1262 coeperit
1873 1195 2080 1264 hocpe-

515 1278 620 1334 tius
643 1294 760 1334 esse
783 1295 963 1336 verum
992 1281 1134 1352 quod
1174 1281 1381 1339 dicebat
1407 1285 1696 1351 secundus,
1734 1285 2077 1342 metuendum

511 1381 592 1425 est
617 1386 682 1426 ne
706 1372 844 1450 inter
867 1373 1006 1443 ipsas
1033 1390 1208 1431 moras
1233 1376 1604 1445 perturbentur
1629 1377 1718 1448 qui
1744 1377 2080 1436 crediderant

511 1461 650 1531 quod
677 1461 880 1532 dixerat
910 1463 1111 1534 primus
1133 1507 1149 1532 ,
1187 1474 1241 1521 et
1280 1466 1532 1537 incipiant
1555 1467 1762 1524 Domini
1791 1468 2074 1550 adventum

514 1567 617 1608 non
646 1551 850 1606 tardum
883 1564 1084 1623 putare,
1111 1555 1205 1612 sed
1227 1556 1424 1612 nullum
1449 1574 1464 1612 ε
1489 1557 1576 1626 qui
1599 1556 1746 1612 vides
1759 1567 1985 1627 quantus
2007 1559 2079 1616 sit

515 1641 759 1698 interitus
782 1644 1093 1698 animarum.
1118 1645 1266 1711 Quod
1292 1646 1337 1702 si
1369 1654 1526 1700 tanta:
1553 1645 1673 1701 fidei
1698 1647 1914 1712 fuerint,
1942 1656 2000 1703 ut
2017 1663 2077 1706 se

510 1731 575 1801 ad
605 1733 821 1787 secundi
869 1735 1115 1801 praedicta
1143 1745 1474 1803 convertant,
1505 1744 1558 1790 et
1599 1737 1874 1791 Dominum
1913 1739 2074 1795 etiam

510 1821 802 1880 tardantem
832 1822 1057 1886 fideliter
1079 1831 1134 1881 et
1163 1828 1420 1892 patienter
1457 1835 1795 1895 exspectent;
1834 1827 2074 1882 abunda-

519 1907 649 1966 bunt
682 1919 853 1965 numen
871 1913 1148 1982 opprobria
1170 1921 1223 1968 et
1248 1914 1613 1975 insultationes
1632 1926 1787 1985 atque
1803 1917 2076 1973 irrisiones

509 2000 838 2069 inimicorum
866 2003 1058 2057 multos
1075 2002 1311 2059 inlirmns
1335 2021 1364 2058 a
1393 2005 1677 2061 christiana
1703 2007 1805 2064 [ide
1828 2019 2073 2068 averten-

508 2089 659 2156 timn,
691 2089 913 2146 dicendo
942 2100 1045 2156 tam
1075 2091 1327 2148 fallaciter
1354 2094 1431 2148 eis
1456 2110 1673 2163 regnum
1699 2111 1818 2152 esse
1839 2098 2073 2167 promis?

509 2193 646 2244 sum,
693 2194 847 2247 quam
895 2178 1151 2249 fallaciter
1189 2181 1460 2238 dicebatur
1485 2185 1591 2239 cito
1628 2199 1747 2240 esse
1769 2195 2068 2244 venturum.

508 2267 606 2334 Qui
637 2277 809 2324 autem
841 2270 1060 2326 credunt
1089 2271 1228 2342 quod
1254 2273 1518 2339 secundus
1559 2274 1707 2338 dicit,
1738 2275 1936 2331 tardius
1965 2277 2072 2333 Do-

507 2356 708 2419 minum
753 2373 872 2418 esse
915 2368 1222 2426 venturum,
1274 2361 1318 2415 si
1360 2360 1545 2416 falsum
1582 2361 1737 2417 fuerit
1777 2365 2067 2433 inventum,

509 2446 665 2510 citius
699 2449 920 2505 Domino
958 2453 1242 2519 veniente;
1272 2453 1418 2507 nullo
1445 2453 1602 2509 modo
1629 2455 1718 2525 qui
1743 2456 1792 2510 ei
1825 2457 2069 2514 credide-

507 2551 626 2595 rant
655 2541 1001 2616 turbabuntur
1028 2544 1083 2607 in
1113 2544 1246 2612 ﬁde,
1289 2539 1382 2606 sed
1419 2545 1690 2616 inepinato
1718 2548 1908 2617 gaudio
1945 2563 2068 2619 per,

506 2628 764 2684 fruentur.

575 2720 663 2774 54.
704 2721 1036 2792 Quapropter
1061 2724 1147 2794 qui
1175 2724 1303 2792 dicit
1331 2724 1608 2783 Dominum
1633 2727 1788 2782 citius
1803 2743 1922 2783 esse
1943 2745 2072 2784 ven-

506 2817 701 2876 turum,
732 2813 1013 2884 optabilius
1037 2815 1298 2883 loquitur,
1339 2816 1429 2870 sed
1472 2819 1815 2886 periculosius
1849 2818 2066 2874 fallitur.

506 2900 715 2972 Utinam
746 2918 872 2973 ergo
899 2905 966 2958 sit
988 2920 1204 2970 verum;
1231 2906 1354 2976 quia
1383 2909 1482 2962 erit
1505 2909 1786 2963 molestum
1805 2951 1822 2975 ,
1874 2910 1920 2965 si
1965 2927 2070 2965 non

505 2992 605 3047 erit
632 2995 846 3055 verum!
887 2996 984 3063 Qui
1030 3003 1204 3052 autem
1243 2998 1372 3053 dicit
1416 2999 1693 3054 Dominum
1725 3001 1926 3056 tardius
1951 3017 2070 3058 esse

505 3096 802 3154 venturum,
832 3097 884 3142 et
924 3098 1096 3146 tamen
1122 3089 1308 3155 credit,
1335 3098 1532 3162 sperat,
1563 3099 1705 3148 amat
1732 3092 1846 3160 ejus
1869 3093 2068 3147 adven-

506 3183 650 3240 tum;
678 3179 912 3244 proiecto
937 3177 1004 3233 de
1029 3178 1278 3234 tarditate
1297 3165 1412 3248 ejus
1429 3181 1634 3236 etiamsi
1659 3181 1880 3258 fallitur,
1907 3184 2071 3240 felici-

505 3275 587 3332 ter
615 3266 810 3321 fallitur
833 3285 846 3322 :
874 3267 1083 3324 habebit
1110 3271 1250 3324 enim
1275 3270 1528 3340 majorem
1552 3273 1880 3341 patientiam,
1903 3275 1947 3328 si
1970 3274 2071 3330 hoc

504 3358 572 3412 ita
600 3357 732 3423 erit;
779 3359 1298 3430 majoremoltetitiam
1320 3402 1338 3431 ,
1382 3363 1431 3419 si
1461 3379 1566 3418 non
1592 3364 1716 3423 erit.
1749 3367 1826 3420 Ac
1852 3381 1945 3434 per
1970 3366 2070 3426 hoc

503 3447 570 3518 ab
597 3447 674 3502 eis
700 3448 787 3518 qui
816 3448 1039 3520 diligunt
1067 3451 1542 3520 manifestationem
1574 3440 1813 3522 Domini,
1862 3457 1949 3511 ille
1974 3474 2070 3513 auc

504 3536 646 3592 ditur
691 3541 936 3607 suavius,
991 3541 1078 3595 isti
1119 3542 1352 3598 creditur
1395 3544 1594 3600 tutius:
1623 3545 1712 3615 qui
1739 3557 1914 3601 autem
1943 3548 2069 3617 quid

505 3628 694 3690 horum
733 3631 801 3684 sit
839 3648 1020 3690 verum
1059 3633 1301 3704 ignorare
1330 3649 1388 3690 se
1415 3635 1713 3705 confitetur,
1746 3637 1870 3694 illud
1899 3646 2066 3707 optat,

505 3717 606 3793 hoc
647 3721 867 3788 tolerat,
909 3724 960 3778 in
999 3726 1144 3779 nullo
1173 3742 1359 3790 eorum
1385 3737 1548 3794 errat,
1579 3728 1701 3798 quia
1729 3729 1857 3783 nihil
1883 3746 2068 3786 eorum

503 3818 592 3866 aut
633 3809 859 3866 afﬁrmat
901 3823 991 3869 aut
1029 3826 1203 3887 negat.
1233 3816 1469 3884 Obsecro
1507 3827 1557 3873 te
1585 3827 1642 3873 ut
1665 3835 1750 3873 me
1781 3821 1937 3875 talem
1964 3838 2069 3876 non

505 3916 760 3970 spernas;
805 3905 926 3974 quia
970 3916 1024 3961 et
1065 3923 1162 3978 ego
1201 3917 1254 3963 te
1278 3910 1441 3980 diligo
1471 3910 1523 3966 id
1549 3910 1899 3968 affirmantem
1929 3914 2070 3984 quod

503 4006 687 4053 verum
729 4007 849 4070 esse
895 3994 1138 4052 desidero
1163 4034 1179 4062 ,
1222 4006 1276 4052 et
1317 4007 1462 4053 mmo
1499 4002 1664 4070 magis
1693 4002 1817 4057 nolo
1849 4003 2068 4071 fallaris,

503 4093 699 4150 quanto
738 4083 903 4151 magis
940 4099 1060 4137 amo
1097 4085 1237 4156 quod
1267 4088 1564 4156 polliceris,
1595 4097 1649 4143 et
1673 4100 1871 4160 quanto
1905 4094 2072 4162 magis

504 4169 659 4225 video
683 4173 1035 4240 periculosum
1062 4175 1106 4228 si
1135 4173 1353 4230 falleris.
1383 4177 1458 4231 Da
1487 4178 1713 4245 veniam,
1741 4179 1789 4233 si
1814 4193 2071 4234 onerosus

504 4259 576 4314 fui
595 4261 791 4318 sanctis
812 4264 1052 4319 sensibus
1069 4266 1171 4320 tuis
1197 4282 1211 4319 :
1238 4275 1432 4335 quanto
1453 4267 1591 4321 enim
1613 4267 1781 4334 rarius
1806 4268 2068 4338 provenit,

506 4360 653 4406 tanto
683 4367 769 4408 me
798 4361 968 4409 tecum
995 4355 1180 4412 saltem
1205 4371 1303 4428 per
1325 4357 1534 4414 litteras
1574 4358 1717 4430 loqui
1743 4359 1940 4415 diutius
1969 4359 2069 4417 de.

505 4442 737 4518 lcctavit.
2027 4433 2034 4445 “

981 4534 1310 4593 EPISTOLA
1347 4535 1428 4593 cc
1458 4539 1478 4562 ·
1510 4535 1610 4614 (α).

505 4641 812 4714 Augustinus
866 4642 1067 4699 Valerio
1103 4646 1303 4710 comiti,
1349 4648 1684 4703 transmittens
1727 4659 2068 4720 nuncupatum

592 4736 691 4808 ipsi
715 4735 894 4790 librum
921 4737 1136 4806 primum
1164 4737 1227 4791 de
1255 4736 1462 4809 Nuptiis
1487 4747 1534 4794 et
1561 4737 1993 4809 Concupiscemia.

505 4828 727 4886 Domino
758 4828 948 4884 illustri
989 4839 1042 4884 et
1081 4829 1270 4884 merito
1299 4831 1772 4899 praestantissimo,
1815 4842 1972 4901 atque
2014 4833 2066 4887 in

573 4917 768 4973 Christi
803 4918 1089 4973 dilectione
1123 4919 1434 4973 charissimo
1482 4919 1591 4974 tilio
1645 4920 1903 4989 VALERIO,
1955 4925 2066 4976 Au-

575 5024 838 5076 sus'rutus,
860 5007 913 5062 in
944 5009 1164 5066 Domino
1185 5009 1428 5065 salutem.

577 5120 627 5173 l.
650 5117 783 5174 Cum
811 5118 898 5172 ditt
929 5120 1149 5174 moleste
1188 5119 1434 5175 haberem
1463 5120 1601 5190 quod
1628 5120 1906 5192 aliquoties
1934 5123 2068 5177 scri—

504 5211 718 5281 pserim,
740 5220 796 5266 et
818 5211 958 5265 nulla
981 5219 1082 5267 ture
1105 5210 1454 5272 Sublimitatis
1472 5212 1727 5282 rescripta
1751 5215 2062 5280 meruerim,

502 5310 720 5371 repente
743 5299 996 5371 epistolas
1021 5309 1131 5356 tres
1162 5311 1261 5355 tua:
1288 5301 1632 5373 Benignitatis
1660 5304 1836 5374 accepi
1865 5322 1879 5358 :
1909 5319 2065 5358 unam

497 5432 583 5544 Μ’
599 5439 713 5545 tgistc
747 5435 895 5490 ascita
928 5446 991 5484 ex
1029 5441 1157 5492 torno
1187 5435 1237 5494 7,
1279 5434 1328 5486 in
1371 5447 1466 5501 qua
1498 5434 1760 5499 praeligatu-
1803 5435 1925 5487 libro
1951 5438 1972 5488 ι
2003 5437 2067 5488 de

569 5509 597 5545 υ
683 5529 696 5544 .

568 5509 696 5556 puts.

563 5573 634 5650 tu)
655 5582 721 5633 ex
745 5577 942 5650 tome],
975 5577 1168 5650 patina
1190 5577 1416 5650 timide
1439 5575 1640 5641 Nuptiis.
1676 5585 1786 5637 Qua:
1811 5591 1953 5650 porro
1975 5579 2068 5650 200

499 5645 624 5696 erat,
676 5651 803 5686 nunc
848 5638 952 5689 196.
979 5638 1174 5702 Scripta
1217 5639 1406 5690 videtur
1452 5638 1668 5694 cx'euutc
1712 5638 1946 5700 an.'rl»-l3,
1986 5649 2068 5693 aut

498 5697 698 5748 ineunte
720 5699 828 5751 419.

1605 5853 1632 5872 οι

1653 353 2123 444 EPISTOLARUM
2163 353 2432 412 CLASSIS
2473 353 2557 411 Ill.

3647 369 3748 425 926

2181 481 2289 520 non
2318 465 2382 521 ad
2407 482 2494 523 me
2515 465 2685 522 solum
2709 467 2882 524 datam
2913 471 3395 542 percoepiscopum.
3418 489 3595 532 mcum
3617 476 3749 534 Vin-

2181 553 2499 622 demialem,
2527 563 2582 611 et
2622 571 2727 612 non
2772 556 2936 628 longe
2964 567 3082 628 post
3119 575 3213 630 per
3257 563 3746 634 compresbyterum

2180 642 2418 700 Firmum
2459 645 2625 712 duas;
2655 647 2744 717 qui
2779 649 2862 702 vir
2891 657 3130 716 sanctus,
3157 650 3411 728 nobisque
3429 693 3444 718 ,
3475 662 3533 709 ut
3559 654 3628 711 ab
3653 656 3748 714 illo

2181 735 2318 789 scire
2345 736 2594 805 potuisti,
2635 737 3042 794 familiarissima
3090 739 3347 796 charitan
3391 741 3702 814 conjunctus
3721 786 3740 812 ,
3811 773 3814 778 -

2181 825 2345 882 multa
2383 828 2655 884 nobiscum
2698 829 2766 884 de
2809 838 2896 885 tua
2935 831 3246 889 excellentia
3284 834 3649 906 colloquendo,
3689 847 3747 894 et

2181 917 2441 976 veraciter
2474 918 2788 974 insinuando
2812 921 3020 990 qualem
3044 935 3100 977 et
3139 923 3194 978 in
3224 921 3421 981 Christi
3451 925 3746 996 visceribus

2181 1007 2405 1073 noverit,
2420 1023 2524 1062 non
2543 1007 2713 1066 solum
2727 1023 2820 1064 eas
2837 1025 2968 1080 quas
2994 1022 3314 1067 memoratus
3340 1013 3638 1084 episcopus,
3659 1016 3748 1072 vel

2181 1110 2311 1164 quas
2335 1089 2458 1168 ipse
2491 1098 2684 1163 attulit,
2709 1098 2802 1154 sed
2831 1099 2990 1154 etiam
3020 1099 3136 1156 illas
3168 1117 3299 1171 quas
3330 1118 3434 1158 non
3473 1106 3747 1174 accepisse

2180 1187 2549 1256 querebamur,
2573 1187 2773 1244 litteras
2801 1189 2943 1244 vicit.
2965 1190 3031 1244 Et
3059 1190 3177 1245 ideo
3199 1190 3268 1247 de
3295 1198 3348 1248 te
3372 1195 3604 1250 narratio
3631 1195 3746 1267 ejus

2179 1275 2391 1331 suavior
2414 1276 2566 1332 nobis
2591 1288 2724 1343 erat,
2750 1279 2870 1348 quia
2896 1294 2958 1350 ea
2983 1280 3190 1335 dicebat
3209 1297 3328 1352 quae
3353 1282 3468 1353 ipse
3493 1300 3598 1339 non
3626 1301 3746 1356 pos-

2177 1379 2286 1432 ses,
2313 1381 2381 1422 ne
2405 1365 2618 1436 quidem
2637 1382 2725 1427 me
2751 1366 3068 1438 inquirente,
3094 1370 3408 1439 rescribere,
3444 1388 3510 1428 ne
3537 1383 3746 1430 tuarum

2180 1456 2414 1524 landum,
2441 1458 2580 1528 quod
2605 1468 2784 1512 sancta
2814 1457 3081 1528 Scriptura
3104 1461 3349 1528 prohibet
3371 1460 3549 1534 (Prov.
3571 1479 3742 1532 xxvtt,

2177 1546 2261 1617 2),
2292 1546 2446 1602 fieres
2477 1547 2806 1617 praedicator.
2847 1548 3154 1618 Quanquam
3193 1558 3247 1604 et
3274 1565 3378 1620 ego
3407 1566 3590 1606 verear
3626 1551 3746 1609 haec

2177 1638 2245 1696 ad
2271 1648 2323 1693 te
2349 1639 2602 1704 scribere,
2647 1655 2715 1695 ne
2740 1639 3092 1709 suSpicionem
3129 1640 3390 1697 adulantis
3427 1642 3690 1698 incurram
3719 1685 3737 1716 ,

2177 1726 2393 1786 domine
2422 1730 2638 1785 illustris
2678 1739 2734 1784 et
2772 1729 2960 1785 merito
3003 1730 3464 1799 prtestantiSSime,
3495 1742 3650 1805 atque
3677 1735 3733 1790 in

2177 1818 2371 1873 ωλι-ἰεῦ
2396 1818 2679 1874 dilectione
2703 1820 3012 1874 charissime
3034 1820 3126 1878 ηιξ.

2245 1908 2302 1968 2.
2334 1908 2539 1964 Laudes
2566 1910 2741 1983 itaque
2773 1920 2887 1983 tuas
2917 1910 2970 1964 in
2998 1909 3230 1976 Christo,
3261 1911 3374 1968 sive
3403 1913 3569 1983 magis
3598 1913 3652 1968 iu
3693 1923 3744 1972 te

2175 1998 2357 2056 laudes
2381 1999 2598 2068 Christi,
2625 2000 2746 2062 vide
2772 2000 2897 2074 quid
2924 2000 3053 2056 mihi
3082 2001 3446 2058 delectationis
3469 2012 3523 2058 ct
3546 2003 3743 2060 laetitiae

2174 2089 2273 2152 fuit
2315 2091 2497 2146 audire
2535 2092 2603 2147 ab
2639 2092 2730 2146 illo
2753 2093 2840 2162 qui
2867 2108 2965 2148 nec
2990 2093 3172 2152 fallere
3198 2110 3284 2151 me
3311 2104 3491 2166 posset
3531 2106 3748 2167 propter

2175 2181 2334 2242 fidem
2359 2197 2507 2238 suam
2527 2224 2543 2249 ,
2574 2190 2629 2237 et
2653 2199 2744 2242 cas
2768 2183 3012 2254 ignorare
3042 2201 3144 2239 non
3176 2197 3353 2255 posset
3379 2194 3591 2257 pr0pter
3613 2189 3746 2243 ami-

2173 2275 2350 2330 citiam
2385 2285 2549 2330 tuam.
2576 2273 2680 2331 Sed
2713 2275 2814 2330 alia
2839 2285 2892 2330 ct
2916 2276 2983 2328 ab
3006 2277 3154 2344 aliis,
3177 2278 3276 2333 etsi
3305 2294 3408 2332 non
3441 2287 3546 2334 tam
3574 2280 3742 2336 multa

2174 2365 2255 2419 vel
2285 2375 2448 2428 certa,
2481 2372 2843 2420 verumtamen
2869 2364 3190 2432 audivimus,
3224 2366 3354 2421 lich
3381 2374 3468 2420 tua
3496 2383 3651 2437 quant
3674 2369 3744 2424 sit

2173 2467 2300 2508 sana
2327 2463 2381 2508 et
2409 2453 2692 2519 catholica,
2732 2469 2887 2523 quam
2927 2455 3010 2523 pia
3043 2455 3365 2524 exspectatio
3405 2455 3699 2514 futurorum
3721 2499 3740 2527 ,

2172 2560 2291 2614 qua:
2345 2544 2438 2600 Dei
2489 2543 2816 2613 fratrumque
2858 2544 3105 2610 dilectio,
3158 2559 3315 2618 quam
3361 2561 3467 2600 non
3514 2548 3743 2616 superbe

2172 2635 2347 2702 sapias
2387 2634 2440 2688 in
2479 2634 2706 2688 excelsis
2746 2633 3054 2700 honoribus,
3087 2651 3185 2688 nec
3222 2650 3408 2705 speres
3447 2635 3500 2690 in
3533 2635 3742 2692 incerto

2172 2723 2507 2790 divitiarum,
2540 2724 2636 2780 sed
2666 2725 2719 2778 in
2752 2724 2860 2778 Deo
2886 2724 3033 2790 vivo,
3061 2732 3113 2778 et
3135 2724 3282 2780 dives
3306 2725 3379 2779 sis
3408 2725 3462 2779 in
3491 2725 3743 2796 operibus

2171 2813 2358 2879 bonis;
2387 2829 2542 2884 quam
2569 2814 2638 2868 sit
2664 2814 2853 2868 domus
2883 2822 2965 2868 tua
2997 2813 3209 2884 requies
3236 2814 3584 2884 solatiumque
3617 2830 3741 2870 san-

2171 2910 2398 2966 ctorum,
2425 2912 2480 2960 et
2508 2912 2679 2958 terror
2707 2903 3018 2972 impiorum;
3051 2913 3245 2973 quanta
3271 2904 3366 2959 tibi
3403 2920 3529 2959 cura
3565 2904 3636 2960 sit
3672 2921 3742 2962 ne

2171 2992 2290 3064 quis
2329 2993 2603 3048 insidietur
2631 2994 2884 3048 membris
2909 2993 3122 3061 Christi,
3163 3005 3442 3064 coopertus
3477 2995 3743 3054 velamine

2173 3083 2401 3144 nominis
2427 3083 2620 3140 Christi
2659 3084 2770 3138 sive
2795 3085 2846 3138 in
2875 3083 3143 3140 veteribus
3169 3084 3304 3153 ejus,
3340 3087 3451 3141 sive
3474 3085 3527 3140 in
3551 3102 3740 3142 recen-

2173 3173 2394 3232 tioribus
2437 3171 2694 3238 inimicis;
2722 3189 2987 3244 quamque
3031 3174 3105 3230 sis
3141 3174 3448 3230 earumdem
3496 3176 3742 3232 inimico-

2172 3283 2288 3320 rum
2339 3267 2586 3336 providus
2633 3267 2828 3334 saluti,
2876 3267 3100 3323 infestus
3152 3268 3344 3324 errori.
3402 3267 3527 3323 llzec
3582 3277 3741 3338 atque

2172 3357 2492 3428 hujusmodi,
2526 3365 2583 3412 ut
2607 3357 2736 3423 dixi,
2769 3367 2824 3414 et
2860 3358 2928 3413 ab
2969 3358 3086 3412 aliis
3129 3359 3360 3413 solemus
3395 3356 3618 3422 audire;
3643 3357 3738 3413 sed

2172 3464 2311 3504 nunc
2339 3465 2398 3504 ea
2441 3464 2535 3518 per
2567 3465 2724 3519 supra
2743 3449 3176 3506 dictum-fratrem
3206 3449 3356 3520 plura
3385 3456 3437 3504 et
3467 3449 3738 3504 testatiora

2172 3541 2534 3609 cognovimus.

2245 3632 2296 3686 5.
2328 3616 2491 3686 Porro
2514 3638 2689 3684 autem
2717 3630 2784 3684 de
2810 3630 3055 3699 pudicitia
3081 3629 3364 3700 conjugali,
3392 3636 3448 3683 ut
3465 3643 3582 3684 eam
3603 3644 3741 3699 quo-

2171 3736 2274 3789 que
2303 3721 2352 3774 in
2382 3730 2432 3776 te
2461 3720 2672 3775 laudare
2695 3729 2747 3774 et
2771 3735 2949 3775 amare
2986 3721 3270 3790 possimus,
3309 3719 3562 3790 numquid
3587 3719 3741 3774 audi-

2172 3825 2371 3878 remus,
2393 3811 2494 3865 nisi
2512 3803 2583 3866 ab
2607 3811 2780 3880 aliquo
2801 3811 3049 3865 interiore
3069 3808 3309 3863 familiari
3329 3818 3436 3872 tuo.
3463 3809 3553 3879 qui
3573 3809 3737 3864 vitam

2173 3911 2344 3963 tuam,
2376 3917 2479 3957 non
2509 3902 2562 3956 in
2588 3900 2882 3971 superficie,
2910 3900 3002 3954 sed
3035 3900 3243 3969 penitus
3272 3898 3488 3954 nosset?
3527 3899 3601 3954 De
3637 3899 3740 3955 hoc

2173 3993 2350 4062 itaque
2367 4001 2456 4046 tuo
2482 3992 2641 4056 bono,
2662 3990 2754 4045 Dei
2770 3989 2930 4052 dono,
2950 4004 3034 4042 me
3048 4002 3257 4058 quoque
3273 3987 3499 4043 deleCIat
3519 3985 3742 4042 familia-

2173 4086 2282 4140 rius
2307 4095 2361 4139 et
2387 4084 2656 4152 aliquanto
2680 4079 2875 4134 diutius
2891 4080 3032 4148 loqui
3057 4078 3384 4134 tecum.Scio
3399 4093 3486 4132 me
3505 4093 3608 4131 non
3622 4092 3742 4133 esse

2173 4177 2322 4232 oneri
2363 4174 2490 4237 tibi,
2517 4173 2564 4227 si
2590 4171 2783 4240 aliquid
2815 4171 3072 4239 prolixum
3107 4170 3291 4248 mitto,
3331 4167 3470 4236 quod
3494 4167 3738 4237 legendo,

2173 4265 2368 4320 diutius
2393 4263 2464 4317 sis
2491 4261 2787 4315 nobiscum.
2814 4259 2946 4313 Nam
2971 4267 3026 4312 et
3052 4259 3151 4312 hoc
3177 4256 3432 4326 comperi,
3463 4256 3603 4327 quod
3649 4257 3735 4311 in-

2173 4361 2255 4412 ter
2283 4363 2398 4408 tuas
2433 4352 2626 4406 multas
2659 4363 2978 4418 magnasque
3004 4363 3180 4415 curas,
3219 4347 3372 4404 facile
3412 4363 3477 4404 ac
3513 4348 3740 4403 libenter

2171 4445 2335 4516 legas,
2363 4442 2661 4512 nostrisque
2687 4439 2954 4511 opusculis
2975 4479 2993 4507 ,
3023 4440 3181 4494 etiam
3220 4453 3338 4510 qua:
3360 4439 3427 4494 ad
3451 4439 3583 4494 alios
3609 4453 3740 4494 con-

2170 4535 2500 4606 scripsimus,
2546 4533 2594 4588 si
2635 4546 2736 4602 qua
2786 4531 2840 4586 in
2874 4545 3060 4586 manus
3084 4541 3198 4585 tuas
3221 4531 3401 4588 venire
3438 4540 3738 4602 potuerunt,

2169 4624 2453 4681 admodum
2473 4621 2752 4678 delecteris
2773 4639 2788 4686 ;
2813 4629 3009 4690 quanto
3041 4621 3206 4691 magis
3234 4620 3374 4691 quod
3397 4620 3464 4676 ad
3484 4629 3535 4676 te
3555 4621 3741 4676 scribi-

2171 4723 2277 4783 tur,
2300 4714 2388 4771 ubi
2416 4724 2661 4783 tanquam
2685 4709 2930 4780 prensanti
2957 4710 3158 4781 loquar,
3179 4718 3236 4765 et
3251 4709 3528 4766 advertere
3551 4711 3740 4782 digna-

2171 4805 2312 4859 beris
2348 4803 2632 4869 attentius,
2669 4809 2724 4855 et
2771 4799 3012 4870 accipere
3053 4799 3290 4870 gratius?
3334 4801 3416 4855 Ab
3467 4800 3567 4855 hac
3605 4814 3733 4870 ergo

2171 4895 2390 4965 epistola
2420 4906 2579 4963 perge
2615 4890 2681 4946 ad
2715 4889 2908 4946 librum
2939 4905 3096 4960 quem
3135 4888 3292 4944 simul
3327 4888 3469 4957 misi,
3513 4889 3602 4960 qui
3633 4897 3736 4944 tua:

2172 4983 2500 5047 Reverentia:
2524 4989 2579 5036 et
2599 4995 2694 5036 cur
2720 4980 3048 5049 conscriptus
3077 4979 3163 5043 sit,
3193 4988 3247 5032 et
3280 4993 3377 5032 cur
3396 4977 3464 5032 ad
3490 4987 3540 5034 te
3563 4979 3732 5048 potis-

2170 5074 2362 5129 simum
2402 5073 2617 5139 missus,
2660 5070 2775 5140 ipse
2813 5085 2910 5125 suo
2950 5069 3206 5140 principio
3242 5067 3571 5124 commodius
3612 5066 3737 5122 inti«

2172 5164 2354 5220 mabit.

2609 5228 2938 5287 EPISTOLA
2975 5228 3084 5284 CCI
3121 5232 3140 5250 ο
3181 5226 3280 5302 (a).

2171 5348 2508 5422 Imperatores
2554 5362 2682 5402 nova
2740 5345 2796 5400 in
2856 5341 3164 5415 Pelagianos
3209 5359 3477 5415 eorumque
3517 5348 3740 5418 [autores

2240 5439 2498 5495 sanctione
2521 5437 2674 5500 edita,
2700 5434 2942 5490 mandant
2975 5434 3202 5502 Aurelio,
3241 5452 3432 5491 necnon
3456 5435 3736 5508 Augustino

2232 5549 2255 5572 ‘
2283 5549 2475 5603 Accedit
2487 5549 2601 5601 huic
2621 5555 2750 5601 torno
2769 5545 3022 5597 emendata
3042 5545 3100 5595 ad
3120 5547 3274 5597 varios
3291 5546 3406 5598 Edd.
3423 5556 3475 5598 et
3493 5553 3599 5600 Mss.

2167 5635 2306 5760 1mSa)
2336 5641 2450 5695 Quae
2471 5645 2612 5696 porro
2631 5630 2717 5681 201
2745 5636 2867 5691 erat,
2887 5640 3012 5679 nunc
3031 5629 3110 5679 90.
3133 5633 3313 5692 Scripta
3333 5641 3415 5681 an.
3437 5629 3544 5692 416,
3568 5642 3739 5681 mense

2257 5710 2318 5746 to.
