4120 6358
445 369 572 426 ’999

467 485 584 538 das.
619 483 800 554 Neptis
828 494 988 538 vestra
1012 484 1183 540 Paula
1226 487 1570 543 miserabiliter
1598 500 1830 561 precatur
1853 503 1907 548 ut
1934 511 2039 548 me-

465 593 626 630 mores
646 577 754 646 ejus
784 577 911 640 sitis,
941 586 986 630 et
1025 578 1236 630 multum
1270 592 1356 632 oos
1384 581 1588 633 salutat.
1622 580 1906 638 Incolumes
1930 602 2038 650 vos,

464 680 510 721 et
537 683 777 721 memores
802 669 914 732 mei,
935 667 1155 722 Domini
1173 671 1330 724 nostri
1352 670 1477 724 .lesu
1502 670 1688 725 Christi
1712 683 1912 727 tueatur
1930 677 2034 730 cle-

463 757 894 822 mentia,'doniini
919 775 1031 814 uere
1061 760 1243 827 sancti,
1271 769 1419 830 atque
1441 761 1580 816 omni
1602 760 2038 829 a/fectione‘bene-

459 845 645 901 'rabiles
669 857 858 918 patres.

877 959 1202 1015 EPISTOLA
1241 959 1368 1016 CCII
1398 961 1517 1018 BIS
1541 968 1558 986 ‘
1592 962 1686 1035 (a).

445 1058 649 1138 ‘Uptato
669 1068 920 1139 signiﬁcat
945 1086 1052 1124 suae
1076 1069 1136 1125 de
1156 1073 1339 1126 anima:
1364 1072 1558 1143 origine
1575 1075 1932 1129 consultationi
1950 1075 2038 1131 abs

530 1156 845 1229 Hieronymo
874 1176 972 1214 non
999 1161 1154 1230 fuisse
1180 1163 1491 1232 responsum,
1531 1167 1685 1232 neque
1713 1179 1765 1217 se
1798 1161 2035 1219 [iactitans

525 1250 793 1320 quidquam
814 1253 876 1306 de
902 1252 998 1306 hac
1020 1254 1289 1324 quwstione
1320 1253 1540 1308 asserere
1563 1258 1742 1310 ausum
1768 1259 1938 1328 fuisse.
1969 1259 2036 1313 Ut

534 1357 587 1394 se
613 1340 831 1395 imitetur
859 1359 959 1396 non
987 1360 1076 1397 suo
1099 1353 1291 1397 tantum
1320 1342 1565 1414 exemplo,
1593 1347 1682 1400 sed
1705 1344 1852 1400 etiam
1877 1341 2034 1417 ipsius

514 1428 699 1500 ‘Optati
725 1431 1004 1485 litterarum
1041 1431 1268 1486 instituto
1295 1450 1355 1487 ac
1396 1436 1588 1488 ratione
1621 1437 1868 1492 hartatnr.
1905 1437 2033 1492 Petit

521 1519 685 1574 denuo
703 1521 762 1574 "ut
791 1519 1039 1574 Libellum
1064 1512 1210 1575 Fidei
1236 1523 1303 1576 ad
1326 1531 1382 1577 'se
1402 1524 1586 1589 mittat,
1611 1542 1668 1577 ac
1689 1542 1750 1578 ne
1774 1523 2032 1580 doctorum

515 1609 866 1679 episcoporum
893 1611 1208 1678 traditiones,
1238 1613 1412 1666 doctor
1438 1614 1658 1668 novellus
1679 1625 1729 1667 et
1751 1616 1890 1668 rudis
1916 1633 2029 1669 cor-

516 1717 748 1771 rumpere
781 1702 1126 1772 aggrediatur.
1151 1701 1378 1757 Tandein
1421 1704 1542 1774 quid
1583 1704 1646 1757 de
1685 1703 1856 1758 anima
1904 1703 2029 1774 ﬁdes

515 1789 710 1856 doceat,
740 1790 949 1845 breviter
976 1793 1179 1863 exponit
1196 1833 1212 1860 ,
1244 1797 1653 1866 oecurrentcsque
1680 1795 1870 1865 aliquot
1890 1804 2028 1867 qua:-

514 1881 697 1934 stiones
717 1879 872 1934 obiter
896 1881 1060 1936 solvit.

446 1990 674 2046 Domino
710 1991 1044 2058 beatissimo,
1071 1993 1454 2065 sinceriterquc
1475 1994 1810 2063 charissimo,
1844 2006 1898 2052 et
1924 1995 2024 2054 de-

514 2071 934 2139 siderantissimo
959 2086 1104 2139 fratri
1134 2095 1188 2142 et
1222 2089 1538 2158 coepiscopo
1561 2087 1780 2144 Orum
1798 2129 1814 2156 ,
1843 2090 2024 2147 Atton-

509 2160 712 2240 srinus,
746 2176 796 2229 in
813 2159 1045 2232 Domino
1072 2178 1318 2234 salutem.

504 2287 659 2343 CAP.
681 2288 1056 2344 PRIMUM—1
1071 2329 1084 2344 .
1103 2291 1206 2345 Per
1220 2291 1522 2362 religiosum
1540 2293 1906 2366 presbyterum
1919 2295 2018 2351 Sa-

438 2378 711 2433 turninum
733 2386 836 2432 tua:
868 2379 1232 2436 Venerationis
1255 2383 1455 2437 litteras
1476 2385 1695 2452 sumpsi,
1729 2386 1829 2440 hoc
1871 2402 1902 2440 a
1933 2402 2019 2443 me

431 2482 632 2538 magno
659 2468 860 2536 studio,
895 2470 1037 2540 quod
1073 2471 1306 2526 nondum
1351 2472 1542 2536 habeo,
1575 2475 1876 2543 ﬂagitantis.
1910 2478 2016 2531 Sed

434 2570 537 2612 cur
563 2557 664 2613 hoc
691 2559 880 2614 feceris
911 2569 1131 2615 causam
1165 2561 1295 2616 mihi
1325 2564 1598 2632 aperuisti,
1631 2565 1770 2634 quod
1813 2567 2017 2622 scilicet

431 2648 622 2705 credas
659 2650 726 2705 de
749 2649 848 2706 hac
878 2666 938 2706 re
963 2651 1096 2706 mihi
1135 2654 1433 2708 consulenti
1455 2654 1564 2723 jam
1595 2653 1760 2711 fuisse
1786 2672 2014 2727 reapon-

425 2754 569 2794 sum.
603 2739 814 2797 Utinam
855 2742 925 2795 ita
967 2743 1142 2798 esset!
1185 2743 1324 2798 absit
1368 2752 1424 2798 ut
1451 2753 1524 2809 te,
1555 2746 1705 2815 cujus
1732 2754 2012 2816 exSpecla-

433 2829 630 2884 tionem
657 2829 1016 2886 avidissimam
1045 2832 1304 2898 noverim,
1335 2831 1493 2901 hujus
1515 2833 1752 2889 muneris
1773 2845 2014 2891 commu-

424 2919 696 2975 nicatione
721 2919 1039 2974 fraudarem.
1079 2921 1182 2976 Sed
1212 2922 1255 2975 si
1299 2922 1424 2991 quid
1452 2923 1654 2990 credis,
1687 2923 1849 2978 frater
1877 2927 2010 2980 cha-

422 3009 660 3074 rtssime,
708 3010 942 3080 quinque
986 3009 1158 3066 ferme
1197 3013 1319 3066 anni
1360 3027 1484 3071 ecce
1524 3013 1718 3068 evoluti
1761 3023 1903 3078 sunt,
1944 3031 2010 3070 ex

419 3108 535 3168 ’ςιυο
562 3099 614 3154 in
635 3099 904 3156 Orientem
945 3101 1068 3156 misi
1107 3102 1298 3156 librum
1326 3100 1397 3173 (b)
1445 3118 1548 3156 non
1586 3105 2009 3174 praesumptionis

420 3189 520 3244 sed
545 3190 946 3246 consultationis
972 3207 1105 3246 meae
1129 3207 1144 3257 ;
1172 3200 1226 3245 et
1258 3191 1433 3246 adhuc
1461 3193 1715 3270 rescripta
1757 3209 1860 3247 non
1890 3210 2006 3248 mc-

425 3280 538 3346 rui,
563 3282 752 3349 quibus
791 3281 922 3336 mihi
949 3281 1272 3337 enodarelur
1301 3281 1414 3336 hrcc
1447 3281 1672 3351 quaestio
1701 3282 1751 3335 in
1791 3297 1892 3352 qua
1920 3298 2007 3339 me

423 3372 575 3442 cupis
600 3372 668 3426 ad
692 3383 741 3427 te
768 3383 967 3428 certam
997 3372 1136 3428 ferre
1164 3373 1502 3428 sententiam.
1546 3371 1840 3443 Utrumque
1879 3389 2006 3445 ergo

425 3461 714 3526 misissem,
743 3462 786 3516 si
826 3470 1107 3531 utrumque
1138 3461 1408 3516 haberem.

494 3553 550 3606 2-.
581 3553 694 3608 Hoc
717 3562 895 3608 autem
925 3553 1065 3624 quod
1107 3553 1298 3619 habeo,
1341 3552 1457 3606 sine
1486 3552 1654 3606 altero
1682 3553 1822 3622 quod
1868 3571 2002 3609 non-

425 3640 549 3696 dum
576 3642 764 3708 habeo,
787 3644 1029 3712 cuiquam
1051 3642 1248 3698 debere
1273 3658 1357 3697 me
1372 3643 1480 3712 jam
1505 3644 1714 3697 mittere
1740 3644 1822 3698 vel
1843 3645 2004 3702 cdere

425 3748 530 3788 non
556 3734 760 3790 videtur
786 3733 890 3806 (c);
936 3750 1003 3789 ne
1029 3734 1115 3788 ille
1148 3733 1223 3806 (ά)
1249 3733 1350 3803 ,(ιυί
1381 3732 1510 3787 mihi
1549 3733 1789 3796 fortasse,
1821 3744 1879 3788 ut
1905 3735 2001 3790 de-

424 3825 633 3890 sidero,
667 3840 1016 3895 responsurus
1065 3835 1163 3887 est,
1212 3825 1675 3893 interrogationem
1722 3841 1891 3879 meam
1921 3825 2004 3880 di-

433 3917 762 3988 sceptatione
804 3917 1177 3987 Operosissitna
1215 3916 1538 3970 elaboratam
1563 3956 1578 3982 ,
1619 3916 1734 3970 sine
1775 3931 1869 3970 sua
1915 3932 2004 3972 re-

485 4047 504 4068 ⁶
537 4057 646 4098 Haec
668 4047 887 4110 epistola,
911 4059 1021 4109 qua:
1037 4047 1187 4110 deest
1211 4047 1260 4110 in
1279 4051 1362 4110 13.,
1390 4058 1453 4110 ex
1474 4059 1572 4094 uno
1592 4045 1894 4095 Gottwicensi
1914 4053 1998 4097 Ms.

422 4117 640 4173 prompta
663 4106 758 4170 est,
780 4116 836 4158 ut
859 4109 906 4156 in
929 4106 1131 4168 praefat,
1154 4106 1247 4156 col.
1265 4107 1431 4164 49-50,
1455 4113 1724 4155 annotatur.
1817 4113 1877 4155 Il.

483 4192 556 4253 (a)
579 4192 696 4255 vide
718 4189 982 4255 praefacol.
1003 4189 1170 4255 49-50,
1200 4189 1283 4255 ubi
1314 4189 1473 4255 agitur
1493 4188 1558 4236 de
1579 4189 1766 4255 duabus
1780 4189 2002 4255 epistolis

421 4243 666 4314 Augustini
689 4243 870 4314 recens
883 4251 1106 4314 inventis.
1125 4243 1301 4312 Scripta
1314 4243 1407 4298 sub
1422 4245 1567 4297 linem
1583 4250 1696 4297 anni
1715 4243 1805 4298 419
1817 4243 1904 4299 ’γει
1921 4264 2001 4313 po-

422 4311 518 4362 tius
541 4314 631 4361 sub
654 4313 840 4361 initium
857 4313 966 4360 anni
988 4311 1094 4360 420.
1223 4311 1278 4358 tu.

508 4372 557 4435 ὁ)
578 4372 894 4432 Marcellinus,
917 4373 1000 4435 qui
1021 4370 1261 4435 collationi
1281 4370 1640 4435 Carthaginensl
1663 4370 1852 4431 praefuit
1869 4384 1998 4435 anno

483 4374 557 4469 Sb)
578 4374 894 4446 Marcellinus,
913 4374 1000 4457 qui
1021 4374 1261 4444 collationi
1281 4374 1640 4479 Carthaginenm
1663 4374 1852 4431 praefuit
1868 4384 1997 4444 anno

420 4433 530 4504 41.,
545 4435 607 4504 ab
623 4440 1164 4504 Augusttnoscrscuatus
1188 4431 1425 4504 estquid
1481 4444 1510 4504 e
1531 4444 1997 4504 animarumpngtne

420 4493 685 4546 tenendum
696 4493 852 4544 esset.
870 4494 1176 4555 Respondeas
1185 4493 1378 4542 sanctus
1391 4499 1556 4555 Doctor
1571 4499 1772 4555 quatuor
1781 4493 1999 4545 diversas

420 4557 511 4606 hac
530 4557 595 4606 de
620 4557 889 4663 quaestione
911 4551 1130 4663 vu’lgatas
1149 4556 1402 4615 opiniones
1423 4551 1616 4624 retulit}
1642 4554 1706 4602 ita
1737 4561 1899 4624 tamen
1922 4563 1993 4618 ut,

420 4617 551 4663 iuxta
566 4623 629 4663 Fu
648 4619 884 4663 aentium.
908 4634 930 4661 (ι
943 4629 1009 4663 nu
1031 4615 1122 4663 lam
1138 4615 1345 4663 voluerit
1367 4615 1510 4663 huius
1530 4627 1604 4662 rei
1621 4613 1863 4663 deﬁnitam
1889 4629 1993 4663 nro-

421 4571 511 4606 nac
530 4571 595 4606 αθ
655 4571 889 4606 uacatione
911 4571 940 4604 Υ
1028 4571 1130 4603 atas
1149 4571 1402 4615 opiniones
1423 4571 1616 4611 Γθωιιις
1643 4571 1706 4602 lla
1737 4571 1899 4604 tamen
1922 4571 1993 4618 ut,

415 4617 551 4686 jugta
566 4571 884 4686 Fuigentium,
908 4571 1122 4686 «:ltﬁlam
1138 4615 1345 4686 voluerit
1367 4615 1510 4686 hujus
1530 4615 1604 4662 rei
1621 4613 1863 4686 deﬁnitam
1884 4629 1998 4686 pro-

425 4673 449 4724 ἱ
472 4679 601 4728 ferre
624 4673 928 4728 séntentiam.
946 4693 968 4721 ι
989 4676 1118 4735 Quod
1141 4688 1274 4738 aegre
1297 4673 1462 4738 terens
1477 4673 1787 4738 Marcellinus,
1802 4677 1863 4724 ad
1883 4673 1995 4726 Hic-

417 4752 666 4808 ronymum
697 4739 1028 4808 eodemnanno
1061 4739 1168 4808 seri]
1187 4739 1279 4808 sit,
1303 4743 1356 4786 ut
1371 4737 1731 4808 Δ(ιιὼίιίιιίοῃςξειι
1768 4739 1993 4808 ignorari-

419 4796 630 4863 namque
661 4814 795 4849 suam
828 4798 1040 4849 tolleret.
1074 4796 1276 4863 Ineunte
1304 4803 1468 4863 autem
1498 4809 1576 4846 an.
1611 4796 1720 4855 415,
1749 4796 1820 4846 ιιἱὶ
1853 4798 1994 4863 paulo

416 4858 641 4923 supet‘ius
655 4863 962 4911 observatum
981 4866 1074 4923 est,
1092 4859 1337 4923 rescripsit
1352 4858 1683 4923 Hieronymus,
1701 4865 1910 4923 starese
1930 4861 1993 4923 ab

416 4917 578 4985 iis'qui
614 4928 876 4985 censerent
903 4921 1117 4968 «animas
1149 4917 1364 4985 quotidie
1386 4931 1415 4967 a
1453 4917 1550 4967 Deo
1581 4917 1685 4966 ﬁeri
1717 4925 1768 4967 et
1788 4919 1910 4985 mitti
1943 4921 1992 4968 in

422 5001 445 5028 ε
466 4979 692 5046 οόψοηιε
713 4999 736 5028 ι
765 4982 962 5046 hortans
985 4993 1124 5038 eum,
1147 4979 1202 5029 tit
1225 4998 1246 5024 ι
1263 4981 1417 5046 virum
1442 4985 1655 5046 sanctum
1680 4986 1730 5028 et
1753 4979 1992 5046 eruditum

421 5061 443 5089 α
467 5039 779 5107 Augustinum
812 5043 1086 5104 episcopum
1116 5039 1710 5107 consule7~et,_qui_vi_va,
1745 5047 1798 5107 ut
1828 5041 1988 5107 aiunt,

419 5122 443 5150 ι
468 5101 585 5154 voce
606 5107 784 5154 docere
816 5101 939 5164 eum,
959 5101 1141 5164 posset,
1176 5107 1228 5150 et
1247 5113 1399 5159 suam,
1432 5103 1528 5149 into
1549 5101 1699 5161 ipsius
1719 5103 1990 5164 Hieronymi

419 5182 443 5234 ς
467 5165 712 5234 explicare
733 5162 1040 5234 sententiam.
1057 5179 1080 5206 ν
1107 5170 1217 5211 Haec
1239 5170 1478 5234 postrema
1501 5164 1649 5211 verba
1673 5162 1990 5234 Augustinum

412 5226 491 5288 im;
511 5222 708 5288 ulerunt
729 5235 784 5275 ut
811 5224 869 5288 ad
892 5224 1227 5288 Hieronymum
1252 5222 1644 5288 epistolam,_seu_
1667 5222 1824 5288 potius
1846 5222 1987 5271 libel-

411 5283 510 5334 lum
533 5285 893 5337 consultationis
905 5284 970 5332 de
984 5283 1177 5345 Origine
1191 5285 1359 5331 animm
1377 5283 1582 5346 hominis
1600 5283 1836 5346 dirigeret
1853 5297 1866 5343 ;
1888 5297 1988 5346 quo

411 5347 474 5410 tle
498 5347 769 5410 libellobic
790 5346 1087 5410 potissimum
1107 5347 1281 5408 agitur.
1312 5345 1427 5393 vide
1449 5345 1788 5406 Augustinum,
1819 5345 1984 5408 Epistt.

414 5408 504 5457 165
527 5416 579 5458 et
604 5409 708 5458 166.

474 5471 543 5532 (c)
564 5471 692 5532 Idem
713 5469 828 5519 dicit
852 5467 994 5532 epist.
1017 5466 1126 5532 191),
1148 5464 1297 5532 11.31.
1331 5483 1352 5511 ι
1366 5465 1448 5532 Qui
1472 5464 1597 5532 liber
1618 5477 1758 5514 meus
1772 5499 1787 5523 ,
1813 5466 1982 5532 inquit,

411 5536 465 5578 ut
483 5526 579 5580 non
601 5531 826 5588 doctoris,
847 5526 936 5579 sed
958 5528 1265 5590 inquisitoris.
1287 5534 1338 5576 et
1354 5528 1510 5590 potius
1524 5526 1982 5590 discerecupieiltis,

419 5608 440 5636 α
462 5593 586 5653 apud
610 5604 687 5639 me
709 5589 810 5653 legi
849 5588 1040 5653 potest':
1066 5589 1187 5637 mitti
1212 5601 1329 5636 vero
1353 5589 1534 5653 uspiam
1566 5598 1661 5653 non
1694 5588 1845 5636 debet
1861 5589 1982 5653 ,_vel

417 5670 440 5714 ᾳ
460 5647 681 5714 cuiquam
697 5647 826 5714 for'as
839 5647 958 5714 dari.
971 5666 1000 5714 _n
1024 5657 1264 5714 AstAantea
1274 5647 1588 5714 gugusunum
1604 5647 1746 5698 aliter
1766 5650 1981 5700 sensisse

408 5710 789 5771 docet'ejusdem
814 5711 1015 5772 epistola
1039 5710 1144 5772 160,
1169 5722 1218 5758 n.
1247 5710 1320 5758 15.

471 5773 548 5835 (d)
571 5776 894 5837 Hieronymus.

1662 379 2137 438 EPl-S'TOLARUM
2174 385 2448 443 GLASSIS
2485 388 2572 443 lll.

3602 415 3706 472 930

2152 501 2452 567 sponsione,
2480 519 2596 573 qua:
2619 506 2789 563 adhuc
2816 510 3138 581 desperanda
3182 535 3284 575 non
3313 534 3390 578 est
3415 567 3428 590 ,
3475 540 3568 597 per
3594 548 3708 586 ma-

2151 604 2248 645 nus
2272 591 2539 648 hominum
2579 600 2920 672 notitiamque
2956 606 3172 662 diffundi
3211 612 3332 680 jure
3375 591 3704 688 succenseat,

2148 679 2308 783 idque
2347 682 2829 783 jactantiusquam
2879 695 3056 751 utilius
3111 679 3302 758 fecisse
3353 721 3438 762 me
3481 679 3700 778 judicet,

2146 778 2294 866 quasi
2321 787 2420 842 ego
2449 778 2704 844 potuerim
2735 795 2990 849 qumrere.
3033 790 3173 857 quod
3213 792 3300 848 ille
3333 809 3435 849 non
3479 802 3705 866 potuerit

2145 861 2394 930 enodare,
2422 881 2541 920 cum
2571 868 2785 925 lorsitan
2825 876 3008 942 possit,
3040 881 3190 949 idque
3229 882 3353 938 dum
3399 861 3582 956 faciat,
3605 907 3702 946 ex-

2145 956 2482 1020 spectandum
2509 959 2576 1012 sit
2604 958 2698 1030 (a).
2728 962 2888 1033 Magis
2911 969 3050 1022 enim
3079 973 3209 1039 scio,
3234 977 3379 1044 quod
3405 978 3523 1033 aliis
3547 995 3704 1036 occu-

2136 1051 2316 1187 pattpr,
2346 1061 2460 1115 qua:
2491 1051 2706 1106 minime
2752 1055 3040 1114 differenda
3084 1070 3223 1129 sum,
3272 1067 3539 1138 plurisque
3569 1086 3700 1140 peu-

2177 1149 2258 1187 οη(
2281 1152 2333 1187 ﬂ.

2177 1149 2333 1190 cnaa.

2113 1251 2120 1253 -
2209 1225 2263 1280 ὅ.
2295 1226 2443 1292 Quod
2476 1239 2530 1284 ut
2555 1240 2640 1286 tua
2679 1241 2887 1305 unoque
2925 1239 3184 1298 Sanctitas
3217 1248 3450 1314 noverit,
3490 1251 3702 1308 attende

2128 1317 2549 1388 paulisperquid
2593 1323 2720 1378 mihi
2763 1327 2866 1382 alio
2905 1345 3045 1384 anno
3070 1348 3163 1402 per
3203 1335 3421 1393 latorem
3464 1339 3570 1413 (b),
3600 1347 3699 1413 per

2137 1423 2295 1478 quem
2325 1412 2660 1480 scripseram.
2689 1429 3010 1474 remeantem
3043 1426 3333 1494 scripserit,
3365 1445 3484 1484 nam
3513 1412 3616 1488 hoc
3635 1451 3700 1490 ex

2126 1498 2252 1566 ejus
2293 1500 2512 1593 epistola
2544 1503 2597 1556 in
2642 1505 2795 1560 istam
2843 1514 3078 1566 transtuli
3111 1513 3177 1586 (c)
3207 1532 3220 1567 :
3249 1515 3462 1585 Incidit,
3497 1511 3697 1593 inquit,

2133 1597 2328 1682 tempus
2355 1591 2730 1661 diﬂ'iciflimum,
2769 1601 2968 1666 quando
3003 1604 3124 1656 mihi
3164 1607 3324 1662 tacere
3357 1606 3533 1667 melius
3569 1591 3697 1682 fta't,

2109 1694 2281 1772 "quam
2302 1680 2466 1752 loqui;
2491 1683 2564 1736 ita
2591 1694 2644 1738 ut
2670 1697 2840 1741 nostra
2864 1689 3316 1763 studiacessarent,
3339 1716 3401 1753 ne
3428 1700 3527 1770 (ιι),
3546 1680 3698 1772 juxta

2129 1766 2366 1841 Appium,
2384 1775 2564 1828 canina
2583 1781 2890 1834 exerceretur
2900 1784 3154 1850 facundia.
3172 1785 3352 1858 Itaque
3365 1766 3699 1850 duobuslibel-

2130 1863 2191 1916 lis
2211 1863 2328 1929 tuis,
2350 1882 2474 1936 quos
2497 1869 2684 1922 nomini
2708 1888 2814 1924 meo
2831 1873 3090 1942 dedicasti,
3111 1879 3474 1946 eruditissimis,
3496 1893 3543 1938 et
3559 1889 3695 1942 omni

2123 1952 2418 2024 eloquentia:
2445 1958 2708 2028 splendore
2730 1961 3058 2033 fulgentibus,
3085 1967 3154 2020 ad
3181 1978 3372 2041 tempus
3398 1977 3696 2044 respondere

2125 2055 2227 2099 non
2257 2047 2414 2114 potui,
2451 2056 2550 2102 non
2573 2050 2708 2120 quod
2733 2053 3003 2123 quidquam
3029 2057 3081 2110 in
3108 2047 3210 2112 illis
3234 2061 3694 2131 reprehendendum

2126 2145 2330 2204 putem;
2356 2138 2444 2191 sed
2466 2142 2584 2209 quia
2615 2142 2766 2210 juxta
2789 2142 2983 2198 beatum
3007 2147 3302 2216 Apostolum
3318 2191 3333 2216 ,
3363 2167 3382 2204 ἰ
3417 2152 3694 2226 Unusquis-

2115 2235 2219 2296 que
2235 2229 2287 2281 in
2307 2244 2397 2282 suo
2423 2246 2572 2283 sensu
2594 2231 2815 2286 abundat
2837 2235 2892 2299 ²;
2918 2236 3048 2289 alius
3079 2238 3277 2305 quidem
3299 2241 3372 2293 sic
3389 2282 3404 2308 ,
3426 2243 3557 2299 alius
3594 2263 3690 2300 au-

2124 2327 2222 2371 tem
2246 2319 2317 2372 sic
2348 2337 2366 2370 ›
2393 2319 2568 2389 (Rom.
2592 2337 2701 2387 xw,
2733 2322 2818 2394 5).
2847 2323 2989 2378 Certe
3011 2327 3252 2396 quidquid
3288 2330 3390 2384 dici
3424 2336 3584 2401 potuit
3602 2377 3616 2402 ,
3644 2345 3692 2391 et

2120 2406 2319 2460 sublimi
2344 2409 2541 2478 ingenio
2567 2411 2630 2464 de
2655 2412 3027 2482 Scripturarum
3047 2427 3332 2473 sanctarum
3357 2421 3549 2478 hauriri
3568 2431 3687 2496 fon-

2111 2496 2267 2562 tibus,
2297 2514 2328 2550 a
2357 2507 2404 2551 te
2431 2501 2646 2569 positum
2665 2510 2812 2573 atque
2831 2504 3098 2559 dissertum
3127 2517 3218 2561 est.
3253 2509 3358 2564 Sed
3389 2529 3558 2582 quiusa
3582 2517 3686 2571 Re-

2119 2588 2388 2641 rercntiam
2435 2600 2570 2643 tuam
2590 2631 2603 2652 ,
2639 2607 2814 2660 parum
2849 2596 3147 2664 perpatiaris
3188 2603 3266 2652 me
3301 2607 3441 2654 tuu’m
3479 2604 3687 2662 laudare

2112 2678 2392 2748 ingenium.
2417 2679 2529 2735 Nos
2557 2688 2688 2736 enim
2707 2685 2837 2738 inter
2869 2701 2958 2738 nos
2989 2687 3282 2745 eruditionis
3310 2702 3460 2748 causa
3483 2695 3686 2752 disseri-

2115 2783 2247 2820 mus.
2270 2767 2514 2823 Cteternm
2539 2772 2708 2825 wmuli
2728 2813 2742 2838 ,
2774 2781 2820 2826 et
2848 2777 3062 2831 maxime
3085 2776 3306 2833 haeretici
3324 2823 3335 2843 ,
3377 2783 3423 2836 si
3464 2785 3685 2844 diversas

2114 2855 2244 2908 inter
2281 2873 2370 2910 nos
2404 2861 2668 2912 sententias
2696 2861 2935 2928 viderint,
2971 2864 3034 2918 de
3068 2867 3683 2932 animi‘calumniabuntur

2113 2962 2323 3000 rancore
2355 2947 2667 3004 descendere.
2699 2951 2829 3005 Mihi
2855 2962 3018 3007 autem
3045 2956 3296 3012 decretum
3321 2971 3391 3015 est
3419 2970 3466 3017 te
3489 2982 3677 3034 amare,

2111 3039 2360 3106 suscipere
2383 3040 2424 3103 ³,
2457 3038 2636 3103 colere,
2660 3042 2834 3095 mirari
2851 3083 2864 3106 ,
2893 3051 3073 3115 tuaque
3108 3046 3243 3102 dicta
3277 3053 3418 3120 quasi
3451 3069 3558 3108 mea
3584 3058 3678 3111 de-

2112 3127 2332 3199 fendere.
2365 3128 2505 3182 Certe
2531 3138 2576 3184 et
2600 3131 2653 3184 in
2687 3131 2886 3202 dialogo
2909 3151 3053 3204 quem
3076 3151 3236 3206 nuper
3259 3141 3394 3194 edidi
3422 3142 3514 3214 (ε),
3541 3143 3676 3200 Bea-

2110 3219 2337 3273 titudinis
2373 3229 2472 3273 tute
2490 3261 2506 3287 ,
2532 3231 2585 3274 nt
2617 3221 2824 3293 dignum
2859 3227 3054 3294 fuerat,
3082 3230 3370 3286 recordatus
3395 3251 3505 3289 sum
3527 3251 3547 3291 :
3567 3255 3676 3292 ma-

2107 3313 2278 3381 gisque
2320 3311 2492 3366 demus
2538 3323 2739 3383 operam
2762 3356 2776 3380 ,
2820 3325 2871 3368 ut
2915 3319 3331 3386 perniciosissima
3367 3327 3571 3382 limrest's
3615 3331 3677 3386 de

2109 3401 2348 3456 Ecclesiis
2373 3404 2650 3471 auferatur,
2673 3421 2784 3473 qua:
2809 3423 3003 3477 semper
3025 3411 3226 3464 simulat
3259 3416 3593 3481 ptenitentiam
3623 3430 3677 3474 ut

2107 3494 2318 3548 docendi
2337 3493 2389 3546 in
2414 3493 2653 3549 Ecclesiis
2684 3496 2859 3551 habeat
2888 3499 3174 3568 facultatem
3195 3519 3213 3567 ;
3233 3517 3328 3573 ne,
3355 3507 3398 3561 si
3427 3521 3599 3579 aperta
3623 3528 3676 3566 se

2107 3585 2215 3638 luce
2233 3584 2523 3654 prodiderit,
2552 3587 2688 3656 foras
2711 3588 2918 3657 expulsa
2939 3591 3198 3645 moriatur.

2179 3673 2400 3729 CAPUT
2428 3674 2490 3728 ll.
2512 3705 2584 3715 —
2608 3676 2660 3730 4.
2703 3675 2887 3731 Cernis
2913 3694 3130 3748 nempe,
3159 3685 3455 3742 venerande
3488 3687 3668 3758 frater,

2107 3765 2222 3819 lucc
2257 3765 2358 3820 mei
2394 3765 2687 3820 charissimi
2724 3767 2880 3821 verba
2915 3769 3237 3838 inquisitioni
3275 3789 3406 3829 mea:
3445 3779 3668 3846 reddita,

2105 3872 2208 3912 non
2254 3872 2370 3910 eam
2415 3867 2636 3925 negasse
2682 3859 3101 3928 responsionem,
3144 3862 3238 3917 sed
3284 3879 3564 3924 excusasse
3606 3873 3672 3926 de

2106 3956 2363 4014 tempore,
2386 3947 2526 4014 quod
2555 3948 2604 4000 in
2640 3947 2741 4000 alia
2776 3949 2940 4017 magis
2971 3952 3206 4018 urgentia
3239 3968 3417 4009 curam
3454 3972 3672 4028 cogere-

2104 4045 2189 4089 tur
2217 4036 2542 4105 impendere.
2589 4035 2746 4090 Vides
2788 4040 2946 4091 etiam
2989 4055 3146 4108 quam
3191 4041 3503 4098 benevolum
3550 4050 3670 4102 ani-

2101 4141 2249 4180 mum
2274 4143 2394 4197 erga
2418 4141 2504 4181 me
2527 4135 2694 4196 gerat,
2733 4129 2924 4197 quidve
2948 4142 3314 4197 commoneat;
3358 4149 3424 4189 ue
3465 4137 3669 4194 scilicet

2165 4284 2182 4316 ι
2202 4279 2333 4344 Apud
2355 4287 2550 4352 Aug...“
2570 4283 2765 4352 tt'eron.
2792 4279 2908 4331 locis
2928 4282 3100 4352 citatis,
3126 4282 3305 4346 legitur
3326 4285 3553 4352 abundet;
3573 4304 3670 4344 non

2101 4346 2168 4395 ita
2189 4341 2455 4401 cotnmode',
2473 4341 2588 4391 licet
2606 4343 2656 4390 in
2677 4348 2837 4392 Graeco
2856 4351 3035 4392 exstet.

2163 4408 2182 4437 3
2215 4404 2324 4471 add,
2352 4415 2546 4471 necnon
2559 4403 2682 4464 apud
2707 4412 2822 4471 Aug.
2849 4409 2900 4452 et
2934 4405 3155 4471 “iorem,
3176 4406 3448 4471 suspicere;
3470 4418 3519 4460 at
3557 4417 3664 4466 Cod.

2098 4473 2265 4535 Gottvv.
2281 4526 2294 4535 _
2311 4465 2456 4535 lectio
2497 4465 2854 4535 uierqnymiana
2871 4466 3041 4535 magis
3080 4465 3288 4535 videtur.
3309 4532 3316 4535 _
3335 4465 3669 4535 suscipiendus

2101 4530 2230 4597 enim
2253 4526 2314 4575 ab
2349 4527 2542 4597 Hieron.
2583 4525 2684 4588 Alyj
2697 4527 2773 4573 ius
2792 4527 2964 4597 dicitur
2985 4526 3032 4573 in
3057 4529 3196 4588 epist.
3223 4529 3276 4578 81
3306 4532 3432 4582 inter
3451 4525 3670 4597 Augusti;

2098 4591 2309 4660 nianas;_
2322 4586 2696 4660 _eo_duem_‘sen‘su
2728 4587 2948 4635 eamdem
2994 4586 3162 4636 vocem
3219 4599 3419 4654 usurpat
3468 4586 3664 4660 August.

2100 4652 2262 4713 epistt.
2279 4648 2357 4708 51,
2380 4649 2459 4708 35,
2481 4648 2560 4707 41,
2586 4655 2681 4697 etc.

2091 4731 2096 4738 '
2131 4793 2142 4804 .
2159 4731 2231 4804 (ᾳ)
2253 4732 2441 4804 Quippe.
2453 4729 2712 4804 Augustin?
2724 4729 2949 4804 mnebat
2962 4728 3058 4804 alta
3073 4738 3526 4804 mente-repostum,
3539 4741 3666 4802 quod

2097 4793 2144 4842 ei
2162 4789 2672 4853 olimabs‘ttierdnymo
2689 4789 2845 4840 fuerat
2858 4792 3194 4853 exprobratum
3211 4793 3285 4842 his
3299 4789 3483 4846 verbis:
3509 4789 3665 4850 Non;

2103 4873 2125 4901 ι
2147 4851 2266 4922 nulli
2290 4851 2544 4922 familiares
2565 4851 2662 4900 incl
2681 4859 2731 4901 et
2746 4864 2857 4902 vasa
2869 4851 3055 4922 christi,
3069 4866 3270 4916 quorum
3291 4857 3598 4922 .[erosolymis
3616 4870 3666 4913 et

2103 4933 2126 4962 ι
2147 4915 2196 4962 in
2219 4915 2394 4962 sanctis
2414 4913 2531 4962 locus
2551 4925 2810 4976 permagna
2827 4913 2958 5022 egpia
2977 4921 3068 4974 est,
3087 4913 3418 4977 Suggerebant
3437 4913 3534 4968 non
3553 4924 3666 4971 sim-

2103 4993 2125 5022 ι
2149 4975 2258 5022 nlici
2279 4987 2308 5022 a
2328 4981 2380 5022 te
2402 4975 2560 5022 animo
2582 4974 2789 5022 factum.
2813 4988 2838 5022 s
2923 4973 3112 5022 laudem
3129 5010 3144 5022 .
3169 4983 3314 5022 atque
3335 4983 3630 5022 rumusculos
3649 5019 3660 5022 _

2102 4993 2125 5022 ι
2147 4975 2308 5048 plicia
2328 4981 2386 5048 te.
2402 4973 2562 5048 animo
2582 4973 2756 5048 facturi:
2775 5009 2793 5048 ,_
2813 4973 3112 5048 sedlaudem
3129 4973 3314 5048 {atque
3335 4983 3630 5032 rumusculos
3648 5019 3664 5044 ,

2102 5055 2124 5084 ι
2147 5034 2199 5085 et
2220 5035 2466 5096 gloriolam
2489 5034 2650 5096 pepuli
2673 5043 2956 5096 reqmrentc
2980 5043 3032 5085 ut
3052 5037 3115 5085 de
3138 5034 3276 5086 nobis
3297 5051 3549 5091 cresceres
3574 5058 3585 5092 :
3611 5034 3665 5094 ut

2102 5055 2124 5084 ι
2148 5050 2199 5085 et
2220 5050 2466 5143 gloriatum
2490 5050 2650 5096 popun
2673 5050 2956 5096 requirente
2980 5050 3032 5085 ut
3052 5050 3115 5085 oe
3138 5050 3276 5086 DODIS
3297 5051 3549 5091 cresceres
3574 5058 3585 5092 :
3611 5052 3663 5094 ut

2102 5116 2125 5144 ι
2147 5110 2226 5144 mu
2249 5098 2281 5145 ti
2305 5102 2653 5158 cognoscerent
2675 5103 2724 5144 te
2750 5109 3024 5156 provocare,
3049 5110 3128 5146 me
3146 5099 3348 5158 timere;
3375 5106 3425 5148 te
3446 5105 3663 5154 scribere

2101 5176 2124 5205 ι
2145 5164 2199 5206 ut
2212 5157 2428 5225 doctum,
2446 5169 2526 5225 me
2557 5164 2718 5205 tacere
2736 5157 3103 5225 utimperitum;
3123 5166 3173 5225 et
3192 5161 3382 5209 tandem
3393 5166 3663 5225 reperisse,

2100 5237 2123 5266 ι
2143 5219 2225 5281 qui
2248 5218 2518 5287 garrulitati
2549 5231 2672 5266 meae
2695 5218 2885 5287 modum
2908 5221 3194 5280 imponeret.
3214 5235 3236 5264 ι
3277 5223 3409 5282 Apud
3442 5218 3663 5287 Augusti;

2099 5299 2122 5328 ι
2144 5277 2275 5340 nutu,
2299 5279 2440 5340 epist.
2457 5277 2535 5337 72,
2560 5291 2690 5340 num.
2715 5278 2760 5327 Et.

2177 5339 2225 5402 b)
2246 5339 2476 5388 Orasium.
2501 5347 2530 5402 δ’
2540 5339 2616 5387 ide
2641 5341 2800 5402 epistt.
2826 5339 2933 5398 166,
2960 5339 3048 5390 169
3071 5347 3123 5389 et
3145 5341 3248 5390 172.

2174 5400 2222 5463 c)
2246 5409 2352 5466 Haec
2375 5408 2426 5466 et
2446 5400 2793 5466 subsequentia
2815 5415 2971 5466 usque
2993 5401 3051 5449 ad
3076 5402 3220 5451 linem
3242 5417 3372 5466 num.
3395 5405 3443 5466 3,
3473 5406 3659 5455 halreu-

2091 5461 2169 5529 tutf
2189 5461 2314 5529 apud
2323 5461 2668 5529 _Hieronymuin
2692 5464 2833 5522 epist.
2867 5461 2958 5529 79‘;
2984 5476 3170 5529 necnon
3194 5465 3316 5529 apud
3336 5461 3660 5529 Augustinum

2089 5525 2232 5635 spislt.
2262 5523 2364 5632 1:2,
2385 5523 2524 5572 uum.’
2545 5525 2566 5572 1
2589 5537 2601 5571 :
2627 5535 2796 5571 verum
2813 5523 2937 5586 apud
2962 5525 3168 5585 priorem
3199 5523 3394 5589 incipit,
3419 5523 3514 5577 non
3541 5528 3660 5579 inci-

2203 5597 2278 5635 ραι
2303 5598 2375 5632 ur.

2123 5584 2160 5635 it
2181 5584 2375 5635 legitur.

2469 5643 2623 5693 male:
2644 5645 2713 5713 sic
2727 5645 2854 5692 enim
2873 5646 3142 5709 Hieronymi
3159 5659 3314 5709 mens,
3335 5649 3656 5713 orationisque

2087 5707 2246 5757 series
2267 5707 2520 5755 invertitur
2541 5719 2597 5754 ac
2615 5707 2845 5754 turbatur.

2153 5771 2220 5831 (ε)
2245 5768 2340 5816 Lib.
2367 5769 2398 5817 3
2418 5768 2650 5817 adversus
2671 5765 2965 5830 Pelagianos,
2989 5769 3078 5816 sub
3101 5767 3263 5818 ﬁnem.
