4086 6350
420 448 565 524 quod
604 448 742 505 inter
768 460 886 511 nos,
919 443 1062 497 salva
1089 440 1268 510 utique
1310 437 1566 492 citaritate
1592 450 1655 489 ac
1680 432 1985 488 sinceritate

417 540 697 604 amicitiai,
745 534 1058 592 eruditionis
1097 546 1254 587 causa
1302 528 1553 591 facimus,
1599 526 1988 581 calumnientur

421 628 619 694 a'muli,
643 637 697 682 et
722 626 952 681 maxime
978 618 1211 679 haeretici
1236 618 1303 673 de
1327 616 1491 685 animi
1515 617 1738 671 rancore
1761 613 1987 669 descen-

422 721 572 777 dere.
599 716 825 773 Proinde
853 714 897 769 si
928 722 1207 780 utrumque
1233 722 1367 777 opus
1405 715 1666 773 nostrum,
1692 713 1749 760 et
1776 704 1863 759 ubi
1890 716 1990 773 ego

426 808 703 880 inquisivi,
744 814 797 860 et
835 804 921 858 ubi
961 803 1073 873 ipse
1112 799 1180 855 ad
1238 796 1480 868 inquisita
1517 794 1851 865 responderit
1884 791 1988 863 (α),

427 901 673 957 homines
708 895 962 966 legerint;
1004 892 1123 961 quia
1164 890 1322 946 etiam
1349 894 1559 958 oportet
1595 894 1673 952 ut,
1715 885 1763 941 si
1805 884 1993 939 eadem

427 991 650 1063 qumstio
673 985 962 1043 seCundum
1000 980 1116 1052 ejus
1144 980 1459 1036 sententiam
1494 976 1817 1032 sufﬁcienter
1837 973 1996 1029 fuerit

366 1156 369 1157 ν
424 1082 704 1154 explicata,
725 1092 811 1133 me
836 1077 1149 1131 instructum
1169 1086 1288 1128 esse
1312 1069 1507 1140 gratias
1524 1082 1713 1137 agam;
1741 1081 1846 1121 non
1874 1079 1997 1133 par-

428 1185 526 1228 vus
551 1171 655 1227 erit
678 1167 899 1233 fructus,
924 1180 1044 1219 cum
1068 1163 1168 1216 hoc
1191 1160 1379 1215 exierit
1402 1158 1456 1213 in
1483 1157 1723 1212 notitiam
1745 1154 1999 1223 plurimm

355 1250 364 1294 ὁ

427 1276 545 1317 rum
570 1277 585 1314 :
615 1270 678 1314 ut
703 1257 934 1313 minores
960 1253 1128 1307 nostri
1150 1266 1252 1304 non
1279 1249 1449 1303 solum
1473 1247 1642 1301 sciant
1664 1243 1790 1314 quid
1809 1242 1876 1298 de
1898 1242 1999 1297 hac

427 1366 490 1406 re
512 1348 711 1405 sentire
731 1345 978 1407 debeant,
1006 1356 1123 1411 qua:
1157 1340 1297 1394 inter
1320 1352 1419 1392 nos
1453 1335 1692 1405 diligenti
1729 1331 1997 1401 discepta-

430 1438 572 1494 tione
597 1436 837 1491 discussa
863 1442 983 1493 est;
1010 1443 1195 1485 verum
1221 1428 1383 1483 etiam
1402 1425 1608 1480 discant
1634 1421 1877 1492 exemplo
1897 1435 1997 1476 no-

428 1539 561 1596 stro,
592 1529 699 1584 Deo
722 1527 1010 1583 miserante
1052 1529 1212 1589 atque
1260 1516 1518 1587 propitio,
1556 1512 1999 1584 quemadmodum

431 1621 570 1676 inter
592 1616 933 1675 cbarissimos
962 1613 1173 1676 fratres,
1205 1610 1275 1663 ita
1307 1622 1412 1662 non
1440 1604 1578 1661 desit
1603 1605 1803 1658 alterna
1830 1602 2003 1670 inqui-

431 1709 640 1766 sitionis
665 1706 831 1779 gratia
860 1702 1165 1774 disputatio,
1200 1707 1257 1755 ut
1284 1706 1460 1753 tamen
1502 1702 1713 1750 maneat
1748 1692 2000 1749 inviolata

431 1798 664 1855 dilectio.

504 1890 557 1944 5.
579 1888 635 1944 Si
656 1895 833 1941 autem
859 1882 1113 1952 scriptum
1153 1892 1354 1945 meum,
1380 1876 1471 1932 ubi
1513 1890 1603 1931 res
1626 1874 2002 1931 obscurissima

432 1976 797 2039 tantummodo
834 1974 1024 2043 legitur
1056 1970 1336 2041 inquisita,
1377 1968 1494 2022 sine
1532 1966 1673 2020 illius
1712 1964 1993 2033 rescripto,

432 2070 519 2125 ubi
562 2061 1102 2135 forsitan.apparebit
1142 2061 1450 2124 inventum,
1497 2056 1798 2121 emanarit,
1850 2054 2005 2109 latius

434 2165 621 2231 pergat
645 2199 661 2224 ,
687 2154 957 2226 perveniat
981 2152 1137 2207 etiam
1163 2149 1229 2205 ad
1252 2149 1394 2214 illos,
1425 2147 1514 2218 qui
1538 2153 1883 2216 comparantes
1901 2183 1917 2209 ,
1950 2151 2009 2199 ut

439 2251 515 2304 ait
558 2245 871 2316 Apostolus,
903 2240 1193 2309 semetipsos
1230 2237 1546 2305 sibimetipsis
1576 2235 1643 2305 (ll
1667 2234 1784 2291 Cor.
1809 2251 1862 2301 ι,
1893 2234 2003 2305 li),

437 2351 545 2392 non
569 2335 869 2403 intelligunt
888 2348 992 2401 quo
1020 2329 1198 2383 animo
1222 2342 1253 2381 a
1282 2326 1438 2381 nobis
1463 2326 1549 2379 fiat
1568 2366 1583 2391 ,
1614 2325 1757 2395 quod
1798 2324 1901 2392 ipsi
1942 2338 2008 2379 eo

436 2429 615 2482 animo
642 2423 818 2479 facere
845 2422 1118 2483 nesciunt;
1148 2426 1204 2473 et
1226 2418 1547 2472 voluntatem
1572 2430 1748 2470 meam
1770 2430 1891 2483 erga
1914 2413 2013 2466 hos

437 2515 731 2573 norandum
772 2527 867 2583 pro
903 2510 1013 2565 suis
1053 2507 1352 2579 ingentibus
1385 2505 1585 2559 meritis
1611 2503 2009 2559 dilectissimum

438 2607 697 2673 anticum,
729 2619 834 2658 non
874 2602 1011 2655 sicut
1039 2613 1157 2654 eam
1184 2596 1394 2661 vident,
1419 2594 1630 2664 quando
1661 2608 1760 2648 nec
1795 2591 2006 2657 vident,

438 2696 534 2754 sed
562 2697 699 2751 sicut
726 2695 803 2749 eis
827 2692 1030 2746 libitum
1057 2697 1140 2744 cst
1159 2728 1174 2754 ,
1202 2693 1257 2741 et
1294 2685 1431 2740 sicut
1476 2683 1600 2739 odio
1640 2697 1738 2737 suo
1780 2682 2010 2737 dictante

436 2786 789 2856 suspicantur,
828 2786 1095 2849 exponent
1121 2793 1135 2831 :
1166 2774 1308 2845 quod
1350 2772 1619 2844 profecto,
1659 2780 1912 2842 quantum
1955 2771 2009 2827 in

436 2874 590 2932 nobis
616 2879 698 2927 est
714 2914 729 2939 ,
751 2883 940 2925 cavere
964 2867 1237 2922 debemus.

507 2963 563 3019 6.
607 2963 676 3017 At
715 2961 760 3015 si
802 2959 937 3015 forte
964 2956 1105 3028 quod
1135 2970 1229 3026 per
1254 2968 1351 3009 nos
1376 2953 1709 3009 innotescere
1728 2951 2006 3018 nolumus,

436 3054 596 3110 etiam
626 3050 799 3106 invitis
824 3048 1008 3112 nobis,
1042 3046 1120 3101 eis
1140 3084 1158 3111 ,
1202 3042 1392 3115 quibus
1421 3042 1664 3096 nolumus
1683 3040 2009 3104 innotuerit;

438 3144 566 3215 quid
589 3142 841 3209 restabit,
873 3140 973 3195 nisi
1003 3153 1154 3208 aequo
1182 3136 1361 3189 animo
1386 3133 1583 3188 habere
1603 3132 1810 3187 Domini
1834 3133 2015 3187 volun-

440 3233 642 3289 tatem?
668 3232 849 3302 Neque
872 3229 1015 3285 enim
1045 3228 1146 3282 hoc
1160 3226 1392 3280 scribere
1419 3223 1486 3277 ad
1511 3236 1829 3292 quemquam
1848 3221 2011 3276 debe-

439 3340 583 3392 rem,
621 3322 763 3394 quod
798 3335 1008 3390 semper
1036 3318 1201 3372 latere
1237 3314 1545 3370 voluissem.
1588 3312 1721 3367 Nam
1762 3312 1842 3378 si,
1872 3309 2016 3381 quod

439 3415 608 3479 absit,
637 3414 812 3482 aliquo
838 3410 925 3466 vel
961 3423 1119 3474 casu,
1159 3405 1246 3461 vel
1286 3403 1603 3460 necessitate
1629 3417 1898 3472 nunquam
1926 3402 2014 3458 ille

440 3507 804 3576 rescripserit;
844 3502 1025 3573 procul
1058 3498 1218 3561 dubio
1246 3505 1427 3552 nostra
1465 3494 1816 3559 consultatio,
1858 3508 2015 3563 quam

441 3594 507 3649 ad
533 3610 653 3649 eum
681 3592 953 3657 misimus,
978 3588 1289 3659 quandoque
1311 3583 1747 3643 manifestabitur.
1769 3582 1879 3639 Nec
1900 3584 2017 3638 inuo

444 3683 551 3738 tilis
588 3682 880 3753 legentibus
906 3680 1043 3733 erit:
1071 3678 1191 3748 quia
1220 3675 1319 3730 etsi
1358 3689 1463 3728 non
1491 3673 1577 3727 illa
1605 3672 1872 3728 invenient
1898 3687 2017 3741 qua:

446 3771 754 3843 requirunt,
798 3769 1069 3825 invenient
1108 3775 1252 3822 certe
1280 3762 1721 3834 quemadmodum
1775 3763 1881 3816 sint
1932 3762 2017 3815 ius

443 3862 696 3936 quirenda
726 3876 824 3917 nec
855 3871 1053 3915 temere
1077 3855 1385 3911 affirmanda
1414 3870 1532 3925 qua:
1562 3854 1835 3917 nesciunt;
1856 3861 1910 3907 et
1928 3868 2016 3908 se-

444 3953 674 4010 cundum
710 3967 774 4007 ea
815 3966 933 4021 quae
983 3949 1051 4003 ibi
1095 3947 1352 4018 legerint,
1399 3944 1675 4000 consulere
1720 3943 1879 3998 etiam
1918 3942 2019 4012 ipsi

442 4060 578 4117 quos
622 4043 882 4116 poterint,
928 4039 1161 4096 studiosa
1203 4037 1495 4099 charitate,
1545 4050 1651 4089 non
1695 4033 2019 4089 discordiosa

445 4134 777 4191 contentione
804 4130 1094 4195 curabunt;
1125 4128 1294 4183 donec
1332 4136 1423 4179 aut
1451 4124 1503 4179 id
1543 4122 1688 4194 quod
1716 4123 1899 4176 volunt
1937 4138 2020 4176 re-

446 4225 653 4294 periant
667 4263 681 4287 ,
704 4231 794 4277 aut
818 4222 928 4292 ipsa
950 4218 1292 4288 inquisitione
1312 4217 1477 4270 aciem
1505 4215 1696 4267 mentis
1715 4219 2017 4279 exerceant,

393 4299 401 4379 ξ
447 4321 507 4367 ut
543 4311 765 4365 ulterius
805 4307 1174 4379 inquirendum
1209 4320 1315 4360 non
1344 4319 1464 4359 esse
1487 4310 1826 4374 cognoscant.
1870 4299 2022 4356 Nunc

448 4411 624 4456 tamen
652 4398 899 4469 quamdiu
933 4397 1042 4468 jam
1081 4395 1309 4452 consulti
1347 4393 1503 4447 amici
1533 4391 1763 4446 nondum
1803 4401 1886 4445 est
1930 4390 2022 4445 de-

447 4492 706 4565 speranda
736 4489 1038 4559 responsio,
1082 4486 1341 4541 edendam
1386 4500 1493 4539 non
1522 4497 1641 4538 esse
1680 4482 2023 4537 consultatio.

452 4597 573 4637 nem
619 4590 888 4644 nostram,
924 4586 1176 4648 quantum
1214 4574 1426 4645 quidem
1470 4573 1522 4627 in
1562 4572 1715 4627 nobis
1740 4580 1857 4638 est,
1894 4582 2021 4641 puto

450 4672 592 4744 quod
629 4668 977 4742 persuaserim
1008 4665 1279 4721 dilectioni
1320 4674 1421 4718 tua:
1450 4680 1464 4717 :
1498 4676 1795 4733 quanquam
1822 4670 1877 4715 et
1906 4662 2023 4730 ipse

451 4777 557 4821 non
602 4777 719 4818 eam
773 4761 939 4815 solam
990 4756 1326 4828 poposceris,
1375 4753 1471 4809 sed
1512 4753 1810 4821 adjunctam
1861 4753 2019 4807 etiam

449 4855 564 4925 ejus
587 4866 745 4922 quem
773 4849 1045 4914 consului,
1076 4846 1475 4916 responsionem
1518 4843 1610 4897 tibi
1640 4843 2021 4898 desideraveris

450 4945 621 5009 mitti;
663 4940 804 5013 quod
843 4940 1024 5011 utique
1063 4937 1289 4993 facerem
1314 4976 1330 5003 ,
1359 4936 1401 4989 si
1434 4935 1704 4991 haberem.
1732 4934 1789 4989 Si
1814 4943 2014 4999 autem,

449 5041 508 5089 ut
525 5032 702 5089 verbis
730 5041 830 5086 tua:
858 5029 1160 5085 Sanctitatis
1188 5035 1328 5093 utar,
1354 5041 1470 5095 qua:
1496 5026 1547 5078 in
1577 5032 1662 5079 tua
1683 5023 1901 5093 epistola
1929 5038 2023 5092 po-

448 5122 596 5176 suisti
616 5163 630 5188 ,
653 5119 911 5191 sapientia
936 5133 1059 5172 mea:
1084 5116 1305 5172 lucidam
1332 5114 1797 5170 demonstrationem
1814 5144 1832 5180 ,
1870 5124 2021 5182 quam

451 5212 573 5265 mihi
600 5226 690 5281 pro
727 5210 930 5274 merito,
958 5216 1014 5262 ut
1038 5207 1258 5272 scribis,
1287 5206 1400 5259 vita:
1430 5220 1551 5258 mea:
1574 5211 1747 5256 auctor
1773 5200 1898 5255 lucis
1938 5210 2019 5254 at-

452 5301 655 5366 tribuit,
682 5314 786 5353 non
828 5298 995 5367 ipsam
1021 5296 1153 5351 dicis
1175 5294 1611 5350 consultationem
1643 5300 1697 5345 et
1723 5289 2019 5361 inquisitio-

450 5406 573 5448 nem
604 5405 809 5457 meam,
852 5387 948 5444 sed
986 5388 1115 5443 milii
1139 5387 1248 5458 jam
1291 5387 1405 5456 ejus
1451 5385 1529 5439 rei
1576 5398 1729 5453 quam
1771 5382 2019 5452 qumsivi,

454 5480 760 5551 provenisse
784 5479 1138 5533 inventionem
1163 5485 1312 5546 putas
1331 5516 1345 5540 ,
1368 5480 1422 5529 et
1449 5474 1613 5543 ipsam
1638 5473 1806 5542 potius
1823 5472 2017 5544 poscis,

454 5577 512 5625 ut
541 5569 778 5634 mittam;
806 5566 1032 5622 facerem
1052 5606 1066 5631 ,
1097 5567 1141 5620 si
1179 5567 1249 5620 ita
1292 5572 1432 5635 esset
1455 5572 1510 5618 ut
1539 5571 1708 5634 putas.
1738 5563 1847 5633 Ego
1880 5564 2020 5617 enim

514 5680 589 5744 (ts)
609 5680 724 5731 vide
748 5682 889 5743 epist.
917 5680 1022 5741 l90,
1046 5691 1177 5729 num.
1201 5678 1279 5729 Si.

1612 324 1672 378 s.
1710 306 2074 377 AUGUSTINI
2115 306 2415 373 Eris'cort

3557 300 3667 366 93!

2092 429 2297 495 adhuc,
2330 428 2514 492 fateor,
2546 440 2652 480 non
2701 424 2873 479 inveni
2896 466 2910 491 ,
2941 417 3379 494 quemadmodum
3407 421 3581 477 anima
3608 434 3663 477 et

2093 528 2363 589 peccatum
2406 533 2469 572 ex
2517 516 2685 569 Adam
2725 513 2899 568 trahat
2941 512 3104 582 (unde
3157 511 3394 566 dubitare
3433 510 3512 565 fas
3555 526 3664 567 non

2092 610 2219 677 est),
2246 617 2301 663 et
2328 608 2437 677 ipsa
2467 622 2531 661 ex
2562 604 2729 659 Adam
2754 618 2861 658 non
2903 602 3171 665 trahatur;
3198 599 3339 670 quod
3384 598 3513 653 mihi
3538 599 3668 653 diii-

2092 698 2300 768 gentius
2356 694 2758 765 inquirendum,
2810 706 2966 763 quam
3020 688 3365 745 inconsultius
3414 703 3668 744 asseren-

2095 788 2220 842 dum
2257 793 2357 863 est.
2442 855 2445 863 ι

2166 875 2389 933 CAPUT
2415 875 2573 931 lli.-—
2597 876 2648 929 7.
2670 874 2874 930 Habent
2894 871 3083 928 littcrre
3113 880 3237 938 tute,
3262 870 3426 926 nescio
3449 880 3566 941 quot
3590 884 3671 926 se;

2098 986 2217 1035 nes;
2247 979 2293 1024 et
2321 985 2354 1021 a
2394 968 2554 1022 doctis
2590 966 2926 1021 sacerdotibus
2966 964 3217 1018 institutos
3258 964 3421 1030 viros,
3451 974 3575 1032 quos
3603 960 3673 1015 ad

2099 1070 2198 1114 tute
2229 1058 2523 1113 modicitatis
2571 1055 2983 1127 intelligentiam,
3015 1054 3429 1121 assertionemque
3466 1052 3673 1107 ueritate

2101 1147 2441 1219 plenissimam
2475 1153 2703 1200 revocare
2746 1148 2847 1197 non
2884 1151 3116 1214 poteras;
3158 1144 3259 1196 nec
3296 1150 3470 1197 tamen
3496 1143 3673 1211 capriz

2101 1240 2231 1304 mis,
2273 1252 2516 1308 quamam
2553 1236 2622 1291 sit
2661 1235 2867 1289 assertio
2896 1244 2984 1287 tua
3022 1233 3223 1288 imitate
3263 1233 3577 1304 plenissima,
3606 1233 3675 1285 ad

2101 1346 2249 1400 quam
2267 1345 2435 1393 senes,
2466 1336 2514 1382 et
2545 1344 2577 1381 a
2603 1327 2759 1381 doctis
2791 1325 3129 1379 sacerdotibus
3157 1324 3408 1378 institutos
3432 1325 3563 1379 uiros
3588 1342 3673 1379 re-

2102 1438 2277 1476 vocare
2304 1438 2404 1475 non
2445 1428 2659 1489 poteras.
2681 1418 2736 1472 Si
2766 1418 2907 1472 enim
2937 1408 3037 1471 hoc
3064 1416 3348 1483 tenebant,
3372 1416 3457 1470 vel
3492 1423 3675 1470 tenent

2104 1509 2155 1565 lti
2181 1526 2362 1576 senes,
2386 1508 2524 1580 quod
2545 1524 2575 1560 a
2596 1507 2766 1562 doctis
2788 1505 3150 1561 sacerdotibus
3173 1513 3521 1574 acceperunt;
3540 1518 3676 1574 quo-

2105 1602 2261 1656 modo
2306 1602 2396 1655 tibi
2442 1600 2669 1662 rustica,
2714 1607 2768 1652 ct
2823 1596 3001 1651 minus
3050 1595 3307 1650 instructa
3359 1594 3676 1650 clericorum

2105 1692 2253 1747 turba
2283 1690 2547 1744 molestias
2574 1691 2919 1759 generaverat
2963 1688 3015 1740 in
3059 1685 3141 1739 his
3169 1685 3359 1752 rebus,
3396 1686 3450 1741 in
3483 1685 3678 1755 quibus

2104 1800 2137 1836 a
2174 1782 2333 1835 doctis
2358 1778 2695 1834 sacerdotibus
2723 1782 2885 1850 fuerat
2914 1776 3175 1830 instituta?
3209 1772 3267 1830 Si
3308 1782 3481 1830 autem
3520 1788 3676 1829 senes

2108 1872 2221 1936 isti,
2254 1872 2336 1926 vel
2363 1872 2510 1925 turba
2539 1870 2852 1924 clericorum
2883 1868 2948 1922 ab
2976 1881 3069 1931 eo,
3097 1866 3239 1936 quod
3265 1880 3294 1919 a
3316 1866 3487 1921 doctis
3502 1880 3679 1920 sacer—

2106 1962 2316 2017 dotibus
2354 1971 2660 2031 acceperat,
2708 1974 2803 2015 sua
2857 1958 3113 2028 pravitate
3155 1956 3422 2021 deviabat;
3472 1957 3681 2011 illorum

2109 2056 2284 2126 potius
2329 2054 2639 2108 auctoritate
2682 2049 2851 2105 fuerat
2898 2048 3240 2118 corrigenda,
3287 2056 3342 2102 et
3379 2062 3411 2102 a
3457 2048 3681 2101 tumultu

2108 2143 2586 2202 eontentiosissimo
2614 2139 3145 2212 comprimenda.Sed
3171 2153 3352 2193 rursus
3379 2154 3497 2193 cum
3527 2139 3678 2202 dicis,

2112 2238 2185 2292 Te
2226 2234 2477 2290 novellum
2514 2234 2784 2303 rudemque
2824 2232 3076 2285 doctorem
3121 2239 3371 2283 tantorum
3409 2244 3469 2281 ac
3506 2229 3681 2281 talium

2110 2327 2453 2396 episcoporum
2477 2324 2769 2376 traditiones
2794 2321 3014 2373 timuisse
3033 2325 3350 2386 corrumpere
3366 2358 3381 2384 ,
3412 2326 3458 2371 et
3476 2332 3678 2370 conver-

2112 2423 2215 2467 tere
2239 2414 2463 2467 homines
2485 2414 2538 2465 in
2564 2412 2813 2465 meliorem
2850 2418 3069 2479 partem,
3106 2408 3168 2461 ob
3205 2407 3553 2477 defunctorum
3602 2407 3682 2459 in.

2101 2504 2295 2575 juriam
2337 2501 2673 2571 formidasse;
2706 2500 2832 2569 quid
2863 2499 2955 2552 das
2985 2496 3240 2566 intelligi,
3272 2495 3375 2548 nisi
3403 2494 3541 2563 quod
3570 2492 3679 2559 illi,

2110 2608 2244 2664 quos
2271 2594 2536 2662 corrigere
2571 2590 2820 2661 cupiebas
2840 2630 2854 2654 ,
2881 2590 3154 2642 doctorum
3182 2593 3341 2655 atque
3374 2594 3682 2654 magnorum

2105 2684 2215 2752 jam
2267 2681 2631 2738 defunctorum
2687 2675 3408 2749 episcotiorumstraditiones
3454 2672 3683 2727 nolendo

2110 2774 2390 2837 deserere,
2423 2772 2615 2825 novello
2648 2771 2857 2838 rudique
2891 2767 3079 2820 doctori
3106 2764 3443 2835 acquiescere
3468 2775 3685 2817 recusa-

2112 2862 2275 2915 bant?
2304 2862 2417 2928 Qua
2447 2861 2497 2914 in
2530 2876 2588 2914 re
2625 2859 2691 2914 de
2714 2858 2817 2913 illis
2847 2856 3055 2911 interim
3083 2865 3258 2918 taceo;
3285 2861 3426 2907 tuam
3452 2867 3579 2906 vero
3601 2868 3690 2905 as.

2110 2954 2375 3007 senionem
2392 2992 2407 3017 ,
2452 2966 2607 3021 quam
2632 2950 2764 3006 dicis
2787 2962 2906 3004 esse
2936 2947 3137 3001 veritate
3160 2944 3497 3016 plenissimam
3523 2943 3687 2997 vehes

2112 3051 2319 3097 menter
2349 3042 2487 3096 scire
2524 3039 2801 3104 desidero;
2830 3053 2937 3091 non
2981 3037 3149 3106 ipsam
3182 3034 3302 3089 dico
3331 3034 3646 3088 sententiam
3667 3060 3686 3099 δ

2112 3133 2207 3188 sed
2236 3133 2351 3203 ejus
2377 3131 2744 3187 assertionem.

2182 3224 2407 3281 CAPUT
2435 3222 2522 3279 iV.
2551 3252 2623 3264 ——
2650 3223 2703 3277 8.
2736 3219 3022 3290 lmprobari
3063 3212 3211 3273 enim
3240 3216 3335 3272 abs
3378 3226 3429 3271 te
3465 3224 3557 3271 eos
3597 3216 3689 3285 qui

2114 3315 2380 3372 afﬁrmant
2416 3328 2600 3369 omnes
2644 3311 2848 3367 animas
2894 3310 3163 3365 hominum
3204 3322 3272 3363 ex
3311 3307 3397 3361 illa
3424 3320 3526 3361 una
3568 3318 3687 3374 qutn

2116 3405 2438 3477 protoplasto
2461 3404 2580 3458 data
2619 3410 2700 3457 est
2717 3442 2732 3467 ,
2758 3417 2853 3472 per
2874 3400 3272 3471 generationum
3296 3398 3688 3454 successionem

2118 3495 2391 3566 propagari
2438 3502 2593 3564 atque
2619 3492 2853 3553 traduci,
2900 3489 3227 3544 sufficienter
3260 3488 3471 3558 quidem
3502 3488 3556 3541 in
3587 3502 3685 3539 no-

2117 3597 2279 3641 stram
2328 3585 2561 3638 notitiam
2601 3582 2891 3652 protulisti;
2923 3579 3016 3633 sed
3045 3594 3145 3648 qua
3188 3579 3389 3631 ratione
3431 3576 3686 3645 quibusve

2118 3680 2411 3735 divinarum
2460 3677 2845 3744 Scripturarutn
2892 3670 3203 3726 testimoniis
3247 3668 3297 3722 id
3342 3667 3528 3721 falsum
3568 3678 3688 3720 esse

2119 3767 2525 3830 menstraveris,
2564 3765 2685 3835 quia
2717 3772 2818 3815 tua:
2846 3762 3034 3815 litterae
3064 3774 3166 3812 non
3212 3756 3518 3822 continent,
3559 3753 3687 3823 quid

2120 3860 2438 3929 ignoramus.
2468 3854 2663 3909 Deinde
2690 3852 2814 3922 quid
2845 3854 2955 3921 ipse
2982 3866 3075 3919 pro
3106 3850 3204 3903 isto
3229 3847 3369 3918 quod
3395 3845 3685 3916 improbas,

2121 3960 2328 4014 teneas,
2358 3947 2550 4019 legenti
2577 3945 2703 4000 mihi
2731 3944 3005 4014 epistolam
3037 3954 3178 3995 tuam
3198 3980 3212 4004 ,
3243 3948 3295 3994 et
3318 3953 3477 4010 quam
3507 3938 3686 3992 fratris

2119 4041 2220 4097 bus
2250 4048 2403 4094 antea
2443 4037 2903 4099 Ctesareensibns,
2934 4041 2988 4085 et
3020 4047 3178 4100 quam
3222 4029 3348 4083 mihi
3386 4028 3687 4096 nuperrime

2120 4130 2385 4195 direxisti,
2415 4144 2518 4182 non
2549 4128 2818 4182 evidenter
2840 4131 3087 4192 apparet;
3134 4120 3234 4175 nisi
3268 4120 3407 4189 quod
3454 4118 3609 4171 video
3637 4125 3688 4172 te

2121 4222 2360 4287 credere,
2385 4220 2521 4274 sicut
2546 4219 2753 4284 scribis,
2782 4215 2943 4269 Deum
2967 4213 3141 4283 fecisse
3160 4210 3380 4265 homines
3397 4248 3413 4274 ,
3436 4218 3481 4263 et
3501 4208 3685 4278 facere,

2122 4320 2167 4365 et
2196 4314 2450 4381 facturum
2488 4323 2626 4370 esse;
2667 4322 2823 4378 neque
2862 4302 3053 4376 aliquid
3095 4316 3201 4355 esse
3236 4300 3289 4353 in
3334 4299 3470 4353 culis
3510 4307 3593 4350 aut
3635 4299 3687 4351 in

2122 4410 2256 4454 terra
2273 4440 2287 4465 ,
2310 4401 2444 4471 quod
2468 4416 2565 4452 non
2591 4401 2697 4466 ipso
2720 4395 2991 4450 constiterit
3020 4402 3065 4446 et
3086 4400 3275 4446 constet
3305 4397 3531 4442 auctore.
3572 4388 3683 4442 [loc

2122 4504 2252 4547 sane
2289 4491 2360 4546 ita
2391 4506 2569 4545 verum
2604 4498 2721 4551 est,
2750 4497 2807 4541 ut
2830 4486 3071 4539 dubitare
3108 4483 3233 4537 hinc
3269 4481 3448 4536 nullus
3473 4480 3685 4535 debeat.

2123 4581 2229 4637 Sed
2256 4582 2426 4636 adhuc
2465 4589 2514 4634 te
2540 4578 2750 4647 oportet
2784 4575 3111 4644 exprimere,
3140 4572 3278 4626 unde
3304 4571 3459 4625 faciat
3484 4570 3686 4624 animas

2124 4674 2297 4740 Deus,
2327 4687 2456 4742 quas
2473 4684 2633 4739 negas
2656 4684 2717 4723 ex
2741 4665 3025 4737 propagine
3050 4664 3165 4719 fieri
3193 4679 3209 4718 ε
3240 4672 3415 4718 utrum
3440 4662 3687 4727 aliunde;

2123 4773 2177 4819 et
2195 4766 2241 4819 si
2262 4766 2331 4818 ita
2351 4770 2463 4829 est,
2492 4758 2745 4833 quidnam
2771 4757 2897 4812 illud
2930 4757 2999 4811 sit
3030 4775 3046 4811 :
3075 4772 3143 4812 an
3171 4756 3384 4811 omnino
3408 4755 3475 4812 de
3499 4754 3686 4810 nihilo.

2122 4855 2254 4910 Nam
2295 4855 2417 4908 illud
2448 4852 2689 4922 Origenis
2713 4858 2767 4904 et
2790 4848 3133 4913 Priscilliaui,
3156 4848 3243 4901 vel
3276 4847 3319 4900 si
3356 4848 3441 4916 qui
3467 4848 3555 4900 alii
3587 4849 3691 4901 tale

2124 4944 2321 5015 aliquid
2363 4944 2620 5005 sentiunt,
2650 4939 2790 5011 quod
2836 4954 2933 5011 pro
2979 4937 3180 4993 meritis
3207 4935 3326 4989 vita:
3368 4934 3556 5003 prioris
3584 4942 3689 4986 ter.

2124 5050 2253 5090 rena
2277 5042 2434 5104 atque
2466 5033 2707 5088 mortalia
2735 5029 3109 5086 contradantur
3135 5042 3200 5080 an
3233 5027 3249 5058 ⁸
3275 5040 3496 5095 corpora
3513 5065 3527 5089 ,
3552 5026 3690 5080 absit

2124 5133 2183 5182 ut
2203 5125 2443 5181 sentias:
2484 5123 2607 5178 huic
2649 5123 2841 5192 quippe
2875 5117 3109 5187 opinioni
3157 5130 3373 5186 prorsus
3398 5115 3689 5186 apostolica

2124 5215 2437 5273 contradicit
2462 5214 2758 5274 auctoritas,
2783 5208 2983 5270 dicens,
3016 5207 3153 5260 Esau
3195 5214 3249 5260 et
3284 5204 3448 5259 Jaeob
3471 5246 3488 5272 ,
3536 5213 3689 5258 aute-

2124 5323 2283 5379 quam
2326 5307 2435 5363 nati
2484 5303 2735 5366 fuissent,
2784 5297 2917 5351 nihil
2963 5306 3208 5365 operatos
3257 5294 3379 5348 boni
3430 5294 3515 5347 vel
3566 5292 3689 5347 ntali

2126 5400 2303 5473 (Rom.
2334 5413 2408 5462 Ix,
2435 5395 2542 5464 ii).
2570 5392 2729 5461 igitur
2756 5404 2860 5443 non
2883 5404 2947 5442 ex
2971 5395 3110 5452 toto,
3141 5384 3232 5439 sed
3257 5400 3318 5439 ex
3348 5392 3497 5453 parte
3535 5384 3689 5437 nobis

2127 5503 2210 5550 est
2236 5501 2321 5547 tua
2350 5490 2414 5544 de
2440 5486 2539 5540 hac
2574 5500 2631 5539 re
2668 5490 2793 5537 nota
2825 5480 3116 5545 sententia;
3146 5476 3367 5532 assertio
3390 5490 3518 5531 vero
3541 5474 3685 5545 ejus,

2201 5668 2216 5699 ί
2242 5664 2331 5715 Fdd
2356 5695 2371 5724 ,
2393 5661 2443 5714 in
2470 5673 2487 5712 :
2512 5660 2707 5724 optime.
