4120 6358
1732 276 1819 313 Μ

376 390 481 446 933

370 502 422 557 id
449 509 531 557 est
549 539 565 568 ,
609 502 748 557 unde
777 501 1029 557 doceatur
1056 517 1237 557 verum
1261 516 1381 557 esse
1399 542 1413 567 ,
1442 503 1583 572 quod
1610 504 1805 567 sentis,
1843 516 1939 557 nos

370 595 579 664 penitus
599 595 745 649 latet.

439 685 493 739 9.
520 684 805 755 Propterea
834 686 1121 757 petiveram
1150 685 1413 754 prioribus
1448 684 1638 739 litteris
1661 686 1793 739 meis
1821 684 1901 755 (a)
1921 725 1936 750 ,

370 784 427 829 ut
465 776 722 830 Libellum
759 775 934 840 Fidei,
966 791 1122 845 quem
1144 786 1195 830 te
1217 776 1490 845 scripsisse
1518 789 1902 829 commemoras
1920 812 1935 839 ,

367 866 524 934 eique
550 866 729 921 nescio
756 881 910 935 quem
938 866 1277 936 presbyterum
1306 865 1557 937 fallaciter
1584 866 1942 935 subscripsisse

366 955 738 1025 eonquereris,
788 955 918 1009 mihi
979 956 1191 1010 mittere
1231 956 1553 1025 dignareris;
1602 956 1741 1026 quod
1783 956 1941 1011 etiam

370 1061 510 1101 nunc
550 1054 700 1116 peto,
744 1056 797 1101 et
844 1047 969 1115 quid
1017 1047 1437 1103 testimoniorum
1478 1048 1773 1103 divinorum
1819 1047 1942 1101 huic

367 1138 644 1208 qumstioni
678 1138 981 1193 reserandm
1013 1137 1264 1193 adbibere
1293 1140 1527 1208 potuisti.
1559 1140 1698 1195 Dicis
1725 1140 1867 1195 enim
1889 1140 1941 1195 in

367 1226 587 1294 cpistola
616 1226 682 1281 ad
706 1225 1340 1297 thsareensestptacuisse
1364 1229 1531 1295 vobis,
1560 1238 1613 1282 ut
1640 1244 1833 1283 omnem
1859 1242 1943 1284 ve-

367 1318 530 1372 ritatis
563 1318 631 1371 ad
660 1319 1000 1387 probationem
1019 1359 1035 1386 ,
1063 1322 1212 1373 etiam
1234 1319 1435 1389 judices
1453 1330 1805 1390 cognoscerent
1842 1334 1941 1374 stt".

367 1411 581 1472 calores,
609 1410 785 1479 quibus
818 1421 880 1465 ea:
911 1412 1162 1464 communi
1200 1411 1552 1481 deprecatione
1578 1410 1937 1478 residentibus,

366 1508 415 1552 et
439 1500 506 1552 ad
533 1500 682 1567 [idem
708 1500 936 1554 universa
954 1501 1250 1555 rimantibus
1274 1502 1327 1554 id
1355 1500 1625 1565 Divinitas,
1651 1510 1706 1555 ut
1731 1502 1937 1568 scribis,

366 1590 722 1645 misericordia!
740 1606 845 1645 sate
866 1592 1120 1663 infusione
1157 1591 1342 1663 largita
1367 1602 1476 1656 est;
1507 1600 1561 1645 ut
1594 1593 1837 1662 majorem
1861 1592 1942 1660 af-

365 1681 696 1750 ]irmationem
739 1696 831 1750 pro
870 1682 976 1735 suis
1022 1683 1245 1735 sensibus
1294 1683 1708 1752 assertionemque
1748 1686 1942 1752 profer-

363 1780 506 1837 rent,
534 1788 683 1842 quam
709 1780 869 1825 vestra
894 1773 1029 1825 circa
1064 1788 1147 1825 eos
1176 1771 1494 1826 mediocritas
1526 1789 1640 1827 cum
1670 1773 1941 1842 ingentium

366 1861 757 1915 testimoniorum
785 1863 1168 1916 auctoritatibus
1189 1861 1483 1915 retentabat.
1510 1862 1615 1916 Has
1642 1877 1769 1929 ergo
1806 1861 1943 1914 testi-

364 1952 645 2006 moniorum
681 1952 955 2023 ingentium
998 1953 1319 2008 auctoritates
1351 1953 1548 2023 ingenti
1584 1953 1757 2009 studio
1804 1954 1942 2009 scire

364 2041 629 2096 desidero.

438 2130 524 2185 l0.
564 2130 744 2185 Solam
786 2132 979 2202 quippe
1009 2148 1166 2187 unam
1196 2147 1412 2188 causam
1456 2131 1652 2188 videris
1692 2142 1938 2198 secutus,

359 2235 465 2289 qua
493 2220 907 2276 contradictores
937 2231 1054 2277 tuos
1087 2223 1387 2286 refelleres;
1418 2222 1559 2293 quod
1601 2224 1803 2280 scilicet
1846 2240 1941 2278 ne-

363 2319 547 2379 garent
587 2325 707 2367 esse
750 2325 883 2381 Opus
917 2312 1008 2367 Dei
1048 2314 1251 2367 animas
1277 2322 1503 2368 nostras.
1528 2312 1680 2380 Quod
1727 2315 1773 2368 si
1814 2329 1941 2369 sen-

362 2401 520 2464 tiunt,
553 2403 742 2457 merito
791 2418 973 2456 eorum
1023 2405 1282 2459 sententia
1326 2404 1593 2473 judicatur
1637 2421 1755 2461 esse
1791 2406 1942 2460 dam-

362 2492 555 2547 nanda.
579 2493 707 2547 Nam
740 2493 839 2547 hoc
867 2494 910 2547 si
941 2494 1007 2548 de
1037 2495 1164 2563 ipsis
1191 2496 1502 2565 corporibus
1520 2495 1758 2551 dicerent
1778 2538 1793 2560 ,
1820 2510 1943 2566 pro—

355 2586 448 2639 cul
490 2586 650 2641 dubio
692 2587 900 2642 fuerant
943 2588 1299 2653 emendandi,
1338 2589 1421 2643 vel
1468 2589 1783 2644 detestandi.
1814 2591 1941 2657 Quis

354 2674 504 2728 ‘enim
530 2675 855 2731 Christianus
893 2687 1082 2747 neget,
1112 2689 1271 2747 opera
1313 2678 1405 2733 Dei
1433 2694 1553 2733 esse
1574 2694 1797 2749 corpora
1826 2680 1940 2734 sint

358 2766 602 2834 gulorum
635 2774 960 2839 quorumque
990 2769 1350 2823 nascentium?
1388 2784 1487 2824 nec
1511 2777 1687 2824 tamen
1717 2786 1779 2825 ea
1798 2779 1941 2840 'pro-

356 2862 541 2925 pterea
578 2874 830 2929 negamus
856 2875 886 2914 a
914 2861 1219 2930 parentibus
1240 2860 1413 2931 gigni,
1447 2862 1570 2931 quia
1600 2861 1825 2915 fatemur
1854 2861 1939 2915 di-

364 2948 558 3003 vinitus
588 2950 729 3019 fingi.
751 2951 970 3018 Quando
994 2967 1122 3022 ergo
1143 2953 1334 3005 dicitur
1357 2952 1435 3007 sic
1457 2953 1614 3007 etiam
1641 2953 1939 3008 animarum

364 3049 660 3106 nostrarum
685 3041 998 3110 incorporea
1024 3042 1263 3111 quaedam
1294 3043 1373 3096 sui
1402 3044 1611 3112 generis
1627 3044 1826 3097 semina
1846 3084 1862 3109 ,
1885 3053 1940 3099 et

356 3131 716 3200 a-parentibus
745 3132 909 3194 trahi,
937 3140 990 3187 et
1020 3143 1193 3187 tamen
1219 3149 1282 3188 ex
1311 3134 1389 3188 eis
1414 3135 1617 3189 animas
1656 3134 1748 3189 Dei
1777 3149 1940 3204 Opere

365 3220 515 3286 fieri;
544 3220 610 3274 ad
660 3221 760 3276 hoc
802 3223 1134 3278 refutandum
1184 3239 1287 3277 non
1342 3225 1567 3279 humana
1605 3224 1935 3295 conjectura,

361 3310 458 3365 sed
478 3310 653 3365 divina
681 3311 949 3381 Scriptura
979 3314 1125 3367 testis
1140 3303 1433 3368 adhibenda
1457 3324 1555 3369 est.
1576 3315 1705 3369 Nam
1728 3315 1793 3369 de
1817 3330 1940 3369 san-

358 3403 461 3458 ctis
485 3402 659 3457 Libris
678 3404 943 3458 canonica:
969 3406 1295 3459 auctoritatis
1327 3406 1494 3475 potuit
1521 3407 1670 3462 nobis
1702 3408 1940 3461 testimo-

359 3493 569 3548 niorum
600 3503 880 3563 suppetere
916 3496 1065 3564 copia
1086 3536 1100 3561 ,
1141 3512 1242 3565 qua
1279 3496 1527 3564 probatur
1562 3497 1699 3552 Deus
1736 3498 1938 3552 animas

362 3581 537 3638 facere
578 3601 592 3638 :
632 3584 726 3639 sed
768 3583 1082 3640 testimoniis
1112 3588 1303 3642 talibus
1334 3588 1367 3642 ii
1399 3586 1804 3658 redarguuntur,
1837 3589 1927 3659 qui

360 3686 519 3742 Opera
548 3670 638 3727 Dei
660 3687 782 3728 esse
807 3675 1041 3745 singulas
1067 3689 1302 3747 quasque
1327 3678 1530 3731 animas
1554 3678 1605 3730 in
1636 3676 1936 3733 hominibus

362 3764 700 3818 nascentibus
730 3776 952 3835 negant;
979 3783 1084 3821 non
1112 3768 1143 3821 ii
1171 3768 1259 3837 qui
1288 3769 1387 3823 hoc
1414 3767 1661 3833 fatentur,
1685 3780 1736 3824 ct
1760 3779 1935 3827 tamen

358 3868 451 3909 eas
476 3855 612 3909 sicut
639 3869 862 3925 corpora
892 3856 1001 3911 Deo
1030 3857 1241 3927 quidem
1278 3868 1530 3927 operante
1560 3860 1812 3926 formari,
1840 3861 1935 3917 sed

359 3957 424 3996 ex
453 3952 726 4012 parentum
768 3947 1179 4015 propagatione,
1216 3947 1557 4002 contendunt.
1599 3949 1675 4003 Ad
1717 3949 1814 4004 hos
1847 3966 1933 4005 re-

358 4031 617 4090 fellendos
639 4035 732 4090 tibi
759 4034 938 4089 divina
967 4037 1263 4091 testimonia
1294 4047 1438 4091 certa
1462 4037 1745 4106 quarrenda
1774 4049 1930 4105 sunt;

358 4134 451 4179 aut
474 4126 517 4180 si
552 4126 662 4194 jam
703 4126 982 4190 invenisti,
1016 4126 1167 4180 nobis
1192 4127 1280 4195 qui
1324 4126 1555 4180 nondum
1600 4126 1930 4197 invenimus,

356 4230 478 4270 cum
503 4215 888 4284 impensissime
910 4256 925 4279 ,
947 4223 1198 4284 quantum
1226 4229 1506 4285 possumus
1522 4256 1536 4279 ,
1572 4215 1897 4285 inquiramus
1913 4254 1932 4285 ,

354 4312 538 4358 mutua
559 4304 841 4358 dilectione
860 4304 1134 4358 mittenda.

425 4391 651 4465 CAPUT
684 4392 745 4447 γ.
769 4421 842 4432 -
880 4393 968 4447 Η.
1010 4393 1119 4447 Tua
1159 4394 1353 4463 quippe
1394 4395 1713 4451 consultatio
1755 4397 1931 4453 brevis

357 4490 516 4553 atque
544 4492 812 4553 postrema
858 4484 908 4537 in
936 4484 1122 4538 litteris
1150 4500 1281 4554 quas
1316 4484 1383 4539 ad
1412 4484 1598 4540 fratres
1625 4486 1932 4542 Cmsarcens

354 4586 445 4628 ses
476 4571 552 4645 (b)
580 4573 767 4628 misisti
787 4612 802 4637 ,
830 4572 899 4627 ita
930 4589 987 4626 se
1012 4572 1205 4627 habet:
1238 4571 1430 4639 Exora,
1461 4572 1652 4644 inquit,
1679 4586 1735 4629 ut
1760 4593 1838 4630 me
1865 4578 1931 4646 ﬁ.

356 4665 480 4720 lium
500 4675 713 4721 vestrum
737 4676 888 4737 atque
904 4668 1206 4738 discipulum
1227 4709 1241 4732 ,
1271 4677 1316 4720 et
1338 4667 1405 4719 ad
1433 4667 1539 4720 haec
1565 4669 1800 4737 mysteria
1830 4684 1927 4722 nu-

355 4770 447 4826 per
481 4757 798 4825 proximeque
833 4757 942 4813 Deo
970 4759 1181 4830 juvante
1202 4759 1469 4811 venientem
1488 4800 1503 4824 ,
1533 4774 1632 4828 quo
1663 4759 1846 4814 debetis
1882 4770 1929 4814 et

355 4845 564 4915 dignum
591 4856 697 4913 est,
728 4858 773 4901 et
808 4865 907 4917 qua
945 4849 1215 4917 prudentes
1254 4850 1556 4920 respondere
1589 4851 1812 4904 convenit
1845 4869 1928 4905 suo

351 4935 611 5002 cerdotes,
658 4937 1013 5009 informatione
1048 4938 1266 4993 doceatis
1295 4949 1501 4993 :utrum
1539 4939 1701 5012 magis
1733 4940 1825 4994 illa
1862 4943 1928 4996 sit

351 5028 566 5082 tenenda
596 5029 837 5083 sententia
859 5043 973 5097 quas
1003 5029 1223 5083 animam
1248 5029 1369 5083 dicit
1392 5046 1499 5084 esse
1521 5030 1583 5084 de
1605 5031 1839 5097 traduce,
1878 5042 1925 5087 et

350 5134 441 5188 per
468 5118 716 5172 occultam
749 5119 1019 5189 quamdam
1058 5120 1300 5191 originem
1328 5121 1647 5193 ordinemque
1682 5134 1924 5178 secretum

346 5209 400 5261 in
431 5224 577 5263 omne
604 5209 860 5262 hominum
883 5227 1039 5280 genus
1067 5219 1267 5266 cteteras
1294 5212 1489 5266 animos
1521 5229 1584 5267 ea:
1604 5213 1731 5267 Atia:
1754 5226 1925 5285 proto-

408 5338 481 5463 i‘ii
502 5339 961 5463 Ριξὲιεὲιδθιξαῖῑ-ἓὲέ

432 5399 481 5458 b)
503 5399 717 5450 (aesar-ea
750 5399 1037 5453 Mauritania
1058 5404 1379 5455 Ctesareensis
1407 5405 1526 5457 urbs
1555 5406 1778 5458 nobilior.
1803 5407 1920 5458 rlin.

341 5461 470 5512 Hist.
487 5469 585 5511 nat.
611 5461 729 5527 l._5,
753 5477 795 5513 c.
821 5463 853 5513 2
870 5477 937 5527 1“
952 5465 1183 5527 Oppidum
1217 5466 1283 5514 ibi
1313 5464 1687 5527 celeberrimum
1707 5476 1923 5520 Caesarea

348 5538 372 5567 ι
395 5523 907 5588 _antea_vocitatumg.tol
924 5558 939 5585 ,
962 5523 1096 5575 Juba:
1127 5528 1265 5588 regia
1281 5560 1295 5585 ,
1318 5538 1347 5575 a
1369 5526 1480 5577 divo
1511 5526 1701 5577 claudio
1722 5529 1923 5579 colouize

348 5599 369 5627 σ
390 5582 503 5643 jure
537 5583 709 5635 donata
728 5619 743 5645 ,
785 5582 1004 5649 ejusdem
1030 5588 1167 5649 jussu
1188 5582 1415 5637 deductis
1448 5591 1745 5639 veteranis:
1776 5594 1921 5641 Etiam

339 5655 458 5713 num
479 5654 709 5707 superest
732 5646 1269 5713 sub_/tlgerii:_nontinc
1285 5683 1299 5707 ,
1325 5650 1392 5697 uti
1414 5651 1698 5713 quibusdam
1728 5650 1917 5713 placet:

339 5711 615 5829 3:131:83
632 5740 648 5769 ,
671 5707 882 5759 celebris
904 5707 1065 5759 saeculi
1090 5710 1308 5772 ιτοιίωο
1330 5707 1563 5772 praeteriti
1593 5707 1793 5777 GeOgi‘a,
1810 5713 1918 5775 bus,

1534 348 2006 447 EPISTULAttUM
2048 392 2319 451 cmssas
2361 396 2448 450 ill.

3511 410 3616 467 925i

2044 505 2192 567 plasti
2212 507 2550 577 tronsfusione
2577 507 2828 578 deﬂuere;
2857 526 2920 563 an
2949 515 3112 580 potius
3140 529 3198 566 ea
3217 554 3230 578 ,
3266 531 3414 584 quant
3445 535 3615 575 omnes

2043 595 2225 664 fratres
2262 599 2406 651 vestri
2426 640 2439 662 ,
2471 609 2517 652 et
2551 600 2829 656 sacerdotes
2858 602 2936 655 Itic
2965 604 3112 673 positi
3151 607 3361 660 retinent
3396 619 3442 661 et
3476 608 3612 680 afﬁr-

2044 693 2213 751 mant,
2241 686 2468 756 eligenda
2500 689 2750 756 tle/initio,
2788 692 3150 762 credulitasque
3175 696 3466 762 retinenda,
3504 716 3617 768 qua:

2044 774 2207 829 Deunt
2233 789 2483 832 auctorem
2508 781 2848 835 universarum
2881 796 3081 847 rerum,
3109 785 3460 856 hominumque
3485 805 3613 843 cun-

2032 872 2234 920 ‘ctorum
2263 879 2308 922 et
2330 870 2509 935 fuisse,
2541 880 2586 924 et
2609 888 2743 938 esse,
2768 882 2816 926 et
2835 875 3060 944 futurum
3078 891 3183 930 esse
3204 886 3408 932 testatur
3440 880 3487 933 et
3513 898 3613 935 cre-

2043 955 2135 1009 dit.
2167 956 2361 1012 Horum
2392 959 2544 1029 igitur
2569 960 2791 1015 duorum
2817 978 2934 1032 qua:
2961 966 3243 1020 consulens
3269 971 3607 1037 proposuisti,

2038 1045 2123 1099 Vis
2143 1056 2198 1100 ut
2220 1046 2460 1117 eligatur,
2486 1049 2678 1120 tibique
2704 1052 3083 1119 respondeatur
3101 1057 3439 1123 alterutrum;
3464 1061 3604 1129 quod

2045 1132 2156 1189 ﬁeri
2184 1135 2401 1191 deberet
2428 1139 2495 1192 ab
2515 1140 2800 1194 scientibus
2824 1183 2837 1206 ,
2868 1143 2911 1195 si
2938 1151 3117 1198 essent
3141 1145 3279 1200 inter
3306 1158 3364 1201 se
3385 1147 3489 1201 du’o
3504 1150 3608 1204 ista

2036 1224 2305 1277 contraria
2332 1234 2413 1290 ut,
2446 1226 2612 1282 altero
2640 1231 2808 1284 electo
2827 1271 2841 1295 ,
2880 1244 3271 1304 consequenter
3302 1246 3445 1292 esset
3472 1239 3607 1295 alte.

2037 1322 2159 1367 'rum
2190 1316 2562 1385 respuendum.

2114 1407 2201 1459 12.
2231 1406 2380 1461 Nunc
2399 1417 2573 1463 autem
2594 1450 2607 1475 ,
2636 1411 2680 1464 si
2701 1411 2957 1481 quispiam
2982 1427 3084 1468 non
3110 1415 3334 1472 alterum
3357 1434 3387 1472 e
3405 1418 3609 1473 duobus

2042 1488 2125 1550 liis
2149 1498 2340 1567 eligat,
2373 1500 2464 1553 sed
2497 1512 2774 1571 utrumque
2805 1520 2982 1557 verum
3011 1520 3131 1560 esse
3164 1509 3511 1577 respondeat,
3554 1510 3606 1566 id

2042 1594 2157 1651 est,
2188 1596 2241 1640 et
2281 1588 2332 1640 in
2379 1602 2535 1643 omne
2568 1591 2836 1645 hominum
2866 1604 3033 1662 genus
3060 1605 3277 1652 caeteras
3319 1599 3520 1654 animas
3544 1606 3608 1656 ex

2042 1673 2172 1727 Δόξα
2201 1678 2504 1745 protoplaszi
2530 1680 2882 1736 transfusione
2907 1682 3165 1751 deﬂuere,
3192 1694 3246 1740 et
3270 1687 3610 1746 nihilominus

2045 1763 2210 1817 Deum
2258 1776 2525 1821 auctorem
2565 1770 2925 1825 universarum
2967 1788 3182 1838 rerum,
3232 1776 3609 1848 hominumque

2040 1861 2350 1908 Cunctorum
2377 1866 2428 1909 et
2456 1858 2640 1921 fuisse,
2679 1869 2731 1913 et
2760 1874 2907 1926 esse,
2938 1869 2990 1915 et
3020 1861 3245 1918 futurum
3283 1881 3403 1922 esse
3430 1870 3611 1925 credat

2044 1952 2097 1996 et
2141 1942 2317 2010 dicat;
2369 1946 2492 2014 quid
2547 1947 2668 2001 huic
2718 1949 3178 2007 cuntradicendum
3224 1968 3344 2010 esse
3389 1959 3611 2011 censes?

2040 2032 2431 2105 Numquidnam
2451 2037 2640 2092 dicturi
2666 2053 2882 2095 smnus:
2911 2041 2965 2096 Si
2995 2056 3059 2097 ex
3089 2046 3393 2112 parentibus
3420 2048 3610 2102 animm

2042 2135 2418 2195 propagantur,
2455 2142 2561 2182 non
2591 2139 2673 2183 est
2720 2130 2858 2183 Deus
2898 2142 3083 2185 aut-tor
3119 2136 3352 2188 omnium
3395 2142 3607 2202 rerum,

2043 2217 2164 2285 quia
2208 2233 2312 2271 non
2358 2218 2481 2273 facit
2519 2221 2766 2275 animas?
2808 2222 3230 2291 Respondebitur
3256 2227 3398 2281 enim
3428 2228 3471 2281 si
3511 2229 3612 2283 hoc

2043 2304 2368 2363 dixerimus:
2400 2308 2537 2379 Ergo
2574 2309 2696 2378 quia
2737 2325 2958 2379 corpora
2987 2328 3052 2366 ex
3084 2315 3387 2382 parentibus
3423 2331 3613 2386 prepa-

2041 2407 2249 2467 gantur,
2279 2415 2380 2451 non
2412 2408 2496 2453 est
2522 2400 2660 2454 Deus
2687 2409 2870 2455 auctor
2892 2402 3125 2455 omnium
3166 2419 3342 2457 rerum
3364 2445 3377 2467 ,
3410 2406 3454 2459 si
3486 2421 3612 2475 pro-

2044 2496 2161 2554 pter
2186 2487 2288 2541 hoc
2313 2487 2566 2542 dicendus
2588 2496 2670 2542 est
2697 2503 2801 2543 non
2827 2490 2999 2545 facere
3020 2506 3262 2560 corpora.
3284 2493 3411 2559 Quis
3432 2503 3611 2550 autem

2042 2588 2199 2647 neget
2219 2588 2487 2633 auctorem
2506 2580 2853 2635 humanorum
2870 2583 3101 2636 omnium
3119 2596 3400 2653 corporum
3423 2585 3608 2653 Deum,

2041 2670 2135 2724 sed
2164 2670 2302 2725 illius
2325 2670 2468 2725 dicat
2506 2672 2699 2738 solius,
2721 2672 2860 2743 quod
2885 2673 2953 2727 de
2978 2682 3115 2728 terra
3159 2676 3401 2745 primitus
3430 2678 3607 2742 tinxit,

2040 2767 2133 2813 aut
2154 2770 2299 2815 certe
2322 2762 2480 2815 etiam
2504 2762 2743 2832 conjugis
2768 2764 2962 2832 ipsius;
3004 2765 3123 2834 quia
3161 2776 3219 2820 et
3245 2767 3411 2835 ipsam
3437 2767 3506 2823 de
3538 2770 3612 2821 la.

2043 2858 2156 2906 tere
2189 2851 2305 2920 ejus
2345 2855 2458 2921 ipse
2516 2852 2799 2919 formavit;
2846 2871 2949 2908 non
2985 2865 3160 2910 autem
3203 2857 3360 2912 etiam
3403 2868 3613 2914 extero-

2040 2953 2190 3007 rum;
2211 2944 2331 3013 quia
2358 2959 2421 2999 es
2449 2944 2552 2999 illis
2573 2952 2764 3000 caetera
2790 2945 3058 3001 hominum
3084 2963 3306 3019 corpora
3325 2950 3612 3009 deﬂuxisse

2040 3049 2232 3105 negare
2256 3051 2358 3090 non
2386 3036 2701 3105 possumus?

2110 3124 2333 3180 CAPUT
2373 3125 2457 3179 Vl.
2484 3154 2559 3167 —-
2586 3128 2672 3181 l5.
2704 3127 2782 3183 Ac
2805 3142 2900 3197 per
2927 3126 3029 3183 hoc
3047 3166 3062 3196 ,
3091 3129 3166 3197 si,
3195 3130 3449 3187 adversus
3470 3146 3606 3203 quos

2041 3212 2134 3267 tibi
2176 3222 2258 3269 est
2286 3214 2341 3267 in
2385 3214 2481 3269 hac
2510 3216 2799 3284 quaestione
2840 3216 3151 3285 conﬂictus,
3193 3220 3271 3274 sic
3305 3231 3610 3278 asseverant

2039 3304 2333 3359 animarum
2362 3320 2427 3360 es
2462 3305 2604 3360 illius
2630 3308 2781 3361 unius
2806 3307 3129 3363 derivatione
3154 3312 3520 3381 propaginem,
3554 3320 3609 3368 ut

2039 3411 2131 3451 eas
2153 3396 2260 3465 jam
2287 3396 2448 3450 Deum
2477 3406 2670 3466 negent
2690 3398 2879 3461 facere,
2906 3406 3062 3468 atque
3088 3397 3343 3466 formare;
3372 3400 3505 3455 insta
3532 3404 3608 3457 eis

2038 3485 2439 3554 redarguendis,
2486 3487 2895 3553 convincendis,
2945 3489 3271 3558 corrigendis
3321 3501 3604 3561 quantum,

2041 3576 2264 3630 Domino
2288 3578 2598 3646 adjuvante,
2628 3579 2878 3647 potueris.
2910 3580 2965 3635 Si
2994 3589 3168 3635 autem
3192 3582 3338 3636 initia
3366 3584 3606 3653 quantam

2037 3680 2105 3719 ex
2136 3666 2228 3720 illo
2255 3682 2359 3720 uno
2388 3676 2440 3721 et
2465 3667 2713 3737 deinceps
2742 3684 2770 3721 a
2794 3670 3097 3738 parentibus
3119 3672 3330 3736 attrahi,
3352 3682 3406 3727 et
3432 3681 3605 3729 tamen

2038 3759 2268 3827 singulas
2296 3759 2345 3813 in
2396 3759 2693 3815 hominibus
2735 3762 2953 3831 singulis
2985 3762 3250 3818 afﬁrmant
3291 3766 3357 3818 ab
3392 3776 3608 3823 auctore

2036 3851 2270 3905 omnium
2321 3866 2498 3905 rerum
2542 3852 2653 3907 Deo
2696 3853 2863 3907 creari
2907 3863 3063 3922 atque
3104 3853 3347 3921 formari;
3378 3858 3501 3926 quid
3531 3860 3608 3913 eis

2037 3940 2441 4010 respondeatur,
2472 3940 2711 4009 inquire,
2742 3942 2807 3994 de
2829 3942 3114 4010 Scripturis
3139 3945 3363 3999 maxime
3389 3938 3603 4011 sanctis,

2035 4029 2175 4098 quod
2207 4044 2310 4083 non
2337 4030 2406 4082 sit
2433 4030 2732 4097 ambiguum
2762 4029 2835 4098 (α)
2862 4045 2959 4083 nec
2995 4031 3150 4085 aliter
3172 4032 3339 4100 possit
3368 4034 3602 4103 intelligi.

2036 4120 2141 4173 Aut
2166 4120 2208 4173 si
2235 4120 2343 4188 jam
2373 4120 2650 4183 invenisti,
2681 4132 2736 4173 ut
2766 4123 3007 4188 superius
3042 4124 3326 4190 postulavi,
3360 4124 3523 4195 dirige
3552 4136 3605 4181 et

2037 4208 2207 4263 nobis.
2239 4208 2389 4275 Quod
2418 4209 2463 4262 si
2506 4218 2555 4262 te
2580 4209 2781 4274 adhuc,
2813 4210 2948 4265 sicut
2993 4226 3076 4265 me
3096 4253 3111 4276 ,
3139 4212 3293 4278 latet;
3324 4214 3457 4269 insta
3483 4217 3604 4284 qui-

2033 4298 2155 4356 dem
2181 4300 2427 4355 omnibus
2452 4301 2650 4354 viribus
2669 4315 2760 4355 eos
2784 4300 3073 4364 confutare,
3098 4303 3184 4369 qni
3206 4303 3385 4358 dicunt
3409 4306 3603 4360 animas

2034 4407 2134 4443 non
2162 4406 2225 4444 ea:
2248 4406 2398 4460 opere
2422 4389 2591 4444 divino
2610 4432 2622 4451 .
2652 4391 2791 4459 quod
2833 4404 2925 4445 cos
2966 4391 3143 4447 dixisti
3172 4393 3221 4446 in
3266 4396 3482 4464 epistola
3518 4407 3602 4451 tua

2034 4480 2201 4549 prima
2246 4479 2379 4533 inter
2424 4480 2706 4533 secretiores
2756 4480 2952 4551 fabulas
2998 4498 3363 4548 nturmurosse,
3413 4486 3602 4543 deinde

2034 4581 2237 4641 propter
2256 4572 2384 4624 Itane
2403 4571 2694 4625 sententiam
2712 4572 2917 4625 stultam
2939 4581 3085 4642 atque
3103 4575 3310 4645 impiam
3329 4592 3360 4628 a
3380 4584 3464 4631 tuo
3484 4594 3604 4632 con-

2032 4665 2185 4716 sortio
2226 4671 2273 4717 et
2316 4661 2555 4716 Ecclesia:
2588 4663 2787 4717 servitio
2827 4665 3118 4729 recessisse;
3156 4675 3312 4736 atque
3350 4666 3602 4723 adversus

2031 4766 2125 4807 eos
2149 4753 2393 4806 omnibus
2424 4753 2590 4806 modis
2618 4751 2843 4807 defende
2872 4761 2926 4807 ct
2955 4760 3135 4822 tuere,
3163 4756 3302 4826 quod
3335 4758 3385 4811 in
3415 4758 3599 4813 eadem

2031 4845 2250 4913 epistola
2279 4845 2533 4913 posuisti,
2566 4842 2728 4897 Deum
2756 4845 2932 4912 fecisse
2965 4847 3192 4914 animas,
3230 4859 3281 4900 et
3315 4852 3511 4918 facere,
3554 4858 3602 4902 et

2031 4937 2280 5007 facturum
2302 4950 2440 4999 esse;
2464 4938 2620 5005 neque
2641 4935 2833 5006 aliquid
2868 4952 2974 4990 esse
3000 4938 3053 4991 in
3080 4939 3215 4992 cretis
3242 4947 3327 4991 aut
3352 4939 3403 4991 in
3432 4948 3563 4993 terra
3582 4980 3597 5003 ,

2030 5029 2164 5098 quod
2183 5045 2281 5082 non
2311 5027 2421 5098 ipso
2449 5027 2722 5080 constiterit
2742 5038 2829 5081 aut
2856 5036 3044 5082 constet
3073 5039 3293 5083 auctore.
3325 5029 3434 5083 lloc
3457 5029 3597 5084 enim

2029 5122 2097 5178 de
2140 5121 2281 5175 omni
2332 5120 2549 5174 omnino
2592 5135 2787 5186 genere
2828 5130 3083 5175 creatura:
3125 5122 3399 5177 verissime
3443 5130 3597 5191 atque

2029 5215 2321 5269 rectissime
2342 5212 2595 5279 creditur,
2617 5212 2828 5282 dicitur,
2853 5214 3170 5280 defenditur,
3199 5214 3594 5287 comprobatur.

2030 5306 2168 5359 Deus
2210 5306 2349 5359 enim
2378 5312 2561 5358 auctor
2590 5305 2952 5360 universarum
2998 5322 3173 5361 rerum
3215 5307 3593 5378 hominumque

2028 5406 2335 5451 cunctorum
2363 5404 2416 5449 ct
2445 5393 2560 5462 fuit,
2590 5404 2771 5460 etest,
2804 5404 2857 5451 et
2884 5397 3086 5452 futurus
3114 5410 3213 5459 est,
3248 5399 3385 5469 quod
3416 5400 3466 5453 in
3494 5416 3589 5455 exs

2029 5495 2194 5542 trema
2225 5494 2310 5540 tua
2353 5484 2419 5540 ad
2460 5486 2802 5558 cocpiscopos
2842 5496 3052 5539 nostros
3089 5488 3372 5558 provincia:
3410 5488 3591 5544 Cresa-

2026 5578 2230 5633 reensis
2257 5576 2642 5633 consultatione
2668 5577 2919 5645 posuisti,
2948 5587 3104 5646 atque
3130 5586 3183 5632 ut
3214 5579 3263 5633 id
3293 5580 3464 5647 potius
3492 5581 3591 5634 eli-

2027 5787 2057 5822 n
2086 5710 2161 5824 ($3
2194 5710 2389 5776 Legesis
2411 5708 2495 5760 lib.
2536 5709 2567 5761 2
2593 5708 2657 5760 de
2694 5708 2854 5757 Anima
2899 5713 2951 5758 et
2982 5706 3088 5770 ejus
3107 5708 3328 5772 Origine,
3360 5720 3462 5774 cap.
3502 5708 3559 5759 14
3576 5743 3591 5773 ,
