4120 6358
537 361 644 425 935

541 485 758 549 gerent,
792 474 1033 545 exemplo
1061 473 1296 528 omnium
1325 471 1542 534 fratrum
1573 478 1626 525 ct
1657 471 2116 539 consaecrtlotum,

538 568 630 638 qui
668 576 792 622 sunt
821 565 960 636 apud
985 579 1112 632 vos,
1155 575 1315 634 atque
1344 562 1396 618 id
1421 564 1674 630 retinent,
1722 561 2117 632 quodammodo

538 667 781 717 ιιοτιειυε
803 671 882 713 88.

613 749 702 805 ﬂ.
733 748 837 805 Sed
862 748 962 802 alia
991 746 1216 818 qurestio
1241 754 1343 814 est,
1375 745 1464 801 ubi
1494 745 1768 816 quteritnr,
1798 753 1972 800 utrum
1997 761 2118 802 om-

538 840 686 897 nium
706 841 1000 895 animarum
1027 846 1080 893 et
1097 853 1378 908 corporum
1401 847 1609 903 auctor,
1631 837 1955 909 elfeetorque
1980 840 2117 894 Dens

537 934 626 1000 sit,
644 931 786 1003 quod
802 932 994 987 veritas
1010 929 1190 996 habet;
1207 945 1276 984 an
1291 928 1487 999 aliquid
1503 940 1806 984 naturarum
1821 929 2113 998 exoriatur,

537 1025 682 1096 quod
702 1025 816 1096 ipse
844 1038 948 1078 non
980 1021 1158 1089 faciat,
1179 1037 1298 1092 qua:
1325 1021 1503 1090 opinio
1529 1035 1748 1091 prorsus
1776 1021 1972 1074 erroris
1993 1029 2076 1076 est
2098 1037 2112 1074 :

535 1115 640 1170 alia
657 1129 804 1178 vero,
821 1113 910 1168 ubi
926 1112 1199 1182 qnzeritur,
1215 1121 1387 1164 utrum
1407 1112 1543 1165 Deus
1558 1111 1764 1164 animas
1778 1109 2038 1165 humanas
2050 1125 2114 1164 ex

535 1208 846 1278 propagine,
863 1220 932 1258 an
952 1205 1070 1259 sine
1091 1203 1376 1273 propagine
1397 1200 1572 1265 faciat,
1595 1215 1725 1270 quas
1743 1209 1915 1254 tamen
1937 1199 2004 1253 ab
2026 1199 2116 1255 illo

535 1297 650 1352 fieri
677 1297 921 1350 dubitare
947 1295 1023 1348 fas
1053 1309 1155 1348 non
1193 1303 1294 1347 est.
1328 1292 1382 1346 In
1424 1307 1526 1361 qua
1555 1292 1848 1361 quaestione
1877 1291 2114 1346 sobrium

534 1397 590 1444 te
613 1403 732 1444 esse
751 1403 814 1442 ac
833 1387 1137 1456 vigilantem
1157 1385 1308 1449 volo;
1342 1399 1440 1462 nec
1458 1385 1536 1438 sie
1554 1383 1848 1437 animarum
1867 1383 2114 1453 propagi-

531 1494 656 1534 nem
683 1478 949 1542 destruas,
971 1485 1030 1531 ut
1055 1476 1296 1530 harresim
1319 1475 1654 1544 Pelagianam
1677 1474 1916 1528 incautus
1937 1474 2115 1528 incur-

531 1585 641 1626 ras.
667 1569 798 1624 Nam
823 1569 869 1624 si
895 1569 1245 1622 humanorum
1271 1581 1580 1635 corporum,
1605 1581 1828 1635 quorum
1851 1581 2112 1636 propaga-

531 1659 608 1714 tio
633 1667 716 1714 est
739 1659 986 1714 omnibus
1016 1667 1160 1723 nota,
1193 1657 1416 1711 dicimus
1449 1665 1624 1710 tamen
1654 1656 1818 1710 Deum
1840 1697 1855 1719 ,
1884 1671 2114 1726 vereque

530 1750 778 1816 dicimus,
804 1766 908 1805 non
930 1750 1070 1804 illius
1087 1756 1290 1802 tantum
1313 1747 1466 1817 primi
1486 1747 1738 1811 hominis,
1761 1746 2114 1816 conjugumve

530 1842 822 1912 primorum
845 1881 861 1906 ,
903 1839 997 1894 sed
1023 1840 1256 1894 omnium
1299 1853 1369 1892 ex
1420 1837 1521 1891 illis
1548 1846 1955 1906 propagatornm
1993 1851 2114 1892 esse

530 1940 854 1996 creatorem;
904 1937 1030 1999 puto
1070 1928 1227 1982 facile
1271 1927 1493 1997 intelligi
1537 1942 1658 1995 eos,
1701 1928 1788 1997 qui
1819 1928 2112 1982 animarum

530 2020 820 2076 defendunt
846 2018 1218 2089 propaginem,
1253 2032 1356 2072 non
1396 2033 1462 2072 ex
1495 2017 1594 2071 hoc
1635 2031 1732 2071 nos
1758 2017 1953 2072 habere
1978 2018 2114 2074 velle

531 2111 826 2175 destruere,
851 2109 1063 2179 quando
1085 2108 1227 2163 Deus
1254 2108 1456 2162 animas
1482 2105 1627 2174 facit,
1659 2123 1780 2162 cum
1807 2115 1862 2162 et
1887 2122 2112 2178 corpora

531 2198 658 2255 facit
678 2239 692 2263 ,
737 2214 855 2268 qua:
897 2197 964 2252 de
994 2199 1279 2268 propagine
1305 2197 1417 2251 ficri
1445 2212 1638 2266 negare
1668 2211 1774 2251 non
1801 2211 2109 2266 possumus;

531 2289 626 2345 sed
663 2289 765 2344 alia
801 2288 1117 2344 documenta
1143 2303 1262 2343 esse
1301 2287 1620 2358 qumrenda,
1665 2288 1856 2358 quibus
1899 2287 1984 2354 hi,
2023 2288 2114 2358 qui

531 2381 768 2437 sentiunt
795 2382 1070 2450 propagari
1094 2381 1298 2435 animas
1318 2421 1333 2447 ,
1365 2381 1703 2449 repellantur,
1738 2381 1781 2435 si
1812 2396 1906 2436 eos
1931 2396 2114 2436 errare

529 2473 728 2527 veritas
755 2473 1024 2542 loquitur:
1055 2471 1122 2526 de
1141 2487 1243 2542 qua
1273 2489 1330 2526 re
1358 2472 1432 2525 illi
1462 2472 1626 2542 magis
1653 2471 1891 2536 fuerant,
1923 2473 1966 2526 si
2000 2473 2112 2527 fieri

531 2572 731 2633 posset,
759 2562 1133 2632 interrogandi,
1157 2571 1372 2632 propter
1396 2578 1619 2632 quorum
1647 2562 1894 2632 injuriam
1922 2561 2114 2617 defun-

530 2662 766 2718 ctorum,
811 2653 946 2708 sicut
971 2654 1160 2709 scribis
1189 2654 1241 2708 in
1271 2654 1525 2723 epistola,
1571 2668 1732 2723 quam
1773 2653 1904 2707 mihi
1933 2665 2110 2722 poste-

530 2745 728 2800 riorem
758 2744 945 2799 misisti
983 2744 1037 2798 in
1071 2745 1324 2798 meliorem
1353 2754 1546 2814 partem
1583 2752 1866 2798 convertere
1889 2745 2113 2800 homines

533 2836 862 2909 fumtidabas.
893 2837 1004 2891 Hos
1029 2838 1171 2892 enim
1193 2837 1476 2906 defunctos,
1505 2834 1629 2890 tales
1654 2844 1915 2905 tantosque
1939 2849 1983 2890 et
2011 2846 2112 2890 tam

531 2929 704 2983 doctos
733 2929 990 3000 episcopos
1018 2928 1173 2999 fuisse
1195 2926 1408 2991 dixisti,
1437 2935 1491 2978 ut
1515 2942 1686 2980 eorum
1711 2927 2004 2980 traditiones
2043 2927 2113 2979 ti-

531 3037 689 3075 meres
717 3020 893 3075 doctor
917 3020 1141 3074 novellus
1161 3019 1400 3088 rudisque
1419 3034 1739 3089 corrumpere
1763 3019 1904 3073 velle.
1931 3019 2113 3090 Itaque

530 3111 578 3167 si
599 3112 737 3167 scire
763 3126 998 3183 possem,
1025 3111 1174 3176 tales,
1206 3125 1270 3163 ac
1295 3110 1444 3173 tanti,
1468 3119 1521 3164 et
1545 3118 1650 3163 tam
1673 3110 1813 3164 docti
1839 3111 1934 3164 viri
1958 3111 2111 3165 istam

530 3201 598 3257 de
643 3202 936 3257 animarum
977 3201 1349 3270 propagatione
1383 3201 1730 3266 sententiam,
1762 3201 1957 3270 quibus
1982 3202 2067 3256 vel
2089 3203 2108 3235 ⁸

531 3293 848 3347 testimoniis
891 3290 1242 3345 asserebant:
1283 3305 1441 3360 quam
1482 3299 1656 3344 tamen
1707 3291 1760 3344 in
1810 3291 1999 3346 litteris
2041 3292 2112 3348 ad

533 3381 902 3437 Cmsareenses
930 3379 1066 3434 datis
1086 3419 1100 3443 ,
1147 3380 1355 3434 illorum
1382 3381 1748 3434 auctoritatem
1779 3397 2112 3452 nequaquam

532 3471 842 3540 respiciens,
860 3469 1194 3523 inventionem
1213 3484 1392 3522 novam
1417 3478 1464 3523 et
1484 3471 1767 3523 inauditum
1786 3470 1972 3540 dogma
1993 3487 2114 3528 esse

533 3561 746 3624 dixisti;
799 3575 919 3614 cum
967 3559 1225 3628 profecto,
1273 3560 1372 3614 etsi
1421 3576 1573 3615 error
1616 3571 1735 3623 est,
1789 3577 1981 3615 novum
2030 3571 2113 3615 ta-

532 3665 657 3706 men
685 3666 806 3704 eum
835 3664 940 3703 non
969 3664 1089 3704 esse
1118 3651 1450 3716 noverimus,
1481 3651 1577 3706 sed
1609 3661 1870 3707 vetustum
1899 3661 1952 3708 et
1977 3654 2116 3707 anti-

533 3755 696 3811 quum
729 3737 825 3810 (a).

604 3827 831 3883 CAPUT
868 3826 979 3882 γη.
1017 3857 1088 3868 -
1126 3829 1214 3882 15.
1273 3827 1496 3894 Quando
1550 3840 1726 3884 autem
1783 3847 1882 3885 nos
1923 3832 2114 3901 aliqua:

536 3932 713 3973 causa)
760 3917 812 3971 in
851 3915 1026 3985 aliqua
1072 3916 1366 3986 qumstione
1411 3931 1514 3969 non
1564 3918 1831 3973 immerito
1873 3920 2116 3977 dubitare

534 4008 882 4080 compellunt,
914 4023 1019 4063 non
1058 4008 1218 4063 etiam
1242 4005 1368 4062 hinc
1389 4005 1632 4063 dubitare
1657 4009 1910 4065 debemus
1940 4021 2114 4067 utrum

535 4100 775 4155 dubitare
799 4099 1106 4154 debeamus.
1147 4099 1224 4154 De
1248 4097 1424 4153 dubiis
1452 4097 1646 4168 quippe
1684 4101 1844 4155 rebus
1873 4102 1987 4157 sine
2013 4103 2114 4157 du-

537 4192 792 4246 bitatione
818 4190 1163 4245 dubitandum
1189 4199 1293 4244 est.
1324 4187 1488 4245 Vides
1513 4191 1956 4260 quemadmodum
1987 4197 2117 4260 Apo—

536 4284 704 4340 stolus
727 4283 794 4338 de
822 4297 879 4338 se
908 4283 1023 4351 ipso
1063 4281 1303 4337 dubitare
1332 4297 1437 4336 non
1487 4281 1689 4336 dubitet
1717 4282 1820 4350 (b),
1868 4292 2034 4336 utrum
2064 4285 2116 4337 in

538 4390 765 4444 corpore,
788 4389 853 4426 an
873 4383 1012 4426 extra
1040 4389 1221 4441 corpus
1245 4381 1429 4441 raptus
1452 4371 1520 4425 sit
1546 4371 1596 4423 in
1639 4372 1847 4424 tertium
1889 4373 2112 4436 cmlnm;

539 4465 652 4518 sive
671 4463 795 4530 hoe,
820 4463 930 4516 sive
957 4461 1102 4524 illud,
1127 4462 1312 4524 nescio,
1338 4461 1472 4514 Deus
1493 4459 1586 4514 scit
1605 4457 1670 4528 (ll
1697 4461 1812 4513 Cor.
1838 4477 1934 4525 xtl,
1957 4461 2011 4524 2,
2034 4463 2112 4532 3).

540 4553 649 4609 Cur
673 4567 800 4622 ergo
831 4552 978 4617 mihi,
1007 4550 1255 4620 quamdiu
1287 4549 1486 4615 nescio,
1512 4548 1755 4603 dubitare
1792 4565 1894 4603 non
1927 4550 2079 4606 liceat
2099 4591 2113 4616 ,

543 4653 719 4698 utrum
743 4643 918 4696 anima
947 4657 1064 4696 mea
1108 4641 1161 4695 in
1207 4641 1361 4694 istam
1406 4639 1566 4693 vitam
1612 4654 1678 4694 ex
1721 4643 2006 4711 propagine
2047 4660 2114 4698 an

543 4733 657 4788 sine
697 4732 986 4804 propagine
1024 4731 1258 4795 venerit;
1306 4743 1426 4784 cum
1478 4742 1539 4782 ea
1589 4729 1840 4784 utrolibet
1887 4733 2044 4786 modo
2084 4749 2116 4788 a

539 4841 753 4882 summo
779 4835 832 4880 et
861 4840 986 4880 vero
1016 4825 1125 4878 Deo
1169 4824 1354 4879 factam
1385 4837 1505 4877 esse
1549 4838 1654 4877 non
1693 4822 1968 4880 dubitem?
2009 4827 2118 4882 Cur

545 4915 672 4968 mihi
701 4913 782 4968 fas
808 4929 911 4968 non
935 4913 1004 4968 sit
1031 4913 1209 4968 dicere
1236 4931 1249 4967 :
1277 4913 1399 4968 Scio
1424 4914 1656 4968 animam
1677 4928 1850 4969 meam
1873 4930 1937 4968 ex
1958 4931 2117 4984 opere

545 5005 639 5060 Dei
664 5005 972 5070 subsistere,
1001 5011 1056 5058 et
1083 5019 1298 5073 prorsus
1325 5019 1458 5072 opus
1489 5004 1581 5058 Dei
1606 5019 1760 5069 esse;
1787 5006 1898 5059 sive
1918 5021 1983 5059 ex
2007 5021 2118 5073 pro-

543 5096 730 5166 paginc
754 5095 890 5150 sicut
916 5109 1137 5164 corpus,
1167 5095 1280 5150 sive
1313 5101 1460 5147 extra
1493 5096 1830 5165 propaginem
1865 5096 2002 5149 sicut
2033 5097 2117 5150 illa

543 5202 663 5258 qua:
689 5188 860 5258 primo
888 5186 1088 5241 homini
1117 5187 1236 5240 data
1267 5195 1368 5252 est,
1397 5187 1583 5251 nescio,
1614 5186 1750 5240 Deus
1776 5187 1909 5240 scit?
1930 5187 2116 5242 Utrum

608 5318 1102 5391 *_tn£dd.._omittitur
1137 5318 1226 5391 vel,
1252 5321 1389 5391 quasi
1411 5318 1648 5391 abundet.
1677 5326 1818 5391 [forte
1854 5318 2120 5391 legendum

546 5387 654 5451 erat
669 5415 686 5441 ,
708 5379 941 5451 qualibus,
960 5381 1180 5451 quibusve
1190 5379 1495 5440 testimoniis;
1516 5383 1797 5451 antpotius,
1811 5379 2114 5451 qua'ratiqne,

545 5440 769 5506 quam
807 5440 1094 5506 testimoniis.
1119 5445 1193 5506 sic
1212 5455 1359 5505 supra
1390 5455 1520 5490 nunt.
1539 5440 1587 5506 8,
1607 5440 1706 5506 litt_._
1724 5440 1793 5502 C.,
1817 5440 1915 5506 qua
1938 5440 2120 5496 ratione

545 5501 768 5566 quibusve
791 5501 1062 5554 divinarum
1084 5501 1438 5567 Scripturarum
1454 5501 1748 5568 testimoniis.

607 5583 679 5648 (α)
701 5585 1019 5635 Tertulliauus
1041 5588 1233 5648 passim,
1259 5593 1310 5635 et
1332 5592 1544 5648 Irenaeus
1563 5591 1726 5633 contra
1749 5585 1867 5634 liter.
1893 5585 1977 5636 lib.
2001 5584 2050 5647 2,
2073 5599 2118 5637 ο.

545 5645 626 5704 3},
649 5645 826 5696 docent
845 5649 1026 5695 animas
1042 5645 1108 5696 ex
1131 5649 1328 5696 traduce
1350 5646 1472 5694 fieri.

546 5779 574 5810 ρ
703 5708 877 5759 tradem
898 5715 978 5758 aut
997 5708 1168 5758 similia
1190 5705 1394 5758 inculcat
1419 5707 1484 5758 de
1504 5707 1700 5770 origine
1735 5707 1906 5758 anima
1923 5743 1936 5770 ,
1963 5706 2046 5759 lib.-
2077 5709 2119 5758 t.

1753 359 1811 414 S.
1855 359 2218 415 AUGUSTINI
2259 357 2556 416 EPISCOP!

3712 357 3819 422 9'56

2227 473 2414 528 hortnn
2448 478 2526 529 κίε
2547 482 2608 528 ut
2636 474 2974 531 confirmem.
3008 475 3256 543 Possem,
3299 491 3345 532 st
3381 491 3614 533 nossem.
3654 479 3813 546 Quod

2224 563 2267 615 si
2293 563 2403 632 ipse
2443 565 2617 629 nosti,
2645 580 2710 619 en
2740 564 2904 620 habes
2943 581 3030 621 me
3058 567 3385 637 cupidiorem
3429 568 3636 624 discere
3668 571 3817 640 quod

2225 654 2425 719 nescio,
2455 669 2614 724 quam
2639 653 2832 710 docere
2859 655 3001 724 quod
3031 657 3142 710 scio
3181 657 3277 728 (α).
3307 657 3364 712 Si
3391 667 3566 713 autem
3597 660 3777 714 nescis
3795 701 3813 726 ,

2223 744 2358 798 sicut
2385 760 2505 814 ego,
2536 759 2630 801 ora
2651 746 2790 801 sicut
2814 761 2932 816 ego,
2962 757 3020 802 ut
3039 747 3150 803 sive
3173 763 3268 818 per
3285 749 3578 820 quemlibet
3595 765 3812 805 servum

2221 849 2375 889 suum
2403 835 2499 905 (b),
2523 836 2636 891 sive
2661 850 2753 905 per
2779 851 2837 892 se
2865 836 3038 906 ipsum
3067 837 3320 908 Magister
3345 839 3434 895 ille
3460 853 3560 895 nos
3593 838 3810 908 doceat,

2221 925 2310 995 qui
2339 926 2471 981 dixit
2501 927 2775 998 discipulis
2813 930 2958 983 suis:
2990 929 3072 983 Ne
3106 931 3268 985 velitis
3308 931 3410 985 dici
3433 932 3498 986 ab
3525 931 3814 987 hominibus

2219 1017 2397 1083 rabbi;
2431 1035 2561 1073 unus
2586 1029 2660 1074 est
2685 1020 2819 1074 enim
2843 1021 3080 1092 magister
3114 1031 3272 1077 vester
3307 1020 3539 1078 Christus
3577 1021 3809 1096 (Matth.

2223 1123 2383 1174 xxtn,
2412 1108 2468 1179 8)
2492 1125 2506 1162 :
2537 1110 2582 1165 si
2612 1119 2788 1167 tamen
2814 1112 2915 1167 scit
2937 1111 3190 1183 expedire
3217 1113 3394 1181 nobis,
3416 1123 3474 1169 ut
3497 1116 3657 1171 etiam
3681 1117 3809 1199 talia

2221 1200 2562 1266 noverimus,
2590 1201 2679 1270 qui
2718 1203 2864 1256 novit
2897 1217 3003 1256 non
3026 1203 3199 1257 solum
3225 1204 3351 1274 quid
3374 1204 3595 1274 doceat,
3621 1223 3810 1262 verum

2219 1289 2380 1342 etiam
2407 1290 2534 1360 quid
2563 1291 2716 1346 nobis
2745 1291 2923 1348 dicere
2943 1291 3208 1361 expediat.

2294 1380 2380 1434 16.
2425 1381 2558 1436 Nam
2624 1383 2883 1438 conﬁteor
2945 1383 3222 1438 Dilectioni
3289 1391 3395 1440 tua:
3458 1386 3806 1456 cupiditatem

2219 1485 2414 1526 meant.
2447 1471 2616 1541 Cupio
2640 1473 2852 1542 quidem
2889 1481 2942 1527 et
2971 1474 3073 1528 hoc
3093 1475 3252 1539 scire,
3283 1475 3424 1545 quod
3457 1478 3680 1547 quazris;
3711 1479 3811 1534 sed

2220 1561 2389 1615 multo
2419 1564 2586 1632 magis
2611 1579 2858 1632 cuperem
2897 1565 3066 1630 scire,
3112 1565 3157 1618 si
3201 1567 3311 1620 ﬁeri
3354 1578 3566 1636 posset,
3591 1571 3811 1640 quando

2220 1662 2570 1721 prtcsentetnr
2611 1655 2684 1726 (c)
2729 1656 3067 1711 Desideratus
3118 1659 3366 1712 omnibus
3415 1661 3692 1730 gentibus,
3749 1672 3810 1718 et

2218 1744 2432 1814 quando
2462 1759 2684 1815 regnum
2715 1745 2947 1800 futurum
2993 1748 3063 1801 sit
3101 1757 3405 1803 sanctorum
3427 1792 3441 1816 ,
3472 1767 3631 1821 quam
3663 1753 3810 1808 unde

2220 1835 2273 1889 in
2306 1835 2440 1890 hanc
2476 1821 2670 1890 terram
2702 1838 2885 1892 venire
2910 1837 3164 1907 cmperim
3191 1857 3203 1892 :
3235 1849 3289 1894 et
3313 1849 3486 1896 tamen
3514 1842 3640 1896 illud
3682 1859 3810 1900 cum

2217 1927 2285 1980 ab
2314 1926 2424 1993 illo,
2451 1927 2540 1996 qui
2569 1929 2669 1982 scit
2695 1929 2895 1993 omnia,
2923 1929 3166 1999 discipuli
3195 1931 3312 1998 sui,
3343 1935 3509 1987 nostri
3537 1933 3806 2004 Apostoli,

2217 2026 2538 2087 qnzercrent,
2584 2033 2898 2088 responsum
2937 2030 3294 2090 acceperunt:
3328 2019 3451 2076 Non
3488 2033 3560 2077 est
3590 2033 3810 2078 vestrum

2218 2124 2364 2162 nosse
2387 2117 2599 2177 tempus,
2628 2117 2713 2161 aut
2732 2118 2981 2179 tempora,
3009 2126 3123 2182 qua
3162 2109 3300 2164 Deus
3322 2113 3488 2180 posuit
3511 2113 3565 2166 in
3593 2130 3688 2167 sua
3709 2133 3810 2183 po-

2217 2205 2392 2251 testate
2420 2195 2553 2268 (Act.
2583 2213 2622 2264 ι,
2648 2197 2758 2270 17).
2804 2199 2940 2266 Quid
2967 2199 3012 2253 si
3038 2207 3093 2254 et
3132 2201 3234 2255 hoc
3257 2201 3358 2255 scit
3387 2202 3491 2273 (ά),
3534 2219 3639 2257 non
3682 2219 3808 2260 esse

2220 2296 2459 2342 nostrum
2494 2287 2652 2354 scire,
2682 2287 2772 2358 qui
2802 2287 3041 2358 profecto
3065 2289 3201 2356 scit,
3231 2291 3357 2361 quid
3396 2293 3552 2348 nobis
3575 2294 3644 2347 sit
3673 2295 3805 2350 utile

2217 2379 2389 2433 scire?
2416 2378 2482 2432 Et
2507 2377 2636 2432 illud
2658 2378 2870 2449 quidem
2896 2396 2990 2448 per
3011 2380 3158 2435 illum
3187 2381 3320 2446 scio,
3353 2396 3457 2437 non
3483 2398 3603 2438 esse
3631 2385 3803 2440 nostri

2216 2469 2354 2522 scire
2402 2477 2639 2537 tempora
2678 2485 2797 2538 qua:
2842 2470 3001 2525 Pater
3045 2472 3222 2541 posuit
3280 2472 3332 2526 in
3375 2487 3470 2526 sua
3514 2483 3802 2543 potestate.

2218 2558 2406 2614 Utrum
2434 2571 2611 2615 autem
2668 2560 2928 2630 originem
2976 2563 3270 2615 animarum
3298 2603 3313 2628 ,
3359 2577 3516 2632 quam
3563 2563 3803 2618 nondum

2216 2651 2348 2716 scio,
2377 2660 2616 2706 nostrum
2643 2651 2712 2706 sit
2741 2653 2908 2718 scire,
2954 2652 3003 2706 id
3034 2661 3149 2716 est,
3197 2652 3458 2721 pertineat
3497 2653 3565 2708 ad
3610 2669 3706 2708 nos
3747 2654 3803 2710 id

2217 2742 2384 2807 scire,
2413 2758 2511 2796 nec
2538 2743 2640 2797 hoc
2667 2743 2882 2812 quidem
2925 2742 3056 2798 scio.
3100 2743 3230 2798 Nam
3268 2745 3311 2797 si
3345 2745 3530 2799 saltem
3562 2745 3665 2800 hoc
3693 2748 3802 2800 sci~

2216 2848 2330 2888 rem
2349 2874 2364 2898 ,
2396 2833 2536 2904 quod
2559 2844 2796 2888 nostrum
2825 2851 2930 2888 non
2957 2836 3027 2888 sit
3054 2835 3102 2888 id
3128 2836 3284 2900 scire,
3309 2851 3417 2890 non
3447 2838 3619 2892 solum
3649 2838 3798 2892 alitr-

2218 2940 2366 2979 tnare
2412 2925 2662 2994 quamdiu
2708 2927 2918 2992 nescio,
2969 2943 3152 2981 verum
3195 2929 3354 2982 etiam
3407 2945 3648 2999 qumrere
3688 2932 3803 2999 jam

2216 3015 2550 3072 desisterem.
2598 3018 2749 3073 Nunc
2775 3028 2972 3084 autem,
3005 3021 3245 3090 quamvis
3278 3031 3382 3076 tam
3411 3023 3479 3077 sit
3513 3023 3804 3079 obscurum

2216 3121 2280 3160 ac
2311 3107 2646 3177 profundum,
2679 3118 2738 3163 ut
2766 3109 2882 3178 plus
2909 3110 3016 3164 illic
3041 3109 3264 3167 docendi
3295 3127 3510 3168 caveam
3541 3109 3825 3170 tenuerint?

2218 3207 2366 3266 tem,
2415 3215 2572 3270 quam
2625 3199 2859 3255 discendi
2917 3200 3140 3256 habeam
3189 3203 3563 3271 cupiditatem;
3623 3214 3802 3260 tamen

2217 3291 2377 3345 etiam
2411 3291 2510 3346 hoc
2534 3290 2654 3344 volo
2680 3292 2836 3353 scire,
2878 3290 2925 3345 si
2951 3307 3188 3361 possum.
3231 3291 3299 3346 Et
3326 3293 3446 3347 licet
3486 3294 3652 3346 multo
3680 3309 3801 3347 ant-

2217 3382 2355 3452 plius
2382 3385 2451 3436 sit
2476 3382 2868 3446 necessarium,
2897 3382 3038 3452 quod
3081 3383 3149 3437 ait
3197 3383 3283 3438 ille
3323 3393 3568 3447 sanctus,
3605 3382 3804 3438 Nolunt

2219 3473 2345 3526 mihi
2363 3473 2462 3542 fac,
2493 3471 2724 3536 Domine,
2753 3472 2905 3539 linem
2929 3489 3093 3525 meum
3116 3472 3283 3544 (Psal.
3311 3489 3544 3537 xxxvnt,
3567 3472 3641 3546 5),
3672 3476 3804 3546 (non

2217 3565 2358 3618 enim
2389 3565 2482 3626 ait,
2514 3564 2716 3617 initium
2747 3562 2944 3635 meum)
2975 3563 3043 3636 (c)
3078 3563 3217 3634 quod
3255 3564 3321 3618 ad
3351 3565 3503 3621 istam
3546 3569 3801 3636 quaestio-
3853 3602 3862 3608 ι

2219 3671 2339 3708 nctn
2367 3655 2572 3714 attinet,
2605 3669 2690 3707 me
2720 3653 2926 3707 lateret.

2290 3746 2512 3802 CAPUT
2551 3745 2685 3800 Vlll.
2712 3775 2783 3785 ——
2809 3745 2896 3799 17.
2929 3744 3122 3799 Verum
3159 3743 3228 3800 dc
3267 3745 3382 3815 ipso
3415 3760 3623 3816 quoque
3649 3747 3804 3802 initio

2219 3853 2340 3892 meo
2371 3838 2605 3906 ingratus
2634 3836 2841 3888 Doctori
2886 3850 3005 3890 meo
3044 3852 3148 3892 non
3191 3851 3338 3902 sum,
3385 3838 3524 3906 quod
3567 3839 3803 3893 animam

2221 3928 2502 3982 humanam
2534 3927 2778 3996 spiritum
2803 3941 2923 3981 esse
2949 3942 3054 3980 non
3082 3943 3294 3998 corpus,
3321 3943 3544 3997 eamque
3565 3931 3803 3982 ratiooa~

2219 4019 2403 4082 bilem,
2435 4018 2516 4071 vel
2549 4017 2960 4072 intellectualem
2989 4017 3128 4081 scio;
3161 4033 3258 4072 nec
3294 4033 3411 4072 eam
3441 4018 3530 4072 Dei
3559 4033 3677 4072 esse
3707 4034 3806 4072 na-

2223 4118 2412 4171 turam,
2437 4107 2528 4162 sed
2550 4108 2722 4176 potius
2738 4119 3034 4162 creaturam
3055 4109 3387 4178 aliquatenus
3406 4112 3680 4164 mortalem
3707 4110 3798 4181 (Ι),

2219 4199 2273 4254 in
2306 4208 2559 4268 quantum
2588 4199 2640 4252 in
2668 4199 2900 4252 deterius
2926 4199 3260 4266 commutari,
3289 4210 3340 4254 et
3368 4216 3396 4252 a
3425 4202 3527 4254 vita
3556 4201 3678 4265 Dei,
3707 4217 3804 4254 cn~

2216 4289 2304 4359 jus
2332 4291 2732 4361 participatione
2761 4291 2910 4344 beata
2934 4291 3021 4355 sit,
3049 4291 3266 4344 alienari
3295 4297 3500 4359 potest;
3523 4301 3576 4345 et
3599 4293 3803 4362 aliqua-

2221 4387 2376 4432 tenus
2420 4379 2807 4441 immortalem,
2857 4379 3105 4447 quoniam
3152 4395 3398 4444 sensum,
3434 4395 3540 4450 quo
3581 4381 3629 4435 ei
3679 4392 3806 4451 post

2223 4471 2358 4525 hanc
2381 4473 2540 4524 vitam
2572 4471 2652 4524 vel
2699 4471 2833 4524 bene
2870 4469 2950 4524 vel
2997 4471 3135 4524 male
3165 4471 3263 4536 sit,
3294 4473 3535 4526 amittere
3573 4488 3674 4526 non
3709 4487 3808 4542 po-

2221 4569 2344 4614 test.
2390 4559 2512 4614 Scio
2549 4559 2706 4612 etiam
2745 4575 2848 4612 non
2888 4574 3003 4612 eam
3050 4575 3145 4627 pro
3187 4561 3392 4614 actibus
3430 4571 3554 4616 ante
3584 4577 3803 4616 carnem

2221 4650 2381 4720 gestis
2409 4649 2600 4704 includi
2629 4650 2681 4702 in
2713 4664 2872 4702 carne
2902 4651 3188 4714 meruisse;
3216 4651 3309 4704 sed
3332 4667 3429 4706 nec
3457 4653 3576 4707 ideo
3596 4670 3717 4708 esse
3744 4656 3797 4708 in

2223 4741 2437 4794 homine
2461 4739 2576 4794 sine
2599 4739 2755 4794 sorde
2785 4740 2986 4810 peccati
3009 4781 3024 4807 ,
3051 4741 3145 4794 etsi
3171 4741 3318 4795 unius
3349 4742 3468 4808 diei,
3500 4744 3635 4798 sicut
3662 4746 3805 4799 scri-

2285 4915 2358 4977 (a)
2381 4913 2514 4979 Idem
2535 4919 2740 4979 testatur
2773 4915 2915 4979 epist.
2944 4914 3126 4979 148,7n.
3151 4913 3208 4977 4;
3235 4915 3378 4977 epist.
3406 4917 3520 4977 15⁵7,
3545 4931 3594 4966 n.
3630 4917 3683 4967 11
3703 4933 3716 4979 ;
3740 4919 3808 4968 de

2223 4974 2349 5024 Geni
2367 4975 2426 5024 ad
2451 4975 2542 5024 litt.
2568 4974 2654 5024 lib.
2678 4975 2752 5033 12,
2771 4974 2816 5024 ei
2839 4976 2914 5034 18,
2939 4991 2987 5024 n.
3011 4978 3088 5025 59.

2309 5037 2359 5099 b)
2384 5036 2466 5085 Adi
2489 5035 2572 5099 lib.
2591 5042 2757 5085 contra
2781 5036 3170 5096 Priscillianistas,
3188 5049 3320 5086 num.
3345 5035 3434 5088 ult.

2307 5098 2355 5160 ο)
2370 5098 2646 5160 Legendum
2665 5099 3157 5162 l’grtegprwsentietur.
3180 5099 3252 5147 sic
3267 5099 3479 5162 confess.
3499 5098 3584 5148 lib.
3607 5101 3678 5157 11,
3697 5111 3809 5162 cap.

2226 5157 2371 5208 18⁷;’«
2395 5157 2555 5208 Utrum
2576 5157 2745 5206 Similis
2766 5157 2830 5208 sit
2849 5172 2991 5221 causa
3016 5159 3159 5209 etiam
3182 5159 3593 5221 praedicendorum
3617 5157 3809 5211 futuro-

2233 5235 2255 5266 ι
2269 5233 2396 5284 rum,
2419 5227 2474 5269 ut
2493 5231 2660 5284 rerum
2677 5231 2827 5284 ,ηοω
2849 5220 3058 5284 nondum
3088 5220 3232 5278 sunt,
3253 5221 3352 5280 jam
3377 5223 3650 5272 existentes
3684 5236 3812 5284 prte-

2232 5297 2256 5326 s
2272 5283 2543 5330 sentiantur
2565 5280 2828 5344 imagines;
2865 5282 3094 5331 conﬁteor
3110 5290 3278 5344 ,roeus
3300 5295 3442 5332 meus
3459 5319 3474 5344 ,
3499 5280 3726 5333 neseioI»
3758 5291 3813 5333 Et.

2225 5355 2336 5406 mox
2362 5355 2374 5390 :
2408 5358 2431 5386 ι
2451 5350 2648 5404 Quoquo
2671 5342 2818 5406 modo
2853 5356 2910 5391 se
2940 5352 3102 5406 itaque
3135 5343 3312 5406 habeat
3333 5342 3504 5393 arcana
3543 5347 3811 5406 praesensio

2234 5420 2257 5449 ι
2274 5403 2679 5462 ἱιιῐιιτοιυιιῐηςθιε.
2697 5403 2796 5469 _Ubi
2819 5413 2962 5452 antea
2984 5403 3210 5469 corrupte
3243 5403 3499 5467 legebatur
3521 5403 3815 5469 praesentet:-

2233 5480 2258 5510 ι
2275 5470 2353 5528 tur
2376 5478 2460 5524 pro
2483 5465 2866 5528 prwsentitmtur,
2892 5472 2943 5513 et
2963 5463 3217 5528 prtesentia
3239 5463 3324 5528 pro
3346 5463 3654 5528 praesensio.»

2228 5526 2371 5636 “buli
2390 5525 2609 5636 Bittide?
2631 5526 2950 5636 gumstiouem
2963 5525 3126 5575 movet
3143 5525 3207 5574 de
3225 5525 3385 5574 Anima
3401 5535 3450 5576 et
3474 5528 3579 5590 ejus
3594 5529 3813 5590 urigine,

2248 5599 2313 5636 ID.
2342 5599 2388 5636 4.
2412 5600 2456 5636 C.
2483 5599 2538 5636 4.
2565 5599 2614 5634 ιι.
2639 5599 2686 5636 5.

2315 5622 2822 5710 ei’Legeiid-ilui’l‘orte,
2845 5645 3018 5698 nollem
3037 5648 3182 5710 quod,
3209 5654 3306 5698 etc.

2326 5707 2374 5771 f)
2390 5707 2593 5773 t‘zonsule
2611 5708 2692 5773 lib.
2706 5716 2874 5773 contra
2895 5707 3189 5772 Priscilliau.,
3200 5722 3244 5760 c.
3261 5711 3308 5772 1,
3333 5723 3382 5760 n.
3403 5710 3526 5773 l;et
3548 5709 3633 5760 lib.
3652 5708 3683 5758 2
3701 5721 3818 5760 cen-

2230 5769 2305 5821 tra
2327 5769 2545 5820 Maximiu
2569 5804 2583 5828 ,
2601 5782 2645 5820 c.
2675 5769 2748 5827 12.
2775 5786 2822 5818 u.
2842 5769 2888 5819 9.
