4120 6358
351 357 454 416 957

353 486 498 545 ptum
524 480 624 535 est,
658 471 806 542 fuerit
825 470 926 524 vita
947 471 1054 540 ejus
1077 483 1226 538 super
1249 474 1431 521 terram
1464 463 1583 538 (Job
1614 481 1727 529 rm,
1752 465 1806 530 5,
1835 481 1916 518 se-

352 565 572 619 cundum
597 562 784 633 LXX).
815 563 892 617 Ac
921 576 1005 631 per
1045 559 1146 616 hoc
1171 559 1282 614 scio
1309 573 1376 612 ex
1409 556 1575 611 Adam
1602 570 1701 626 per
1733 555 1924 609 seriem

349 655 710 727 generationis
748 653 864 709 sine
903 661 1119 724 peccato
1166 651 1431 706 neminem
1476 648 1651 714 nasci;
1695 646 1837 702 unde
1872 653 1928 700 et

351 745 580 816 parvulis
603 744 958 801 necessarium
983 751 1062 799 est
1086 759 1177 814 per
1196 742 1418 815 gratiam
1440 737 1851 810 regenerationis
1872 736 1927 790 in

349 835 560 892 Christo
588 835 812 890 renasci.
846 834 971 890 Haec
996 842 1100 889 tam
1124 834 1291 888 multa
1309 875 1325 901 ,
1354 846 1455 888 nec
1480 845 1659 902 parva,
1685 828 1752 883 de
1777 827 1927 882 initio

350 928 428 983 vel
473 928 677 997 origine
722 927 1017 982 animarum
1067 935 1398 990 nostrarum,
1444 923 1496 977 in
1535 920 1726 992 quibus
1774 919 1926 990 plura

348 1031 479 1090 sunt
496 1019 560 1076 ad
587 1037 702 1076 eam
726 1021 998 1076 scientiam
1026 1017 1361 1089 pertinentia,
1384 1029 1501 1086 quae
1529 1013 1631 1069 ﬁde
1656 1019 1925 1077 constant,

347 1122 406 1183 et
426 1113 674 1169 didicisse
701 1128 785 1167 me
805 1113 1063 1183 gratulor,
1110 1121 1163 1165 et
1191 1123 1347 1164 nosse
1374 1107 1650 1162 conﬁrmo.
1681 1104 1926 1173 Quapro-

349 1173 484 1276 pter,
513 1207 554 1260 si
580 1205 837 1260 nescian
864 1203 1068 1274 origine
1096 1202 1412 1268 animarum,
1444 1210 1619 1254 utrum
1646 1198 1761 1252 illas
1785 1196 1926 1250 Deus

348 1298 650 1354 hominibus
689 1315 754 1354 ex
797 1298 1110 1368 propagine,
1156 1312 1222 1351 an
1264 1296 1379 1350 sine
1412 1293 1700 1366 prepagine
1735 1291 1924 1355 faciat,

345 1406 478 1462 quas
506 1401 679 1444 tamen
709 1390 776 1444 ab
822 1391 935 1459 ipso
965 1390 1078 1443 ﬁeri
1123 1403 1228 1442 non
1256 1385 1468 1456 ambigo
1487 1427 1502 1452 ,
1548 1385 1685 1440 seire
1712 1381 1926 1453 quidem

346 1491 400 1536 et
427 1480 530 1536 hoc
561 1480 726 1551 magis
748 1481 883 1551 eligo
903 1523 918 1546 ,
943 1496 1099 1551 quam
1131 1480 1336 1534 nescire
1367 1496 1379 1531 :
1420 1477 1512 1532 sed
1542 1475 1793 1548 quamdiu
1821 1489 1926 1528 non

346 1589 584 1645 possum,
619 1575 808 1629 melius
835 1573 958 1628 hinc
984 1574 1184 1635 dubito,
1215 1588 1373 1642 quam
1397 1570 1542 1626 velut
1565 1580 1768 1624 certum
1799 1583 1926 1622 con-

349 1665 561 1720 ﬁrmare
590 1666 782 1736 aliquid
811 1665 997 1730 audeo,
1031 1665 1169 1736 quod
1212 1665 1284 1718 illi
1321 1664 1399 1719 rei
1441 1663 1508 1717 sit
1547 1661 1683 1718 forte
1711 1668 1926 1716 contra-

346 1757 504 1818 rium,
538 1757 604 1812 de
633 1774 730 1827 qua
753 1757 992 1812 dubitare
1023 1772 1127 1811 non
1153 1757 1340 1811 debeo.

420 1851 506 1906 18.
534 1851 611 1904 Tu
645 1851 820 1920 itaque
842 1893 855 1913 ,
907 1851 977 1904 mi
1011 1849 1173 1904 frater
1195 1850 1362 1914 bone,
1405 1848 1652 1918 quoniam
1695 1845 1925 1901 consulis

349 1960 455 2009 me,
485 1954 538 1998 et
569 1944 645 1996 vis
674 1959 832 1996 unum
865 1943 1050 1996 horum
1078 1941 1358 2006 deﬁniam;
1392 1951 1568 1994 utrum
1599 1941 1787 1994 anim-.13
1817 1955 1924 1993 ca:-

351 2045 478 2092 ιρι-ιε
504 2053 566 2090 ex
595 2035 685 2090 illo
712 2050 815 2089 uno
844 2034 1090 2100 homine,
1133 2034 1268 2088 sicut
1301 2047 1520 2101 corpora
1554 2047 1648 2101 per
1676 2029 1926 2099 propagi-

349 2145 493 2196 nem,
525 2145 590 2182 an
614 2129 730 2183 sine
755 2128 1060 2199 propagine,
1089 2127 1222 2181 sicut
1251 2125 1387 2178 illius
1415 2125 1568 2178 unius
1594 2139 1622 2176 a
1651 2125 1922 2188 Creatore,

349 2223 568 2293 singulis
592 2223 810 2292 singulm
839 2220 964 2274 ﬁant
993 2219 1080 2292 (ab
1107 2221 1220 2289 ipso
1244 2219 1384 2273 enim
1413 2217 1522 2272 ﬁeri
1552 2217 1662 2270 sive
1689 2216 1796 2278 sic,
1830 2229 1926 2268 seu

347 2315 424 2369 sic
461 2329 562 2368 non
605 2311 914 2383 negamus);
946 2320 1152 2380 patere.
1184 2320 1239 2363 ιιι
1278 2310 1436 2364 etiam
1475 2310 1585 2376 ipse
1610 2307 1886 2362 consulam
1907 2347 1923 2370 ,

348 2405 612 2476 quomodo
626 2405 743 2458 inde
758 2404 928 2458 anima
946 2413 1220 2474 peccatum
1235 2400 1560 2470 originaliter
1577 2399 1770 2462 trahat,
1789 2397 1926 2452 unde

347 2497 671 2567 originaliter
700 2498 809 2566 ipsa
836 2511 938 2550 non
972 2494 1211 2548 trahitur.
1241 2493 1437 2546 Omnes
1463 2490 1603 2546 enim
1632 2489 1835 2543 animas
1861 2503 1927 2542 ex

348 2591 516 2645 Adam
543 2592 754 2644 trahere
779 2586 1035 2657 originale
1059 2593 1328 2655 peccatum
1367 2582 1608 2637 similiter
1634 2597 1737 2636 non
1771 2595 1927 2650 nega-

351 2699 468 2738 mus
488 2723 501 2746 ,
535 2697 601 2736 ne
635 2681 688 2735 in
718 2680 1050 2749 Pelagianam
1083 2676 1326 2732 haeresim
1359 2673 1722 2729 detestabilem
1755 2673 1926 2726 irrua-

349 2791 486 2831 mus.
520 2775 573 2829 Si
598 2773 698 2829 hoc
722 2773 861 2844 quod
891 2787 989 2842 ego
1019 2772 1308 2840 interrogo,
1332 2784 1433 2824 nec
1455 2779 1508 2822 tu
1534 2768 1668 2832 scis;
1702 2767 1815 2820 sine
1843 2780 1928 2820 me

349 2869 608 2938 patienter
629 2876 907 2936 utrumque
929 2865 1164 2929 nescire,
1201 2871 1253 2916 et
1277 2861 1415 2932 quod
1443 2869 1496 2915 tu
1521 2861 1844 2928 interrogas,
1877 2865 1930 2912 et

348 2957 489 3030 quod
512 2973 610 3028 ego
636 2975 650 3012 :
684 2958 726 3011 si
749 2966 925 3011 autem
946 2955 1052 3024 jam
1076 2953 1180 3008 scis
1204 2951 1344 3023 quod
1367 2953 1654 3020 interrogo,
1681 2965 1801 3004 cum
1828 2948 1930 3003 hoc

349 3051 507 3106 etiam
540 3066 624 3106 me
649 3050 914 3112 docueris,
948 3057 1071 3102 tunc
1097 3055 1151 3102 et
1177 3044 1302 3099 illud
1342 3043 1480 3114 quod
1513 3043 1588 3096 vis
1619 3050 1674 3096 ut
1700 3056 1931 3110 respon-

350 3141 526 3209 deam,
556 3141 687 3196 nihil
713 3141 780 3196 ibi
798 3140 906 3210 jam
934 3140 1145 3194 intuens
1166 3137 1245 3208 (a)
1273 3135 1626 3206 respondebo.
1654 3133 1784 3188 Peto
1803 3147 1930 3202 ergo

350 3251 418 3290 ne
445 3249 760 3290 succenseas
782 3277 794 3294 .
825 3233 946 3302 quia
974 3247 1078 3286 non
1104 3231 1248 3301 potui
1275 3229 1593 3286 conﬁrmare
1622 3229 1762 3300 quod
1786 3243 1932 3298 qua:-

352 3327 459 3394 ris,
501 3326 592 3382 sed
629 3327 772 3396 potui
803 3325 1188 3388 demonstrare,
1216 3322 1340 3392 quid
1365 3336 1604 3392 qureras;
1644 3319 1784 3392 quod
1807 3334 1933 3375 cum

354 3421 638 3484 inveneris,
668 3419 987 3474 conﬁrmare
1015 3433 1118 3472 non
1147 3416 1356 3471 dubites
1377 3415 1518 3485 quod
1542 3415 1840 3486 quaerebas.

425 3510 511 3567 19.
540 3510 605 3565 Ει
636 3510 736 3564 hoc
764 3510 975 3580 quidem
1004 3508 1276 3564 Sanctitati
1308 3517 1409 3561 tuae
1437 3506 1776 3561 scribendum
1822 3506 1935 3560 exi-

351 3603 578 3668 stimavi,
604 3603 694 3673 qui
723 3603 1059 3672 propaginem
1099 3601 1396 3654 animarum
1425 3599 1533 3669 jam
1564 3599 1713 3668 quasi
1755 3607 1936 3654 certus

356 3695 759 3765 improbandam
809 3703 981 3765 putas.
1024 3693 1286 3748 Caeterum
1315 3693 1357 3746 si
1387 3693 1487 3747 illis
1512 3693 1599 3762 qui
1630 3691 1765 3747 hanc
1789 3707 1935 3747 asse-

352 3794 494 3853 runt,
513 3785 902 3841 rescribendum
919 3784 1123 3850 fuisset,
1143 3784 1377 3840 fortassis
1393 3784 1746 3848 ostenderem,
1760 3800 1937 3855 quem-

353 3878 636 3933 admodum
691 3878 761 3942 id,
790 3877 931 3948 quod
985 3893 1043 3932 se
1086 3893 1246 3932 nosse
1275 3877 1618 3942 arbitrantur,
1653 3877 1930 3948 ignorent;

357 3977 413 4025 et
450 3987 514 4024 ne
542 3969 642 4025 hoc
666 3985 905 4024 asserere
931 3967 1208 4035 auderent,
1237 3979 1495 4038 quantum
1525 3968 1810 4023 formidare
1839 3969 1934 4023 de-

357 4057 563 4117 herent.

428 4153 518 4208 20.
547 4151 687 4208 Sane
714 4152 764 4206 in
791 4150 1046 4220 rescripto
1070 4150 1246 4216 amici,
1279 4150 1417 4220 quod
1446 4149 1568 4204 huic
1591 4150 1825 4219 epistolae
1850 4151 1934 4204 in-

357 4244 523 4309 serui,
557 4257 624 4297 ne
658 4253 706 4297 te
733 4243 866 4296 forte
904 4252 1112 4296 moveat
1142 4241 1282 4311 quod
1311 4241 1446 4294 duos
1472 4241 1632 4295 libros
1658 4258 1688 4296 a
1711 4258 1796 4296 me
1812 4242 1938 4297 mis-

355 4351 448 4391 sos
492 4333 950 4396 commemoravit,
978 4334 1168 4404 quibus
1220 4332 1544 4401 respondere
1584 4348 1806 4388 vacuum
1836 4334 1936 4388 sibi

360 4435 571 4496 tempus
599 4442 703 4479 non
746 4425 904 4480 fuisse
947 4423 1222 4493 reSpondit
1246 4441 1258 4477 :
1287 4439 1424 4477 unus
1450 4432 1531 4477 est
1573 4423 1640 4478 de
1671 4423 1769 4477 hac
1787 4439 1934 4493 quae-

359 4519 554 4584 stione,
577 4533 682 4571 non
709 4516 898 4582 ambo;
931 4516 981 4569 in
1004 4515 1106 4568 alio
1131 4525 1306 4569 autem
1351 4515 1475 4569 illud
1510 4513 1582 4586 (b)
1606 4515 1672 4570 ab
1695 4515 1784 4568 illo
1810 4531 1940 4570 con-

356 4609 579 4665 sulendo
604 4617 656 4664 et
685 4597 1052 4677 pertractando
1078 4607 1315 4677 quaesivi.
1345 4606 1496 4674 Quod
1528 4622 1653 4661 vero
1685 4607 1938 4664 admonet

358 4713 411 4757 et
430 4701 692 4769 hortatur,
718 4713 774 4756 ut
803 4702 968 4772 magis
987 4701 1173 4755 demus
1197 4715 1434 4769 operam,
1467 4708 1526 4755 ut
1546 4702 1932 4770 perniciosissi—

360 4809 444 4846 ma
476 4781 694 4848 barresis
721 4793 786 4848 de
809 4793 1058 4848 Ecclesiis
1083 4792 1383 4857 auferatur;
1411 4792 1555 4847 illam
1583 4793 1747 4862 ipsam
1781 4795 1936 4848 Pela-

356 4885 568 4954 gianam
620 4885 866 4940 haeresim
907 4885 1056 4948 dicit,
1088 4899 1245 4954 quam
1292 4885 1594 4939 cautissime
1626 4891 1684 4939 ut
1708 4886 1932 4953 devites,

419 5020 490 5084 (a)
521 5029 671 5072 Locus
696 5023 959 5085 obscurus,
981 5033 1130 5085 quem
1169 5032 1235 5070 ex
1272 5023 1547 5085 conjectura
1573 5019 1936 5085 siclegendum

419 5034 490 5084 (α)
521 5034 671 5072 Locus
696 5034 930 5071 οιιεειιηιε
1051 5034 1130 5070 em
1169 5034 1235 5070 ex
1272 5034 1547 5085 (3011]εϐιιιτ3
1573 5034 1643 5070 Slc
1673 5034 1718 5070 le

355 5085 548 5154 quietam
565 5091 803 5154 causam:
826 5056 959 5154 -ιίίιίί
972 5034 1158 5154 ἶῗὲῗιαεη
1178 5087 1388 5154 vacem
1410 5081 1718 5154 rspondebo-

419 5145 492 5210 (ὁ)
522 5141 1125 5210 sane_legendum,_aliud
1157 5141 1217 5210 al)
1245 5141 1345 5194 illo.
1371 5141 1496 5203 Quid
1517 5145 1773 5210 sit‘_aut_em
1809 5146 1937 5210 istud

354 5203 491 5258 aliud
512 5244 528 5268 ,
559 5209 623 5256 ab
651 5203 758 5269 ipso
804 5203 1062 5270 Augusuno
1106 5205 1270 5270 accipe
1313 5213 1516 5270 aetract.
1562 5204 1646 5254 lib.
1681 5205 1745 5267 ‘2,
1777 5207 1932 5270 c._45.

363 5267 520 5332 «seri,
531 5270 572 5318 si
597 5267 760 5332 etiam,
785 5267 957 5332 inquit,
979 5268 1100 5317 duos
1122 5267 1279 5332 libros
1307 5268 1366 5332 ad
1390 5269 1725 5332 Hieronymum
1753 5268 1937 5332 seden-

363 5348 387 5376 κ
405 5328 514 5381 tein"
529 5332 576 5380 in
601 5328 912 5390 Bethlehcm;
937 5342 1084 5378 unum
1104 5329 1168 5391 de
1197 5329 1391 5391 Origine
1428 5328 1625 5391 animae,
1643 5328 1851 5379 alterum
1871 5331 1936 5381 de

363 5408 387 5438 ε
401 5393 648 5454 sententia
672 5394 829 5442 Jacobi
854 5389 934 5440 ubi
958 5393 1042 5454 ait,
1066 5389 1353 5454 (numenque
1375 5396 1522 5441 totam
1543 5389 1693 5454 legem
1725 5404 1938 5442 servave-

362 5453 466 5505 u't'l
486 5493 500 5514 ,
536 5454 742 5518 offendat
773 5461 932 5518 autem
961 5452 1011 5502 in
1043 5452 1424 5518 tmo,_ﬁgctu§_est
1455 5453 1665 5518 omnium
1695 5465 1841 5518 reus;
1871 5455 1935 5503 de

362 5513 611 5579 «iureque
639 5515 898 5579 consulens
929 5528 1058 5564 eum.
1091 5513 1271 5579 sed‘in
1300 5513 1381 5564 illo
1413 5517 1572 5576 priore
1617 5517 1937 5579 quaestionem

361 5594 386 5623 ι
400 5575 548 5640 quam
573 5579 814 5640 proposui,
839 5578 944 5640 ipse
967 5591 1062 5640 non
1085 5575 1205 5626 solvi
1221 5577 1309 5640 ;_in
1335 5575 1604 5638 posteriore
1634 5575 1798 5640 autem
1821 5577 1933 5639 quid

361 5655 386 5686 ι
401 5638 518 5688 mihi
539 5638 604 5689 de
622 5638 701 5689 illa
718 5638 946 5690 solvenda
965 5639 1227 5698 videretur,
1248 5638 1354 5698 ipse
1375 5651 1472 5688 non
1489 5641 1613 5689 tacui
1635 5651 1647 5687 :
1667 5639 1754 5688 sed
1773 5638 1934 5688 utrum

361 5716 385 5746 α
399 5699 491 5764 hoc
511 5704 801 5764 approbaret
825 5703 967 5764 etiam
987 5700 1086 5760 ille,
1106 5699 1339 5752 consului.
1363 5701 1614 5763 Rescripsit
1636 5710 1817 5760 autem,
1838 5700 1936 5749 lau-

361 5779 385 5808 ι
400 5762 522 5813 dans
539 5762 761 5814 eamdem
776 5762 1170 5814 consultationem
1188 5776 1365 5821 meant,
1377 5763 1467 5812 sibi
1488 5762 1649 5812 tamen
1665 5764 1725 5812 ad
1741 5775 1934 5824 reSpon-

361 5840 386 5871 ι
400 5824 615 5876 dendum
633 5829 784 5877 otium
804 5839 898 5874 non
923 5838 1034 5874 esse
1057 5824 1321 5887 reSpondit.
1337 5841 1358 5868 ιι

715 5910 936 5972 Sucr.
972 5912 1245 5971 Anaus'r.
1277 5908 1357 5969 ll.

1480 349 1957 408 EPISTOLARUM
2021 349 2298 407 CLASSIS
2335 353 2423 410 Hl.

3509 355 3612 412 958

2031 471 2283 536 quantum
2313 477 2549 534 possum,
2582 461 2764 531 frater,
2787 462 3067 525 admoneo,
3091 477 3210 518 cum
3231 463 3298 518 de
3314 464 3607 520 animarum

2032 556 2236 626 origine
2261 555 2372 612 sive
2399 557 2617 627 cogitas,
2656 555 2767 611 sive
2784 555 2894 626 jam
2919 555 3188 626 disputas;
3220 570 3286 609 ne
3319 555 3411 608 tibi
3439 557 3611 611 subri-

2034 649 2142 718 piat
2166 646 2244 720 (a)
2267 662 2386 703 esse
2409 647 2752 714 credendum,
2776 647 2933 703 ullam
2971 662 3194 720 prorsus
3221 647 3454 701 animam
3503 649 3606 704 nisi

2032 738 2191 794 unius
2215 739 2535 807 Mediatoris,
2562 753 2666 794 non
2688 755 2751 795 ex
2778 738 2944 795 Adam
2963 738 3171 794 trahere
3199 737 3452 808 originale
3475 752 3606 808 pec-

2031 841 2228 900 catum,
2260 834 2599 906 generatione
2618 833 2939 901 devinctum,
2972 831 3375 904 regeneratione
3397 832 3609 888 solven-

2033 925 2178 983 dum.

2485 1061 2809 1119 EPISTOLA
2849 1061 3002 1119 ccut
3033 1066 3054 1088 ο
3087 1062 3186 1136 (b).

2032 1191 2339 1263 Augustinus
2363 1191 2552 1265 Largo,
2579 1202 2637 1247 ut
2663 1193 2790 1249 bona
2817 1195 2991 1249 seculi
3016 1195 3167 1266 hujus
3193 1209 3323 1249 vana
3367 1202 3602 1266 expertus

2103 1295 2414 1353 contemnat,
2461 1295 2611 1356 utque
2664 1303 2728 1343 αις
2772 1289 3087 1360 perpessione
3129 1289 3376 1342 malorum
3424 1289 3600 1343 melior

2104 1377 2301 1432 evadat.

2033 1512 2258 1566 Domino
2300 1512 2490 1583 insigni
2518 1521 2571 1568 et
2619 1513 3072 1582 praestantissimo,
3100 1524 3154 1570 et
3182 1515 3606 1571 desiderantissi-

2104 1621 2192 1659 mo
2214 1603 2321 1659 ﬁlio
2344 1605 2522 1662 Laneo
2552 1605 2645 1677 (c),
2663 1607 3012 1671 Auens'rnvns,
3043 1608 3093 1661 in
3118 1608 3340 1661 Domino
3356 1609 3603 1663 salutem.

2103 1697 2293 1766 Accepi
2318 1697 2518 1753 litteras
2564 1698 2896 1754 Eximietatis
2950 1708 3070 1762 tuae,
3115 1699 3307 1769 quibus
3337 1716 3421 1754 me
3467 1701 3530 1754 ad
3562 1709 3614 1756 te

2031 1790 2207 1862 petisti
2240 1799 2296 1844 ut
2327 1790 2635 1845 scriberem.
2677 1790 2830 1860 Quod
2877 1791 3088 1862 quidem
3118 1806 3222 1847 non
3255 1791 3609 1858 desiderares,

2030 1882 2133 1936 nisi
2161 1883 2334 1936 ethoc
2358 1881 2498 1952 quod
2522 1897 2608 1938 me
2651 1895 2805 1951 posse
2831 1883 3063 1938 scribere
3109 1883 3451 1947 existimasti,
3481 1898 3603 1952 gra-

2033 1981 2142 2028 tum
2174 1973 2398 2029 haberes
2435 1983 2593 2043 atque
2613 1975 2923 2043 jucundum.
2959 1976 3013 2030 ld
3042 1985 3218 2030 autem
3246 1986 3344 2040 est,
3376 1987 3431 2030 ut
3470 1991 3606 2031 vana

2033 2063 2212 2118 sarculi
2246 2057 2420 2133 hujus,
2463 2064 2506 2118 si
2533 2064 2808 2134 inexperta
2833 2065 3147 2134 concupisti,
3178 2076 3395 2136 experta
3420 2076 3605 2122 conte-

2032 2169 2201 2208 mnas.
2223 2155 2403 2209 Fallax
2430 2162 2513 2210 est
2533 2155 2672 2210 enim
2709 2156 2759 2209 in
2787 2156 2864 2210 eis
2884 2157 3138 2221 suavitas,
3163 2165 3217 2210 et
3246 2157 3608 2212 infructuosus

2032 2245 2199 2312 labor,
2233 2253 2286 2300 et
2326 2254 2614 2316 perpetuus
2657 2247 2833 2312 timor,
2863 2255 2917 2302 et
2961 2248 3257 2316 periculosa
3289 2249 3608 2303 sublimitas.

2031 2338 2239 2393 Initium
2263 2339 2378 2393 sine
2409 2338 2759 2408 providentia,
2806 2347 2860 2394 et
2891 2338 3010 2392 linis
3031 2354 3149 2392 cum
3181 2340 3508 2407 pmnitentia.
3538 2341 3611 2393 lia

2030 2446 2089 2486 se
2127 2430 2323 2484 habent
2347 2430 2520 2484 omnia
2551 2445 2669 2499 quae
2696 2430 2747 2484 in
2769 2429 2866 2484 ista
2902 2430 3236 2484 mortalitatis
3261 2447 3495 2500 aerumna
3517 2447 3613 2488 cu-

2029 2525 2205 2596 pidius
2233 2541 2391 2596 quam
2423 2524 2735 2595 prudentius
2763 2531 3102 2594 appetuntur.
3157 2527 3271 2581 Alia
3323 2537 3404 2582 est
3430 2537 3610 2582 autem

2031 2630 2153 2686 spes
2184 2617 2410 2685 piorum,
2459 2616 2594 2670 alius
2634 2616 2829 2670 laboris
2877 2615 3097 2681 fructus,
3125 2618 3227 2670 alia
3258 2619 3611 2686 periculorum

2033 2720 2255 2760 merces.
2299 2705 2431 2760 Nam
2461 2706 2513 2759 in
2545 2705 2646 2761 hoc
2685 2705 2881 2760 mundo
2909 2721 3011 2760 non
3037 2707 3241 2771 timere,
3273 2724 3380 2761 non
3405 2709 3606 2774 dolere,

2033 2811 2136 2850 non
2169 2796 2428 2862 laborare,
2456 2811 2559 2850 non
2584 2797 2868 2865 periclitari
2887 2795 3210 2865 impossibile
3227 2808 3310 2851 est
3337 2814 3353 2850 :
3381 2799 3473 2853 sed
3498 2799 3614 2868 plu-

2033 2887 2225 2941 rimum
2254 2888 2602 2956 interestqua
2655 2901 2834 2954 causa,
2889 2901 2993 2957 qua
3033 2888 3450 2957 exspectatione,
3503 2905 3610 2957 quo

2035 2980 2260 3036 termino
2286 2979 2383 3033 ista
2413 2979 2633 3049 quisque
2661 2978 2904 3048 patiatur.
2939 2979 3048 3048 Ego
3080 2979 3292 3049 quidem
3320 2995 3439 3034 cum
3464 2996 3616 3034 ama-

2035 3080 2177 3126 tores
2204 3069 2383 3126 saeculi
2409 3069 2565 3139 hujus
2596 3071 2823 3135 intueor,
2854 3070 3035 3125 nescio
3062 3071 3276 3140 quando
3294 3073 3462 3140 possit
3488 3087 3610 3127 esse

2035 3162 2101 3218 ad
2147 3177 2334 3218 eorum
2385 3162 2593 3216 animos
2642 3160 2907 3217 sanandos
2962 3171 3260 3232 opportuna
3311 3163 3614 3231 sapientia:

2036 3255 2248 3324 quando
2291 3255 2430 3310 enim
2478 3271 2566 3311 res
2598 3255 2744 3309 velut
2781 3269 3064 3326 prosperas
3117 3255 3334 3321 habent,
3366 3257 3502 3311 fastu
3533 3273 3620 3312 re-

2035 3355 2232 3417 spuunt
2257 3346 2496 3402 salubres
2546 3347 2795 3409 monitus,
2829 3355 2885 3400 et
2939 3348 3086 3416 quasi
3129 3347 3321 3401 anilem
3376 3357 3624 3418 reputant

2036 3438 2393 3504 cantilenam;
2427 3438 2640 3508 quando
2668 3448 2842 3492 autem
2874 3438 2925 3491 in
2969 3437 3206 3493 adversis
3235 3449 3418 3508 agunt,
3454 3442 3621 3510 magis

2037 3531 2272 3601 cogitant
2293 3529 2520 3584 evadere
2541 3528 2680 3584 unde
2707 3529 2772 3583 ad
2793 3543 3026 3598 prmsens
3050 3539 3332 3599 anguntur,
3352 3547 3507 3599 quam
3531 3546 3622 3584 ca-

2039 3638 2164 3693 pere
2183 3621 2322 3676 unde
2341 3630 2609 3686 curentur,
2633 3631 2686 3676 et
2709 3621 2847 3676 unde
2864 3623 3174 3691 perveniant
3199 3621 3285 3676 ubi
3306 3625 3425 3692 angi
3453 3624 3618 3677 omni-

2037 3729 2108 3768 no
2134 3731 2236 3769 non
2268 3714 2490 3784 possint.
2539 3714 2833 3784 Aliquando
2865 3725 3040 3769 tamen
3067 3715 3279 3784 quidam
3313 3717 3491 3771 cordis
3515 3732 3611 3769 au-

2039 3824 2126 3862 res
2175 3808 2460 3864 admovent
2504 3818 2662 3879 atque
2711 3807 2964 3864 adhibent
3016 3809 3245 3874 veritati,
3277 3810 3448 3864 rarius
3485 3811 3624 3866 inter

2039 3914 2312 3969 prospera,
2346 3900 2584 3954 crebrius
2634 3900 2772 3954 inter
2819 3901 3081 3967 adversa;
3114 3901 3207 3955 sed
3250 3909 3426 3956 tamen
3472 3904 3623 3972 pauci

2039 3999 2179 4056 sunt,
2204 3990 2273 4042 ita
2299 3991 2440 4045 enim
2462 3990 2698 4059 prtedicti
2723 4000 2848 4044 sunt
2876 4010 2887 4043 :
2918 3991 3054 4044 inter
3077 4007 3209 4051 quos
3227 4001 3278 4046 te
3303 4006 3422 4046 esse
3441 3994 3609 4062 cupio,

2039 4079 2163 4150 quia
2190 4082 2448 4152 veraciter
2481 4080 2662 4148 diligo,
2690 4081 2904 4136 domine
2931 4082 3151 4150 insignis
3167 4090 3221 4136 et
3247 4085 3621 4151 praestantissi-

2043 4186 2150 4236 me,
2201 4185 2264 4224 ac
2301 4171 2794 4226 desiderantissime
2845 4172 2934 4224 ﬁli.
2965 4171 3087 4226 Haec
3114 4171 3404 4227 admonitio
3432 4174 3525 4229 tibi
3555 4175 3624 4228 sit

2041 4277 2157 4316 mea
2187 4262 2516 4322 resalutatio.
2567 4262 2688 4332 quia
2733 4262 2832 4317 etsi
2865 4270 2915 4316 te
2962 4262 3212 4334 deinceps
3258 4263 3380 4318 talia
3418 4267 3621 4335 perpeti

2040 4351 2212 4421 qualia
2241 4351 2523 4421 pertulisti,
2557 4352 2714 4414 nolo;
2746 4352 2862 4422 plus
2890 4363 3060 4408 tamen
3088 4353 3244 4409 doleo
3269 4355 3381 4410 haec
3422 4356 3534 4426 ipsa
3573 4366 3622 4413 te

2041 4445 2156 4498 sine
2201 4444 2375 4514 aliqua
2428 4444 2480 4498 in
2529 4445 2718 4500 melius
2771 4446 2890 4500 vitae
2937 4447 3228 4503 mutatione
3282 4446 3444 4504 fuisse
3492 4466 3618 4522 per-

2043 4549 2276 4604 pessum.

2042 4735 2124 4844 m;
2160 4733 2519 4845 ἓξὲεέἽῇῇά
2553 4733 2621 4784 bl.
2664 4735 2740 4784 cb.
2783 4733 2832 4783 tl'.
2857 4749 2941 4798 gg.
2976 4749 3020 4785 r.
3043 4736 3118 4786 sb.
3139 4750 3214 4787 vc.
3235 4738 3358 4789 duos
3373 4744 3408 4788 t.
3431 4738 3554 4788 duos
3575 4753 3620 4789 v.

2104 4900 2174 4964 (a)
2206 4907 2347 4968 [forte
2392 4901 2656 4968 legendum
2672 4901 2913 4968 subrepat
2939 4902 3044 4968 :sic
3082 4905 3255 4968 eodem
3291 4904 3432 4968 plane
3478 4921 3626 4958 sensu

2041 4970 2179 5030 tract.
2212 4964 2268 5013 51
2294 4964 2345 5012 in
2377 4971 2536 5030 ,toan.,
2562 4976 2610 5030 ιι.
2639 4964 2732 5014 1οε
2767 4981 2789 5010 ι
2811 4965 3044 5030 δρᾴηγίρθ
3069 4980 3144 5030 ne
3159 4967 3242 5015 tibi
3276 4964 3347 5017 έιιι
3368 4979 3506 5030 rei-at
3526 5005 3540 5029 ,
3575 4979 3627 5020 ut

2047 5044 2070 5072 α
2089 5025 2297 5088 teipsum
2315 5023 2438 5088 velis
2455 5026 2753 5088 interimere.
2767 5042 2789 5070 ιι
2815 5032 2866 5075 Et
2885 5027 2967 5076 lib.
2992 5025 3038 5083 2,
3059 5042 3103 5076 c.
3121 5027 3168 5087 6,
3185 5043 3234 5076 ιι.
3259 5029 3332 5088 10,
3350 5031 3413 5078 de
3429 5023 3621 5082 Anii-na:

2048 5106 2070 5133 ιι
2088 5087 2293 5152 Temere
2313 5087 2558 5152 credidisti
2582 5087 2720 5152 quod
2733 5087 2942 5138 libenter
2966 5089 3138 5138 audisti
3155 5124 3169 5146 ,
3197 5097 3244 5138 et
3270 5093 3433 5152 subrui
3448 5094 3515 5142 sit
3537 5094 3622 5143 tibi

2048 5147 2409 5216 «falsiloquium
2433 5161 2534 5216 per
2571 5147 2984 5216 suaviloquiuni.»
3028 5157 3092 5216 tta
3137 5165 3330 5214 quoque
3371 5147 3626 5216 Gregorius

2040 5209 2361 5276 Magnus,'lil_i.
2387 5211 2408 5258 1
2430 5209 2480 5257 in
2497 5215 2696 5276 _E_vang.,
2721 5209 2859 5276 hom._
2879 5211 2954 5271 l2,
2973 5224 3021 5259 ιι.
3049 5213 3070 5260 1
3094 5226 3106 5276 ς
3137 5209 3505 5276 «'ne'appetittis
3522 5215 3626 5266 lau-

2049 5290 2070 5317 ι
2087 5271 2407 5340 subrepat.
2428 5285 2440 5320 :
2460 5271 2543 5319 ubi
2569 5271 2732 5320 tamen
2748 5273 2940 5340 quidam
2964 5280 3068 5322 Mss.
3095 5271 3560 5340 halrgpt,'subripia:.

2071 5396 2081 5406 ο
2105 5331 2174 5395 (b)
2200 5331 2395 5444 alia???
2418 5347 2430 5381 :
2450 5345 2559 5396 quae
2589 5341 2752 5383 autem
2769 5331 2866 5384 "203
2890 5342 3012 5394 erat,
3034 5348 3160 5385 nunc
3181 5335 3260 5385 23.
3282 5331 3473 5400 Scripta
3500 5340 3624 5389 forte

2071 5408 2151 5443 II‘C.
2179 5408 2257 5442 an.
2377 5431 2389 5443 .

2041 5408 2151 5445 CII‘C.
2179 5408 2238 5442 an
2246 5431 2257 5442 .
2283 5408 2389 5444 4‘11].

2104 5455 2171 5564 (c2
2184 5459 2427 5506 Nescimus
2445 5470 2502 5505 an
2522 5457 2599 5505 hic
2621 5457 2750 5505 idem
2767 5458 2830 5507 sit
2847 5471 2954 5505 cum
2970 5465 3115 5564 largo
3134 5461 3216 5522 qui
3238 5459 3625 5522 proconsulatum

2113 5527 2144 5564 Α
2167 5519 2263 5564 rica
2286 5521 2491 5564 gerebat
2512 5532 2590 5564 an.
2622 5519 2713 5564 415'
2734 5527 2784 5564 et
2807 5519 2914 5564 M8.
2941 5533 3003 5564 ex
3028 5527 3060 5564 'l'
3081 5522 3261 5564 naidas.
3278 5523 3406 5564 (nl-
3434 5521 3517 5564 liti-
3550 5524 3622 5564 10-

2043 5519 2089 5566 in
2113 5519 2263 5582 Africa
2286 5521 2491 5582 gerebat
2512 5532 2590 5582 an.
2622 5519 2713 5567 413
2734 5527 2784 5568 et
2807 5519 2914 5579 M8,
2941 5533 3003 5569 ex
3028 5519 3261 5582 't'lteo'dos'.
3278 5523 3408 5580 σαι,
3434 5521 3517 5571 lib.
3550 5524 3622 5582 10,

2041 5584 2118 5643 tit.
2141 5579 2216 5638 10,
2243 5579 2341 5642 leg.
2362 5581 2421 5643 27
2448 5580 2606 5640 et58;
2632 5582 2714 5643 qui
2747 5584 2890 5631 etiam
2913 5594 3039 5628 anno
3063 5581 3154 5643 419
3179 5583 3456 5643 proconsul,
3490 5579 3627 5634 aocc-

2041 5641 2138 5749 ptis
2158 5641 2347 5692 Honorii
2369 5642 2542 5692 litteris
2560 5641 2707 5703 super
2731 5643 3048 5749 pseudopaﬁte
3077 5641 3236 5716 ttulalii
3270 5641 3526 5696 schismate
3553 5653 3625 5696 te-

2061 5709 2198 5749 tetter
2234 5704 2449 5749 sublato.
2489 5705 2545 5749 ad
2591 5703 2834 5749 aurelium
2871 5712 2978 5749 carl
3015 5719 3299 5749 amnensem
3339 5711 3620 5749 mser-imit:

2061 5703 2198 5752 iciter
2234 5704 2449 5771 sublato,
2489 5705 2545 5752 ad
2591 5703 2834 5771 aurelium
2871 5703 3300 5767 Carthaginiensem
3339 5711 3620 5771 rescripsit:

2041 5777 2243 5828 quarunt
2282 5765 2547 5815 litterarnn
2595 5767 2818 5828 exempla
2859 5771 3012 5815 refert
3047 5765 3272 5817 Baronius
3303 5769 3363 5819 ad
3401 5765 3628 5824 eumdem

2043 5825 2120 5874 an.
2143 5825 2250 5877 419.

2913 5916 3213 5994 (Troum)
