4086 6350
512 381 613 439 939

902 520 905 523 η
959 497 1283 556 EPISTOLA
1324 497 1497 555 CCIV“
1532 498 1628 572 (α).

519 570 825 658 Augustinus
859 586 1086 645 Dulcitio
1114 589 1312 645 tribuno
1341 601 1384 645 et
1412 570 1627 657 notario,
1659 588 2095 661 imperialiumque

576 680 862 745 jussionum
885 680 1121 737 adversus
1142 678 1431 736 Donatistas
1452 680 1687 735 datarum
1710 680 2012 747 exsecutori,
2034 696 2098 735 ea:

584 770 671 826 lib.
700 772 735 827 2
758 772 1016 841 Retract.,
1046 789 1092 827 c.
1121 773 1213 840 59,
1232 775 1527 847 signiﬁcans
1550 791 1583 828 a
1600 791 1654 828 se
1664 775 1779 845 jam
1795 773 1995 828 abunde
2016 790 2095 828 sa-

586 864 841 934 tisfactum
862 865 1017 937 fuisse
1047 867 1258 936 querelis
1286 866 1714 931 Donatistarum;
1752 876 1801 921 et
1830 866 2097 925 ostendens

589 973 763 1013 eorum
786 958 1059 1026 uesaniam,
1081 960 1169 1030 qui
1187 958 1279 1014 sibi
1306 976 1473 1014 necem
1500 959 1632 1014 ultro
1658 958 2047 1015 eonsciscebant.

516 1047 742 1104 Domino
781 1049 998 1116 eximio,
1026 1058 1080 1105 et
1126 1046 1419 1106 honorabili
1470 1040 1578 1106 tilio
1608 1052 1881 1116 Ducctrto,
1915 1053 2098 1108 Auan-

896 1156 1099 1210 s'rnvus,
1125 1143 1350 1201 salutem
1380 1144 1432 1200 in
1458 1144 1707 1227 Domino.

587 1232 639 1286 1.
670 1230 786 1287 Νοη
812 1231 970 1289 debui
997 1242 1339 1292 contemnere
1365 1238 1671 1307 petitionem
1694 1247 1859 1304 tuam,
1889 1254 1991 1310 qua
2013 1238 2103 1301 de-

514 1322 757 1379 siderasti
778 1340 806 1376 a
834 1340 921 1380 me
947 1325 1146 1382 institui
1176 1328 1621 1397 quemadmodum
1642 1338 1694 1385 te
1717 1340 1961 1398 oporteat
1988 1331 2100 1384 hae—

515 1412 694 1469 reticis
736 1416 1078 1485 respondere,
1111 1434 1336 1488 quorum
1364 1420 1508 1476 salus
1555 1421 1609 1475 in
1639 1422 1847 1476 Domini
1893 1422 2103 1477 miseri-

521 1504 723 1573 cordia,
774 1506 1022 1562 instantia
1051 1518 1261 1579 quoque
1292 1516 1395 1565 tuae
1434 1511 1763 1567 strenuitatis
1791 1512 2096 1582 inquiritur.

516 1594 771 1664 Quamvis
817 1601 958 1654 enim
1004 1600 1246 1670 ingentes
1286 1602 1471 1659 eorum
1517 1605 1882 1660 multitudines
1915 1606 2101 1678 (unde

516 1686 798 1755 plurimum
821 1691 1145 1760 gratulamur
1169 1690 1212 1764 ),
1235 1696 1358 1764 quid
1383 1694 1481 1751 Sibi
1510 1694 1756 1751 beneﬁcii
1798 1698 2104 1755 conferatur

515 1778 838 1850 intelligant;
870 1784 1081 1853 quidam
1114 1793 1289 1840 tamen
1318 1798 1502 1842 eorum
1545 1788 1654 1845 Deo
1693 1798 1746 1843 et
1792 1788 2103 1847 hominibus

514 1870 800 1928 miserabili
826 1875 1079 1931 instinctu
1130 1877 1322 1934 fur’oris
1368 1879 1579 1951 ingrati,
1610 1881 1701 1937 ubi
1731 1882 1844 1938 suis
1867 1881 2101 1939 ezedibus

514 1976 614 2020 nos
656 1975 867 2022 vastare
914 1984 1019 2023 non
1069 1978 1312 2041 possunt,
1362 1970 1458 2026 Suo
1499 1986 1597 2027 nos
1623 1972 1786 2029 exitio
1813 1982 2014 2031 terrere
2040 1990 2102 2031 se

512 2059 756 2128 credunt,
801 2068 894 2116 aut
936 2062 1174 2117 laetitiam
1223 2064 1371 2119 suam
1416 2078 1717 2136 quaerentes
1750 2066 1817 2124 de
1842 2068 2101 2124 mortibus

512 2149 728 2216 nostris,
762 2157 855 2206 aut
880 2152 1147 2208 tristitiam
1175 2163 1410 2211 nostram
1451 2156 1519 2213 de
1550 2158 1806 2213 mortibus
1837 2160 1967 2214 suis.
1993 2158 2100 2216 Sed

514 2254 619 2293 non
645 2239 803 2296 debet
826 2248 1303 2317 tot.tantorumque
1326 2249 1640 2317 pepttlorum
1674 2248 1897 2305 salutem
1928 2250 2098 2306 furio-

512 2344 604 2386 sus
623 2346 774 2387 error
793 2333 1066 2389 hominum
1113 2337 1367 2407 impedire
1394 2354 1703 2408 paucorum.
1742 2341 1877 2408 Quid
1909 2342 1987 2397 eis
2011 2359 2101 2398 vc-

512 2421 671 2480 limus
698 2438 803 2478 non
853 2425 1024 2480 solum
1052 2426 1190 2482 Deus
1219 2437 1273 2485 et
1302 2428 1594 2498 prudentes
1622 2430 1889 2498 homines,
1912 2446 2098 2489 verum

511 2515 672 2570 etiam
714 2516 835 2587 ipsi,
885 2532 1005 2573 cum
1049 2519 1156 2574 sint
1201 2520 1357 2575 nobis
1410 2523 1779 2589 inimicissimi,
1839 2527 2098 2582 sentiunt.

512 2605 643 2663 Cum
671 2610 810 2664 enim
832 2625 925 2666 sua
950 2614 1187 2683 pernicie
1213 2630 1311 2670 nos
1338 2616 1619 2673 terrendos
1643 2627 1847 2689 putant,
1877 2636 1982 2676 non
2007 2620 2099 2676 du-

516 2698 688 2754 bitant
708 2714 805 2755 nos
838 2703 1024 2759 timere
1049 2721 1115 2759 ne
1147 2714 1386 2776 pereant.

579 2789 634 2845 2.
661 2790 765 2848 Sed
784 2792 908 2865 quid
931 2794 1204 2861 faciamus,
1234 2787 1472 2853 videntes
1494 2801 1633 2871 quod
1652 2802 1824 2868 multi,
1852 2802 2100 2873 adjuvan-

510 2888 566 2939 te
609 2882 851 2953 Domino,
882 2902 975 2957 per
991 2891 1328 2946 occasionem
1354 2901 1583 2947 vestram
1606 2893 1746 2948 viam
1773 2895 1921 2963 pacis
1945 2895 2096 2951 inve-

512 2978 702 3033 niant?
754 2981 1007 3053 numquid
1038 2981 1322 3053 prohibere
1368 2976 1466 3040 'vos
1508 3000 1790 3055 possumus
1819 2988 1902 3043 vel
1930 2987 2096 3044 debe-

508 3085 628 3125 mus
648 3070 715 3125 ab
736 3070 835 3128 hac
874 3075 1087 3129 unitatis
1110 3070 1379 3144 instantia,
1405 3076 1532 3133 dum
1570 3078 1852 3134 metuimus
1880 3096 1947 3135 ne
1975 3082 2097 3151 qui-

508 3159 631 3217 dam
656 3152 947 3231 durissimi,
964 3174 1020 3221 et
1045 3166 1096 3220 in
1119 3166 1325 3237 seip'sos
1349 3167 1723 3233 crudelissimi,
1754 3188 1858 3226 non
1888 3180 2093 3241 nostra,

513 3254 611 3313 sed
630 3258 842 3327 propria
859 3258 1131 3315 Volunta'te
1162 3264 1219 3315 Se
1238 3256 1510 3331 perdant?
1534 3262 1852 3332 Optaremus
1877 3265 2091 3334 quidem

514 3359 775 3406 momnes
803 3352 890 3423 qui
921 3363 1104 3408 contra
1146 3353 1413 3409 Christum
1444 3362 1658 3425 portant
1699 3356 1908 3425 signum
1939 3354 2096 3410 Chri-

510 3444 599 3512 sti,
629 3454 684 3501 et
722 3453 908 3501 contra
939 3446 1279 3518 Evangeiium
1326 3447 1393 3502 de
1430 3447 1544 3517 ipso
1588 3447 1899 3519 Evangelio,
1950 3448 2094 3521 quod

511 3552 617 3592 non
644 3537 962 3609 intelligunt,
980 3523 1292 3609 gloriantur,
1315 3554 1343 3593 a
1367 3556 1459 3594 sua
1481 3540 1829 3610 perversitate
1848 3541 2095 3596 discede-

511 3624 650 3696 rent,
677 3636 731 3683 et
756 3629 1029 3686 nobiscum
1054 3633 1105 3684 in
1134 3632 1246 3702 ejus
1272 3633 1469 3686 unitate
1497 3633 1809 3703 gauderent.
1835 3630 1940 3689 Sed
1962 3649 2094 3704 quo-

511 3732 654 3773 niam
684 3718 826 3773 Deus
851 3719 1058 3775 occulta
1082 3720 1213 3776 Satis
1229 3716 1598 3791 dispositione,
1617 3724 1711 3779 sed
1734 3734 1905 3780 tamen
1928 3724 2089 3795 justa,

511 3807 796 3865 nonnullos
815 3820 999 3864 eorum
1026 3810 1197 3881 poenis
1225 3810 1619 3882 praedestinavit
1644 3816 1932 3881 extremis;
1961 3831 2091 3885 pro-

515 3898 599 3955 cul
628 3898 789 3957 dubio
819 3894 1028 3969 melius,
1078 3902 1477 3974 ineomparabiii
1506 3906 1889 3963 numerositate
1918 3908 2089 3978 pluri-

517 3992 617 4047 mis
642 3991 710 4048 ab
735 3988 820 4048 illa
848 3992 1097 4064 pestifera
1125 3994 1385 4053 divisione
1411 4006 1465 4053 et
1489 3984 1822 4069 dispersione
1848 4000 2089 4056 redinte-

510 4083 676 4153 gratis
700 4091 859 4155 atque
900 4085 1159 4155 collectis,
1208 4088 1426 4157 quidam
1454 4087 1563 4143 suis
1591 4088 1801 4160 ignibus
1843 4100 2086 4160 pereunt,

510 4189 667 4246 quam
696 4178 895 4248 pariter
922 4178 1154 4235 universi
1201 4180 1539 4257 sempiternis
1584 4182 1790 4256 ignibus
1815 4184 2087 4257 gehenna-

510 4283 631 4323 rum
657 4270 847 4325 merito
872 4270 1140 4343 sacrilegae
1166 4256 1511 4330 dissensionis
1531 4275 1814 4332 ardebunt.
1834 4275 1923 4333 Sic
1947 4278 2088 4333 enim

512 4368 797 4429 pereuntes
824 4362 960 4417 istos
984 4362 1129 4419 dolet
1152 4365 1412 4434 Ecclesia,
1439 4368 1882 4438 quemadmodum
1912 4372 2086 4427 rebel-

514 4448 621 4505 lem
651 4449 819 4506 ﬁlium
866 4458 1083 4509 sanctus
1103 4454 1290 4523 David,
1322 4456 1389 4511 de
1431 4457 1584 4529 cujus
1630 4461 1801 4517 salute
1828 4464 2085 4518 servanda

511 4540 735 4595 sollicita
761 4540 1044 4600 dilectione
1070 4545 1430 4601 mandaverat.
1460 4547 1592 4603 Nam
1623 4565 1745 4605 eum
1774 4553 1963 4608 merito
1992 4571 2086 4609 nc-

511 4630 683 4687 fanda:
728 4632 1014 4702 impietatis
1056 4638 1393 4706 exstinctum,
1430 4640 1588 4695 etiam
1624 4657 1745 4698 cum
1788 4645 2090 4705 testimonio

511 4722 823 4796 lacrymosae
846 4725 992 4781 vocis
1029 4726 1318 4798 ingemuit:
1348 4738 1712 4788 verumtamen
1763 4737 1992 4805 superbo
2033 4748 2090 4795 et

509 4816 743 4885 maligno
765 4816 1077 4874 discedente
1104 4819 1155 4874 in
1194 4821 1365 4876 locum
1392 4837 1569 4892 suum,
1600 4826 1824 4897 populus
1851 4827 1967 4897 Dei,
1996 4831 2087 4901 qui

511 4903 680 4962 fuerat
715 4906 859 4964 illius
907 4910 1182 4982 tyrannide
1206 4912 1428 4979 divisus,
1456 4916 1865 4989 agnovitregem
1895 4938 2085 4990 suum;

509 5009 564 5054 et
581 4999 648 5053 de
666 5001 863 5059 amisso
888 5001 997 5059 tilio
1015 5019 1297 5060 maerorem
1320 5008 1508 5077 patris,
1532 5008 1790 5079 perfectio
1812 5014 2087 5070 eonsoiata

509 5099 593 5145 est
616 5091 873 5167 unitatis(
899 5093 944 5148 Il
976 5094 1104 5166 Reg.
1135 5112 1288 5161 xvtn,
1318 5097 1470 5172 xix).

580 5182 633 5238 5.
678 5182 796 5238 Non
848 5185 1022 5256 itaque
1052 5188 1509 5259 reprehendimus,
1536 5191 1752 5250 domine
1795 5196 1987 5253 eximie
2033 5206 2089 5254 et

512 5278 836 5335 honorabilis
862 5278 953 5345 liii,
989 5281 1128 5352 quod
1174 5284 1307 5340 tales
1347 5286 1588 5342 homines
1625 5288 1763 5359 apud
1791 5289 2088 5365 Thamuga-

511 5374 631 5430 dem
659 5375 804 5444 prius
832 5376 1006 5431 edicto
1052 5378 1414 5433 admonendos
1449 5382 1761 5439 existimasti
1787 5403 1802 5440 :
1825 5387 1916 5441 sed
1942 5388 2085 5459 quod

508 5467 576 5522 ibi
593 5466 794 5534 dixisti,
822 5464 1081 5524 Noveritis
1098 5487 1185 5524 vos
1207 5470 1385 5526 debila:
1403 5472 1512 5527 neci
1530 5473 1743 5542 dandos,
1771 5485 2088 5546 putaverunt

506 5555 645 5614 sicut
663 5572 846 5613 eorum
875 5561 1127 5630 rescripta
1168 5561 1418 5630 indicant,
1457 5563 1557 5618 hoc
1588 5572 1638 5618 te
1668 5564 1828 5621 fuisse
1857 5570 2083 5626 commi-

570 5672 589 5689 "
610 5676 831 5722 correcta
845 5673 989 5734 juxta
1007 5672 1059 5723 Π.
1083 5687 1157 5725 vc.
1182 5689 1230 5726 v.
1255 5684 1355 5726 Am.
1381 5677 1490 5727 had.
1514 5683 1589 5727 Er.
1614 5684 1723 5729 ιον.

507 5727 1040 5876 ωερέωξίκᾳω
1059 5763 1224 5806 autem
1245 5757 1338 5809 ΞΜ
1359 5767 1493 5820 erat,
1514 5727 1769 5811 nunc
1793 5764 1969 5827 Scripta
1991 5727 2086 5816 (ξίν.

1753 336 1809 440 εξ
1851 366 2212 437 AUGUSTlNi
2251 362 2555 475 Etitscoif't

3686 362 3795 445 sui

2199 506 2378 552 natum
2401 488 2538 570 quod
2564 487 2619 577 tu
2642 488 2760 557 illos
2778 488 3140 573 apprehensus
3164 496 3342 560 fueras
3359 486 3654 572 occisurus,
3674 522 3788 562 non

2202 578 2565 665 intelligentes
2592 584 2661 648 de
2688 594 2775 648 illa
2802 610 2955 663 nece,
2997 611 3152 666 quam
3181 592 3279 667 ipsi
3306 596 3405 652 sibi
3430 597 3610 653 volunt
3637 599 3788 670 inge-

2201 698 2352 751 rere,
2390 695 2445 739 te
2477 684 2731 741 locutum.
2762 686 2877 741 Non
2906 687 3044 741 enim
3074 696 3128 742 tu
3162 686 3216 742 in
3247 703 3340 743 eos
3361 687 3450 758 jus
3471 687 3632 761 gladii
3663 690 3788 745 uilis

2204 773 2408 844 legibus
2424 775 2697 847 accepisti,
2720 766 2805 831 aut
2834 776 3196 847 imperialibus
3209 772 3528 847 constitutis,
3552 797 3783 851 quorum

2205 864 2301 918 tibi
2318 864 2545 935 injuncta
2569 877 2653 922 est
2686 856 2976 934 exsecutio,
3007 852 3107 923 hec
3133 855 3458 939 prmeeptum
3499 866 3581 927 est
3610 884 3663 927 ut
3688 890 3786 928 ne-

2203 964 2410 1010 centur.
2441 944 2687 1011 Secuitdo
2716 944 2845 1013 sane
2885 948 3059 1013 edicto
3107 948 3411 1015 Dilectienis
3444 972 3547 1015 tua!
3576 963 3788 1032 planius

2203 1044 2331 1117 quid
2386 1032 2618 1103 volucris
2676 1046 2948 1120 aperuisti.
2980 1036 3131 1119 Quod
3185 1039 3358 1106 autem
3402 1053 3561 1108 etiam
3611 1054 3790 1126 ipsum

2205 1136 2511 1207 episcopum
2534 1137 2607 1210 (a)
2632 1136 2838 1194 illorum
2855 1140 3049 1211 putasti
3072 1136 3260 1195 litteris
3280 1141 3655 1212 alloquendum
3683 1145 3785 1201 lup

2206 1230 2540 1298 manissime;
2575 1231 2852 1288 ostendisti
2873 1230 3067 1304 quanta
3096 1232 3500 1291 mansuetudine
3528 1242 3795 1308 tempera-

2205 1319 2244 1374 ti
2274 1320 2378 1376 sint
2401 1320 2455 1375 in
2484 1324 2742 1378 catholica
2778 1322 3011 1380 Ecclesia
3042 1326 3198 1379 etiam
3234 1325 3324 1397 qui
3349 1334 3608 1395 potestate
3645 1330 3792 1384 chri-

2205 1411 2361 1467 stiani
2380 1408 2736 1485 Imperatoris,
2761 1417 2872 1472 sive
2893 1417 3159 1479 terrendo,
3180 1418 3289 1473 sive
3310 1418 3591 1489 plectendo
3619 1423 3793 1477 corri-

2206 1502 2391 1575 gendis
2416 1492 2772 1575 praeficiuntur
2795 1509 3095 1575 erroribus;
3131 1509 3233 1565 nisi
3261 1510 3402 1582 quod
3428 1510 3791 1569 honorificen-

2207 1595 2427 1651 tioribus
2446 1613 2569 1653 eum
2585 1598 2763 1654 verbis
2785 1603 3021 1656 tractasti
3044 1618 3199 1672 quam
3220 1601 3444 1658 decebat
3457 1604 3791 1662 htereticum.

2275 1687 2328 1742 4.
2352 1684 2457 1743 Sed
2482 1689 2622 1758 quod
2647 1689 2761 1760 ejus
2797 1692 3127 1762 responsioni
3152 1709 3237 1749 me
3262 1695 3589 1764 reSpondere
3618 1696 3791 1753 volui-

2208 1777 2298 1841 sti,
2327 1779 2489 1834 credo
2520 1788 2570 1835 te
2595 1781 2906 1836 arbitratum
2936 1784 3095 1838 etiam
3135 1783 3236 1839 hoc
3264 1783 3793 1858 Titantugadensibus

2206 1868 2402 1925 debere
2431 1872 2693 1942 praestari,
2719 1879 2779 1928 ut
2804 1874 2956 1927 fallax
2984 1873 3222 1930 doctrina
3251 1875 3416 1944 ipsius
3441 1892 3468 1931 a
3494 1893 3601 1949 quo
3631 1880 3788 1936 sedu-

2206 1961 2482 2029 cebantur,
2510 1962 2779 2033 aliquanto
2807 1964 3110 2035 diligentius
3136 1964 3406 2022 refellatur
3435 1986 3450 2022 :
3482 1984 3666 2025 verum
3696 1986 3793 2026 nos

2206 2061 2261 2107 et
2283 2053 2675 2124 occupatissimi
2703 2069 2904 2121 sumus,
2937 2065 2989 2111 et
3010 2056 3118 2127 jam
3140 2058 3190 2113 in
3222 2060 3340 2114 aliis
3369 2061 3609 2131 plurimis
3646 2077 3783 2132 epu-

2206 2143 2367 2198 sculis
2394 2145 2588 2199 nostris
2618 2144 2917 2214 hnjusmodi
2944 2147 3240 2219 vanIIOquia
3268 2152 3635 2207 refutavimus.
3672 2152 3789 2209 iam

2205 2236 2346 2292 enim
2375 2237 2555 2292 nescio
2579 2238 2785 2309 quoties
2810 2238 3125 2309 disputando
3145 2250 3198 2296 et
3213 2243 3495 2299 scribendo
3526 2257 3791 2302 monstra-

2207 2327 2379 2382 Vimus
2406 2344 2510 2382 non
2541 2344 2633 2383 eos
2664 2344 2818 2399 posse
2847 2326 3041 2386 habere
3069 2344 3361 2405 martyrum
3393 2345 3642 2403 mortem,
3672 2339 3791 2409 quia

2205 2419 2614 2475 Christianorum
2647 2436 2751 2475 non
2779 2421 2973 2478 habent
2997 2420 3191 2490 vitam;
3215 2440 3335 2480 cum
3366 2439 3656 2501 martyrem
3685 2445 3790 2485 non

2210 2507 2372 2565 faciat
2398 2526 2576 2581 ptena,
2605 2512 2697 2567 sed
2724 2527 2902 2568 causa.
2928 2512 3216 2571 Doe’uimus
3254 2517 3411 2572 etiam
3441 2519 3674 2574 liberum
3702 2536 3787 2575 ar-

2204 2602 2419 2658 bitrium
2443 2603 2521 2659 sic
2548 2603 2750 2657 homini
2771 2603 2972 2673 datum,
3006 2615 3063 2660 ut
3083 2614 3262 2663 tamen
3286 2615 3341 2664 et
3365 2606 3560 2664 divinis
3584 2611 3787 2682 legibus

2204 2706 2261 2752 et
2288 2694 2535 2750 humanis
2584 2696 2880 2753 rectissime
2933 2696 3168 2769 graiium
3219 2701 3476 2772 supplicia
3502 2705 3786 2761 constituta

2204 2785 2312 2840 sint
2335 2794 2704 2855 peccatorum;
2746 2794 2800 2843 et
2826 2788 3090 2858 pertinere
3109 2788 3176 2845 ad
3208 2790 3481 2863 religiosos
3505 2809 3664 2865 reges
3680 2788 3784 2851 tct-

2203 2893 2299 2943 rte,
2325 2892 2431 2933 non
2460 2874 2633 2932 solum
2672 2877 2926 2934 adulteria
2954 2881 3037 2935 vel
3064 2880 3344 2937 homicidia
3371 2883 3455 2940 vel
3486 2884 3787 2955 hujusmo‘di

2203 2968 2307 3025 alia
2337 2969 2534 3042 ﬂagitia
2556 2986 2649 3025 seu
2671 2970 2925 3038 facinora,
2953 2990 3135 3029 verum
3153 2976 3311 3030 etiam
3330 2964 3603 3050 sacrilegia
3636 2995 3787 3036 seve-

2203 3058 2360 3115 ritate
2389 3064 2618 3133 c'ongrna
2641 3062 2892 3119 cohibere
2915 3064 2985 3138 (ὁ)
3011 3084 3023 3119 :
3055 3068 3380 3141 multumque
3407 3071 3529 3128 illos
3550 3073 3660 3130 falli
3691 3074 3779 3145 qui

2204 3161 2394 3222 putant
2423 3169 2452 3208 a
2501 3154 2652 3209 nobis
2692 3157 2828 3211 tales
2856 3157 2985 3212 istos
3014 3161 3234 3230 suscipi,
3264 3163 3448 3232 quales
3475 3170 3623 3235 Sunt,
3670 3169 3787 3239 quia

2204 3259 2309 3298 non
2332 3259 2421 3299 eos
2451 3246 2859 3316 rebaptizamus.
2883 3248 3162 3317 Quomodo
3177 3254 3318 3308 enim
3341 3256 3468 3310 tales
3490 3259 3787 3329 suscipiun-

2202 3342 2287 3391 tur
2308 3337 2491 3406 quales
2515 3349 2658 3407 sunt,
2681 3354 2800 3394 eum
2815 3340 2919 3395 sint
2946 3342 3202 3413 haeretici,
3222 3354 3274 3400 et
3290 3347 3355 3401 ad
3381 3363 3479 3403 nos
3505 3358 3784 3406 transeun-

2201 3426 2270 3481 do
2301 3425 2425 3482 fiant
2441 3428 2724 3483 catholici?
2744 3429 2925 3502 Neque
2941 3430 3081 3487 enim
3104 3444 3380 3506 propterea
3405 3438 3571 3493 corda
3597 3434 3787 3512 (rem.

2203 3524 2324 3571 vata
2354 3532 2459 3572 non
2484 3517 2605 3573 licet
2650 3521 2868 3592 corrigi,
2924 3522 3045 3594 quia
3076 3523 3425 3584 Sacramenta
3455 3530 3628 3587 Semel
3660 3533 3780 3588 data

2199 3624 2304 3664 non
2336 3610 2461 3666 licet
2486 3612 2685 3667 iterari.

2268 3701 2323 3758 5.
2364 3702 2439 3759 De
2476 3705 2734 3761 mortibus
2768 3716 2942 3764 autem
2989 3702 3351 3768 furiosissimis
3388 3728 3522 3783 quas
3560 3714 3772 3788 quidam

2197 3807 2380 3850 eorum
2411 3794 2509 3865 ipsi
2538 3796 2636 3851 sibi
2663 3797 2915 3867 inferunt,
2943 3799 3010 3857 de
3041 3803 3231 3873 quibus
3256 3805 3783 3867 solentdetestabiles

2196 3893 2253 3943 et
2269 3886 2653 3945 abominabiles
2669 3906 2791 3948 esse
2806 3892 2988 3949 multis
3007 3896 3164 3951 etiam
3185 3900 3317 3966 suis,
3340 3915 3564 3970 quorum
3579 3912 3783 3960 mentes

2195 3977 2461 4035 dementia
2484 3995 2587 4036 non
2615 3990 2755 4038 tanta
2784 3984 3037 4054 pessedit,
3064 3986 3144 4043 eis
3169 3991 3461 4047 Secundum
3482 3984 3782 4067 Scripturas

2195 4071 2538 4143 rationesque
2581 4073 3003 4133 Christianorum
3049 4096 3191 4151 saepe
3232 4086 3605 4154 respondimus
3650 4084 3781 4161 quo-

2196 4160 2338 4217 niam
2363 4164 2618 4234 scriptum
2647 4176 2730 4222 est
2753 4186 2767 4222 :
2799 4167 2900 4234 Qui
2920 4170 3016 4226 sibi
3039 4160 3271 4246 nequam,
3299 4178 3381 4231 cui
3407 4177 3568 4235 bonus
3594 4160 3778 4254 (Eri-li.

2195 4266 2310 4320 xiv,
2343 4252 2462 4325 5)?
2486 4254 2591 4310 Aut
2630 4267 2777 4313 certe
2807 4260 2859 4315 in
2889 4260 3087 4318 eisdem
3126 4268 3357 4336 positum
3402 4252 3780 4331 tentationibus

2192 4344 2330 4399 mori
2361 4347 2625 4403 volentem
2661 4350 2867 4406 occidat
2905 4361 2960 4408 et
2996 4354 3328 4426 proximum,
3362 4361 3452 4430 qui
3489 4362 3590 4417 Sibi
3622 4364 3783 4436 expe-

2193 4436 2309 4492 dire
2345 4448 2399 4493 et
2435 4440 2596 4495 licere
2625 4451 2771 4512 putat
2798 4444 3042 4502 occidere
3063 4448 3317 4519 seipsum,
3347 4454 3598 4522 quoniam
3632 4458 3779 4513 Scri-

2192 4537 2347 4599 ptura
2376 4531 2543 4588 dicit:
2573 4533 2765 4607 Diliges
2791 4538 3085 4608 proximum
3105 4550 3244 4594 tuum
3284 4551 3522 4615 tanquam
3564 4548 3780 4620 teipsum

2192 4619 2374 4696 (Leuit.
2389 4638 2510 4691 xtx,
2527 4623 2613 4689 l8,
2629 4636 2675 4679 et
2692 4624 2854 4680 Marc.
2871 4628 3032 4695 xn,5'l
3047 4631 3084 4701 ).
3100 4629 3269 4686 Nullis
3282 4619 3779 4704 autemjubentibus

2192 4712 2396 4783 legibus
2420 4714 2503 4769 vel
2543 4714 2791 4785 legitimis
2814 4719 3161 4787 potestatibus
3183 4763 3197 4787 ,
3230 4737 3335 4777 non
3361 4723 3523 4789 licere
3550 4728 3778 4784 alterum

2192 4802 2467 4872 occidere,
2495 4807 2651 4861 etiam
2680 4810 2941 4865 volentem
2971 4819 3026 4866 et
3054 4821 3317 4882 petentem
3335 4857 3351 4884 ,
3378 4826 3432 4871 et
3464 4819 3646 4876 vivere
3667 4822 3777 4893 jam

2192 4912 2298 4951 non
2329 4897 2613 4962 valentem,
2647 4900 2776 4955 satis
2805 4894 3000 4957 indicat
3024 4903 3296 4974 Scriptura
3326 4905 3656 4979 Regnorum,
3690 4914 3776 4969 ubi

2191 5005 2286 5045 rex
2330 4990 2494 5045 David
2540 4991 2681 5062 regis
2718 4992 2891 5049 Saulis
2943 4994 3339 5053 interfectorem
3380 4999 3541 5070 jussit
3579 5007 3775 5073 occidi,

2190 5097 2309 5139 cum
2337 5083 2427 5139 ille
2453 5082 2673 5139 dixisset
2699 5084 2766 5140 ab
2787 5100 2851 5141 eo
2871 5086 2980 5156 jam
3009 5089 3188 5143 saucio
3217 5098 3374 5161 atque
3399 5095 3658 5152 semivi‘vo
3686 5113 3781 5168 pe-

2192 5175 2347 5230 titum
2385 5190 2444 5230 se
2481 5176 2643 5232 fuisse
2680 5187 2738 5232 ut
2775 5177 2877 5234 hoc
2915 5176 3135 5247 faceret,
3176 5189 3229 5236 et
3261 5174 3495 5239 animam
3531 5190 3781 5258 corporis

2191 5267 2417 5323 nexibus
2469 5267 2826 5323 obluctantem
2883 5270 3119 5342 solvique
3165 5273 3463 5343 cupientem
3513 5292 3625 5333 uno
3669 5280 3781 5338 ictu

2191 5360 2423 5416 vulneris
2445 5361 2513 5415 ab
2542 5360 2646 5415 illis
2673 5360 2993 5420 cruciatibus
3024 5364 3271 5420 liberaret
3295 5364 3360 5439 (ll
3385 5367 3512 5440 Reg.
3537 5386 3578 5438 ι,
3604 5373 3779 5447 1-16).

2190 5451 2419 5508 Proinde
2460 5452 2582 5523 quia
2609 5453 2781 5508 omnis
2815 5454 2902 5525 qui
2941 5455 3056 5510 siue
3081 5454 3186 5511 ulla
3210 5456 3456 5528 legitima:
3492 5466 3782 5530 potestatis

2189 5543 2501 5599 auctoritate
2529 5536 2795 5599 hominem
2829 5544 3054 5610 occidit,
3082 5544 3343 5605 homicida
3376 5560 3500 5617 est;
3532 5556 3785 5627 quisquis

2189 5635 2421 5706 seipsum
2461 5634 2655 5691 occidit
2691 5650 2795 5691 non
2836 5640 2906 5694 sit
2944 5638 3235 5709 Homicida,
3267 5641 3448 5699 sinon
3477 5642 3647 5703 homo
3672 5650 3780 5708 est.

2252 5766 2324 5890 an
2345 5765 2656 5838 Gaudentium
2679 5768 3125 5833 Thamugadensem

2274 5828 2302 5877 b
2347 5836 2396 5877 In
2427 5835 2554 5890 Epist
2593 5830 2695 5878 1%.

2274 5828 2324 5890 b)
2347 5836 2396 5877 In
2427 5831 2554 5890 Epist
2593 5830 2695 5878 1%.
