  <div class='ocr_page' id='page_1' title='image "/cluster/home/n/w/nwhite01/storage/ocr_20150623/33/hvd.32044015471451/476.png"; bbox 0 0 4120 6358; ppageno 0'>
   <div class='ocr_carea' id='block_1_1' title="bbox 421 418 515 475">
    <p class='ocr_par' dir='ltr' id='par_1_1' title="bbox 421 418 515 475">
     <span class='ocr_line' id='line_1_1' title="bbox 421 418 515 475; baseline -0.011 0"><span class='ocrx_word' id='word_1_1' title='bbox 421 418 515 475; x_wconf 77' lang='grc'><strong>941</strong></span> 
     </span>
    </p>
   </div>
   <div class='ocr_carea' id='block_1_2' title="bbox 413 623 1223 691">
    <p class='ocr_par' dir='ltr' id='par_1_2' title="bbox 413 623 1223 691">
     <span class='ocr_line' id='line_1_2' title="bbox 413 623 1223 691; baseline 0.025 -19"><span class='ocrx_word' id='word_1_2' title='bbox 413 623 659 678; x_wconf 88' lang='lat' dir='ltr'><strong>monibus</strong></span> <span class='ocrx_word' id='word_1_3' title='bbox 685 636 739 681; x_wconf 88' lang='lat' dir='ltr'><strong>et</strong></span> <span class='ocrx_word' id='word_1_4' title='bbox 762 627 951 684; x_wconf 71' lang='lat' dir='ltr'><strong>litteris</strong></span> <span class='ocrx_word' id='word_1_5' title='bbox 976 632 1223 691; x_wconf 82' lang='lat' dir='ltr'><strong>diximus.</strong></span> 
     </span>
    </p>
   </div>
   <div class='ocr_carea' id='block_1_3' title="bbox 482 716 1989 807">
    <p class='ocr_par' dir='ltr' id='par_1_3' title="bbox 482 716 1989 807">
     <span class='ocr_line' id='line_1_3' title="bbox 482 716 1989 807; baseline 0.025 -39"><span class='ocrx_word' id='word_1_6' title='bbox 482 716 533 770; x_wconf 88' lang='lat'><strong>6.</strong></span> <span class='ocrx_word' id='word_1_7' title='bbox 575 716 976 793; x_wconf 77' lang='lat' dir='ltr'><strong>Verumtamen,</strong></span> <span class='ocrx_word' id='word_1_8' title='bbox 1007 731 1145 797; x_wconf 91' lang='lat' dir='ltr'><strong>quod</strong></span> <span class='ocrx_word' id='word_1_9' title='bbox 1176 733 1439 792; x_wconf 89' lang='lat' dir='ltr'><strong>fatendum</strong></span> <span class='ocrx_word' id='word_1_10' title='bbox 1466 738 1575 807; x_wconf 74' lang='lat' dir='ltr'><strong>est,</strong></span> <span class='ocrx_word' id='word_1_11' title='bbox 1605 743 1670 799; x_wconf 91' lang='lat' dir='ltr'><strong>de</strong></span> <span class='ocrx_word' id='word_1_12' title='bbox 1698 746 1800 800; x_wconf 91' lang='lat' dir='ltr'><strong>isto</strong></span> <span class='ocrx_word' id='word_1_13' title='bbox 1828 746 1989 804; x_wconf 81' lang='lat' dir='ltr'><strong>Razio</strong></span> 
     </span>
    </p>
   </div>
   <div class='ocr_carea' id='block_1_4' title="bbox 409 802 1984 907">
    <p class='ocr_par' dir='ltr' id='par_1_4' title="bbox 409 802 1984 907">
     <span class='ocr_line' id='line_1_4' title="bbox 409 802 1984 907; baseline 0.024 -46"><span class='ocrx_word' id='word_1_14' title='bbox 409 811 652 879; x_wconf 85' lang='lat' dir='ltr'><strong>seniore,</strong></span> <span class='ocrx_word' id='word_1_15' title='bbox 682 802 837 885; x_wconf 80' lang='lat' dir='ltr'><strong>quem</strong></span> <span class='ocrx_word' id='word_1_16' title='bbox 878 824 1083 878; x_wconf 78' lang='lat' dir='ltr'><strong>summa</strong></span> <span class='ocrx_word' id='word_1_17' title='bbox 1124 832 1487 899; x_wconf 84' lang='lat' dir='ltr'><strong>exemplorum</strong></span> <span class='ocrx_word' id='word_1_18' title='bbox 1516 836 1687 907; x_wconf 88' lang='lat' dir='ltr'><strong>inopia</strong></span> <span class='ocrx_word' id='word_1_19' title='bbox 1731 844 1984 898; x_wconf 86' lang='lat' dir='ltr'><strong>coarctati</strong></span> 
     </span>
    </p>
   </div>
   <div class='ocr_carea' id='block_1_5' title="bbox 406 900 1986 991">
    <p class='ocr_par' dir='ltr' id='par_1_5' title="bbox 406 900 1986 991">
     <span class='ocr_line' id='line_1_5' title="bbox 406 900 1986 991; baseline 0.024 -38"><span class='ocrx_word' id='word_1_20' title='bbox 406 914 464 954; x_wconf 91' lang='lat' dir='ltr'><strong>se</strong></span> <span class='ocrx_word' id='word_1_21' title='bbox 484 901 539 955; x_wconf 77' lang='lat' dir='ltr'><strong>in</strong></span> <span class='ocrx_word' id='word_1_22' title='bbox 567 900 987 968; x_wconf 73' lang='lat' dir='ltr'><strong>Ma‘cbabzeorum</strong></span> <span class='ocrx_word' id='word_1_23' title='bbox 1016 910 1183 985; x_wconf 63' lang='lat' dir='ltr'><strong>libris,</strong></span> <span class='ocrx_word' id='word_1_24' title='bbox 1212 925 1360 991; x_wconf 89' lang='lat' dir='ltr'><strong>quasi</strong></span> <span class='ocrx_word' id='word_1_25' title='bbox 1386 924 1450 979; x_wconf 90' lang='lat' dir='ltr'><strong>ad</strong></span> <span class='ocrx_word' id='word_1_26' title='bbox 1478 916 1840 987; x_wconf 72' lang='lat' dir='ltr'><strong>auctoritatem</strong></span> <span class='ocrx_word' id='word_1_27' title='bbox 1870 950 1986 990; x_wconf 87' lang='lat' dir='ltr'><strong>sce-</strong></span> 
     </span>
    </p>
   </div>
   <div class='ocr_carea' id='block_1_6' title="bbox 404 992 1978 1086">
    <p class='ocr_par' dir='ltr' id='par_1_6' title="bbox 404 992 1978 1086">
     <span class='ocr_line' id='line_1_6' title="bbox 404 992 1978 1086; baseline 0.027 -41"><span class='ocrx_word' id='word_1_28' title='bbox 404 992 529 1051; x_wconf 87' lang='lat' dir='ltr'><strong>leris</strong></span> <span class='ocrx_word' id='word_1_29' title='bbox 551 1008 654 1066; x_wconf 88' lang='lat' dir='ltr'><strong>quo</strong></span> <span class='ocrx_word' id='word_1_30' title='bbox 675 998 880 1071; x_wconf 73' lang='lat' dir='ltr'><strong>seips‘bs</strong></span> <span class='ocrx_word' id='word_1_31' title='bbox 902 1000 1147 1077; x_wconf 72' lang='lat' dir='ltr'><strong>perdunt,</strong></span> <span class='ocrx_word' id='word_1_32' title='bbox 1173 1010 1516 1082; x_wconf 64' lang='lat' dir='ltr'><strong>perscrutatis</strong></span> <span class='ocrx_word' id='word_1_33' title='bbox 1537 1026 1781 1081; x_wconf 89' lang='lat' dir='ltr'><strong>omnibus</strong></span> <span class='ocrx_word' id='word_1_34' title='bbox 1802 1031 1948 1086; x_wconf 89' lang='lat' dir='ltr'><strong>cccle</strong></span> <span class='ocrx_word' id='word_1_35' title='bbox 1962 1063 1978 1072; x_wconf 93' lang='lat'><strong>-</strong></span> 
     </span>
    </p>
   </div>
   <div class='ocr_carea' id='block_1_7' title="bbox 401 1086 1980 1182">
    <p class='ocr_par' dir='ltr' id='par_1_7' title="bbox 401 1086 1980 1182">
     <span class='ocr_line' id='line_1_7' title="bbox 401 1086 1980 1182; baseline 0.025 -43"><span class='ocrx_word' id='word_1_36' title='bbox 401 1086 626 1144; x_wconf 37' lang='lat' dir='ltr'><strong>siasti‘cis</strong></span> <span class='ocrx_word' id='word_1_37' title='bbox 673 1098 1105 1172; x_wconf 77' lang='lat' dir='ltr'><strong>auctoritatibus,</strong></span> <span class='ocrx_word' id='word_1_38' title='bbox 1154 1107 1238 1161; x_wconf 80' lang='lat' dir='ltr'><strong>vix</strong></span> <span class='ocrx_word' id='word_1_39' title='bbox 1286 1104 1569 1182; x_wconf 77' lang='lat' dir='ltr'><strong>aliquando</strong></span> <span class='ocrx_word' id='word_1_40' title='bbox 1615 1114 1675 1173; x_wconf 83' lang='lat' dir='ltr'><strong>Se</strong></span> <span class='ocrx_word' id='word_1_41' title='bbox 1714 1120 1980 1179; x_wconf 86' lang='lat' dir='ltr'><strong>invenisse</strong></span> 
     </span>
    </p>
   </div>
   <div class='ocr_carea' id='block_1_8' title="bbox 396 1180 1977 1277">
    <p class='ocr_par' dir='ltr' id='par_1_8' title="bbox 396 1180 1977 1277">
     <span class='ocr_line' id='line_1_8' title="bbox 396 1180 1977 1277; baseline 0.028 -47"><span class='ocrx_word' id='word_1_42' title='bbox 396 1180 706 1252; x_wconf 71' lang='lat' dir='ltr'><strong>gloriantur,</strong></span> <span class='ocrx_word' id='word_1_43' title='bbox 740 1182 913 1247; x_wconf 79' lang='lat' dir='ltr'><strong>adimo</strong></span> <span class='ocrx_word' id='word_1_44' title='bbox 950 1196 1027 1250; x_wconf 91' lang='lat' dir='ltr'><strong>eis</strong></span> <span class='ocrx_word' id='word_1_45' title='bbox 1073 1214 1338 1270; x_wconf 76' lang='lat' dir='ltr'><strong>nunquam</strong></span> <span class='ocrx_word' id='word_1_46' title='bbox 1381 1194 1721 1277; x_wconf 78' lang='lat' dir='ltr'><strong>respondisse</strong></span> <span class='ocrx_word' id='word_1_47' title='bbox 1766 1232 1849 1270; x_wconf 90' lang='lat' dir='ltr'><strong>me</strong></span> <span class='ocrx_word' id='word_1_48' title='bbox 1892 1234 1977 1274; x_wconf 92' lang='lat' dir='ltr'><strong>re-</strong></span> 
     </span>
    </p>
   </div>
   <div class='ocr_carea' id='block_1_9' title="bbox 388 1272 1976 1374">
    <p class='ocr_par' dir='ltr' id='par_1_9' title="bbox 388 1272 1976 1374">
     <span class='ocr_line' id='line_1_9' title="bbox 388 1272 1976 1374; baseline 0.024 -50"><span class='ocrx_word' id='word_1_49' title='bbox 388 1272 533 1326; x_wconf 65' lang='grc' dir='ltr'><strong>ωηο.</strong></span> <span class='ocrx_word' id='word_1_50' title='bbox 565 1274 669 1331; x_wconf 87' lang='lat' dir='ltr'><strong>Sed</strong></span> <span class='ocrx_word' id='word_1_51' title='bbox 689 1319 702 1342; x_wconf 90' lang='lat'><strong>,</strong></span> <span class='ocrx_word' id='word_1_52' title='bbox 726 1272 870 1350; x_wconf 86' lang='lat' dir='ltr'><strong>quod</strong></span> <span class='ocrx_word' id='word_1_53' title='bbox 896 1276 1003 1340; x_wconf 71' lang='lat' dir='ltr'><strong>&#39;ture</strong></span> <span class='ocrx_word' id='word_1_54' title='bbox 1028 1288 1277 1347; x_wconf 86' lang='lat' dir='ltr'><strong>Charitati</strong></span> <span class='ocrx_word' id='word_1_55' title='bbox 1303 1304 1355 1349; x_wconf 91' lang='lat' dir='ltr'><strong>et</strong></span> <span class='ocrx_word' id='word_1_56' title='bbox 1386 1272 1729 1366; x_wconf 78' lang='lat' dir='ltr'><strong>prudentibus</strong></span> <span class='ocrx_word' id='word_1_57' title='bbox 1756 1272 1976 1374; x_wconf 79' lang='lat' dir='ltr'><strong>quibuS-</strong></span> 
     </span>
    </p>
   </div>
   <div class='ocr_carea' id='block_1_10' title="bbox 393 1358 1974 1456">
    <p class='ocr_par' dir='ltr' id='par_1_10' title="bbox 393 1358 1974 1456">
     <span class='ocr_line' id='line_1_10' title="bbox 393 1358 1974 1456; baseline 0.027 -41"><span class='ocrx_word' id='word_1_58' title='bbox 393 1358 496 1432; x_wconf 81' lang='lat' dir='ltr'><strong>que</strong></span> <span class='ocrx_word' id='word_1_59' title='bbox 520 1367 748 1424; x_wconf 82' lang='lat' dir='ltr'><strong>Sumciat</strong></span> <span class='ocrx_word' id='word_1_60' title='bbox 774 1373 839 1427; x_wconf 89' lang='lat' dir='ltr'><strong>ad</strong></span> <span class='ocrx_word' id='word_1_61' title='bbox 868 1376 998 1432; x_wconf 88' lang='lat' dir='ltr'><strong>istos</strong></span> <span class='ocrx_word' id='word_1_62' title='bbox 1028 1358 1438 1454; x_wconf 75' lang='lat' dir='ltr'><strong>redarguendoS,</strong></span> <span class='ocrx_word' id='word_1_63' title='bbox 1463 1391 1505 1444; x_wconf 89' lang='lat' dir='ltr'><strong>si</strong></span> <span class='ocrx_word' id='word_1_64' title='bbox 1534 1393 1600 1447; x_wconf 92' lang='lat' dir='ltr'><strong>ad</strong></span> <span class='ocrx_word' id='word_1_65' title='bbox 1630 1399 1787 1451; x_wconf 88' lang='lat' dir='ltr'><strong>vitam</strong></span> <span class='ocrx_word' id='word_1_66' title='bbox 1816 1400 1974 1456; x_wconf 78' lang='lat' dir='ltr'><strong>Chri-</strong></span> 
     </span>
    </p>
   </div>
   <div class='ocr_carea' id='block_1_11' title="bbox 390 1456 1967 1559">
    <p class='ocr_par' dir='ltr' id='par_1_11' title="bbox 390 1456 1967 1559">
     <span class='ocr_line' id='line_1_11' title="bbox 390 1456 1967 1559; baseline 0.026 -54"><span class='ocrx_word' id='word_1_67' title='bbox 390 1456 680 1513; x_wconf 87' lang='lat' dir='ltr'><strong>stianorum</strong></span> <span class='ocrx_word' id='word_1_68' title='bbox 711 1461 779 1517; x_wconf 91' lang='lat' dir='ltr'><strong>de</strong></span> <span class='ocrx_word' id='word_1_69' title='bbox 804 1463 982 1551; x_wconf 79' lang='lat' dir='ltr'><strong>Judaea</strong></span> <span class='ocrx_word' id='word_1_70' title='bbox 1022 1483 1179 1541; x_wconf 86' lang='lat' dir='ltr'><strong>gente</strong></span> <span class='ocrx_word' id='word_1_71' title='bbox 1217 1484 1373 1547; x_wconf 88' lang='lat' dir='ltr'><strong>atque</strong></span> <span class='ocrx_word' id='word_1_72' title='bbox 1411 1480 1515 1536; x_wconf 91' lang='lat' dir='ltr'><strong>illis</strong></span> <span class='ocrx_word' id='word_1_73' title='bbox 1544 1482 1760 1543; x_wconf 87' lang='lat' dir='ltr'><strong>Litteris</strong></span> <span class='ocrx_word' id='word_1_74' title='bbox 1800 1494 1967 1559; x_wconf 80' lang='lat' dir='ltr'><strong>parati</strong></span> 
     </span>
    </p>
   </div>
   <div class='ocr_carea' id='block_1_12' title="bbox 389 1544 1969 1645">
    <p class='ocr_par' dir='ltr' id='par_1_12' title="bbox 389 1544 1969 1645">
     <span class='ocr_line' id='line_1_12' title="bbox 389 1544 1969 1645; baseline 0.028 -48"><span class='ocrx_word' id='word_1_75' title='bbox 389 1550 512 1601; x_wconf 76' lang='lat' dir='ltr'><strong>sunt</strong></span> <span class='ocrx_word' id='word_1_76' title='bbox 539 1552 774 1607; x_wconf 91' lang='lat' dir='ltr'><strong>omnium</strong></span> <span class='ocrx_word' id='word_1_77' title='bbox 808 1544 1064 1616; x_wconf 65' lang='lat' dir='ltr'><strong>facturum</strong></span> <span class='ocrx_word' id='word_1_78' title='bbox 1092 1564 1110 1597; x_wconf 82' lang='grc'><strong>¹</strong></span> <span class='ocrx_word' id='word_1_79' title='bbox 1140 1570 1379 1640; x_wconf 83' lang='lat' dir='ltr'><strong>exempla</strong></span> <span class='ocrx_word' id='word_1_80' title='bbox 1413 1577 1697 1634; x_wconf 82' lang='lat' dir='ltr'><strong>transferre</strong></span> <span class='ocrx_word' id='word_1_81' title='bbox 1716 1622 1730 1645; x_wconf 92' lang='lat'><strong>,</strong></span> <span class='ocrx_word' id='word_1_82' title='bbox 1760 1564 1889 1638; x_wconf 74' lang='lat' dir='ltr'><strong>tunc</strong></span> <span class='ocrx_word' id='word_1_83' title='bbox 1916 1596 1969 1641; x_wconf 90' lang='lat' dir='ltr'><strong>et</strong></span> 
     </span>
    </p>
   </div>
   <div class='ocr_carea' id='block_1_13' title="bbox 386 1634 1966 1737">
    <p class='ocr_par' dir='ltr' id='par_1_13' title="bbox 386 1634 1966 1737">
     <span class='ocr_line' id='line_1_13' title="bbox 386 1634 1966 1737; baseline 0.027 -48"><span class='ocrx_word' id='word_1_84' title='bbox 386 1634 491 1692; x_wconf 82' lang='lat' dir='ltr'><strong>hoc</strong></span> <span class='ocrx_word' id='word_1_85' title='bbox 524 1642 866 1702; x_wconf 82' lang='lat' dir='ltr'><strong>transferant.</strong></span> <span class='ocrx_word' id='word_1_86' title='bbox 900 1649 957 1707; x_wconf 91' lang='lat' dir='ltr'><strong>Si</strong></span> <span class='ocrx_word' id='word_1_87' title='bbox 995 1650 1170 1710; x_wconf 80' lang='lat' dir='ltr'><strong>autem</strong></span> <span class='ocrx_word' id='word_1_88' title='bbox 1216 1660 1324 1715; x_wconf 92' lang='lat' dir='ltr'><strong>illic</strong></span> <span class='ocrx_word' id='word_1_89' title='bbox 1364 1675 1486 1720; x_wconf 90' lang='lat' dir='ltr'><strong>sunt</strong></span> <span class='ocrx_word' id='word_1_90' title='bbox 1516 1669 1740 1737; x_wconf 89' lang='lat' dir='ltr'><strong>plurima</strong></span> <span class='ocrx_word' id='word_1_91' title='bbox 1782 1690 1966 1732; x_wconf 89' lang='lat' dir='ltr'><strong>eorum</strong></span> 
     </span>
    </p>
   </div>
   <div class='ocr_carea' id='block_1_14' title="bbox 384 1722 1967 1824">
    <p class='ocr_par' dir='ltr' id='par_1_14' title="bbox 384 1722 1967 1824">
     <span class='ocr_line' id='line_1_14' title="bbox 384 1722 1967 1824; baseline 0.028 -45"><span class='ocrx_word' id='word_1_92' title='bbox 384 1722 593 1799; x_wconf 62' lang='lat' dir='ltr'><strong>quoque</strong></span> <span class='ocrx_word' id='word_1_93' title='bbox 635 1731 906 1794; x_wconf 81' lang='lat' dir='ltr'><strong>hominum</strong></span> <span class='ocrx_word' id='word_1_94' title='bbox 933 1784 945 1808; x_wconf 94' lang='lat'><strong>,</strong></span> <span class='ocrx_word' id='word_1_95' title='bbox 995 1746 1081 1814; x_wconf 88' lang='lat' dir='ltr'><strong>qui</strong></span> <span class='ocrx_word' id='word_1_96' title='bbox 1126 1744 1440 1810; x_wconf 83' lang='lat' dir='ltr'><strong>Litterarum</strong></span> <span class='ocrx_word' id='word_1_97' title='bbox 1490 1758 1696 1816; x_wconf 91' lang='lat' dir='ltr'><strong>illarum</strong></span> <span class='ocrx_word' id='word_1_98' title='bbox 1743 1752 1967 1824; x_wconf 80' lang='lat' dir='ltr'><strong>veritate</strong></span> 
     </span>
    </p>
   </div>
   <div class='ocr_carea' id='block_1_15' title="bbox 383 1810 1965 1917">
    <p class='ocr_par' dir='ltr' id='par_1_15' title="bbox 383 1810 1965 1917">
     <span class='ocr_line' id='line_1_15' title="bbox 383 1810 1965 1917; baseline 0.03 -48"><span class='ocrx_word' id='word_1_99' title='bbox 383 1810 575 1876; x_wconf 82' lang='lat' dir='ltr'><strong>laudati</strong></span> <span class='ocrx_word' id='word_1_100' title='bbox 603 1836 757 1895; x_wconf 89' lang='lat' dir='ltr'><strong>stmt,</strong></span> <span class='ocrx_word' id='word_1_101' title='bbox 788 1822 871 1885; x_wconf 79' lang='lat' dir='ltr'><strong>vel</strong></span> <span class='ocrx_word' id='word_1_102' title='bbox 908 1832 1035 1891; x_wconf 84' lang='lat' dir='ltr'><strong>huic</strong></span> <span class='ocrx_word' id='word_1_103' title='bbox 1069 1838 1176 1907; x_wconf 89' lang='lat' dir='ltr'><strong>jam</strong></span> <span class='ocrx_word' id='word_1_104' title='bbox 1211 1848 1433 1914; x_wconf 83' lang='lat' dir='ltr'><strong>tempori</strong></span> <span class='ocrx_word' id='word_1_105' title='bbox 1464 1867 1566 1904; x_wconf 94' lang='lat' dir='ltr'><strong>non</strong></span> <span class='ocrx_word' id='word_1_106' title='bbox 1595 1858 1965 1917; x_wconf 86' lang='lat' dir='ltr'><strong>convenientia</strong></span> 
     </span>
    </p>
   </div>
   <div class='ocr_carea' id='block_1_16' title="bbox 380 1906 1960 2009">
    <p class='ocr_par' dir='ltr' id='par_1_16' title="bbox 380 1906 1960 2009">
     <span class='ocr_line' id='line_1_16' title="bbox 380 1906 1960 2009; baseline 0.031 -48"><span class='ocrx_word' id='word_1_107' title='bbox 380 1912 461 1963; x_wconf 85' lang='lat' dir='ltr'><strong>vel</strong></span> <span class='ocrx_word' id='word_1_108' title='bbox 500 1906 657 1969; x_wconf 86' lang='lat' dir='ltr'><strong>etiam</strong></span> <span class='ocrx_word' id='word_1_109' title='bbox 700 1917 791 1973; x_wconf 89' lang='lat' dir='ltr'><strong>illo</strong></span> <span class='ocrx_word' id='word_1_110' title='bbox 834 1906 1079 1995; x_wconf 11' lang='lat' dir='ltr'><strong>tempore,</strong></span> <span class='ocrx_word' id='word_1_111' title='bbox 1110 1948 1215 1989; x_wconf 90' lang='lat' dir='ltr'><strong>non</strong></span> <span class='ocrx_word' id='word_1_112' title='bbox 1259 1946 1402 1993; x_wconf 87' lang='lat' dir='ltr'><strong>recte</strong></span> <span class='ocrx_word' id='word_1_113' title='bbox 1443 1940 1614 2009; x_wconf 86' lang='lat' dir='ltr'><strong>facta;</strong></span> <span class='ocrx_word' id='word_1_114' title='bbox 1657 1948 1761 2004; x_wconf 88' lang='lat' dir='ltr'><strong>tale</strong></span> <span class='ocrx_word' id='word_1_115' title='bbox 1804 1954 1960 2009; x_wconf 89' lang='lat' dir='ltr'><strong>etiam</strong></span> 
     </span>
    </p>
   </div>
   <div class='ocr_carea' id='block_1_17' title="bbox 378 2002 1959 2115">
    <p class='ocr_par' dir='ltr' id='par_1_17' title="bbox 378 2002 1959 2115">
     <span class='ocr_line' id='line_1_17' title="bbox 378 2002 1959 2115; baseline 0.03 -61"><span class='ocrx_word' id='word_1_116' title='bbox 378 2002 479 2058; x_wconf 84' lang='lat' dir='ltr'><strong>hoc</strong></span> <span class='ocrx_word' id='word_1_117' title='bbox 506 2014 619 2074; x_wconf 89' lang='lat' dir='ltr'><strong>est,</strong></span> <span class='ocrx_word' id='word_1_118' title='bbox 651 2013 790 2079; x_wconf 90' lang='lat' dir='ltr'><strong>quod</strong></span> <span class='ocrx_word' id='word_1_119' title='bbox 821 2010 875 2069; x_wconf 91' lang='lat' dir='ltr'><strong>in</strong></span> <span class='ocrx_word' id='word_1_120' title='bbox 920 2019 1151 2088; x_wconf 87' lang='lat' dir='ltr'><strong>seipsum</strong></span> <span class='ocrx_word' id='word_1_121' title='bbox 1193 2025 1381 2083; x_wconf 83' lang='lat' dir='ltr'><strong>Razius</strong></span> <span class='ocrx_word' id='word_1_122' title='bbox 1410 2032 1509 2088; x_wconf 91' lang='lat' dir='ltr'><strong>iste</strong></span> <span class='ocrx_word' id='word_1_123' title='bbox 1538 2041 1803 2096; x_wconf 91' lang='lat' dir='ltr'><strong>commisit</strong></span> <span class='ocrx_word' id='word_1_124' title='bbox 1828 2063 1841 2098; x_wconf 92' lang='lat'>:</span> <span class='ocrx_word' id='word_1_125' title='bbox 1871 2048 1959 2115; x_wconf 90' lang='lat' dir='ltr'><strong>qui</strong></span> 
     </span>
    </p>
   </div>
   <div class='ocr_carea' id='block_1_18' title="bbox 375 2106 1958 2193">
    <p class='ocr_par' dir='ltr' id='par_1_18' title="bbox 375 2106 1958 2193">
     <span class='ocr_line' id='line_1_18' title="bbox 375 2106 1958 2193; baseline 0.029 -46"><span class='ocrx_word' id='word_1_126' title='bbox 375 2109 492 2149; x_wconf 91' lang='lat' dir='ltr'><strong>cum</strong></span> <span class='ocrx_word' id='word_1_127' title='bbox 519 2110 661 2155; x_wconf 89' lang='lat' dir='ltr'><strong>esset</strong></span> <span class='ocrx_word' id='word_1_128' title='bbox 688 2106 827 2174; x_wconf 89' lang='lat' dir='ltr'><strong>apud</strong></span> <span class='ocrx_word' id='word_1_129' title='bbox 857 2112 979 2165; x_wconf 86' lang='lat' dir='ltr'><strong>Suos</strong></span> <span class='ocrx_word' id='word_1_130' title='bbox 1007 2115 1229 2186; x_wconf 90' lang='lat' dir='ltr'><strong>nobilis,</strong></span> <span class='ocrx_word' id='word_1_131' title='bbox 1262 2126 1315 2175; x_wconf 77' lang='lat' dir='ltr'><strong>et</strong></span> <span class='ocrx_word' id='word_1_132' title='bbox 1345 2125 1565 2181; x_wconf 89' lang='lat' dir='ltr'><strong>multum</strong></span> <span class='ocrx_word' id='word_1_133' title='bbox 1594 2130 1644 2184; x_wconf 90' lang='lat' dir='ltr'><strong>in</strong></span> <span class='ocrx_word' id='word_1_134' title='bbox 1685 2128 1958 2193; x_wconf 86' lang='lat' dir='ltr'><strong>Judaismo</strong></span> 
     </span>
    </p>
   </div>
   <div class='ocr_carea' id='block_1_19' title="bbox 373 2178 1955 2289">
    <p class='ocr_par' dir='ltr' id='par_1_19' title="bbox 373 2178 1955 2289">
     <span class='ocr_line' id='line_1_19' title="bbox 373 2178 1955 2289; baseline 0.03 -54"><span class='ocrx_word' id='word_1_135' title='bbox 373 2178 685 2254; x_wconf 68' lang='lat' dir='ltr'><strong>profecisset</strong></span> <span class='ocrx_word' id='word_1_136' title='bbox 712 2193 869 2266; x_wconf 71' lang='lat' dir='ltr'><strong>(qua:</strong></span> <span class='ocrx_word' id='word_1_137' title='bbox 895 2200 991 2255; x_wconf 93' lang='lat' dir='ltr'><strong>sibi</strong></span> <span class='ocrx_word' id='word_1_138' title='bbox 1037 2204 1086 2258; x_wconf 93' lang='lat' dir='ltr'><strong>in</strong></span> <span class='ocrx_word' id='word_1_139' title='bbox 1116 2204 1510 2279; x_wconf 82' lang='lat' dir='ltr'><strong>comparatione</strong></span> <span class='ocrx_word' id='word_1_140' title='bbox 1547 2219 1766 2289; x_wconf 69' lang='lat' dir='ltr'><strong>jUSliliiB</strong></span> <span class='ocrx_word' id='word_1_141' title='bbox 1810 2228 1955 2283; x_wconf 88' lang='lat' dir='ltr'><strong>chri-</strong></span> 
     </span>
    </p>
   </div>
   <div class='ocr_carea' id='block_1_20' title="bbox 370 2278 1953 2389">
    <p class='ocr_par' dir='ltr' id='par_1_20' title="bbox 370 2278 1953 2389">
     <span class='ocr_line' id='line_1_20' title="bbox 370 2278 1953 2389; baseline 0.026 -58"><span class='ocrx_word' id='word_1_142' title='bbox 370 2278 555 2334; x_wconf 76' lang='lat' dir='ltr'><strong>stianae</strong></span> <span class='ocrx_word' id='word_1_143' title='bbox 580 2281 770 2339; x_wconf 89' lang='lat' dir='ltr'><strong>damna</strong></span> <span class='ocrx_word' id='word_1_144' title='bbox 798 2288 849 2342; x_wconf 91' lang='lat' dir='ltr'><strong>et</strong></span> <span class='ocrx_word' id='word_1_145' title='bbox 879 2292 1109 2349; x_wconf 89' lang='lat' dir='ltr'><strong>stercora</strong></span> <span class='ocrx_word' id='word_1_146' title='bbox 1140 2297 1301 2356; x_wconf 86' lang='lat' dir='ltr'><strong>fuisse</strong></span> <span class='ocrx_word' id='word_1_147' title='bbox 1329 2303 1456 2360; x_wconf 87' lang='lat' dir='ltr'><strong>dicit</strong></span> <span class='ocrx_word' id='word_1_148' title='bbox 1485 2310 1770 2378; x_wconf 77' lang='lat' dir='ltr'><strong>Apostolus</strong></span> <span class='ocrx_word' id='word_1_149' title='bbox 1796 2315 1953 2389; x_wconf 72' lang='lat' dir='ltr'><strong>[Plii-</strong></span> 
     </span>
    </p>
   </div>
   <div class='ocr_carea' id='block_1_21' title="bbox 369 2369 1950 2464">
    <p class='ocr_par' dir='ltr' id='par_1_21' title="bbox 369 2369 1950 2464">
     <span class='ocr_line' id='line_1_21' title="bbox 369 2369 1950 2464; baseline 0.027 -43"><span class='ocrx_word' id='word_1_150' title='bbox 369 2369 496 2440; x_wconf 78' lang='lat' dir='ltr'><strong>lt‘pp.</strong></span> <span class='ocrx_word' id='word_1_151' title='bbox 529 2376 607 2441; x_wconf 79' lang='lat' dir='ltr'><strong>tu,</strong></span> <span class='ocrx_word' id='word_1_152' title='bbox 628 2374 745 2448; x_wconf 89' lang='lat'><strong>8]),</strong></span> <span class='ocrx_word' id='word_1_153' title='bbox 775 2389 827 2433; x_wconf 90' lang='lat' dir='ltr'><strong>et</strong></span> <span class='ocrx_word' id='word_1_154' title='bbox 858 2390 1073 2454; x_wconf 83' lang='lat' dir='ltr'><strong>propter</strong></span> <span class='ocrx_word' id='word_1_155' title='bbox 1114 2388 1215 2445; x_wconf 86' lang='lat' dir='ltr'><strong>hoc</strong></span> <span class='ocrx_word' id='word_1_156' title='bbox 1242 2393 1380 2449; x_wconf 90' lang='lat' dir='ltr'><strong>idem</strong></span> <span class='ocrx_word' id='word_1_157' title='bbox 1415 2369 1603 2456; x_wconf 44' lang='lat' dir='ltr'><strong>itali-us</strong></span> <span class='ocrx_word' id='word_1_158' title='bbox 1645 2369 1950 2464; x_wconf 58' lang='lat' dir='ltr'><strong>Judaeiirum</strong></span> 
     </span>
    </p>
   </div>
   <div class='ocr_carea' id='block_1_22' title="bbox 367 2464 1946 2571">
    <p class='ocr_par' dir='ltr' id='par_1_22' title="bbox 367 2464 1946 2571">
     <span class='ocr_line' id='line_1_22' title="bbox 367 2464 1946 2571; baseline 0.027 -56"><span class='ocrx_word' id='word_1_159' title='bbox 367 2469 519 2531; x_wconf 82' lang='lat' dir='ltr'><strong>pater</strong></span> <span class='ocrx_word' id='word_1_160' title='bbox 566 2464 957 2542; x_wconf 86' lang='lat' dir='ltr'><strong>appellaretur;</strong></span> <span class='ocrx_word' id='word_1_161' title='bbox 1010 2481 1133 2549; x_wconf 91' lang='lat' dir='ltr'><strong>quid</strong></span> <span class='ocrx_word' id='word_1_162' title='bbox 1188 2485 1378 2541; x_wconf 89' lang='lat' dir='ltr'><strong>mirum</strong></span> <span class='ocrx_word' id='word_1_163' title='bbox 1432 2503 1549 2557; x_wconf 90' lang='lat' dir='ltr'><strong>est,</strong></span> <span class='ocrx_word' id='word_1_164' title='bbox 1600 2498 1642 2549; x_wconf 90' lang='lat' dir='ltr'><strong>si</strong></span> <span class='ocrx_word' id='word_1_165' title='bbox 1701 2508 1946 2571; x_wconf 85' lang='lat' dir='ltr'><strong>tanquam</strong></span> 
     </span>
     <span class='ocr_line' id='line_1_23' title="bbox 367 2550 714 2571; baseline 0.026 -5"><span class='ocrx_word' id='word_1_166' title='bbox 367 2550 381 2571; x_wconf 87' lang='lat'><strong>.</strong></span> <span class='ocrx_word' id='word_1_167' title='bbox 626 2562 640 2571; x_wconf 82' lang='lat'><strong>.</strong></span> <span class='ocrx_word' id='word_1_168' title='bbox 704 2566 714 2571; x_wconf 87' lang='lat'><strong>-</strong></span> 
     </span>
    </p>
   </div>
   <div class='ocr_carea' id='block_1_23' title="bbox 364 2550 1945 2664">
    <p class='ocr_par' dir='ltr' id='par_1_23' title="bbox 364 2550 1945 2664">
     <span class='ocr_line' id='line_1_24' title="bbox 364 2550 1945 2664; baseline 0.027 -56"><span class='ocrx_word' id='word_1_169' title='bbox 364 2550 565 2614; x_wconf 83' lang='lat' dir='ltr'><strong>homini</strong></span> <span class='ocrx_word' id='word_1_170' title='bbox 593 2562 753 2620; x_wconf 88' lang='lat' dir='ltr'><strong>elatio</strong></span> <span class='ocrx_word' id='word_1_171' title='bbox 776 2573 1001 2639; x_wconf 86' lang='lat' dir='ltr'><strong>superba</strong></span> <span class='ocrx_word' id='word_1_172' title='bbox 1029 2576 1320 2648; x_wconf 88' lang='lat' dir='ltr'><strong>subrepsit,</strong></span> <span class='ocrx_word' id='word_1_173' title='bbox 1347 2593 1402 2637; x_wconf 92' lang='lat' dir='ltr'><strong>ut</strong></span> <span class='ocrx_word' id='word_1_174' title='bbox 1428 2572 1609 2644; x_wconf 81' lang='lat' dir='ltr'><strong>mallet</strong></span> <span class='ocrx_word' id='word_1_175' title='bbox 1636 2608 1791 2646; x_wconf 88' lang='lat' dir='ltr'><strong>manu</strong></span> <span class='ocrx_word' id='word_1_176' title='bbox 1822 2612 1945 2664; x_wconf 86' lang='lat' dir='ltr'><strong>pro-</strong></span> 
     </span>
    </p>
   </div>
   <div class='ocr_carea' id='block_1_24' title="bbox 364 2644 1944 2755">
    <p class='ocr_par' dir='ltr' id='par_1_24' title="bbox 364 2644 1944 2755">
     <span class='ocr_line' id='line_1_25' title="bbox 1190 2644 1912 2664; baseline 0.028 -16"><span class='ocrx_word' id='word_1_177' title='bbox 1190 2644 1205 2648; x_wconf 59' lang='grc' dir='ltr'>ν</span> <span class='ocrx_word' id='word_1_178' title='bbox 1310 2644 1315 2645; x_wconf 39' lang='grc' dir='ltr'><em>γ</em></span> <span class='ocrx_word' id='word_1_179' title='bbox 1724 2644 1754 2646; x_wconf 51' lang='grc'><strong>⁷-</strong></span> <span class='ocrx_word' id='word_1_180' title='bbox 1783 2644 1791 2646; x_wconf 59' lang='lat'>‘</span> <span class='ocrx_word' id='word_1_181' title='bbox 1822 2644 1871 2664; x_wconf 85' lang='lat' dir='ltr'><strong>r‘</strong></span> <span class='ocrx_word' id='word_1_182' title='bbox 1890 2644 1912 2650; x_wconf 70' lang='grc' dir='ltr'>ν</span> 
     </span>
     <span class='ocr_line' id='line_1_26' title="bbox 364 2644 1944 2755; baseline 0.027 -54"><span class='ocrx_word' id='word_1_183' title='bbox 364 2644 476 2717; x_wconf 82' lang='lat' dir='ltr'><strong>pria</strong></span> <span class='ocrx_word' id='word_1_184' title='bbox 511 2654 716 2722; x_wconf 91' lang='lat' dir='ltr'><strong>perimi,</strong></span> <span class='ocrx_word' id='word_1_185' title='bbox 761 2675 917 2729; x_wconf 88' lang='lat' dir='ltr'><strong>quam</strong></span> <span class='ocrx_word' id='word_1_186' title='bbox 963 2675 1083 2733; x_wconf 90' lang='lat' dir='ltr'><strong>post</strong></span> <span class='ocrx_word' id='word_1_187' title='bbox 1120 2660 1260 2725; x_wconf 88' lang='lat' dir='ltr'><strong>illam</strong></span> <span class='ocrx_word' id='word_1_188' title='bbox 1296 2674 1347 2728; x_wconf 87' lang='lat' dir='ltr'><strong>in</strong></span> <span class='ocrx_word' id='word_1_189' title='bbox 1388 2690 1606 2734; x_wconf 89' lang='lat' dir='ltr'><strong>Suorum</strong></span> <span class='ocrx_word' id='word_1_190' title='bbox 1644 2689 1944 2755; x_wconf 88' lang='lat' dir='ltr'><strong>aspectibus</strong></span> 
     </span>
    </p>
   </div>
   <div class='ocr_carea' id='block_1_25' title="bbox 360 2734 1943 2836">
    <p class='ocr_par' dir='ltr' id='par_1_25' title="bbox 360 2734 1943 2836">
     <span class='ocr_line' id='line_1_27' title="bbox 1647 2734 1943 2755; baseline 0.02 -19"><span class='ocrx_word' id='word_1_191' title='bbox 1647 2734 1943 2755; x_wconf 50' lang='grc' dir='ltr'><strong>,ητηηηυυ</strong></span> 
     </span>
     <span class='ocr_line' id='line_1_28' title="bbox 360 2734 1943 2836; baseline 0.028 -43"><span class='ocrx_word' id='word_1_192' title='bbox 360 2734 752 2815; x_wconf 84' lang='lat' dir='ltr'><strong>celsitudinem,</strong></span> <span class='ocrx_word' id='word_1_193' title='bbox 780 2756 1044 2813; x_wconf 89' lang='lat' dir='ltr'><strong>sustinere</strong></span> <span class='ocrx_word' id='word_1_194' title='bbox 1069 2758 1336 2834; x_wconf 81' lang='lat' dir='ltr'><strong>indignam</strong></span> <span class='ocrx_word' id='word_1_195' title='bbox 1364 2769 1417 2824; x_wconf 93' lang='lat' dir='ltr'><strong>in</strong></span> <span class='ocrx_word' id='word_1_196' title='bbox 1444 2768 1673 2829; x_wconf 87' lang='lat' dir='ltr'><strong>hostium</strong></span> <span class='ocrx_word' id='word_1_197' title='bbox 1698 2780 1943 2836; x_wconf 86' lang='lat' dir='ltr'><strong>manibus</strong></span> 
     </span>
    </p>
   </div>
   <div class='ocr_carea' id='block_1_26' title="bbox 354 2822 1625 2939">
    <p class='ocr_par' dir='ltr' id='par_1_26' title="bbox 354 2822 1625 2939">
     <span class='ocr_line' id='line_1_29' title="bbox 354 2822 1625 2939; baseline 0.028 -53"><span class='ocrx_word' id='word_1_198' title='bbox 354 2822 667 2894; x_wconf 68' lang='lat' dir='ltr'><strong>servitutem</strong></span> <span class='ocrx_word' id='word_1_199' title='bbox 691 2842 716 2896; x_wconf 87' lang='lat'><strong>?</strong></span> <span class='ocrx_word' id='word_1_200' title='bbox 1622 2936 1625 2939; x_wconf 19' lang='grc' dir='ltr'><em>Α</em></span> 
     </span>
    </p>
   </div>
   <div class='ocr_carea' id='block_1_27' title="bbox 428 2925 1938 3021">
    <p class='ocr_par' dir='ltr' id='par_1_27' title="bbox 428 2925 1938 3021">
     <span class='ocr_line' id='line_1_30' title="bbox 428 2925 1938 3021; baseline 0.028 -42"><span class='ocrx_word' id='word_1_201' title='bbox 428 2925 483 2981; x_wconf 92' lang='grc'><strong>7.</strong></span> <span class='ocrx_word' id='word_1_202' title='bbox 524 2928 710 2987; x_wconf 87' lang='lat' dir='ltr'><strong>Solent</strong></span> <span class='ocrx_word' id='word_1_203' title='bbox 751 2936 799 2991; x_wconf 90' lang='lat' dir='ltr'><strong>in</strong></span> <span class='ocrx_word' id='word_1_204' title='bbox 831 2928 1020 2997; x_wconf 85' lang='lat' dir='ltr'><strong>litteris</strong></span> <span class='ocrx_word' id='word_1_205' title='bbox 1047 2940 1330 3006; x_wconf 85' lang='lat' dir='ltr'><strong>Gentilium</strong></span> <span class='ocrx_word' id='word_1_206' title='bbox 1374 2953 1471 3009; x_wconf 88' lang='lat' dir='ltr'><strong>ista</strong></span> <span class='ocrx_word' id='word_1_207' title='bbox 1514 2936 1735 3015; x_wconf 88' lang='lat' dir='ltr'><strong>laudari.</strong></span> <span class='ocrx_word' id='word_1_208' title='bbox 1767 2963 1822 3018; x_wconf 91' lang='lat' dir='ltr'><strong>ln</strong></span> <span class='ocrx_word' id='word_1_209' title='bbox 1854 2965 1938 3021; x_wconf 90' lang='lat' dir='ltr'><strong>his</strong></span> 
     </span>
    </p>
   </div>
   <div class='ocr_carea' id='block_1_28' title="bbox 354 3014 1937 3121">
    <p class='ocr_par' dir='ltr' id='par_1_28' title="bbox 354 3014 1937 3121">
     <span class='ocr_line' id='line_1_31' title="bbox 354 3014 1937 3121; baseline 0.027 -52"><span class='ocrx_word' id='word_1_210' title='bbox 354 3014 533 3074; x_wconf 81' lang='lat' dir='ltr'><strong>autem</strong></span> <span class='ocrx_word' id='word_1_211' title='bbox 561 3022 980 3087; x_wconf 76' lang='lat' dir='ltr'><strong>Machabzeorum</strong></span> <span class='ocrx_word' id='word_1_212' title='bbox 1010 3036 1158 3093; x_wconf 86' lang='lat' dir='ltr'><strong>libris</strong></span> <span class='ocrx_word' id='word_1_213' title='bbox 1186 3046 1423 3110; x_wconf 87' lang='lat' dir='ltr'><strong>quamvis</strong></span> <span class='ocrx_word' id='word_1_214' title='bbox 1451 3046 1610 3105; x_wconf 89' lang='lat' dir='ltr'><strong>homo</strong></span> <span class='ocrx_word' id='word_1_215' title='bbox 1638 3052 1751 3121; x_wconf 88' lang='lat' dir='ltr'><strong>ipse</strong></span> <span class='ocrx_word' id='word_1_216' title='bbox 1780 3055 1937 3111; x_wconf 83' lang='lat' dir='ltr'><strong>fuerit</strong></span> 
     </span>
    </p>
   </div>
   <div class='ocr_carea' id='block_1_29' title="bbox 352 3102 1933 3215">
    <p class='ocr_par' dir='ltr' id='par_1_29' title="bbox 352 3102 1933 3215">
     <span class='ocr_line' id='line_1_32' title="bbox 352 3102 1933 3215; baseline 0.028 -51"><span class='ocrx_word' id='word_1_217' title='bbox 352 3102 631 3185; x_wconf 79' lang='lat' dir='ltr'><strong>laudatus,</strong></span> <span class='ocrx_word' id='word_1_218' title='bbox 660 3118 857 3178; x_wconf 87' lang='lat' dir='ltr'><strong>factum</strong></span> <span class='ocrx_word' id='word_1_219' title='bbox 889 3135 1060 3185; x_wconf 89' lang='lat' dir='ltr'><strong>tamen</strong></span> <span class='ocrx_word' id='word_1_220' title='bbox 1091 3132 1205 3202; x_wconf 88' lang='lat' dir='ltr'><strong>ejus</strong></span> <span class='ocrx_word' id='word_1_221' title='bbox 1233 3149 1501 3196; x_wconf 87' lang='lat' dir='ltr'><strong>narratum</strong></span> <span class='ocrx_word' id='word_1_222' title='bbox 1538 3155 1652 3215; x_wconf 86' lang='lat' dir='ltr'><strong>est,</strong></span> <span class='ocrx_word' id='word_1_223' title='bbox 1680 3165 1784 3204; x_wconf 94' lang='lat' dir='ltr'><strong>non</strong></span> <span class='ocrx_word' id='word_1_224' title='bbox 1818 3152 1933 3207; x_wconf 75' lang='lat' dir='ltr'><strong>lal-</strong></span> 
     </span>
     <span class='ocr_line' id='line_1_33' title="bbox 352 3192 789 3215; baseline 0.032 -2"><span class='ocrx_word' id='word_1_225' title='bbox 352 3192 403 3215; x_wconf 62' lang='lat' dir='ltr'><strong>rh‘</strong></span> <span class='ocrx_word' id='word_1_226' title='bbox 426 3212 433 3215; x_wconf 78' lang='lat'><strong>.</strong></span> <span class='ocrx_word' id='word_1_227' title='bbox 684 3211 695 3215; x_wconf 89' lang='lat'><strong><em>-</em></strong></span> <span class='ocrx_word' id='word_1_228' title='bbox 782 3210 789 3215; x_wconf 60' lang='grc' dir='ltr'><strong>ι</strong></span> 
     </span>
    </p>
   </div>
   <div class='ocr_carea' id='block_1_30' title="bbox 349 3192 1930 3316">
    <p class='ocr_par' dir='ltr' id='par_1_30' title="bbox 349 3192 1930 3316">
     <span class='ocr_line' id='line_1_34' title="bbox 1118 3192 1930 3215; baseline 0.026 -29"><span class='ocrx_word' id='word_1_229' title='bbox 1118 3192 1136 3202; x_wconf 81' lang='lat'>_</span> <span class='ocrx_word' id='word_1_230' title='bbox 1338 3192 1341 3193; x_wconf 62' lang='lat'><strong>,</strong></span> <span class='ocrx_word' id='word_1_231' title='bbox 1398 3192 1501 3196; x_wconf 37' lang='grc' dir='ltr'><strong>Ψ---</strong></span> <span class='ocrx_word' id='word_1_232' title='bbox 1542 3192 1652 3215; x_wconf 72' lang='lat'><strong>_.,_,</strong></span> <span class='ocrx_word' id='word_1_233' title='bbox 1680 3192 1784 3204; x_wconf 72' lang='grc' dir='ltr'><strong>..νη</strong></span> <span class='ocrx_word' id='word_1_234' title='bbox 1819 3192 1930 3207; x_wconf 65' lang='grc' dir='ltr'>ω...-</span> 
     </span>
     <span class='ocr_line' id='line_1_35' title="bbox 349 3192 1930 3316; baseline 0.03 -61"><span class='ocrx_word' id='word_1_235' title='bbox 349 3192 548 3273; x_wconf 70' lang='lat' dir='ltr'><strong>datum,</strong></span> <span class='ocrx_word' id='word_1_236' title='bbox 590 3217 645 3264; x_wconf 90' lang='lat' dir='ltr'><strong>et</strong></span> <span class='ocrx_word' id='word_1_237' title='bbox 675 3210 1018 3281; x_wconf 87' lang='lat' dir='ltr'><strong>judicandu&#39;m</strong></span> <span class='ocrx_word' id='word_1_238' title='bbox 1050 3228 1222 3293; x_wconf 87' lang='lat' dir='ltr'><strong>potius</strong></span> <span class='ocrx_word' id='word_1_239' title='bbox 1252 3246 1407 3299; x_wconf 86' lang='lat' dir='ltr'><strong>quam</strong></span> <span class='ocrx_word' id='word_1_240' title='bbox 1440 3235 1749 3296; x_wconf 90' lang='lat' dir='ltr'><strong>imitandum</strong></span> <span class='ocrx_word' id='word_1_241' title='bbox 1781 3249 1930 3316; x_wconf 88' lang='lat' dir='ltr'><strong>quasi</strong></span> 
     </span>
    </p>
   </div>
   <div class='ocr_carea' id='block_1_31' title="bbox 348 3294 1932 3410">
    <p class='ocr_par' dir='ltr' id='par_1_31' title="bbox 348 3294 1932 3410">
     <span class='ocr_line' id='line_1_36' title="bbox 1268 3294 1930 3316; baseline 0.026 -17"><span class='ocrx_word' id='word_1_242' title='bbox 1268 3294 1283 3299; x_wconf 87' lang='lat'><em>_</em></span> <span class='ocrx_word' id='word_1_243' title='bbox 1674 3294 1679 3295; x_wconf 63' lang='grc'><strong><em>⁷</em></strong></span> <span class='ocrx_word' id='word_1_244' title='bbox 1704 3294 1748 3296; x_wconf 48' lang='lat'><strong>&quot;—</strong></span> <span class='ocrx_word' id='word_1_245' title='bbox 1784 3294 1930 3316; x_wconf 75' lang='grc' dir='ltr'><strong><em>“ι“““”“”“</em></strong></span> 
     </span>
     <span class='ocr_line' id='line_1_37' title="bbox 348 3294 1932 3410; baseline 0.032 -63"><span class='ocrx_word' id='word_1_246' title='bbox 348 3294 471 3351; x_wconf 84' lang='lat' dir='ltr'><strong>ante</strong></span> <span class='ocrx_word' id='word_1_247' title='bbox 499 3296 682 3356; x_wconf 76' lang='lat' dir='ltr'><strong>acules</strong></span> <span class='ocrx_word' id='word_1_248' title='bbox 711 3311 1055 3369; x_wconf 90' lang='lat' dir='ltr'><strong>constitutum</strong></span> <span class='ocrx_word' id='word_1_249' title='bbox 1083 3335 1094 3381; x_wconf 91' lang='lat'>;</span> <span class='ocrx_word' id='word_1_250' title='bbox 1126 3336 1229 3375; x_wconf 92' lang='lat' dir='ltr'><strong>non</strong></span> <span class='ocrx_word' id='word_1_251' title='bbox 1257 3339 1385 3380; x_wconf 88' lang='lat' dir='ltr'><strong>sane</strong></span> <span class='ocrx_word' id='word_1_252' title='bbox 1416 3326 1598 3409; x_wconf 80' lang='lat' dir='ltr'><strong>nostro</strong></span> <span class='ocrx_word' id='word_1_253' title='bbox 1622 3335 1822 3402; x_wconf 89' lang='lat' dir='ltr'><strong>judicio</strong></span> <span class='ocrx_word' id='word_1_254' title='bbox 1844 3341 1932 3410; x_wconf 84' lang='lat' dir='ltr'><strong>ju-</strong></span> 
     </span>
     <span class='ocr_line' id='line_1_38' title="bbox 351 3380 1253 3410; baseline 0.031 0"><span class='ocrx_word' id='word_1_255' title='bbox 351 3380 494 3410; x_wconf 46' lang='grc' dir='ltr'>ιιεηέμ</span> <span class='ocrx_word' id='word_1_256' title='bbox 513 3390 568 3410; x_wconf 29' lang='lat'><strong>1..</strong></span> <span class='ocrx_word' id='word_1_257' title='bbox 810 3399 823 3410; x_wconf 86' lang='lat'>-</span> <span class='ocrx_word' id='word_1_258' title='bbox 1252 3402 1253 3405; x_wconf 66' lang='grc'><em>“</em></span> 
     </span>
    </p>
   </div>
   <div class='ocr_carea' id='block_1_32' title="bbox 347 3380 1932 3502">
    <p class='ocr_par' dir='ltr' id='par_1_32' title="bbox 347 3380 1932 3502">
     <span class='ocr_line' id='line_1_39' title="bbox 1464 3380 1931 3410; baseline 0.026 -27"><span class='ocrx_word' id='word_1_259' title='bbox 1571 3380 1592 3409; x_wconf 46' lang='grc' dir='ltr'><em>τ</em></span> <span class='ocrx_word' id='word_1_260' title='bbox 1622 3380 1821 3402; x_wconf 55' lang='grc' dir='ltr'><strong>,πων</strong></span> <span class='ocrx_word' id='word_1_261' title='bbox 1844 3380 1931 3410; x_wconf 49' lang='grc' dir='ltr'><strong>,με</strong></span> 
     </span>
     <span class='ocr_line' id='line_1_40' title="bbox 347 3380 1932 3502; baseline 0.032 -62"><span class='ocrx_word' id='word_1_262' title='bbox 347 3380 652 3460; x_wconf 80' lang='lat' dir='ltr'><strong>dicandum,</strong></span> <span class='ocrx_word' id='word_1_263' title='bbox 686 3399 823 3467; x_wconf 93' lang='lat' dir='ltr'><strong>quod</strong></span> <span class='ocrx_word' id='word_1_264' title='bbox 855 3419 955 3460; x_wconf 91' lang='lat' dir='ltr'><strong>nos</strong></span> <span class='ocrx_word' id='word_1_265' title='bbox 981 3424 1191 3480; x_wconf 88' lang='lat' dir='ltr'><strong>quoque</strong></span> <span class='ocrx_word' id='word_1_266' title='bbox 1216 3402 1272 3468; x_wconf 89' lang='lat' dir='ltr'><strong>ut</strong></span> <span class='ocrx_word' id='word_1_267' title='bbox 1312 3419 1553 3477; x_wconf 88' lang='lat' dir='ltr'><strong>homines</strong></span> <span class='ocrx_word' id='word_1_268' title='bbox 1582 3424 1778 3485; x_wconf 86' lang='lat' dir='ltr'><strong>habere</strong></span> <span class='ocrx_word' id='word_1_269' title='bbox 1807 3448 1932 3502; x_wconf 83' lang='lat' dir='ltr'><strong>pos-</strong></span> 
     </span>
    </p>
   </div>
   <div class='ocr_carea' id='block_1_33' title="bbox 345 3488 1929 3593">
    <p class='ocr_par' dir='ltr' id='par_1_33' title="bbox 345 3488 1929 3593">
     <span class='ocr_line' id='line_1_41' title="bbox 345 3488 1929 3593; baseline 0.031 -62"><span class='ocrx_word' id='word_1_270' title='bbox 345 3492 544 3547; x_wconf 90' lang='lat' dir='ltr'><strong>semus,</strong></span> <span class='ocrx_word' id='word_1_271' title='bbox 595 3488 687 3541; x_wconf 91' lang='lat' dir='ltr'><strong>sed</strong></span> <span class='ocrx_word' id='word_1_272' title='bbox 731 3490 931 3558; x_wconf 91' lang='lat' dir='ltr'><strong>judicio</strong></span> <span class='ocrx_word' id='word_1_273' title='bbox 976 3498 1230 3557; x_wconf 71' lang='lat' dir='ltr'><strong>doctrina:</strong></span> <span class='ocrx_word' id='word_1_274' title='bbox 1274 3508 1485 3579; x_wconf 56' lang='lat' dir='ltr'><strong>sobriae,</strong></span> <span class='ocrx_word' id='word_1_275' title='bbox 1536 3502 1654 3586; x_wconf 72' lang='lat' dir='ltr'><strong>qua:</strong></span> <span class='ocrx_word' id='word_1_276' title='bbox 1700 3520 1751 3575; x_wconf 87' lang='lat' dir='ltr'><strong>in</strong></span> <span class='ocrx_word' id='word_1_277' title='bbox 1799 3523 1929 3593; x_wconf 88' lang='lat' dir='ltr'><strong>ipsis</strong></span> 
     </span>
    </p>
   </div>
   <div class='ocr_carea' id='block_1_34' title="bbox 343 3574 1928 3683">
    <p class='ocr_par' dir='ltr' id='par_1_34' title="bbox 343 3574 1928 3683">
     <span class='ocr_line' id='line_1_42' title="bbox 343 3574 1928 3683; baseline 0.032 -61"><span class='ocrx_word' id='word_1_278' title='bbox 343 3574 555 3683; x_wconf 65' lang='lat' dir='ltr'><strong>quoque</strong></span> <span class='ocrx_word' id='word_1_279' title='bbox 592 3574 763 3638; x_wconf 90' lang='lat' dir='ltr'><strong>Libris</strong></span> <span class='ocrx_word' id='word_1_280' title='bbox 794 3586 1059 3647; x_wconf 78' lang='lat' dir='ltr'><strong>veteribus</strong></span> <span class='ocrx_word' id='word_1_281' title='bbox 1098 3586 1239 3652; x_wconf 89' lang='lat' dir='ltr'><strong>clara</strong></span> <span class='ocrx_word' id='word_1_282' title='bbox 1268 3610 1369 3658; x_wconf 91' lang='lat' dir='ltr'><strong>est.</strong></span> <span class='ocrx_word' id='word_1_283' title='bbox 1399 3574 1578 3676; x_wconf 75' lang='lat' dir='ltr'><strong>Longe</strong></span> <span class='ocrx_word' id='word_1_284' title='bbox 1608 3613 1801 3683; x_wconf 84' lang='lat' dir='ltr'><strong>quippe</strong></span> <span class='ocrx_word' id='word_1_285' title='bbox 1819 3574 1928 3672; x_wconf 39' lang='lat' dir='ltr'><strong>[fuit</strong></span> 
     </span>
    </p>
   </div>
   <div class='ocr_carea' id='block_1_35' title="bbox 343 3652 1927 3777">
    <p class='ocr_par' dir='ltr' id='par_1_35' title="bbox 343 3652 1927 3777">
     <span class='ocr_line' id='line_1_43' title="bbox 1277 3652 1927 3683; baseline 0.026 -28"><span class='ocrx_word' id='word_1_286' title='bbox 1277 3652 1369 3658; x_wconf 44' lang='grc' dir='ltr'><strong>τε--</strong></span> <span class='ocrx_word' id='word_1_287' title='bbox 1399 3652 1578 3676; x_wconf 61' lang='grc' dir='ltr'><strong>..νυ-δυ</strong></span> <span class='ocrx_word' id='word_1_288' title='bbox 1609 3652 1800 3683; x_wconf 53' lang='lat' dir='ltr'><strong>Iit-Iri&quot;)</strong></span> <span class='ocrx_word' id='word_1_289' title='bbox 1828 3652 1927 3672; x_wconf 81' lang='grc' dir='ltr'>ιυιι</span> 
     </span>
     <span class='ocr_line' id='line_1_44' title="bbox 343 3652 1927 3777; baseline 0.03 -60"><span class='ocrx_word' id='word_1_290' title='bbox 343 3652 443 3720; x_wconf 77' lang='lat' dir='ltr'><strong>iste</strong></span> <span class='ocrx_word' id='word_1_291' title='bbox 476 3652 666 3727; x_wconf 67' lang='lat' dir='ltr'><strong>iiazius</strong></span> <span class='ocrx_word' id='word_1_292' title='bbox 692 3691 721 3729; x_wconf 90' lang='lat' dir='ltr'><strong>a</strong></span> <span class='ocrx_word' id='word_1_293' title='bbox 748 3670 923 3735; x_wconf 81' lang='lat' dir='ltr'><strong>verbis</strong></span> <span class='ocrx_word' id='word_1_294' title='bbox 953 3683 1076 3748; x_wconf 87' lang='lat' dir='ltr'><strong>illis,</strong></span> <span class='ocrx_word' id='word_1_295' title='bbox 1110 3689 1194 3743; x_wconf 93' lang='lat' dir='ltr'><strong>ubi</strong></span> <span class='ocrx_word' id='word_1_296' title='bbox 1224 3692 1452 3763; x_wconf 78' lang='lat' dir='ltr'><strong>legitur:</strong></span> <span class='ocrx_word' id='word_1_297' title='bbox 1489 3698 1651 3757; x_wconf 84' lang='lat' dir='ltr'><strong>Omne</strong></span> <span class='ocrx_word' id='word_1_298' title='bbox 1678 3708 1813 3777; x_wconf 85' lang='lat' dir='ltr'><strong>quod</strong></span> <span class='ocrx_word' id='word_1_299' title='bbox 1838 3712 1927 3765; x_wconf 90' lang='lat' dir='ltr'><strong>tibi</strong></span> 
     </span>
     <span class='ocr_line' id='line_1_45' title="bbox 348 3744 983 3777; baseline 0.024 0"><span class='ocrx_word' id='word_1_300' title='bbox 348 3744 403 3777; x_wconf 52' lang='lat' dir='ltr'><strong>L,</strong></span> <span class='ocrx_word' id='word_1_301' title='bbox 455 3746 551 3777; x_wconf 62' lang='grc' dir='ltr'><strong>ι·“--</strong></span> <span class='ocrx_word' id='word_1_302' title='bbox 698 3771 715 3777; x_wconf 82' lang='lat'><strong><em>-</em></strong></span> <span class='ocrx_word' id='word_1_303' title='bbox 804 3770 814 3777; x_wconf 96' lang='lat'><strong>-</strong></span> <span class='ocrx_word' id='word_1_304' title='bbox 880 3762 899 3769; x_wconf 73' lang='lat'><strong><em>&quot;</em></strong></span> <span class='ocrx_word' id='word_1_305' title='bbox 978 3776 983 3777; x_wconf 54' lang='grc' dir='ltr'><em>ν</em></span> 
     </span>
    </p>
   </div>
   <div class='ocr_carea' id='block_1_36' title="bbox 342 3744 1923 3861">
    <p class='ocr_par' dir='ltr' id='par_1_36' title="bbox 342 3744 1923 3861">
     <span class='ocr_line' id='line_1_46' title="bbox 1066 3744 1923 3777; baseline 0.028 -37"><span class='ocrx_word' id='word_1_306' title='bbox 1066 3744 1073 3748; x_wconf 92' lang='lat'>_</span> <span class='ocrx_word' id='word_1_307' title='bbox 1253 3744 1404 3763; x_wconf 52' lang='grc' dir='ltr'><strong>π--.</strong></span> <span class='ocrx_word' id='word_1_308' title='bbox 1440 3744 1451 3751; x_wconf 89' lang='grc'><strong>.</strong></span> <span class='ocrx_word' id='word_1_309' title='bbox 1493 3744 1649 3757; x_wconf 68' lang='lat'><strong>-.......</strong></span> <span class='ocrx_word' id='word_1_310' title='bbox 1678 3744 1810 3777; x_wconf 54' lang='grc' dir='ltr'>νυνι.</span> <span class='ocrx_word' id='word_1_311' title='bbox 1838 3744 1923 3765; x_wconf 75' lang='grc' dir='ltr'>ιιυ.</span> 
     </span>
     <span class='ocr_line' id='line_1_47' title="bbox 342 3744 1923 3861; baseline 0.03 -53"><span class='ocrx_word' id='word_1_312' title='bbox 342 3744 638 3828; x_wconf 76' lang='lat' dir='ltr'><strong>applicitum</strong></span> <span class='ocrx_word' id='word_1_313' title='bbox 684 3770 835 3839; x_wconf 77' lang='lat' dir='ltr'><strong>fuerit</strong></span> <span class='ocrx_word' id='word_1_314' title='bbox 878 3762 1085 3845; x_wconf 79' lang='lat' dir='ltr'><strong>accipe,</strong></span> <span class='ocrx_word' id='word_1_315' title='bbox 1128 3790 1172 3855; x_wconf 83' lang='lat' dir='ltr'><strong>et</strong></span> <span class='ocrx_word' id='word_1_316' title='bbox 1214 3783 1279 3853; x_wconf 11' lang='lat' dir='ltr'><strong>in,</strong></span> <span class='ocrx_word' id='word_1_317' title='bbox 1312 3786 1485 3845; x_wconf 85' lang='lat' dir='ltr'><strong>dolore</strong></span> <span class='ocrx_word' id='word_1_318' title='bbox 1529 3797 1733 3861; x_wconf 82' lang='lat' dir='ltr'><strong>sustine,</strong></span> <span class='ocrx_word' id='word_1_319' title='bbox 1778 3810 1824 3854; x_wconf 90' lang='lat' dir='ltr'><strong>et</strong></span> <span class='ocrx_word' id='word_1_320' title='bbox 1871 3805 1923 3856; x_wconf 86' lang='lat' dir='ltr'><strong>in</strong></span> 
     </span>
    </p>
   </div>
   <div class='ocr_carea' id='block_1_37' title="bbox 342 3845 1921 3963">
    <p class='ocr_par' dir='ltr' id='par_1_37' title="bbox 342 3845 1921 3963">
     <span class='ocr_line' id='line_1_48' title="bbox 342 3845 1921 3963; baseline 0.031 -64"><span class='ocrx_word' id='word_1_321' title='bbox 342 3845 621 3909; x_wconf 70' lang='lat' dir='ltr'><strong>humilitate</strong></span> <span class='ocrx_word' id='word_1_322' title='bbox 651 3846 737 3911; x_wconf 81' lang='lat' dir='ltr'><strong>tua</strong></span> <span class='ocrx_word' id='word_1_323' title='bbox 769 3846 1059 3930; x_wconf 76' lang='lat' dir='ltr'><strong>patientiam</strong></span> <span class='ocrx_word' id='word_1_324' title='bbox 1086 3852 1212 3926; x_wconf 82' lang='lat' dir='ltr'><strong>habe</strong></span> <span class='ocrx_word' id='word_1_325' title='bbox 1241 3876 1422 3947; x_wconf 88' lang='lat' dir='ltr'><strong>(Eccli.</strong></span> <span class='ocrx_word' id='word_1_326' title='bbox 1457 3899 1511 3947; x_wconf 84' lang='grc' dir='ltr'>ιι,</span> <span class='ocrx_word' id='word_1_327' title='bbox 1541 3885 1617 3955; x_wconf 71' lang='grc'><strong>4).</strong></span> <span class='ocrx_word' id='word_1_328' title='bbox 1649 3888 1764 3943; x_wconf 83' lang='grc' dir='ltr'>Νοιι</span> <span class='ocrx_word' id='word_1_329' title='bbox 1795 3909 1921 3963; x_wconf 86' lang='lat' dir='ltr'><strong>ergo</strong></span> 
     </span>
     <span class='ocr_line' id='line_1_49' title="bbox 342 3936 950 3963; baseline 0.02 0"><span class='ocrx_word' id='word_1_330' title='bbox 342 3938 432 3963; x_wconf 63' lang='grc' dir='ltr'><strong>τηε.</strong></span> <span class='ocrx_word' id='word_1_331' title='bbox 475 3936 569 3963; x_wconf 47' lang='lat'><strong>2-&quot;:</strong></span> <span class='ocrx_word' id='word_1_332' title='bbox 630 3942 671 3958; x_wconf 64' lang='lat'><em>“</em></span> <span class='ocrx_word' id='word_1_333' title='bbox 783 3953 812 3963; x_wconf 77' lang='grc' dir='ltr'><strong>-ο</strong></span> <span class='ocrx_word' id='word_1_334' title='bbox 904 3948 905 3951; x_wconf 61' lang='grc'><em>“</em></span> <span class='ocrx_word' id='word_1_335' title='bbox 941 3957 950 3963; x_wconf 91' lang='grc'>·</span> 
     </span>
    </p>
   </div>
   <div class='ocr_carea' id='block_1_38' title="bbox 340 3936 1919 4039">
    <p class='ocr_par' dir='ltr' id='par_1_38' title="bbox 340 3936 1919 4039">
     <span class='ocr_line' id='line_1_50' title="bbox 1246 3936 1919 3963; baseline 0.022 -30"><span class='ocrx_word' id='word_1_336' title='bbox 1246 3936 1255 3947; x_wconf 38' lang='grc' dir='ltr'><strong>η</strong></span> <span class='ocrx_word' id='word_1_337' title='bbox 1478 3936 1511 3947; x_wconf 29' lang='grc' dir='ltr'><strong>κ,</strong></span> <span class='ocrx_word' id='word_1_338' title='bbox 1797 3936 1919 3963; x_wconf 56' lang='grc' dir='ltr'><strong>νυν</strong></span> 
     </span>
     <span class='ocr_line' id='line_1_51' title="bbox 340 3936 1919 4039; baseline 0.031 -49"><span class='ocrx_word' id='word_1_339' title='bbox 340 3938 437 3993; x_wconf 85' lang='lat' dir='ltr'><strong>fuit</strong></span> <span class='ocrx_word' id='word_1_340' title='bbox 475 3936 577 3999; x_wconf 83' lang='lat' dir='ltr'><strong>iste</strong></span> <span class='ocrx_word' id='word_1_341' title='bbox 626 3942 703 4000; x_wconf 80' lang='lat' dir='ltr'><strong>vir</strong></span> <span class='ocrx_word' id='word_1_342' title='bbox 748 3948 1003 4022; x_wconf 65' lang='lat' dir='ltr'><strong>eligendae</strong></span> <span class='ocrx_word' id='word_1_343' title='bbox 1047 3965 1231 4019; x_wconf 91' lang='lat' dir='ltr'><strong>mortis</strong></span> <span class='ocrx_word' id='word_1_344' title='bbox 1274 3969 1504 4039; x_wconf 88' lang='lat' dir='ltr'><strong>sapiens,</strong></span> <span class='ocrx_word' id='word_1_345' title='bbox 1545 3977 1639 4031; x_wconf 92' lang='lat' dir='ltr'><strong>sed</strong></span> <span class='ocrx_word' id='word_1_346' title='bbox 1688 3979 1919 4037; x_wconf 71' lang='lat' dir='ltr'><strong>ferendre</strong></span> 
     </span>
     <span class='ocr_line' id='line_1_52' title="bbox 340 4018 520 4039; baseline 0.028 -5"><span class='ocrx_word' id='word_1_347' title='bbox 340 4018 361 4039; x_wconf 78' lang='grc'><strong>..</strong></span> 
     </span>
    </p>
   </div>
   <div class='ocr_carea' id='block_1_39' title="bbox 338 4018 978 4109">
    <p class='ocr_par' dir='ltr' id='par_1_39' title="bbox 338 4018 978 4109">
     <span class='ocr_line' id='line_1_53' title="bbox 338 4018 978 4109; baseline 0.031 -29"><span class='ocrx_word' id='word_1_348' title='bbox 338 4018 650 4092; x_wconf 81' lang='lat' dir='ltr'><strong>liumilitatis</strong></span> <span class='ocrx_word' id='word_1_349' title='bbox 680 4018 978 4109; x_wconf 74' lang='lat' dir='ltr'><strong>impatiens.</strong></span> 
     </span>
    </p>
   </div>
   <div class='ocr_carea' id='block_1_40' title="bbox 407 4112 1918 4219">
    <p class='ocr_par' dir='ltr' id='par_1_40' title="bbox 407 4112 1918 4219">
     <span class='ocr_line' id='line_1_54' title="bbox 407 4112 1918 4219; baseline 0.028 -42"><span class='ocrx_word' id='word_1_350' title='bbox 407 4112 459 4177; x_wconf 83' lang='lat'><strong>8.</strong></span> <span class='ocrx_word' id='word_1_351' title='bbox 502 4125 766 4195; x_wconf 86' lang='lat' dir='ltr'><strong>Scriptum</strong></span> <span class='ocrx_word' id='word_1_352' title='bbox 812 4144 893 4187; x_wconf 90' lang='lat' dir='ltr'><strong>est</strong></span> <span class='ocrx_word' id='word_1_353' title='bbox 933 4140 1072 4206; x_wconf 86' lang='lat' dir='ltr'><strong>quod</strong></span> <span class='ocrx_word' id='word_1_354' title='bbox 1112 4144 1334 4202; x_wconf 87' lang='lat' dir='ltr'><strong>voluerit</strong></span> <span class='ocrx_word' id='word_1_355' title='bbox 1368 4151 1599 4209; x_wconf 78' lang='lat' dir='ltr'><strong>nobiliter</strong></span> <span class='ocrx_word' id='word_1_356' title='bbox 1635 4168 1682 4211; x_wconf 86' lang='lat' dir='ltr'><strong>et</strong></span> <span class='ocrx_word' id='word_1_357' title='bbox 1713 4162 1918 4219; x_wconf 74' lang='lat' dir='ltr'><strong>viriliter</strong></span> 
     </span>
    </p>
   </div>
   <div class='ocr_carea' id='block_1_41' title="bbox 335 4216 1911 4323">
    <p class='ocr_par' dir='ltr' id='par_1_41' title="bbox 335 4216 1911 4323">
     <span class='ocr_line' id='line_1_55' title="bbox 335 4216 1911 4323; baseline 0.029 -59"><span class='ocrx_word' id='word_1_358' title='bbox 335 4216 505 4277; x_wconf 89' lang='lat' dir='ltr'><strong>mori;</strong></span> <span class='ocrx_word' id='word_1_359' title='bbox 533 4219 623 4271; x_wconf 90' lang='lat' dir='ltr'><strong>sed</strong></span> <span class='ocrx_word' id='word_1_360' title='bbox 658 4226 907 4294; x_wconf 84' lang='lat' dir='ltr'><strong>numquid</strong></span> <span class='ocrx_word' id='word_1_361' title='bbox 939 4228 1059 4285; x_wconf 85' lang='lat' dir='ltr'><strong>ideo</strong></span> <span class='ocrx_word' id='word_1_362' title='bbox 1083 4236 1392 4303; x_wconf 88' lang='lat' dir='ltr'><strong>sapienter?</strong></span> <span class='ocrx_word' id='word_1_363' title='bbox 1417 4240 1667 4304; x_wconf 81' lang='lat' dir='ltr'><strong>Nobiliter</strong></span> <span class='ocrx_word' id='word_1_364' title='bbox 1689 4256 1911 4323; x_wconf 87' lang='lat' dir='ltr'><strong>scilicet,</strong></span> 
     </span>
     <span class='ocr_line' id='line_1_56' title="bbox 336 4302 841 4323; baseline 0.03 0"><span class='ocrx_word' id='word_1_365' title='bbox 336 4321 359 4323; x_wconf 51' lang='grc' dir='ltr'><strong>η</strong></span> <span class='ocrx_word' id='word_1_366' title='bbox 382 4320 395 4323; x_wconf 39' lang='grc' dir='ltr'><em>ᾼ</em></span> <span class='ocrx_word' id='word_1_367' title='bbox 433 4302 483 4323; x_wconf 80' lang='grc' dir='ltr'><strong>Ι⁹Ι</strong></span> <span class='ocrx_word' id='word_1_368' title='bbox 572 4317 580 4323; x_wconf 88' lang='lat'><strong><em>-</em></strong></span> <span class='ocrx_word' id='word_1_369' title='bbox 628 4320 635 4323; x_wconf 90' lang='lat'><strong><em>-</em></strong></span> <span class='ocrx_word' id='word_1_370' title='bbox 831 4316 841 4323; x_wconf 83' lang='lat'><strong><em>‘</em></strong></span> 
     </span>
    </p>
   </div>
   <div class='ocr_carea' id='block_1_42' title="bbox 336 4302 1916 4402">
    <p class='ocr_par' dir='ltr' id='par_1_42' title="bbox 336 4302 1916 4402">
     <span class='ocr_line' id='line_1_57' title="bbox 1146 4302 1911 4323; baseline 0.03 -23"><span class='ocrx_word' id='word_1_371' title='bbox 1146 4302 1157 4303; x_wconf 29' lang='grc' dir='ltr'><em>γ</em></span> <span class='ocrx_word' id='word_1_372' title='bbox 1644 4302 1650 4304; x_wconf 60' lang='grc' dir='ltr'><em>ν</em></span> <span class='ocrx_word' id='word_1_373' title='bbox 1690 4302 1911 4323; x_wconf 64' lang='grc' dir='ltr'><strong>-ν---ννυθ</strong></span> 
     </span>
     <span class='ocr_line' id='line_1_58' title="bbox 336 4302 1916 4402; baseline 0.029 -47"><span class='ocrx_word' id='word_1_374' title='bbox 336 4320 402 4356; x_wconf 90' lang='lat' dir='ltr'><strong>ne</strong></span> <span class='ocrx_word' id='word_1_375' title='bbox 433 4302 727 4364; x_wconf 87' lang='lat' dir='ltr'><strong>libertatem</strong></span> <span class='ocrx_word' id='word_1_376' title='bbox 764 4316 843 4368; x_wconf 87' lang='lat' dir='ltr'><strong>sui</strong></span> <span class='ocrx_word' id='word_1_377' title='bbox 872 4323 1081 4387; x_wconf 84' lang='lat' dir='ltr'><strong>generis</strong></span> <span class='ocrx_word' id='word_1_378' title='bbox 1110 4331 1346 4395; x_wconf 86' lang='lat' dir='ltr'><strong>captivus</strong></span> <span class='ocrx_word' id='word_1_379' title='bbox 1373 4336 1637 4393; x_wconf 86' lang='lat' dir='ltr'><strong>amitteret</strong></span> <span class='ocrx_word' id='word_1_380' title='bbox 1664 4361 1677 4396; x_wconf 90' lang='lat'><strong>:</strong></span> <span class='ocrx_word' id='word_1_381' title='bbox 1708 4346 1916 4402; x_wconf 67' lang='lat' dir='ltr'><strong>uiriliter</strong></span> 
     </span>
    </p>
   </div>
   <div class='ocr_carea' id='block_1_43' title="bbox 332 4398 1914 4502">
    <p class='ocr_par' dir='ltr' id='par_1_43' title="bbox 332 4398 1914 4502">
     <span class='ocr_line' id='line_1_59' title="bbox 332 4398 1914 4502; baseline 0.032 -56"><span class='ocrx_word' id='word_1_382' title='bbox 332 4398 532 4462; x_wconf 85' lang='lat' dir='ltr'><strong>autem,</strong></span> <span class='ocrx_word' id='word_1_383' title='bbox 575 4403 713 4470; x_wconf 91' lang='lat' dir='ltr'><strong>quod</strong></span> <span class='ocrx_word' id='word_1_384' title='bbox 748 4416 917 4463; x_wconf 89' lang='lat' dir='ltr'><strong>tantas</strong></span> <span class='ocrx_word' id='word_1_385' title='bbox 952 4414 1093 4481; x_wconf 81' lang='lat' dir='ltr'><strong>vires</strong></span> <span class='ocrx_word' id='word_1_386' title='bbox 1128 4420 1287 4475; x_wconf 89' lang='lat' dir='ltr'><strong>animi</strong></span> <span class='ocrx_word' id='word_1_387' title='bbox 1320 4424 1558 4496; x_wconf 83' lang='lat' dir='ltr'><strong>haberet,</strong></span> <span class='ocrx_word' id='word_1_388' title='bbox 1586 4435 1773 4502; x_wconf 82' lang='lat' dir='ltr'><strong>quibus</strong></span> <span class='ocrx_word' id='word_1_389' title='bbox 1800 4440 1914 4497; x_wconf 86' lang='lat' dir='ltr'><strong>ido-</strong></span> 
     </span>
    </p>
   </div>
   <div class='ocr_carea' id='block_1_44' title="bbox 336 4501 1907 4592">
    <p class='ocr_par' dir='ltr' id='par_1_44' title="bbox 336 4501 1907 4592">
     <span class='ocr_line' id='line_1_60' title="bbox 336 4501 1907 4592; baseline 0.031 -55"><span class='ocrx_word' id='word_1_390' title='bbox 336 4504 466 4541; x_wconf 89' lang='lat' dir='ltr'><strong>neus</strong></span> <span class='ocrx_word' id='word_1_391' title='bbox 511 4501 653 4547; x_wconf 85' lang='lat' dir='ltr'><strong>esset</strong></span> <span class='ocrx_word' id='word_1_392' title='bbox 694 4505 747 4549; x_wconf 92' lang='lat' dir='ltr'><strong>ut</strong></span> <span class='ocrx_word' id='word_1_393' title='bbox 787 4514 844 4552; x_wconf 90' lang='lat' dir='ltr'><strong>se</strong></span> <span class='ocrx_word' id='word_1_394' title='bbox 884 4502 997 4571; x_wconf 90' lang='lat' dir='ltr'><strong>ipse</strong></span> <span class='ocrx_word' id='word_1_395' title='bbox 1033 4507 1360 4580; x_wconf 87' lang='lat' dir='ltr'><strong>perimeret;</strong></span> <span class='ocrx_word' id='word_1_396' title='bbox 1401 4520 1540 4587; x_wconf 91' lang='lat' dir='ltr'><strong>quod</strong></span> <span class='ocrx_word' id='word_1_397' title='bbox 1580 4525 1752 4592; x_wconf 83' lang='lat' dir='ltr'><strong>gladio</strong></span> <span class='ocrx_word' id='word_1_398' title='bbox 1789 4546 1907 4586; x_wconf 82' lang='lat' dir='ltr'><strong>curn</strong></span> 
     </span>
    </p>
   </div>
   <div class='ocr_carea' id='block_1_45' title="bbox 332 4574 1909 4684">
    <p class='ocr_par' dir='ltr' id='par_1_45' title="bbox 332 4574 1909 4684">
     <span class='ocr_line' id='line_1_61' title="bbox 332 4574 1909 4684; baseline 0.032 -57"><span class='ocrx_word' id='word_1_399' title='bbox 332 4574 551 4645; x_wconf 81' lang='lat' dir='ltr'><strong>implere</strong></span> <span class='ocrx_word' id='word_1_400' title='bbox 583 4598 685 4637; x_wconf 88' lang='lat' dir='ltr'><strong>non</strong></span> <span class='ocrx_word' id='word_1_401' title='bbox 715 4601 911 4655; x_wconf 85' lang='lat' dir='ltr'><strong>posset,</strong></span> <span class='ocrx_word' id='word_1_402' title='bbox 940 4590 1007 4648; x_wconf 90' lang='lat' dir='ltr'><strong>de</strong></span> <span class='ocrx_word' id='word_1_403' title='bbox 1036 4613 1189 4653; x_wconf 91' lang='lat' dir='ltr'><strong>muro</strong></span> <span class='ocrx_word' id='word_1_404' title='bbox 1220 4618 1276 4654; x_wconf 89' lang='lat' dir='ltr'><strong>se</strong></span> <span class='ocrx_word' id='word_1_405' title='bbox 1316 4611 1636 4679; x_wconf 63' lang='lat' dir='ltr'><strong>prtecipitem</strong></span> <span class='ocrx_word' id='word_1_406' title='bbox 1663 4616 1825 4684; x_wconf 86' lang='lat' dir='ltr'><strong>dedit,</strong></span> <span class='ocrx_word' id='word_1_407' title='bbox 1857 4637 1909 4678; x_wconf 89' lang='lat' dir='ltr'><strong>et</strong></span> 
     </span>
    </p>
   </div>
   <div class='ocr_carea' id='block_1_46' title="bbox 329 4670 1906 4784">
    <p class='ocr_par' dir='ltr' id='par_1_46' title="bbox 329 4670 1906 4784">
     <span class='ocr_line' id='line_1_62' title="bbox 329 4670 1906 4784; baseline 0.032 -66"><span class='ocrx_word' id='word_1_408' title='bbox 329 4671 403 4723; x_wconf 80' lang='lat' dir='ltr'><strong>sic</strong></span> <span class='ocrx_word' id='word_1_409' title='bbox 442 4670 616 4727; x_wconf 86' lang='lat' dir='ltr'><strong>adhuc</strong></span> <span class='ocrx_word' id='word_1_410' title='bbox 644 4679 794 4734; x_wconf 85' lang='lat' dir='ltr'><strong>vivus</strong></span> <span class='ocrx_word' id='word_1_411' title='bbox 821 4670 1094 4756; x_wconf 79' lang='lat' dir='ltr'><strong>abruptam</strong></span> <span class='ocrx_word' id='word_1_412' title='bbox 1126 4699 1358 4751; x_wconf 89' lang='lat' dir='ltr'><strong>cucurrit</strong></span> <span class='ocrx_word' id='word_1_413' title='bbox 1386 4701 1451 4755; x_wconf 90' lang='lat' dir='ltr'><strong>ad</strong></span> <span class='ocrx_word' id='word_1_414' title='bbox 1484 4715 1685 4772; x_wconf 88' lang='lat' dir='ltr'><strong>petram</strong></span> <span class='ocrx_word' id='word_1_415' title='bbox 1705 4750 1720 4777; x_wconf 89' lang='lat'><strong>,</strong></span> <span class='ocrx_word' id='word_1_416' title='bbox 1750 4721 1906 4784; x_wconf 88' lang='lat' dir='ltr'><strong>atque</strong></span> 
     </span>
     <span class='ocr_line' id='line_1_63' title="bbox 330 4761 1033 4784; baseline 0.028 -15"><span class='ocrx_word' id='word_1_417' title='bbox 330 4761 361 4784; x_wconf 53' lang='grc' dir='ltr'><strong>ε,</strong></span> <span class='ocrx_word' id='word_1_418' title='bbox 388 4762 396 4784; x_wconf 56' lang='grc' dir='ltr'><strong><em>τ</em></strong></span> <span class='ocrx_word' id='word_1_419' title='bbox 574 4783 577 4784; x_wconf 22' lang='grc' dir='ltr'><em>ν</em></span> <span class='ocrx_word' id='word_1_420' title='bbox 798 4774 807 4783; x_wconf 92' lang='grc'><em>.</em></span> <span class='ocrx_word' id='word_1_421' title='bbox 864 4776 873 4784; x_wconf 96' lang='grc'>.</span> <span class='ocrx_word' id='word_1_422' title='bbox 1025 4781 1033 4784; x_wconf 92' lang='grc'><strong>-</strong></span> 
     </span>
    </p>
   </div>
   <div class='ocr_carea' id='block_1_47' title="bbox 329 4761 1905 4876">
    <p class='ocr_par' dir='ltr' id='par_1_47' title="bbox 329 4761 1905 4876">
     <span class='ocr_line' id='line_1_64' title="bbox 1484 4761 1905 4784; baseline -0.014 -12"><span class='ocrx_word' id='word_1_423' title='bbox 1484 4761 1495 4772; x_wconf 93' lang='grc'>.</span> <span class='ocrx_word' id='word_1_424' title='bbox 1706 4761 1720 4777; x_wconf 82' lang='grc'><strong><em>,</em></strong></span> <span class='ocrx_word' id='word_1_425' title='bbox 1755 4761 1905 4784; x_wconf 56' lang='grc' dir='ltr'><strong>ητη,</strong></span> 
     </span>
     <span class='ocr_line' id='line_1_65' title="bbox 329 4761 1905 4876; baseline 0.029 -64"><span class='ocrx_word' id='word_1_426' title='bbox 329 4761 396 4813; x_wconf 87' lang='lat' dir='ltr'><strong>ibi</strong></span> <span class='ocrx_word' id='word_1_427' title='bbox 419 4763 527 4831; x_wconf 82' lang='lat' dir='ltr'><strong>jam</strong></span> <span class='ocrx_word' id='word_1_428' title='bbox 558 4774 837 4840; x_wconf 74' lang='lat' dir='ltr'><strong>exsanguis</strong></span> <span class='ocrx_word' id='word_1_429' title='bbox 862 4776 1105 4835; x_wconf 86' lang='lat' dir='ltr'><strong>intestina</strong></span> <span class='ocrx_word' id='word_1_430' title='bbox 1134 4798 1226 4840; x_wconf 89' lang='lat' dir='ltr'><strong>sua</strong></span> <span class='ocrx_word' id='word_1_431' title='bbox 1255 4791 1519 4858; x_wconf 80' lang='lat' dir='ltr'><strong>produxit,</strong></span> <span class='ocrx_word' id='word_1_432' title='bbox 1546 4815 1660 4866; x_wconf 73' lang='lat' dir='ltr'><strong>qua:</strong></span> <span class='ocrx_word' id='word_1_433' title='bbox 1687 4812 1905 4876; x_wconf 87' lang='lat' dir='ltr'><strong>utraque</strong></span> 
     </span>
     <span class='ocr_line' id='line_1_66' title="bbox 329 4840 1106 4876; baseline 0 0"><span class='ocrx_word' id='word_1_434' title='bbox 329 4840 482 4876; x_wconf 58' lang='grc' dir='ltr'><strong>ζ...--.-,</strong></span> <span class='ocrx_word' id='word_1_435' title='bbox 519 4856 561 4876; x_wconf 83' lang='grc'><strong>,1-</strong></span> <span class='ocrx_word' id='word_1_436' title='bbox 627 4860 635 4869; x_wconf 90' lang='lat'><strong><em>-</em></strong></span> <span class='ocrx_word' id='word_1_437' title='bbox 715 4871 725 4876; x_wconf 83' lang='grc'><strong>-</strong></span> <span class='ocrx_word' id='word_1_438' title='bbox 987 4870 995 4876; x_wconf 94' lang='grc'>.</span> <span class='ocrx_word' id='word_1_439' title='bbox 1099 4874 1106 4876; x_wconf 72' lang='lat'><strong><em>_</em></strong></span> 
     </span>
    </p>
   </div>
   <div class='ocr_carea' id='block_1_48' title="bbox 326 4840 1903 4965">
    <p class='ocr_par' dir='ltr' id='par_1_48' title="bbox 326 4840 1903 4965">
     <span class='ocr_line' id='line_1_67' title="bbox 1255 4840 1903 4876; baseline 0.039 -38"><span class='ocrx_word' id='word_1_440' title='bbox 1255 4840 1267 4857; x_wconf 58' lang='grc' dir='ltr'><strong>ι</strong></span> <span class='ocrx_word' id='word_1_441' title='bbox 1294 4840 1301 4841; x_wconf 59' lang='lat'><strong><em>,</em></strong></span> <span class='ocrx_word' id='word_1_442' title='bbox 1327 4840 1339 4843; x_wconf 21' lang='grc' dir='ltr'><strong>Ἴ,</strong></span> <span class='ocrx_word' id='word_1_443' title='bbox 1358 4840 1519 4858; x_wconf 82' lang='lat'><strong>_.__.-,</strong></span> <span class='ocrx_word' id='word_1_444' title='bbox 1546 4840 1660 4866; x_wconf 61' lang='grc' dir='ltr'><strong>,νην</strong></span> <span class='ocrx_word' id='word_1_445' title='bbox 1687 4840 1903 4876; x_wconf 71' lang='grc' dir='ltr'>ιιιιίιιίυυ</span> 
     </span>
     <span class='ocr_line' id='line_1_68' title="bbox 326 4840 1903 4965; baseline 0.032 -62"><span class='ocrx_word' id='word_1_446' title='bbox 326 4840 484 4908; x_wconf 82' lang='lat' dir='ltr'><strong>inanu</strong></span> <span class='ocrx_word' id='word_1_447' title='bbox 512 4856 762 4928; x_wconf 62' lang='lat' dir='ltr'><strong>dissipata</strong></span> <span class='ocrx_word' id='word_1_448' title='bbox 792 4870 1069 4937; x_wconf 77' lang='lat' dir='ltr'><strong>Spargebat</strong></span> <span class='ocrx_word' id='word_1_449' title='bbox 1096 4874 1145 4927; x_wconf 92' lang='lat' dir='ltr'><strong>in</strong></span> <span class='ocrx_word' id='word_1_450' title='bbox 1173 4882 1443 4947; x_wconf 82' lang='lat' dir='ltr'><strong>p0pnlum,</strong></span> <span class='ocrx_word' id='word_1_451' title='bbox 1462 4902 1524 4941; x_wconf 90' lang='lat' dir='ltr'><strong>ac</strong></span> <span class='ocrx_word' id='word_1_452' title='bbox 1546 4891 1739 4950; x_wconf 88' lang='lat' dir='ltr'><strong>deinde</strong></span> <span class='ocrx_word' id='word_1_453' title='bbox 1763 4910 1903 4965; x_wconf 88' lang='lat' dir='ltr'><strong>post-</strong></span> 
     </span>
     <span class='ocr_line' id='line_1_69' title="bbox 330 4945 1275 4965; baseline 0.033 0"><span class='ocrx_word' id='word_1_454' title='bbox 330 4959 380 4965; x_wconf 51' lang='grc' dir='ltr'><strong>,η</strong></span> <span class='ocrx_word' id='word_1_455' title='bbox 418 4945 505 4965; x_wconf 62' lang='lat'><strong>1-0</strong></span> <span class='ocrx_word' id='word_1_456' title='bbox 816 4957 827 4965; x_wconf 90' lang='grc'>·</span> <span class='ocrx_word' id='word_1_457' title='bbox 889 4958 897 4965; x_wconf 88' lang='lat'>‘</span> <span class='ocrx_word' id='word_1_458' title='bbox 959 4960 1035 4965; x_wconf 72' lang='lat'><strong>“‘</strong></span> <span class='ocrx_word' id='word_1_459' title='bbox 1080 4962 1117 4965; x_wconf 66' lang='lat'><strong><em>&quot;</em></strong></span> <span class='ocrx_word' id='word_1_460' title='bbox 1269 4958 1275 4965; x_wconf 74' lang='grc'><em>”</em></span> 
     </span>
    </p>
   </div>
   <div class='ocr_carea' id='block_1_49' title="bbox 325 4945 1900 5059">
    <p class='ocr_par' dir='ltr' id='par_1_49' title="bbox 325 4945 1900 5059">
     <span class='ocr_line' id='line_1_70' title="bbox 325 4945 1900 5059; baseline 0.032 -64"><span class='ocrx_word' id='word_1_461' title='bbox 325 4959 386 4997; x_wconf 82' lang='lat' dir='ltr'><strong>ea</strong></span> <span class='ocrx_word' id='word_1_462' title='bbox 410 4945 653 5005; x_wconf 85' lang='lat' dir='ltr'><strong>defessus</strong></span> <span class='ocrx_word' id='word_1_463' title='bbox 679 4957 926 5012; x_wconf 90' lang='lat' dir='ltr'><strong>occubuit</strong></span> <span class='ocrx_word' id='word_1_464' title='bbox 951 4960 968 5032; x_wconf 94' lang='lat'>(</span> <span class='ocrx_word' id='word_1_465' title='bbox 997 4961 1036 5015; x_wconf 96' lang='lat' dir='ltr'><strong>ll</strong></span> <span class='ocrx_word' id='word_1_466' title='bbox 1068 4945 1299 5024; x_wconf 75' lang='lat' dir='ltr'><strong>Mue/tab.</strong></span> <span class='ocrx_word' id='word_1_467' title='bbox 1330 4990 1441 5043; x_wconf 79' lang='lat' dir='ltr'><strong>xw,</strong></span> <span class='ocrx_word' id='word_1_468' title='bbox 1466 4980 1621 5036; x_wconf 74' lang='lat'><strong>57-46</strong></span> 
     </span>
     <span class='ocr_line' id='line_1_71' title="bbox 325 5033 1143 5059; baseline 0.033 0"><span class='ocrx_word' id='word_1_469' title='bbox 325 5033 437 5059; x_wconf 61' lang='lat' dir='ltr'><strong>LM-</strong></span> <span class='ocrx_word' id='word_1_470' title='bbox 487 5050 602 5059; x_wconf 51' lang='grc' dir='ltr'><strong>-υυι</strong></span> <span class='ocrx_word' id='word_1_471' title='bbox 748 5046 751 5049; x_wconf 44' lang='grc' dir='ltr'><strong>λ</strong></span> <span class='ocrx_word' id='word_1_472' title='bbox 824 5056 830 5059; x_wconf 75' lang='lat'>‘</span> <span class='ocrx_word' id='word_1_473' title='bbox 1032 5048 1046 5059; x_wconf 58' lang='grc'>⁸</span> <span class='ocrx_word' id='word_1_474' title='bbox 1138 5046 1143 5053; x_wconf 34' lang='grc'><strong><em>4</em></strong></span> 
     </span>
    </p>
   </div>
   <div class='ocr_carea' id='block_1_50' title="bbox 323 5033 1901 5140">
    <p class='ocr_par' dir='ltr' id='par_1_50' title="bbox 323 5033 1901 5140">
     <span class='ocr_line' id='line_1_72' title="bbox 1428 5033 1900 5059; baseline 0.036 -29"><span class='ocrx_word' id='word_1_475' title='bbox 1428 5033 1440 5043; x_wconf 77' lang='grc'><strong><em>,</em></strong></span> <span class='ocrx_word' id='word_1_476' title='bbox 1564 5033 1613 5036; x_wconf 78' lang='lat'><strong>_-</strong></span> <span class='ocrx_word' id='word_1_477' title='bbox 1649 5033 1687 5055; x_wconf 85' lang='lat'><strong>,-</strong></span> <span class='ocrx_word' id='word_1_478' title='bbox 1718 5033 1900 5059; x_wconf 45' lang='grc' dir='ltr'><strong>νην...</strong></span> 
     </span>
     <span class='ocr_line' id='line_1_73' title="bbox 323 5033 1901 5140; baseline 0.033 -53"><span class='ocrx_word' id='word_1_479' title='bbox 323 5033 440 5090; x_wconf 68' lang='lat' dir='ltr'><strong>haec</strong></span> <span class='ocrx_word' id='word_1_480' title='bbox 486 5050 640 5109; x_wconf 88' lang='lat' dir='ltr'><strong>sunt,</strong></span> <span class='ocrx_word' id='word_1_481' title='bbox 683 5046 780 5101; x_wconf 90' lang='lat' dir='ltr'><strong>nec</strong></span> <span class='ocrx_word' id='word_1_482' title='bbox 819 5056 991 5105; x_wconf 87' lang='lat' dir='ltr'><strong>tamen</strong></span> <span class='ocrx_word' id='word_1_483' title='bbox 1032 5046 1209 5115; x_wconf 78' lang='lat' dir='ltr'><strong>bona:</strong></span> <span class='ocrx_word' id='word_1_484' title='bbox 1252 5079 1356 5119; x_wconf 91' lang='lat' dir='ltr'><strong>non</strong></span> <span class='ocrx_word' id='word_1_485' title='bbox 1400 5069 1539 5125; x_wconf 91' lang='lat' dir='ltr'><strong>enim</strong></span> <span class='ocrx_word' id='word_1_486' title='bbox 1582 5074 1773 5133; x_wconf 89' lang='lat' dir='ltr'><strong>bonum</strong></span> <span class='ocrx_word' id='word_1_487' title='bbox 1819 5095 1901 5140; x_wconf 91' lang='lat' dir='ltr'><strong>est</strong></span> 
     </span>
    </p>
   </div>
   <div class='ocr_carea' id='block_1_51' title="bbox 322 5133 1895 5237">
    <p class='ocr_par' dir='ltr' id='par_1_51' title="bbox 322 5133 1895 5237">
     <span class='ocr_line' id='line_1_74' title="bbox 322 5133 1895 5237; baseline 0.034 -59"><span class='ocrx_word' id='word_1_488' title='bbox 322 5142 479 5184; x_wconf 89' lang='lat' dir='ltr'><strong>onme</strong></span> <span class='ocrx_word' id='word_1_489' title='bbox 510 5133 647 5202; x_wconf 92' lang='lat' dir='ltr'><strong>quod</strong></span> <span class='ocrx_word' id='word_1_490' title='bbox 681 5136 923 5209; x_wconf 86' lang='lat' dir='ltr'><strong>magnum</strong></span> <span class='ocrx_word' id='word_1_491' title='bbox 954 5155 1073 5213; x_wconf 89' lang='lat' dir='ltr'><strong>est;</strong></span> <span class='ocrx_word' id='word_1_492' title='bbox 1101 5153 1349 5219; x_wconf 89' lang='lat' dir='ltr'><strong>quoniam</strong></span> <span class='ocrx_word' id='word_1_493' title='bbox 1376 5172 1495 5216; x_wconf 89' lang='lat' dir='ltr'><strong>sunt</strong></span> <span class='ocrx_word' id='word_1_494' title='bbox 1525 5181 1709 5237; x_wconf 81' lang='lat' dir='ltr'><strong>magna</strong></span> <span class='ocrx_word' id='word_1_495' title='bbox 1739 5176 1895 5232; x_wconf 89' lang='lat' dir='ltr'><strong>etiam</strong></span> 
     </span>
    </p>
   </div>
   <div class='ocr_carea' id='block_1_52' title="bbox 320 5222 1897 5325">
    <p class='ocr_par' dir='ltr' id='par_1_52' title="bbox 320 5222 1897 5325">
     <span class='ocr_line' id='line_1_75' title="bbox 320 5222 1897 5325; baseline 0.034 -53"><span class='ocrx_word' id='word_1_496' title='bbox 320 5222 476 5275; x_wconf 89' lang='lat' dir='ltr'><strong>mala.</strong></span> <span class='ocrx_word' id='word_1_497' title='bbox 529 5227 665 5282; x_wconf 79' lang='lat' dir='ltr'><strong>licus</strong></span> <span class='ocrx_word' id='word_1_498' title='bbox 705 5230 835 5287; x_wconf 77' lang='lat' dir='ltr'><strong>dixit</strong></span> <span class='ocrx_word' id='word_1_499' title='bbox 876 5254 887 5289; x_wconf 90' lang='lat'><strong>:</strong></span> <span class='ocrx_word' id='word_1_500' title='bbox 938 5232 1259 5299; x_wconf 83' lang='lat' dir='ltr'><strong>Innocentem</strong></span> <span class='ocrx_word' id='word_1_501' title='bbox 1296 5259 1343 5303; x_wconf 85' lang='lat' dir='ltr'><strong>et</strong></span> <span class='ocrx_word' id='word_1_502' title='bbox 1367 5252 1563 5319; x_wconf 85' lang='lat' dir='ltr'><strong>justum</strong></span> <span class='ocrx_word' id='word_1_503' title='bbox 1602 5279 1663 5317; x_wconf 87' lang='lat' dir='ltr'><strong>ne</strong></span> <span class='ocrx_word' id='word_1_504' title='bbox 1699 5270 1897 5325; x_wconf 85' lang='lat' dir='ltr'><strong>occidas</strong></span> 
     </span>
    </p>
   </div>
   <div class='ocr_carea' id='block_1_53' title="bbox 320 5310 1892 5421">
    <p class='ocr_par' dir='ltr' id='par_1_53' title="bbox 320 5310 1892 5421">
     <span class='ocr_line' id='line_1_76' title="bbox 320 5310 1892 5421; baseline 0.035 -58"><span class='ocrx_word' id='word_1_505' title='bbox 320 5310 339 5389; x_wconf 84' lang='grc'>(</span> <span class='ocrx_word' id='word_1_506' title='bbox 362 5310 530 5368; x_wconf 73' lang='lat' dir='ltr'><strong>Exod.</strong></span> <span class='ocrx_word' id='word_1_507' title='bbox 564 5326 720 5382; x_wconf 75' lang='lat' dir='ltr'><strong>xxin.</strong></span> <span class='ocrx_word' id='word_1_508' title='bbox 754 5323 834 5396; x_wconf 85' lang='lat'><strong>7).</strong></span> <span class='ocrx_word' id='word_1_509' title='bbox 861 5324 913 5380; x_wconf 91' lang='lat' dir='ltr'><strong>Si</strong></span> <span class='ocrx_word' id='word_1_510' title='bbox 944 5344 1073 5401; x_wconf 85' lang='lat' dir='ltr'><strong>ergo</strong></span> <span class='ocrx_word' id='word_1_511' title='bbox 1098 5334 1196 5391; x_wconf 90' lang='lat' dir='ltr'><strong>iste</strong></span> <span class='ocrx_word' id='word_1_512' title='bbox 1227 5339 1480 5401; x_wconf 89' lang='lat' dir='ltr'><strong>innocens</strong></span> <span class='ocrx_word' id='word_1_513' title='bbox 1509 5359 1562 5405; x_wconf 88' lang='lat' dir='ltr'><strong>et</strong></span> <span class='ocrx_word' id='word_1_514' title='bbox 1584 5352 1758 5421; x_wconf 87' lang='lat' dir='ltr'><strong>justus</strong></span> <span class='ocrx_word' id='word_1_515' title='bbox 1789 5378 1892 5418; x_wconf 93' lang='lat' dir='ltr'><strong>non</strong></span> 
     </span>
    </p>
   </div>
   <div class='ocr_carea' id='block_1_54' title="bbox 315 5396 1891 5511">
    <p class='ocr_par' dir='ltr' id='par_1_54' title="bbox 315 5396 1891 5511">
     <span class='ocr_line' id='line_1_77' title="bbox 1011 5396 1891 5421; baseline 0.04 -20"><span class='ocrx_word' id='word_1_516' title='bbox 1011 5396 1027 5401; x_wconf 60' lang='lat'><strong>-</strong></span> <span class='ocrx_word' id='word_1_517' title='bbox 1367 5396 1376 5397; x_wconf 47' lang='grc' dir='ltr'>ί</span> <span class='ocrx_word' id='word_1_518' title='bbox 1396 5396 1478 5401; x_wconf 50' lang='grc' dir='ltr'><strong>τίη</strong></span> <span class='ocrx_word' id='word_1_519' title='bbox 1513 5396 1562 5405; x_wconf 69' lang='grc' dir='ltr'><strong>ν’</strong></span> <span class='ocrx_word' id='word_1_520' title='bbox 1584 5396 1758 5421; x_wconf 50' lang='grc' dir='ltr'><strong>«ινα-’ω’</strong></span> <span class='ocrx_word' id='word_1_521' title='bbox 1789 5396 1891 5418; x_wconf 88' lang='lat'><strong>&quot;&quot;&quot;</strong></span> 
     </span>
     <span class='ocr_line' id='line_1_78' title="bbox 315 5396 1891 5511; baseline 0.034 -54"><span class='ocrx_word' id='word_1_522' title='bbox 315 5396 436 5471; x_wconf 85' lang='lat' dir='ltr'><strong>l&#39;uit,</strong></span> <span class='ocrx_word' id='word_1_523' title='bbox 464 5425 560 5464; x_wconf 93' lang='lat' dir='ltr'><strong>cur</strong></span> <span class='ocrx_word' id='word_1_524' title='bbox 585 5414 895 5485; x_wconf 87' lang='lat' dir='ltr'><strong>proponitur</strong></span> <span class='ocrx_word' id='word_1_525' title='bbox 923 5422 1249 5485; x_wconf 84' lang='lat' dir='ltr'><strong>imitandus?</strong></span> <span class='ocrx_word' id='word_1_526' title='bbox 1274 5432 1328 5488; x_wconf 92' lang='lat' dir='ltr'><strong>Si</strong></span> <span class='ocrx_word' id='word_1_527' title='bbox 1359 5446 1532 5495; x_wconf 87' lang='lat' dir='ltr'><strong>autem</strong></span> <span class='ocrx_word' id='word_1_528' title='bbox 1559 5444 1814 5507; x_wconf 81' lang='lat' dir='ltr'><strong>innocens</strong></span> <span class='ocrx_word' id='word_1_529' title='bbox 1838 5466 1891 5511; x_wconf 90' lang='lat' dir='ltr'><strong>et</strong></span> 
     </span>
    </p>
   </div>
   <div class='ocr_carea' id='block_1_55' title="bbox 309 5495 1891 5610">
    <p class='ocr_par' dir='ltr' id='par_1_55' title="bbox 309 5495 1891 5610">
     <span class='ocr_line' id='line_1_79' title="bbox 309 5495 1891 5610; baseline 0.035 -63"><span class='ocrx_word' id='word_1_530' title='bbox 309 5495 487 5564; x_wconf 87' lang='lat' dir='ltr'><strong>justus</strong></span> <span class='ocrx_word' id='word_1_531' title='bbox 516 5499 646 5571; x_wconf 86' lang='lat' dir='ltr'><strong>fuit,</strong></span> <span class='ocrx_word' id='word_1_532' title='bbox 675 5522 841 5577; x_wconf 87' lang='lat' dir='ltr'><strong>quare</strong></span> <span class='ocrx_word' id='word_1_533' title='bbox 883 5512 1190 5574; x_wconf 82' lang='lat' dir='ltr'><strong>interfector</strong></span> <span class='ocrx_word' id='word_1_534' title='bbox 1229 5524 1523 5599; x_wconf 89' lang='lat' dir='ltr'><strong>innocentis</strong></span> <span class='ocrx_word' id='word_1_535' title='bbox 1558 5546 1610 5589; x_wconf 90' lang='lat' dir='ltr'><strong>et</strong></span> <span class='ocrx_word' id='word_1_536' title='bbox 1634 5538 1798 5610; x_wconf 88' lang='lat' dir='ltr'><strong>justi,</strong></span> <span class='ocrx_word' id='word_1_537' title='bbox 1837 5546 1891 5603; x_wconf 91' lang='lat' dir='ltr'><strong>id</strong></span> 
     </span>
    </p>
   </div>
   <div class='ocr_carea' id='block_1_56' title="bbox 311 5586 1769 5690">
    <p class='ocr_par' dir='ltr' id='par_1_56' title="bbox 311 5586 1769 5690">
     <span class='ocr_line' id='line_1_80' title="bbox 311 5586 1769 5690; baseline 0.032 -46"><span class='ocrx_word' id='word_1_538' title='bbox 311 5586 393 5646; x_wconf 89' lang='lat' dir='ltr'><strong>est</strong></span> <span class='ocrx_word' id='word_1_539' title='bbox 421 5593 588 5663; x_wconf 88' lang='lat' dir='ltr'><strong>ipsius</strong></span> <span class='ocrx_word' id='word_1_540' title='bbox 615 5600 778 5669; x_wconf 85' lang='lat' dir='ltr'><strong>Razii,</strong></span> <span class='ocrx_word' id='word_1_541' title='bbox 814 5605 1028 5678; x_wconf 90' lang='lat' dir='ltr'><strong>insuper</strong></span> <span class='ocrx_word' id='word_1_542' title='bbox 1054 5623 1267 5681; x_wconf 88' lang='lat' dir='ltr'><strong>putatur</strong></span> <span class='ocrx_word' id='word_1_543' title='bbox 1289 5636 1405 5677; x_wconf 90' lang='lat' dir='ltr'><strong>esse</strong></span> <span class='ocrx_word' id='word_1_544' title='bbox 1435 5586 1769 5690; x_wconf 74' lang='lat' dir='ltr'><strong>laudandus?</strong></span> 
     </span>
    </p>
   </div>
   <div class='ocr_carea' id='block_1_57' title="bbox 382 5674 1889 5803">
    <p class='ocr_par' dir='ltr' id='par_1_57' title="bbox 382 5674 1889 5803">
     <span class='ocr_line' id='line_1_81' title="bbox 382 5674 1889 5803; baseline 0.028 -64"><span class='ocrx_word' id='word_1_545' title='bbox 382 5674 436 5739; x_wconf 87' lang='lat'><strong>9.</strong></span> <span class='ocrx_word' id='word_1_546' title='bbox 478 5686 602 5743; x_wconf 81' lang='lat' dir='ltr'><strong>Haec</strong></span> <span class='ocrx_word' id='word_1_547' title='bbox 629 5691 837 5750; x_wconf 88' lang='lat' dir='ltr'><strong>interim</strong></span> <span class='ocrx_word' id='word_1_548' title='bbox 860 5741 872 5761; x_wconf 92' lang='lat'><strong>,</strong></span> <span class='ocrx_word' id='word_1_549' title='bbox 904 5716 971 5755; x_wconf 92' lang='lat' dir='ltr'><strong>ne</strong></span> <span class='ocrx_word' id='word_1_550' title='bbox 998 5702 1218 5761; x_wconf 91' lang='lat' dir='ltr'><strong>nimium</strong></span> <span class='ocrx_word' id='word_1_551' title='bbox 1250 5714 1451 5780; x_wconf 85' lang='lat' dir='ltr'><strong>prolixa</strong></span> <span class='ocrx_word' id='word_1_552' title='bbox 1481 5718 1591 5789; x_wconf 88' lang='lat' dir='ltr'><strong>fiat,</strong></span> <span class='ocrx_word' id='word_1_553' title='bbox 1624 5723 1746 5783; x_wconf 89' lang='lat' dir='ltr'><strong>huic</strong></span> <span class='ocrx_word' id='word_1_554' title='bbox 1772 5732 1889 5803; x_wconf 80' lang='lat' dir='ltr'><strong>epi-</strong></span> 
     </span>
     <span class='ocr_line' id='line_1_82' title="bbox 382 5775 1239 5803; baseline 0 0"><span class='ocrx_word' id='word_1_555' title='bbox 382 5775 459 5803; x_wconf 72' lang='lat' dir='ltr'><strong>.I...-.</strong></span> <span class='ocrx_word' id='word_1_556' title='bbox 504 5779 690 5803; x_wconf 52' lang='lat' dir='ltr'><strong>!._-_l-_,</strong></span> <span class='ocrx_word' id='word_1_557' title='bbox 714 5785 734 5803; x_wconf 75' lang='lat' dir='ltr'><strong>J</strong></span> <span class='ocrx_word' id='word_1_558' title='bbox 894 5792 923 5803; x_wconf 74' lang='grc' dir='ltr'>,ι</span> <span class='ocrx_word' id='word_1_559' title='bbox 1024 5796 1033 5803; x_wconf 92' lang='grc'>.</span> <span class='ocrx_word' id='word_1_560' title='bbox 1154 5799 1178 5803; x_wconf 49' lang='grc' dir='ltr'><strong>λ</strong></span> <span class='ocrx_word' id='word_1_561' title='bbox 1231 5800 1239 5803; x_wconf 84' lang='lat'><em>_</em></span> 
     </span>
    </p>
   </div>
   <div class='ocr_carea' id='block_1_58' title="bbox 309 5775 1888 5894">
    <p class='ocr_par' dir='ltr' id='par_1_58' title="bbox 309 5775 1888 5894">
     <span class='ocr_line' id='line_1_83' title="bbox 309 5775 1888 5894; baseline 0.032 -65"><span class='ocrx_word' id='word_1_562' title='bbox 309 5775 460 5832; x_wconf 77' lang='lat' dir='ltr'><strong>stola:</strong></span> <span class='ocrx_word' id='word_1_563' title='bbox 504 5779 784 5850; x_wconf 75' lang='lat' dir='ltr'><strong>implenda:</strong></span> <span class='ocrx_word' id='word_1_564' title='bbox 827 5792 956 5846; x_wconf 87' lang='lat' dir='ltr'><strong>satis</strong></span> <span class='ocrx_word' id='word_1_565' title='bbox 992 5796 1117 5850; x_wconf 90' lang='lat' dir='ltr'><strong>sint.</strong></span> <span class='ocrx_word' id='word_1_566' title='bbox 1151 5775 1328 5858; x_wconf 82' lang='lat' dir='ltr'><strong>Debeo</strong></span> <span class='ocrx_word' id='word_1_567' title='bbox 1367 5818 1541 5865; x_wconf 87' lang='lat' dir='ltr'><strong>autem</strong></span> <span class='ocrx_word' id='word_1_568' title='bbox 1577 5775 1888 5894; x_wconf 61' lang='grc' dir='ltr'><strong>⁷Τιιιιιηιιὲει-</strong></span> 
     </span>
    </p>
   </div>
   <div class='ocr_carea' id='block_1_59' title="bbox 372 5886 1575 5983">
    <p class='ocr_par' dir='ltr' id='par_1_59' title="bbox 372 5886 1575 5983">
     <span class='ocr_line' id='line_1_84' title="bbox 372 5886 1575 5983; baseline 0.032 -44"><span class='ocrx_word' id='word_1_569' title='bbox 372 5892 389 5925; x_wconf 79' lang='grc' dir='ltr'>ί</span> <span class='ocrx_word' id='word_1_570' title='bbox 411 5886 543 5956; x_wconf 56' lang='lat' dir='ltr'><strong>me,</strong></span> <span class='ocrx_word' id='word_1_571' title='bbox 570 5902 839 5953; x_wconf 65' lang='lat' dir='ltr'><strong>mutorum</strong></span> <span class='ocrx_word' id='word_1_572' title='bbox 860 5908 1094 5973; x_wconf 74' lang='lat' dir='ltr'><strong>exempta.</strong></span> <span class='ocrx_word' id='word_1_573' title='bbox 1119 5920 1174 5963; x_wconf 75' lang='lat' dir='ltr'><strong>At.</strong></span> <span class='ocrx_word' id='word_1_574' title='bbox 1195 5924 1320 5980; x_wconf 79' lang='lat' dir='ltr'><strong>MSS.,</strong></span> <span class='ocrx_word' id='word_1_575' title='bbox 1341 5921 1575 5983; x_wconf 76' lang='lat' dir='ltr'><strong>factorum</strong></span> 
     </span>
    </p>
   </div>
   <div class='ocr_carea' id='block_1_60' title="bbox 1615 442 2519 518">
    <p class='ocr_par' dir='ltr' id='par_1_60' title="bbox 1615 442 2519 518">
     <span class='ocr_line' id='line_1_85' title="bbox 1615 442 2519 518; baseline 0.022 -20"><span class='ocrx_word' id='word_1_576' title='bbox 1615 442 2090 507; x_wconf 74' lang='lat' dir='ltr'><strong>EPISTULARUM</strong></span> <span class='ocrx_word' id='word_1_577' title='bbox 2126 454 2399 517; x_wconf 77' lang='lat' dir='ltr'><strong>CLASSIS</strong></span> <span class='ocrx_word' id='word_1_578' title='bbox 2435 463 2519 518; x_wconf 85' lang='lat' dir='ltr'><strong>Ill.</strong></span> 
     </span>
    </p>
   </div>
   <div class='ocr_carea' id='block_1_61' title="bbox 416 520 1994 622">
    <p class='ocr_par' dir='ltr' id='par_1_61' title="bbox 416 520 1994 622">
     <span class='ocr_line' id='line_1_86' title="bbox 416 520 1994 622; baseline 0.024 -40"><span class='ocrx_word' id='word_1_579' title='bbox 416 520 542 585; x_wconf 65' lang='lat' dir='ltr'><strong>Haec</strong></span> <span class='ocrx_word' id='word_1_580' title='bbox 584 535 760 590; x_wconf 89' lang='lat' dir='ltr'><strong>omnia</strong></span> <span class='ocrx_word' id='word_1_581' title='bbox 791 539 1112 596; x_wconf 90' lang='lat' dir='ltr'><strong>multimodis</strong></span> <span class='ocrx_word' id='word_1_582' title='bbox 1154 546 1203 599; x_wconf 91' lang='lat' dir='ltr'><strong>in</strong></span> <span class='ocrx_word' id='word_1_583' title='bbox 1234 548 1351 604; x_wconf 89' lang='lat' dir='ltr'><strong>aliis</strong></span> <span class='ocrx_word' id='word_1_584' title='bbox 1379 551 1619 622; x_wconf 91' lang='lat' dir='ltr'><strong>plurimis</strong></span> <span class='ocrx_word' id='word_1_585' title='bbox 1652 542 1844 616; x_wconf 83' lang='lat' dir='ltr'><strong>nostris</strong></span> <span class='ocrx_word' id='word_1_586' title='bbox 1882 577 1994 618; x_wconf 89' lang='lat' dir='ltr'><strong>ser-</strong></span> 
     </span>
    </p>
   </div>
   <div class='ocr_carea' id='block_1_62' title="bbox 3580 501 3678 557">
    <p class='ocr_par' dir='ltr' id='par_1_62' title="bbox 3580 501 3678 557">
     <span class='ocr_line' id='line_1_87' title="bbox 3580 501 3678 557; baseline 0 -1"><span class='ocrx_word' id='word_1_587' title='bbox 3580 501 3678 557; x_wconf 65' lang='lat'><strong>943&#39;.</strong></span> 
     </span>
    </p>
   </div>
   <div class='ocr_carea' id='block_1_63' title="bbox 2098 566 3667 678">
    <p class='ocr_par' dir='ltr' id='par_1_63' title="bbox 2098 566 3667 678">
     <span class='ocr_line' id='line_1_88' title="bbox 2098 566 3667 678; baseline 0.035 -60"><span class='ocrx_word' id='word_1_588' title='bbox 2098 566 2347 627; x_wconf 88' lang='lat' dir='ltr'><strong>densibus</strong></span> <span class='ocrx_word' id='word_1_589' title='bbox 2393 577 2647 645; x_wconf 84' lang='lat' dir='ltr'><strong>ejusmodi</strong></span> <span class='ocrx_word' id='word_1_590' title='bbox 2690 586 3037 648; x_wconf 89' lang='lat' dir='ltr'><strong>ministerium</strong></span> <span class='ocrx_word' id='word_1_591' title='bbox 3084 595 3378 672; x_wconf 88' lang='lat' dir='ltr'><strong>charitatis,</strong></span> <span class='ocrx_word' id='word_1_592' title='bbox 3420 613 3667 678; x_wconf 89' lang='lat' dir='ltr'><strong>quoniam</strong></span> 
     </span>
    </p>
   </div>
   <div class='ocr_carea' id='block_1_64' title="bbox 2096 659 3668 764">
    <p class='ocr_par' dir='ltr' id='par_1_64' title="bbox 2096 659 3668 764">
     <span class='ocr_line' id='line_1_89' title="bbox 2096 659 3668 764; baseline 0.035 -55"><span class='ocrx_word' id='word_1_593' title='bbox 2096 659 2224 714; x_wconf 89' lang='lat' dir='ltr'><strong>mihi</strong></span> <span class='ocrx_word' id='word_1_594' title='bbox 2254 672 2307 717; x_wconf 94' lang='lat' dir='ltr'><strong>et</strong></span> <span class='ocrx_word' id='word_1_595' title='bbox 2344 676 2469 722; x_wconf 92' lang='lat' dir='ltr'><strong>voto</strong></span> <span class='ocrx_word' id='word_1_596' title='bbox 2508 678 2597 725; x_wconf 87' lang='lat' dir='ltr'><strong>tuo</strong></span> <span class='ocrx_word' id='word_1_597' title='bbox 2636 684 2689 729; x_wconf 87' lang='lat' dir='ltr'><strong>et</strong></span> <span class='ocrx_word' id='word_1_598' title='bbox 2716 678 2783 731; x_wconf 87' lang='lat' dir='ltr'><strong>ab</strong></span> <span class='ocrx_word' id='word_1_599' title='bbox 2822 681 3115 741; x_wconf 87' lang='lat' dir='ltr'><strong>honorabili</strong></span> <span class='ocrx_word' id='word_1_600' title='bbox 3143 698 3197 745; x_wconf 87' lang='lat' dir='ltr'><strong>et</strong></span> <span class='ocrx_word' id='word_1_601' title='bbox 3223 659 3534 756; x_wconf 72' lang='lat' dir='ltr'><strong>cbarissimo</strong></span> <span class='ocrx_word' id='word_1_602' title='bbox 3559 704 3668 764; x_wconf 77' lang='lat' dir='ltr'><strong>[illo</strong></span> 
     </span>
    </p>
   </div>
   <div class='ocr_carea' id='block_1_65' title="bbox 2094 758 3667 863">
    <p class='ocr_par' dir='ltr' id='par_1_65' title="bbox 2094 758 3667 863">
     <span class='ocr_line' id='line_1_90' title="bbox 2094 758 3667 863; baseline 0.034 -59"><span class='ocrx_word' id='word_1_603' title='bbox 2094 768 2214 807; x_wconf 91' lang='lat' dir='ltr'><strong>meo</strong></span> <span class='ocrx_word' id='word_1_604' title='bbox 2250 758 2519 829; x_wconf 87' lang='lat' dir='ltr'><strong>Eleusino,</strong></span> <span class='ocrx_word' id='word_1_605' title='bbox 2560 768 2647 838; x_wconf 94' lang='lat' dir='ltr'><strong>qui</strong></span> <span class='ocrx_word' id='word_1_606' title='bbox 2695 772 3014 833; x_wconf 88' lang='lat' dir='ltr'><strong>tribunatum</strong></span> <span class='ocrx_word' id='word_1_607' title='bbox 3052 785 3189 853; x_wconf 87' lang='lat' dir='ltr'><strong>apud</strong></span> <span class='ocrx_word' id='word_1_608' title='bbox 3234 804 3324 843; x_wconf 90' lang='lat' dir='ltr'><strong>eos</strong></span> <span class='ocrx_word' id='word_1_609' title='bbox 3368 795 3492 863; x_wconf 79' lang='lat' dir='ltr'><strong>egit,</strong></span> <span class='ocrx_word' id='word_1_610' title='bbox 3533 799 3667 859; x_wconf 80' lang='lat' dir='ltr'><strong>bene</strong></span> 
     </span>
    </p>
   </div>
   <div class='ocr_carea' id='block_1_66' title="bbox 2093 845 3661 949">
    <p class='ocr_par' dir='ltr' id='par_1_66' title="bbox 2093 845 3661 949">
     <span class='ocr_line' id='line_1_91' title="bbox 2093 845 3661 949; baseline 0.033 -50"><span class='ocrx_word' id='word_1_611' title='bbox 2093 845 2339 906; x_wconf 89' lang='lat' dir='ltr'><strong>insinuati</strong></span> <span class='ocrx_word' id='word_1_612' title='bbox 2364 868 2517 923; x_wconf 89' lang='lat' dir='ltr'><strong>sunt,</strong></span> <span class='ocrx_word' id='word_1_613' title='bbox 2546 848 2603 914; x_wconf 89' lang='lat' dir='ltr'><strong>ut</strong></span> <span class='ocrx_word' id='word_1_614' title='bbox 2628 865 2881 923; x_wconf 85' lang='lat' dir='ltr'><strong>ambabus</strong></span> <span class='ocrx_word' id='word_1_615' title='bbox 2917 872 3153 941; x_wconf 88' lang='lat' dir='ltr'><strong>epistolis</strong></span> <span class='ocrx_word' id='word_1_616' title='bbox 3178 879 3453 940; x_wconf 89' lang='lat' dir='ltr'><strong>Gaudentii</strong></span> <span class='ocrx_word' id='word_1_617' title='bbox 3484 890 3661 949; x_wconf 57' lang='lat' dir='ltr'><strong>Dona&quot;</strong></span> 
     </span>
    </p>
   </div>
   <div class='ocr_carea' id='block_1_67' title="bbox 2092 939 3665 1045">
    <p class='ocr_par' dir='ltr' id='par_1_67' title="bbox 2092 939 3665 1045">
     <span class='ocr_line' id='line_1_92' title="bbox 2092 939 3665 1045; baseline 0.032 -55"><span class='ocrx_word' id='word_1_618' title='bbox 2092 939 2329 997; x_wconf 88' lang='lat' dir='ltr'><strong>tistarum</strong></span> <span class='ocrx_word' id='word_1_619' title='bbox 2356 949 2610 1021; x_wconf 83' lang='lat' dir='ltr'><strong>episcopi,</strong></span> <span class='ocrx_word' id='word_1_620' title='bbox 2634 965 2685 1009; x_wconf 91' lang='lat' dir='ltr'><strong>et</strong></span> <span class='ocrx_word' id='word_1_621' title='bbox 2709 960 2938 1018; x_wconf 77' lang='lat' dir='ltr'><strong>maxime</strong></span> <span class='ocrx_word' id='word_1_622' title='bbox 2966 971 3263 1037; x_wconf 87' lang='lat' dir='ltr'><strong>posteriori,</strong></span> <span class='ocrx_word' id='word_1_623' title='bbox 3285 989 3441 1045; x_wconf 89' lang='lat' dir='ltr'><strong>quam</strong></span> <span class='ocrx_word' id='word_1_624' title='bbox 3472 994 3665 1039; x_wconf 85' lang='lat' dir='ltr'><strong>secun-</strong></span> 
     </span>
    </p>
   </div>
   <div class='ocr_carea' id='block_1_68' title="bbox 2089 1029 3661 1137">
    <p class='ocr_par' dir='ltr' id='par_1_68' title="bbox 2089 1029 3661 1137">
     <span class='ocr_line' id='line_1_93' title="bbox 2089 1029 3661 1137; baseline 0.031 -55"><span class='ocrx_word' id='word_1_625' title='bbox 2089 1029 2214 1084; x_wconf 92' lang='lat' dir='ltr'><strong>dum</strong></span> <span class='ocrx_word' id='word_1_626' title='bbox 2267 1034 2566 1107; x_wconf 87' lang='lat' dir='ltr'><strong>Scripturas</strong></span> <span class='ocrx_word' id='word_1_627' title='bbox 2614 1056 2823 1133; x_wconf 81' lang='lat' dir='ltr'><strong>sanctas</strong></span> <span class='ocrx_word' id='word_1_628' title='bbox 2876 1068 2933 1109; x_wconf 90' lang='lat' dir='ltr'><strong>se</strong></span> <span class='ocrx_word' id='word_1_629' title='bbox 2977 1056 3161 1115; x_wconf 88' lang='lat' dir='ltr'><strong>fecisse</strong></span> <span class='ocrx_word' id='word_1_630' title='bbox 3212 1065 3535 1137; x_wconf 82' lang='lat' dir='ltr'><strong>arbitratur,</strong></span> <span class='ocrx_word' id='word_1_631' title='bbox 3590 1074 3661 1130; x_wconf 85' lang='lat' dir='ltr'><strong>ita</strong></span> 
     </span>
    </p>
   </div>
   <div class='ocr_carea' id='block_1_69' title="bbox 2085 1126 3483 1224">
    <p class='ocr_par' dir='ltr' id='par_1_69' title="bbox 2085 1126 3483 1224">
     <span class='ocr_line' id='line_1_94' title="bbox 2085 1126 3483 1224; baseline 0.031 -52"><span class='ocrx_word' id='word_1_632' title='bbox 2085 1126 2452 1196; x_wconf 84' lang='lat' dir='ltr'><strong>respondeam,</strong></span> <span class='ocrx_word' id='word_1_633' title='bbox 2488 1148 2554 1186; x_wconf 90' lang='lat' dir='ltr'><strong>ne</strong></span> <span class='ocrx_word' id='word_1_634' title='bbox 2581 1137 2774 1206; x_wconf 88' lang='lat' dir='ltr'><strong>aliquid</strong></span> <span class='ocrx_word' id='word_1_635' title='bbox 2803 1126 3217 1210; x_wconf 66' lang='lat' dir='ltr'><strong>praetermissum</strong></span> <span class='ocrx_word' id='word_1_636' title='bbox 3249 1166 3483 1224; x_wconf 87' lang='lat' dir='ltr'><strong>putetur.</strong></span> 
     </span>
    </p>
   </div>
   <div class='ocr_carea' id='block_1_70' title="bbox 2540 1248 3197 1338">
    <p class='ocr_par' dir='ltr' id='par_1_70' title="bbox 2540 1248 3197 1338">
     <span class='ocr_line' id='line_1_95' title="bbox 2540 1248 3197 1338; baseline 0.026 -37"><span class='ocrx_word' id='word_1_637' title='bbox 2540 1248 2865 1310; x_wconf 84' lang='lat' dir='ltr'><strong>EPISTOLA</strong></span> <span class='ocrx_word' id='word_1_638' title='bbox 2898 1258 3028 1316; x_wconf 85' lang='lat' dir='ltr'><strong>ccv</strong></span> <span class='ocrx_word' id='word_1_639' title='bbox 3060 1266 3074 1287; x_wconf 88' lang='grc'><strong>·</strong></span> <span class='ocrx_word' id='word_1_640' title='bbox 3102 1262 3197 1338; x_wconf 83' lang='grc' dir='ltr'><strong>(α).</strong></span> 
     </span>
    </p>
   </div>
   <div class='ocr_carea' id='block_1_71' title="bbox 2079 1344 3657 1454">
    <p class='ocr_par' dir='ltr' id='par_1_71' title="bbox 2079 1344 3657 1454">
     <span class='ocr_line' id='line_1_96' title="bbox 2079 1344 3657 1454; baseline 0.031 -56"><span class='ocrx_word' id='word_1_641' title='bbox 2079 1344 2391 1418; x_wconf 73' lang='lat' dir='ltr'><strong>Augustinus</strong></span> <span class='ocrx_word' id='word_1_642' title='bbox 2407 1355 2691 1429; x_wconf 82' lang='lat' dir='ltr'><strong>Consentio,</strong></span> <span class='ocrx_word' id='word_1_643' title='bbox 2706 1372 3008 1437; x_wconf 81' lang='lat' dir='ltr'><strong>respondens</strong></span> <span class='ocrx_word' id='word_1_644' title='bbox 3022 1377 3090 1428; x_wconf 89' lang='lat' dir='ltr'><strong>ad</strong></span> <span class='ocrx_word' id='word_1_645' title='bbox 3105 1377 3242 1434; x_wconf 66' lang='lat' dir='ltr'><strong>ﬁlius</strong></span> <span class='ocrx_word' id='word_1_646' title='bbox 3263 1392 3657 1454; x_wconf 80' lang='lat' dir='ltr'><strong>percontationes</strong></span> 
     </span>
    </p>
   </div>
   <div class='ocr_carea' id='block_1_72' title="bbox 2150 1440 3658 1541">
    <p class='ocr_par' dir='ltr' id='par_1_72' title="bbox 2150 1440 3658 1541">
     <span class='ocr_line' id='line_1_97' title="bbox 2150 1440 3658 1541; baseline 0.032 -49"><span class='ocrx_word' id='word_1_647' title='bbox 2150 1440 2213 1493; x_wconf 86' lang='lat' dir='ltr'><strong>de</strong></span> <span class='ocrx_word' id='word_1_648' title='bbox 2245 1460 2453 1514; x_wconf 83' lang='lat' dir='ltr'><strong>corpore</strong></span> <span class='ocrx_word' id='word_1_649' title='bbox 2488 1449 2676 1508; x_wconf 76' lang='lat' dir='ltr'><strong>Christi</strong></span> <span class='ocrx_word' id='word_1_650' title='bbox 2710 1460 2857 1527; x_wconf 80' lang='lat' dir='ltr'><strong>quate</strong></span> <span class='ocrx_word' id='word_1_651' title='bbox 2885 1480 3019 1518; x_wconf 86' lang='lat' dir='ltr'><strong>nunc</strong></span> <span class='ocrx_word' id='word_1_652' title='bbox 3041 1470 3136 1535; x_wconf 83' lang='lat' dir='ltr'><strong>sit,</strong></span> <span class='ocrx_word' id='word_1_653' title='bbox 3167 1489 3356 1530; x_wconf 85' lang='lat' dir='ltr'><strong>necnon</strong></span> <span class='ocrx_word' id='word_1_654' title='bbox 3382 1478 3446 1533; x_wconf 89' lang='lat' dir='ltr'><strong>de</strong></span> <span class='ocrx_word' id='word_1_655' title='bbox 3473 1486 3658 1541; x_wconf 78' lang='lat' dir='ltr'><strong>nostris</strong></span> 
     </span>
    </p>
   </div>
   <div class='ocr_carea' id='block_1_73' title="bbox 2148 1536 3446 1623">
    <p class='ocr_par' dir='ltr' id='par_1_73' title="bbox 2148 1536 3446 1623">
     <span class='ocr_line' id='line_1_98' title="bbox 2148 1536 3446 1623; baseline 0.031 -40"><span class='ocrx_word' id='word_1_656' title='bbox 2148 1536 2439 1604; x_wconf 76' lang='lat' dir='ltr'><strong>corporibus</strong></span> <span class='ocrx_word' id='word_1_657' title='bbox 2463 1544 2634 1610; x_wconf 80' lang='lat' dir='ltr'><strong>qualia</strong></span> <span class='ocrx_word' id='word_1_658' title='bbox 2660 1551 2832 1613; x_wconf 81' lang='lat' dir='ltr'><strong>futura</strong></span> <span class='ocrx_word' id='word_1_659' title='bbox 2860 1554 2959 1607; x_wconf 83' lang='lat' dir='ltr'><strong>sint</strong></span> <span class='ocrx_word' id='word_1_660' title='bbox 2986 1558 3036 1610; x_wconf 89' lang='lat' dir='ltr'><strong>in</strong></span> <span class='ocrx_word' id='word_1_661' title='bbox 3064 1568 3446 1623; x_wconf 81' lang='lat' dir='ltr'><strong>resurrectione.</strong></span> 
     </span>
    </p>
   </div>
   <div class='ocr_carea' id='block_1_74' title="bbox 2236 1626 3489 1717">
    <p class='ocr_par' dir='ltr' id='par_1_74' title="bbox 2236 1626 3489 1717">
     <span class='ocr_line' id='line_1_99' title="bbox 2236 1626 3489 1717; baseline 0.03 -38"><span class='ocrx_word' id='word_1_662' title='bbox 2236 1626 2586 1689; x_wconf 86' lang='lat' dir='ltr'><strong>Dilectissimo</strong></span> <span class='ocrx_word' id='word_1_663' title='bbox 2612 1637 2760 1694; x_wconf 77' lang='lat' dir='ltr'><strong>fratri</strong></span> <span class='ocrx_word' id='word_1_664' title='bbox 2788 1641 3106 1717; x_wconf 65' lang='lat' dir='ltr'><strong>Censesne,</strong></span> <span class='ocrx_word' id='word_1_665' title='bbox 3136 1654 3489 1716; x_wconf 80' lang='lat' dir='ltr'><strong>AUGUSTINUS.</strong></span> 
     </span>
    </p>
   </div>
   <div class='ocr_carea' id='block_1_75' title="bbox 2142 1748 3651 1852">
    <p class='ocr_par' dir='ltr' id='par_1_75' title="bbox 2142 1748 3651 1852">
     <span class='ocr_line' id='line_1_100' title="bbox 2142 1748 3651 1852; baseline 0.027 -40"><span class='ocrx_word' id='word_1_666' title='bbox 2142 1756 2365 1817; x_wconf 81' lang='lat' dir='ltr'><strong>CAPUT</strong></span> <span class='ocrx_word' id='word_1_667' title='bbox 2396 1748 2674 1825; x_wconf 64' lang='lat' dir='ltr'><strong>PRIMUM.</strong></span> <span class='ocrx_word' id='word_1_668' title='bbox 2697 1805 2770 1815; x_wconf 93' lang='lat'><strong>—-</strong></span> <span class='ocrx_word' id='word_1_669' title='bbox 2794 1778 2843 1831; x_wconf 86' lang='grc'><strong>1.</strong></span> <span class='ocrx_word' id='word_1_670' title='bbox 2874 1780 3134 1848; x_wconf 89' lang='lat' dir='ltr'><strong>Quantum</strong></span> <span class='ocrx_word' id='word_1_671' title='bbox 3162 1787 3227 1842; x_wconf 91' lang='lat' dir='ltr'><strong>ad</strong></span> <span class='ocrx_word' id='word_1_672' title='bbox 3253 1793 3435 1846; x_wconf 89' lang='lat' dir='ltr'><strong>oculos</strong></span> <span class='ocrx_word' id='word_1_673' title='bbox 3464 1798 3651 1852; x_wconf 92' lang='lat' dir='ltr'><strong>attinet</strong></span> 
     </span>
    </p>
   </div>
   <div class='ocr_carea' id='block_1_76' title="bbox 2069 1853 3647 1955">
    <p class='ocr_par' dir='ltr' id='par_1_76' title="bbox 2069 1853 3647 1955">
     <span class='ocr_line' id='line_1_101' title="bbox 2069 1853 3647 1955; baseline 0.025 -52"><span class='ocrx_word' id='word_1_674' title='bbox 2069 1853 2389 1919; x_wconf 88' lang='lat' dir='ltr'><strong>corporales,</strong></span> <span class='ocrx_word' id='word_1_675' title='bbox 2410 1861 2663 1927; x_wconf 82' lang='lat' dir='ltr'><strong>quosdam</strong></span> <span class='ocrx_word' id='word_1_676' title='bbox 2687 1868 2945 1938; x_wconf 89' lang='lat' dir='ltr'><strong>videmus,</strong></span> <span class='ocrx_word' id='word_1_677' title='bbox 2966 1890 3063 1928; x_wconf 89' lang='lat' dir='ltr'><strong>nec</strong></span> <span class='ocrx_word' id='word_1_678' title='bbox 3083 1880 3351 1947; x_wconf 90' lang='lat' dir='ltr'><strong>novimus;</strong></span> <span class='ocrx_word' id='word_1_679' title='bbox 3371 1900 3592 1955; x_wconf 90' lang='lat' dir='ltr'><strong>quorum</strong></span> <span class='ocrx_word' id='word_1_680' title='bbox 3618 1906 3647 1944; x_wconf 70' lang='grc' dir='ltr'>ει</span> 
     </span>
    </p>
   </div>
   <div class='ocr_carea' id='block_1_77' title="bbox 2068 1940 3642 2043">
    <p class='ocr_par' dir='ltr' id='par_1_77' title="bbox 2068 1940 3642 2043">
     <span class='ocr_line' id='line_1_102' title="bbox 2068 1940 3642 2043; baseline 0.028 -53"><span class='ocrx_word' id='word_1_681' title='bbox 2068 1940 2220 1995; x_wconf 91' lang='lat' dir='ltr'><strong>nobis</strong></span> <span class='ocrx_word' id='word_1_682' title='bbox 2260 1946 2429 2001; x_wconf 88' lang='lat' dir='ltr'><strong>Studia</strong></span> <span class='ocrx_word' id='word_1_683' title='bbox 2462 1951 2669 2023; x_wconf 80' lang='lat' dir='ltr'><strong>vitaque</strong></span> <span class='ocrx_word' id='word_1_684' title='bbox 2705 1961 3010 2018; x_wconf 71' lang='lat' dir='ltr'><strong>nescinntur</strong></span> <span class='ocrx_word' id='word_1_685' title='bbox 3036 1984 3048 2019; x_wconf 89' lang='lat'><strong>:</strong></span> <span class='ocrx_word' id='word_1_686' title='bbox 3078 1970 3335 2037; x_wconf 88' lang='lat' dir='ltr'><strong>quosdam</strong></span> <span class='ocrx_word' id='word_1_687' title='bbox 3378 1978 3642 2043; x_wconf 86' lang='lat' dir='ltr'><strong>novimus,</strong></span> 
     </span>
    </p>
   </div>
   <div class='ocr_carea' id='block_1_78' title="bbox 2064 2030 3643 2125">
    <p class='ocr_par' dir='ltr' id='par_1_78' title="bbox 2064 2030 3643 2125">
     <span class='ocr_line' id='line_1_103' title="bbox 2064 2030 3643 2125; baseline 0.028 -43"><span class='ocrx_word' id='word_1_688' title='bbox 2064 2030 2167 2084; x_wconf 87' lang='lat' dir='ltr'><strong>nec</strong></span> <span class='ocrx_word' id='word_1_689' title='bbox 2194 2033 2467 2103; x_wconf 86' lang='lat' dir='ltr'><strong>videmus;</strong></span> <span class='ocrx_word' id='word_1_690' title='bbox 2502 2032 2721 2111; x_wconf 86' lang='lat' dir='ltr'><strong>quorum</strong></span> <span class='ocrx_word' id='word_1_691' title='bbox 2768 2052 2920 2107; x_wconf 90' lang='lat' dir='ltr'><strong>nobis</strong></span> <span class='ocrx_word' id='word_1_692' title='bbox 2953 2057 3188 2116; x_wconf 88' lang='lat' dir='ltr'><strong>cbaritas</strong></span> <span class='ocrx_word' id='word_1_693' title='bbox 3222 2072 3273 2117; x_wconf 93' lang='lat' dir='ltr'><strong>et</strong></span> <span class='ocrx_word' id='word_1_694' title='bbox 3309 2052 3529 2123; x_wconf 55' lang='lat' dir='ltr'><strong>affectus</strong></span> <span class='ocrx_word' id='word_1_695' title='bbox 3562 2072 3643 2125; x_wconf 91' lang='lat' dir='ltr'><strong>in-</strong></span> 
     </span>
    </p>
   </div>
   <div class='ocr_carea' id='block_1_79' title="bbox 2063 2114 3659 2227">
    <p class='ocr_par' dir='ltr' id='par_1_79' title="bbox 2063 2114 3659 2227">
     <span class='ocr_line' id='line_1_104' title="bbox 2063 2114 3659 2227; baseline 0.029 -55"><span class='ocrx_word' id='word_1_696' title='bbox 2063 2122 2254 2189; x_wconf 90' lang='lat' dir='ltr'><strong>notuit,</strong></span> <span class='ocrx_word' id='word_1_697' title='bbox 2301 2114 2352 2180; x_wconf 90' lang='lat' dir='ltr'><strong>in</strong></span> <span class='ocrx_word' id='word_1_698' title='bbox 2402 2132 2594 2200; x_wconf 86' lang='lat' dir='ltr'><strong>quibus</strong></span> <span class='ocrx_word' id='word_1_699' title='bbox 2624 2148 2693 2197; x_wconf 79' lang='lat' dir='ltr'><strong>,et</strong></span> <span class='ocrx_word' id='word_1_700' title='bbox 2741 2150 2789 2196; x_wconf 93' lang='lat' dir='ltr'><strong>te</strong></span> <span class='ocrx_word' id='word_1_701' title='bbox 2831 2148 3280 2221; x_wconf 82' lang='lat' dir='ltr'><strong>annumeramus;</strong></span> <span class='ocrx_word' id='word_1_702' title='bbox 3329 2165 3384 2210; x_wconf 91' lang='lat' dir='ltr'><strong>et</strong></span> <span class='ocrx_word' id='word_1_703' title='bbox 3426 2160 3543 2214; x_wconf 90' lang='lat' dir='ltr'><strong>ideo</strong></span> <span class='ocrx_word' id='word_1_704' title='bbox 3596 2172 3659 2227; x_wconf 70' lang='lat' dir='ltr'><strong>te]</strong></span> 
     </span>
    </p>
   </div>
   <div class='ocr_carea' id='block_1_80' title="bbox 2063 2214 3637 2313">
    <p class='ocr_par' dir='ltr' id='par_1_80' title="bbox 2063 2214 3637 2313">
     <span class='ocr_line' id='line_1_105' title="bbox 2063 2214 3637 2313; baseline 0.027 -50"><span class='ocrx_word' id='word_1_705' title='bbox 2063 2214 2231 2282; x_wconf 85' lang='lat' dir='ltr'><strong>magis</strong></span> <span class='ocrx_word' id='word_1_706' title='bbox 2258 2216 2438 2274; x_wconf 89' lang='lat' dir='ltr'><strong>videre</strong></span> <span class='ocrx_word' id='word_1_707' title='bbox 2467 2222 2827 2286; x_wconf 87' lang='lat' dir='ltr'><strong>desideramus</strong></span> <span class='ocrx_word' id='word_1_708' title='bbox 2848 2276 2862 2299; x_wconf 94' lang='lat'><strong>,</strong></span> <span class='ocrx_word' id='word_1_709' title='bbox 2898 2244 2951 2288; x_wconf 93' lang='lat' dir='ltr'><strong>ut</strong></span> <span class='ocrx_word' id='word_1_710' title='bbox 2986 2236 3038 2291; x_wconf 92' lang='lat' dir='ltr'><strong>in</strong></span> <span class='ocrx_word' id='word_1_711' title='bbox 3064 2238 3126 2293; x_wconf 87' lang='lat' dir='ltr'><strong>iis</strong></span> <span class='ocrx_word' id='word_1_712' title='bbox 3151 2242 3223 2297; x_wconf 90' lang='lat' dir='ltr'><strong>sis</strong></span> <span class='ocrx_word' id='word_1_713' title='bbox 3249 2259 3383 2313; x_wconf 86' lang='lat' dir='ltr'><strong>quos</strong></span> <span class='ocrx_word' id='word_1_714' title='bbox 3413 2257 3467 2301; x_wconf 89' lang='lat' dir='ltr'><strong>et</strong></span> <span class='ocrx_word' id='word_1_715' title='bbox 3493 2250 3637 2304; x_wconf 89' lang='lat' dir='ltr'><strong>vide-</strong></span> 
     </span>
    </p>
   </div>
   <div class='ocr_carea' id='block_1_81' title="bbox 2060 2312 3643 2402">
    <p class='ocr_par' dir='ltr' id='par_1_81' title="bbox 2060 2312 3643 2402">
     <span class='ocr_line' id='line_1_106' title="bbox 2060 2312 3643 2402; baseline 0.026 -47"><span class='ocrx_word' id='word_1_716' title='bbox 2060 2317 2179 2357; x_wconf 92' lang='lat' dir='ltr'><strong>mus</strong></span> <span class='ocrx_word' id='word_1_717' title='bbox 2205 2318 2257 2361; x_wconf 88' lang='lat' dir='ltr'><strong>ct</strong></span> <span class='ocrx_word' id='word_1_718' title='bbox 2282 2312 2543 2369; x_wconf 86' lang='lat' dir='ltr'><strong>novimus.</strong></span> <span class='ocrx_word' id='word_1_719' title='bbox 2569 2317 2698 2373; x_wconf 90' lang='lat' dir='ltr'><strong>Nam</strong></span> <span class='ocrx_word' id='word_1_720' title='bbox 2732 2322 2803 2376; x_wconf 92' lang='lat' dir='ltr'><strong>illi</strong></span> <span class='ocrx_word' id='word_1_721' title='bbox 2836 2327 2922 2394; x_wconf 92' lang='lat' dir='ltr'><strong>qui</strong></span> <span class='ocrx_word' id='word_1_722' title='bbox 2951 2328 3112 2398; x_wconf 86' lang='lat' dir='ltr'><strong>ignoti</strong></span> <span class='ocrx_word' id='word_1_723' title='bbox 3145 2336 3340 2402; x_wconf 60' lang='lat' dir='ltr'><strong>nostris</strong></span> <span class='ocrx_word' id='word_1_724' title='bbox 3365 2340 3530 2393; x_wconf 88' lang='lat' dir='ltr'><strong>oculis</strong></span> <span class='ocrx_word' id='word_1_725' title='bbox 3560 2341 3643 2393; x_wconf 86' lang='lat' dir='ltr'><strong>in-</strong></span> 
     </span>
    </p>
   </div>
   <div class='ocr_carea' id='block_1_82' title="bbox 2056 2406 3634 2494">
    <p class='ocr_par' dir='ltr' id='par_1_82' title="bbox 2056 2406 3634 2494">
     <span class='ocr_line' id='line_1_107' title="bbox 2056 2406 3634 2494; baseline 0.027 -48"><span class='ocrx_word' id='word_1_726' title='bbox 2056 2408 2332 2468; x_wconf 86' lang='lat' dir='ltr'><strong>geruntur,</strong></span> <span class='ocrx_word' id='word_1_727' title='bbox 2364 2421 2467 2458; x_wconf 91' lang='lat' dir='ltr'><strong>non</strong></span> <span class='ocrx_word' id='word_1_728' title='bbox 2501 2406 2669 2465; x_wconf 87' lang='lat' dir='ltr'><strong>solum</strong></span> <span class='ocrx_word' id='word_1_729' title='bbox 2709 2414 3087 2476; x_wconf 63' lang='lat' dir='ltr'><strong>desiderabiles</strong></span> <span class='ocrx_word' id='word_1_730' title='bbox 3113 2428 3216 2479; x_wconf 81' lang='lat' dir='ltr'><strong>non</strong></span> <span class='ocrx_word' id='word_1_731' title='bbox 3250 2437 3400 2494; x_wconf 88' lang='lat' dir='ltr'><strong>sunt,</strong></span> <span class='ocrx_word' id='word_1_732' title='bbox 3431 2432 3523 2486; x_wconf 89' lang='lat' dir='ltr'><strong>sed</strong></span> <span class='ocrx_word' id='word_1_733' title='bbox 3550 2435 3634 2488; x_wconf 79' lang='lat' dir='ltr'><strong>vix</strong></span> 
     </span>
    </p>
   </div>
   <div class='ocr_carea' id='block_1_83' title="bbox 2056 2482 3631 2589">
    <p class='ocr_par' dir='ltr' id='par_1_83' title="bbox 2056 2482 3631 2589">
     <span class='ocr_line' id='line_1_108' title="bbox 2056 2482 3631 2589; baseline 0.025 -50"><span class='ocrx_word' id='word_1_734' title='bbox 2056 2482 2358 2546; x_wconf 78' lang='lat' dir='ltr'><strong>tolerabiles</strong></span> <span class='ocrx_word' id='word_1_735' title='bbox 2397 2507 2552 2565; x_wconf 91' lang='lat' dir='ltr'><strong>sunt,</strong></span> <span class='ocrx_word' id='word_1_736' title='bbox 2591 2502 2687 2555; x_wconf 91' lang='lat' dir='ltr'><strong>nisi</strong></span> <span class='ocrx_word' id='word_1_737' title='bbox 2720 2506 2977 2575; x_wconf 85' lang='lat' dir='ltr'><strong>aliquibus</strong></span> <span class='ocrx_word' id='word_1_738' title='bbox 3013 2511 3175 2589; x_wconf 78' lang='lat' dir='ltr'><strong>signis</strong></span> <span class='ocrx_word' id='word_1_739' title='bbox 3214 2516 3553 2589; x_wconf 80' lang='lat' dir='ltr'><strong>pulchrittido</strong></span> <span class='ocrx_word' id='word_1_740' title='bbox 3584 2526 3631 2579; x_wconf 90' lang='lat' dir='ltr'><strong>in</strong></span> 
     </span>
    </p>
   </div>
   <div class='ocr_carea' id='block_1_84' title="bbox 2054 2579 3636 2681">
    <p class='ocr_par' dir='ltr' id='par_1_84' title="bbox 2054 2579 3636 2681">
     <span class='ocr_line' id='line_1_109' title="bbox 2054 2579 3636 2681; baseline 0.025 -49"><span class='ocrx_word' id='word_1_741' title='bbox 2054 2579 2136 2635; x_wconf 82' lang='lat' dir='ltr'><strong>bis</strong></span> <span class='ocrx_word' id='word_1_742' title='bbox 2163 2583 2389 2641; x_wconf 87' lang='lat' dir='ltr'><strong>hominis</strong></span> <span class='ocrx_word' id='word_1_743' title='bbox 2418 2589 2683 2649; x_wconf 85' lang='lat' dir='ltr'><strong>interioris</strong></span> <span class='ocrx_word' id='word_1_744' title='bbox 2710 2612 2979 2667; x_wconf 88' lang='lat' dir='ltr'><strong>appareat.</strong></span> <span class='ocrx_word' id='word_1_745' title='bbox 3006 2586 3242 2672; x_wconf 45' lang='lat' dir='ltr'><strong>&#39;Qoornm</strong></span> <span class='ocrx_word' id='word_1_746' title='bbox 3270 2604 3469 2681; x_wconf 89' lang='lat' dir='ltr'><strong>autem,</strong></span> <span class='ocrx_word' id='word_1_747' title='bbox 3499 2618 3636 2671; x_wconf 90' lang='lat' dir='ltr'><strong>sicut</strong></span> 
     </span>
    </p>
   </div>
   <div class='ocr_carea' id='block_1_85' title="bbox 2051 2676 3631 2770">
    <p class='ocr_par' dir='ltr' id='par_1_85' title="bbox 2051 2676 3631 2770">
     <span class='ocr_line' id='line_1_110' title="bbox 2051 2676 3631 2770; baseline 0.022 -47"><span class='ocrx_word' id='word_1_748' title='bbox 2051 2678 2192 2738; x_wconf 90' lang='lat' dir='ltr'><strong>tuus,</strong></span> <span class='ocrx_word' id='word_1_749' title='bbox 2226 2676 2379 2732; x_wconf 89' lang='lat' dir='ltr'><strong>nobis</strong></span> <span class='ocrx_word' id='word_1_750' title='bbox 2408 2677 2555 2747; x_wconf 84' lang='lat' dir='ltr'><strong>prius</strong></span> <span class='ocrx_word' id='word_1_751' title='bbox 2584 2686 2791 2742; x_wconf 75' lang='lat' dir='ltr'><strong>artiums</strong></span> <span class='ocrx_word' id='word_1_752' title='bbox 2820 2690 3182 2765; x_wconf 89' lang='lat' dir='ltr'><strong>intelligendo,</strong></span> <span class='ocrx_word' id='word_1_753' title='bbox 3213 2716 3370 2770; x_wconf 89' lang='lat' dir='ltr'><strong>quam</strong></span> <span class='ocrx_word' id='word_1_754' title='bbox 3404 2704 3631 2760; x_wconf 80' lang='lat' dir='ltr'><strong>videndo</strong></span> 
     </span>
    </p>
   </div>
   <div class='ocr_carea' id='block_1_86' title="bbox 2048 2774 3631 2861">
    <p class='ocr_par' dir='ltr' id='par_1_86' title="bbox 2048 2774 3631 2861">
     <span class='ocr_line' id='line_1_111' title="bbox 2048 2774 3631 2861; baseline 0.024 -45"><span class='ocrx_word' id='word_1_755' title='bbox 2048 2776 2241 2834; x_wconf 82' lang='lat' dir='ltr'><strong>cerpus</strong></span> <span class='ocrx_word' id='word_1_756' title='bbox 2267 2774 2537 2841; x_wconf 86' lang='lat' dir='ltr'><strong>apparuit,</strong></span> <span class='ocrx_word' id='word_1_757' title='bbox 2567 2777 2674 2845; x_wconf 88' lang='lat' dir='ltr'><strong>jam</strong></span> <span class='ocrx_word' id='word_1_758' title='bbox 2704 2783 2918 2850; x_wconf 89' lang='lat' dir='ltr'><strong>quidem</strong></span> <span class='ocrx_word' id='word_1_759' title='bbox 2949 2790 3190 2847; x_wconf 77' lang='lat' dir='ltr'><strong>novimus</strong></span> <span class='ocrx_word' id='word_1_760' title='bbox 3221 2810 3313 2848; x_wconf 88' lang='lat' dir='ltr'><strong>eos</strong></span> <span class='ocrx_word' id='word_1_761' title='bbox 3339 2813 3353 2861; x_wconf 90' lang='lat'>;</span> <span class='ocrx_word' id='word_1_762' title='bbox 3383 2800 3477 2854; x_wconf 89' lang='lat' dir='ltr'><strong>sed</strong></span> <span class='ocrx_word' id='word_1_763' title='bbox 3512 2801 3631 2857; x_wconf 88' lang='lat' dir='ltr'><strong>ideo</strong></span> 
     </span>
    </p>
   </div>
   <div class='ocr_carea' id='block_1_87' title="bbox 2046 2857 3625 2964">
    <p class='ocr_par' dir='ltr' id='par_1_87' title="bbox 2046 2857 3625 2964">
     <span class='ocr_line' id='line_1_112' title="bbox 2046 2857 3625 2964; baseline 0.026 -57"><span class='ocrx_word' id='word_1_764' title='bbox 2046 2857 2204 2911; x_wconf 89' lang='lat' dir='ltr'><strong>etiam</strong></span> <span class='ocrx_word' id='word_1_765' title='bbox 2236 2861 2416 2920; x_wconf 90' lang='lat' dir='ltr'><strong>videre</strong></span> <span class='ocrx_word' id='word_1_766' title='bbox 2445 2862 2839 2939; x_wconf 79' lang='lat' dir='ltr'><strong>desideramus,</strong></span> <span class='ocrx_word' id='word_1_767' title='bbox 2875 2888 2928 2932; x_wconf 89' lang='lat' dir='ltr'><strong>nt</strong></span> <span class='ocrx_word' id='word_1_768' title='bbox 2954 2896 3051 2949; x_wconf 86' lang='lat' dir='ltr'><strong>per</strong></span> <span class='ocrx_word' id='word_1_769' title='bbox 3076 2884 3201 2939; x_wconf 89' lang='lat' dir='ltr'><strong>illud</strong></span> <span class='ocrx_word' id='word_1_770' title='bbox 3244 2892 3381 2958; x_wconf 91' lang='lat' dir='ltr'><strong>quod</strong></span> <span class='ocrx_word' id='word_1_771' title='bbox 3412 2897 3625 2964; x_wconf 78' lang='lat' dir='ltr'><strong>Conspi-</strong></span> 
     </span>
    </p>
   </div>
   <div class='ocr_carea' id='block_1_88' title="bbox 2044 2948 3623 3057">
    <p class='ocr_par' dir='ltr' id='par_1_88' title="bbox 2044 2948 3623 3057">
     <span class='ocr_line' id='line_1_113' title="bbox 2044 2948 3623 3057; baseline 0.029 -58"><span class='ocrx_word' id='word_1_772' title='bbox 2044 2948 2181 3003; x_wconf 91' lang='lat' dir='ltr'><strong>citur</strong></span> <span class='ocrx_word' id='word_1_773' title='bbox 2207 2954 2408 3023; x_wconf 46' lang='lat' dir='ltr'><strong>o‘culis‘,</strong></span> <span class='ocrx_word' id='word_1_774' title='bbox 2443 2962 2607 3015; x_wconf 90' lang='lat' dir='ltr'><strong>multo</strong></span> <span class='ocrx_word' id='word_1_775' title='bbox 2631 2964 2915 3033; x_wconf 84' lang='lat' dir='ltr'><strong>jucundius</strong></span> <span class='ocrx_word' id='word_1_776' title='bbox 2945 2982 2999 3027; x_wconf 91' lang='lat' dir='ltr'><strong>et</strong></span> <span class='ocrx_word' id='word_1_777' title='bbox 3035 2966 3345 3037; x_wconf 81' lang='lat' dir='ltr'><strong>familiarius</strong></span> <span class='ocrx_word' id='word_1_778' title='bbox 3374 3001 3439 3039; x_wconf 91' lang='lat' dir='ltr'><strong>eo</strong></span> <span class='ocrx_word' id='word_1_779' title='bbox 3469 3004 3623 3057; x_wconf 90' lang='lat' dir='ltr'><strong>quem</strong></span> 
     </span>
    </p>
   </div>
   <div class='ocr_carea' id='block_1_89' title="bbox 2037 3037 3623 3137">
    <p class='ocr_par' dir='ltr' id='par_1_89' title="bbox 2037 3037 3623 3137">
     <span class='ocr_line' id='line_1_114' title="bbox 3386 3037 3623 3057; baseline 0.017 -18"><span class='ocrx_word' id='word_1_780' title='bbox 3386 3037 3429 3039; x_wconf 42' lang='grc' dir='ltr'>μ</span> <span class='ocrx_word' id='word_1_781' title='bbox 3475 3037 3623 3057; x_wconf 47' lang='lat'><strong>1---&quot;</strong></span> 
     </span>
     <span class='ocr_line' id='line_1_115' title="bbox 2037 3037 3623 3137; baseline 0.03 -47"><span class='ocrx_word' id='word_1_782' title='bbox 2037 3037 2147 3108; x_wconf 79' lang='lat' dir='ltr'><strong>jam</strong></span> <span class='ocrx_word' id='word_1_783' title='bbox 2174 3046 2448 3118; x_wconf 81' lang='lat' dir='ltr'><strong>novimus,</strong></span> <span class='ocrx_word' id='word_1_784' title='bbox 2476 3056 2647 3110; x_wconf 89' lang='lat' dir='ltr'><strong>amico</strong></span> <span class='ocrx_word' id='word_1_785' title='bbox 2680 3058 2928 3117; x_wconf 85' lang='lat' dir='ltr'><strong>interiore</strong></span> <span class='ocrx_word' id='word_1_786' title='bbox 2959 3070 3310 3135; x_wconf 81' lang='lat' dir='ltr'><strong>perfruamur.</strong></span> <span class='ocrx_word' id='word_1_787' title='bbox 3345 3076 3539 3134; x_wconf 83' lang='lat' dir='ltr'><strong>Verum</strong></span> <span class='ocrx_word' id='word_1_788' title='bbox 3571 3094 3623 3137; x_wconf 92' lang='lat' dir='ltr'><strong>et</strong></span> 
     </span>
    </p>
   </div>
   <div class='ocr_carea' id='block_1_90' title="bbox 2041 3130 3624 3235">
    <p class='ocr_par' dir='ltr' id='par_1_90' title="bbox 2041 3130 3624 3235">
     <span class='ocr_line' id='line_1_116' title="bbox 2041 3130 3624 3235; baseline 0.028 -51"><span class='ocrx_word' id='word_1_789' title='bbox 2041 3130 2144 3187; x_wconf 88' lang='lat' dir='ltr'><strong>hoc</strong></span> <span class='ocrx_word' id='word_1_790' title='bbox 2172 3135 2238 3190; x_wconf 90' lang='lat' dir='ltr'><strong>de</strong></span> <span class='ocrx_word' id='word_1_791' title='bbox 2265 3145 2316 3191; x_wconf 83' lang='lat' dir='ltr'><strong>to</strong></span> <span class='ocrx_word' id='word_1_792' title='bbox 2343 3144 2493 3197; x_wconf 92' lang='lat' dir='ltr'><strong>nobis</strong></span> <span class='ocrx_word' id='word_1_793' title='bbox 2524 3142 2659 3202; x_wconf 86' lang='lat' dir='ltr'><strong>Deus</strong></span> <span class='ocrx_word' id='word_1_794' title='bbox 2689 3151 2908 3210; x_wconf 78' lang='lat' dir='ltr'><strong>fortasse</strong></span> <span class='ocrx_word' id='word_1_795' title='bbox 2930 3156 3167 3231; x_wconf 89' lang='lat' dir='ltr'><strong>donabit,</strong></span> <span class='ocrx_word' id='word_1_796' title='bbox 3194 3168 3542 3235; x_wconf 89' lang='lat' dir='ltr'><strong>quietioribns</strong></span> <span class='ocrx_word' id='word_1_797' title='bbox 3568 3186 3624 3228; x_wconf 87' lang='lat' dir='ltr'><strong>et</strong></span> 
     </span>
    </p>
   </div>
   <div class='ocr_carea' id='block_1_91' title="bbox 2042 3235 3618 3331">
    <p class='ocr_par' dir='ltr' id='par_1_91' title="bbox 2042 3235 3618 3331">
     <span class='ocr_line' id='line_1_117' title="bbox 2042 3235 3618 3331; baseline 0.025 -48"><span class='ocrx_word' id='word_1_798' title='bbox 2042 3235 2509 3309; x_wconf 69' lang='lat' dir='ltr'><strong>tranquillior-ibus,</strong></span> <span class='ocrx_word' id='word_1_799' title='bbox 2540 3246 2673 3300; x_wconf 88' lang='lat' dir='ltr'><strong>sicut</strong></span> <span class='ocrx_word' id='word_1_800' title='bbox 2697 3242 2956 3320; x_wconf 73' lang='lat' dir='ltr'><strong>optamus,</strong></span> <span class='ocrx_word' id='word_1_801' title='bbox 2990 3258 3149 3313; x_wconf 87' lang='lat' dir='ltr'><strong>rebus</strong></span> <span class='ocrx_word' id='word_1_802' title='bbox 3177 3261 3422 3321; x_wconf 86' lang='lat' dir='ltr'><strong>humanis</strong></span> <span class='ocrx_word' id='word_1_803' title='bbox 3441 3308 3455 3331; x_wconf 89' lang='lat'><strong>,</strong></span> <span class='ocrx_word' id='word_1_804' title='bbox 3484 3278 3539 3321; x_wconf 89' lang='lat' dir='ltr'><strong>ut</strong></span> <span class='ocrx_word' id='word_1_805' title='bbox 3568 3271 3618 3323; x_wconf 88' lang='lat' dir='ltr'><strong>id</strong></span> 
     </span>
    </p>
   </div>
   <div class='ocr_carea' id='block_1_92' title="bbox 2034 3316 3618 3415">
    <p class='ocr_par' dir='ltr' id='par_1_92' title="bbox 2034 3316 3618 3415">
     <span class='ocr_line' id='line_1_118' title="bbox 2034 3316 3618 3415; baseline 0.026 -40"><span class='ocrx_word' id='word_1_806' title='bbox 2034 3316 2278 3380; x_wconf 73' lang='lat' dir='ltr'><strong>honesta:</strong></span> <span class='ocrx_word' id='word_1_807' title='bbox 2307 3329 2583 3390; x_wconf 86' lang='lat' dir='ltr'><strong>cbaritatis</strong></span> <span class='ocrx_word' id='word_1_808' title='bbox 2622 3340 2691 3392; x_wconf 92' lang='lat' dir='ltr'><strong>sit</strong></span> <span class='ocrx_word' id='word_1_809' title='bbox 2722 3343 2894 3409; x_wconf 84' lang='lat' dir='ltr'><strong>potius</strong></span> <span class='ocrx_word' id='word_1_810' title='bbox 2924 3362 3079 3415; x_wconf 86' lang='lat' dir='ltr'><strong>quam</strong></span> <span class='ocrx_word' id='word_1_811' title='bbox 3114 3344 3349 3409; x_wconf 75' lang='lat' dir='ltr'><strong>molesta:</strong></span> <span class='ocrx_word' id='word_1_812' title='bbox 3382 3361 3618 3413; x_wconf 90' lang='lat' dir='ltr'><strong>necessi-</strong></span> 
     </span>
    </p>
   </div>
   <div class='ocr_carea' id='block_1_93' title="bbox 2038 3415 3618 3519">
    <p class='ocr_par' dir='ltr' id='par_1_93' title="bbox 2038 3415 3618 3519">
     <span class='ocr_line' id='line_1_119' title="bbox 2038 3415 3618 3519; baseline 0.026 -54"><span class='ocrx_word' id='word_1_813' title='bbox 2038 3415 2180 3469; x_wconf 76' lang='lat' dir='ltr'><strong>tatis.</strong></span> <span class='ocrx_word' id='word_1_814' title='bbox 2223 3418 2371 3475; x_wconf 85' lang='lat' dir='ltr'><strong>Nunc</strong></span> <span class='ocrx_word' id='word_1_815' title='bbox 2402 3418 2465 3477; x_wconf 81' lang='lat' dir='ltr'><strong>a&#39;d</strong></span> <span class='ocrx_word' id='word_1_816' title='bbox 2508 3442 2568 3481; x_wconf 87' lang='lat' dir='ltr'><strong>ea</strong></span> <span class='ocrx_word' id='word_1_817' title='bbox 2616 3430 2998 3505; x_wconf 85' lang='lat' dir='ltr'><strong>reSpondeam,</strong></span> <span class='ocrx_word' id='word_1_818' title='bbox 3027 3441 3164 3496; x_wconf 89' lang='lat' dir='ltr'><strong>sicut</strong></span> <span class='ocrx_word' id='word_1_819' title='bbox 3209 3445 3433 3502; x_wconf 90' lang='lat' dir='ltr'><strong>Domino</strong></span> <span class='ocrx_word' id='word_1_820' title='bbox 3471 3451 3618 3519; x_wconf 81' lang='lat' dir='ltr'><strong>adju-</strong></span> 
     </span>
    </p>
   </div>
   <div class='ocr_carea' id='block_1_94' title="bbox 2036 3506 3615 3599">
    <p class='ocr_par' dir='ltr' id='par_1_94' title="bbox 2036 3506 3615 3599">
     <span class='ocr_line' id='line_1_120' title="bbox 2036 3506 3615 3599; baseline 0.027 -42"><span class='ocrx_word' id='word_1_821' title='bbox 2036 3506 2193 3562; x_wconf 76' lang='lat' dir='ltr'><strong>vant&#39;e</strong></span> <span class='ocrx_word' id='word_1_822' title='bbox 2225 3521 2463 3579; x_wconf 90' lang='lat' dir='ltr'><strong>potuero,</strong></span> <span class='ocrx_word' id='word_1_823' title='bbox 2495 3533 2611 3587; x_wconf 65' lang='lat' dir='ltr'><strong>quae</strong></span> <span class='ocrx_word' id='word_1_824' title='bbox 2641 3532 2834 3591; x_wconf 60' lang='lat' dir='ltr'><strong>prteter</strong></span> <span class='ocrx_word' id='word_1_825' title='bbox 2856 3530 3129 3597; x_wconf 89' lang='lat' dir='ltr'><strong>epistolam</strong></span> <span class='ocrx_word' id='word_1_826' title='bbox 3157 3533 3209 3589; x_wconf 95' lang='lat' dir='ltr'><strong>in</strong></span> <span class='ocrx_word' id='word_1_827' title='bbox 3240 3538 3341 3592; x_wconf 87' lang='lat' dir='ltr'><strong>alia</strong></span> <span class='ocrx_word' id='word_1_828' title='bbox 3376 3539 3615 3599; x_wconf 85' lang='lat' dir='ltr'><strong>chartula</strong></span> 
     </span>
    </p>
   </div>
   <div class='ocr_carea' id='block_1_95' title="bbox 2028 3604 2718 3668">
    <p class='ocr_par' dir='ltr' id='par_1_95' title="bbox 2028 3604 2718 3668">
     <span class='ocr_line' id='line_1_121' title="bbox 2028 3604 2718 3668; baseline 0.029 -21"><span class='ocrx_word' id='word_1_829' title='bbox 2028 3604 2062 3648; x_wconf 83' lang='lat' dir='ltr'><strong>&#39;a</strong></span> <span class='ocrx_word' id='word_1_830' title='bbox 2094 3610 2178 3651; x_wconf 91' lang='lat' dir='ltr'><strong>me</strong></span> <span class='ocrx_word' id='word_1_831' title='bbox 2201 3605 2481 3668; x_wconf 64' lang='lat' dir='ltr'><strong>qua-renda</strong></span> <span class='ocrx_word' id='word_1_832' title='bbox 2510 3604 2718 3667; x_wconf 87' lang='lat' dir='ltr'><strong>misisti.</strong></span> 
     </span>
    </p>
   </div>
   <div class='ocr_carea' id='block_1_96' title="bbox 2102 3684 3611 3779">
    <p class='ocr_par' dir='ltr' id='par_1_96' title="bbox 2102 3684 3611 3779">
     <span class='ocr_line' id='line_1_122' title="bbox 2102 3684 3611 3779; baseline 0.025 -37"><span class='ocrx_word' id='word_1_833' title='bbox 2102 3684 2155 3742; x_wconf 78' lang='grc'><strong>2.</strong></span> <span class='ocrx_word' id='word_1_834' title='bbox 2197 3690 2400 3757; x_wconf 64' lang='lat' dir='ltr'><strong>Qumris</strong></span> <span class='ocrx_word' id='word_1_835' title='bbox 2432 3704 2600 3754; x_wconf 87' lang='lat' dir='ltr'><strong>utrum</strong></span> <span class='ocrx_word' id='word_1_836' title='bbox 2643 3720 2774 3757; x_wconf 85' lang='lat' dir='ltr'><strong>nunc</strong></span> <span class='ocrx_word' id='word_1_837' title='bbox 2798 3692 2979 3779; x_wconf 69' lang='lat' dir='ltr'><strong>Corpus</strong></span> <span class='ocrx_word' id='word_1_838' title='bbox 3018 3702 3223 3771; x_wconf 73' lang='lat' dir='ltr'><strong>Demini</strong></span> <span class='ocrx_word' id='word_1_839' title='bbox 3251 3736 3367 3774; x_wconf 79' lang='lat' dir='ltr'><strong>ossa</strong></span> <span class='ocrx_word' id='word_1_840' title='bbox 3406 3733 3452 3776; x_wconf 88' lang='lat' dir='ltr'><strong>et</strong></span> <span class='ocrx_word' id='word_1_841' title='bbox 3491 3716 3611 3778; x_wconf 86' lang='lat' dir='ltr'><strong>san-</strong></span> 
     </span>
    </p>
   </div>
   <div class='ocr_carea' id='block_1_97' title="bbox 2029 3782 3610 3881">
    <p class='ocr_par' dir='ltr' id='par_1_97' title="bbox 2029 3782 3610 3881">
     <span class='ocr_line' id='line_1_123' title="bbox 2029 3782 3610 3881; baseline 0.026 -50"><span class='ocrx_word' id='word_1_842' title='bbox 2029 3782 2229 3850; x_wconf 82' lang='lat' dir='ltr'><strong>guinem</strong></span> <span class='ocrx_word' id='word_1_843' title='bbox 2267 3786 2464 3855; x_wconf 78' lang='lat' dir='ltr'><strong>ltabeat,</strong></span> <span class='ocrx_word' id='word_1_844' title='bbox 2504 3804 2590 3846; x_wconf 86' lang='lat' dir='ltr'><strong>aut</strong></span> <span class='ocrx_word' id='word_1_845' title='bbox 2620 3797 2810 3866; x_wconf 75' lang='lat' dir='ltr'><strong>reliqua</strong></span> <span class='ocrx_word' id='word_1_846' title='bbox 2839 3794 3007 3857; x_wconf 74' lang='lat' dir='ltr'><strong>Carnis</strong></span> <span class='ocrx_word' id='word_1_847' title='bbox 3045 3806 3363 3865; x_wconf 78' lang='lat' dir='ltr'><strong>lineamenta.</strong></span> <span class='ocrx_word' id='word_1_848' title='bbox 3406 3816 3541 3881; x_wconf 82' lang='lat' dir='ltr'><strong>Quid</strong></span> <span class='ocrx_word' id='word_1_849' title='bbox 3570 3823 3610 3871; x_wconf 81' lang='lat' dir='ltr'><strong>si</strong></span> 
     </span>
    </p>
   </div>
   <div class='ocr_carea' id='block_1_98' title="bbox 2028 3872 3611 3976">
    <p class='ocr_par' dir='ltr' id='par_1_98' title="bbox 2028 3872 3611 3976">
     <span class='ocr_line' id='line_1_124' title="bbox 2028 3872 3611 3976; baseline 0.024 -52"><span class='ocrx_word' id='word_1_850' title='bbox 2028 3872 2280 3943; x_wconf 73' lang='lat' dir='ltr'><strong>adderes,</strong></span> <span class='ocrx_word' id='word_1_851' title='bbox 2327 3882 2497 3936; x_wconf 88' lang='lat' dir='ltr'><strong>utrum</strong></span> <span class='ocrx_word' id='word_1_852' title='bbox 2530 3887 2688 3941; x_wconf 86' lang='lat' dir='ltr'><strong>etiam</strong></span> <span class='ocrx_word' id='word_1_853' title='bbox 2722 3888 3033 3951; x_wconf 79' lang='lat' dir='ltr'><strong>vestimenta</strong></span> <span class='ocrx_word' id='word_1_854' title='bbox 3056 3900 3079 3952; x_wconf 92' lang='lat'><strong>?</strong></span> <span class='ocrx_word' id='word_1_855' title='bbox 3106 3896 3293 3958; x_wconf 81' lang='lat' dir='ltr'><strong>Nonne</strong></span> <span class='ocrx_word' id='word_1_856' title='bbox 3331 3896 3611 3976; x_wconf 84' lang='lat' dir='ltr'><strong>angeretur</strong></span> 
     </span>
    </p>
   </div>
   <div class='ocr_carea' id='block_1_99' title="bbox 2020 3964 3609 4061">
    <p class='ocr_par' dir='ltr' id='par_1_99' title="bbox 2020 3964 3609 4061">
     <span class='ocr_line' id='line_1_125' title="bbox 2020 3964 3609 4061; baseline 0.026 -47"><span class='ocrx_word' id='word_1_857' title='bbox 2020 3964 2295 4032; x_wconf 52' lang='lat' dir='ltr'><strong>&#39;qna-stio?</strong></span> <span class='ocrx_word' id='word_1_858' title='bbox 2332 3972 2442 4038; x_wconf 88' lang='lat' dir='ltr'><strong>Qua</strong></span> <span class='ocrx_word' id='word_1_859' title='bbox 2484 3978 2663 4045; x_wconf 87' lang='lat' dir='ltr'><strong>cauSa,</strong></span> <span class='ocrx_word' id='word_1_860' title='bbox 2700 3974 2803 4035; x_wconf 82' lang='lat' dir='ltr'><strong>nisi</strong></span> <span class='ocrx_word' id='word_1_861' title='bbox 2840 3986 2962 4054; x_wconf 88' lang='lat' dir='ltr'><strong>quia</strong></span> <span class='ocrx_word' id='word_1_862' title='bbox 3001 3986 3062 4043; x_wconf 85' lang='lat' dir='ltr'><strong>ea</strong></span> <span class='ocrx_word' id='word_1_863' title='bbox 3101 3996 3217 4061; x_wconf 67' lang='lat' dir='ltr'><strong>qum</strong></span> <span class='ocrx_word' id='word_1_864' title='bbox 3258 3995 3307 4048; x_wconf 94' lang='lat' dir='ltr'><strong>in</strong></span> <span class='ocrx_word' id='word_1_865' title='bbox 3353 4015 3448 4051; x_wconf 88' lang='lat' dir='ltr'><strong>usu</strong></span> <span class='ocrx_word' id='word_1_866' title='bbox 3491 4004 3609 4056; x_wconf 75' lang='lat' dir='ltr'><strong>vitae</strong></span> 
     </span>
    </p>
   </div>
   <div class='ocr_carea' id='block_1_100' title="bbox 2027 4055 3607 4161">
    <p class='ocr_par' dir='ltr' id='par_1_100' title="bbox 2027 4055 3607 4161">
     <span class='ocr_line' id='line_1_126' title="bbox 2027 4055 3607 4161; baseline 0.03 -56"><span class='ocrx_word' id='word_1_867' title='bbox 2027 4055 2184 4125; x_wconf 79' lang='lat' dir='ltr'><strong>bujUS</strong></span> <span class='ocrx_word' id='word_1_868' title='bbox 2212 4066 2407 4117; x_wconf 72' lang='lat' dir='ltr'><strong>nostra:</strong></span> <span class='ocrx_word' id='word_1_869' title='bbox 2436 4068 2797 4139; x_wconf 87' lang='lat' dir='ltr'><strong>corruptibilia</strong></span> <span class='ocrx_word' id='word_1_870' title='bbox 2826 4070 3091 4149; x_wconf 83' lang='lat' dir='ltr'><strong>novimus,</strong></span> <span class='ocrx_word' id='word_1_871' title='bbox 3121 4088 3237 4141; x_wconf 90' lang='lat' dir='ltr'><strong>sine</strong></span> <span class='ocrx_word' id='word_1_872' title='bbox 3263 4095 3607 4161; x_wconf 82' lang='lat' dir='ltr'><strong>corruptione</strong></span> 
     </span>
    </p>
   </div>
   <div class='ocr_carea' id='block_1_101' title="bbox 2025 4150 3602 4239">
    <p class='ocr_par' dir='ltr' id='par_1_101' title="bbox 2025 4150 3602 4239">
     <span class='ocr_line' id='line_1_127' title="bbox 2025 4150 3602 4239; baseline 0.027 -43"><span class='ocrx_word' id='word_1_873' title='bbox 2025 4150 2255 4215; x_wconf 86' lang='lat' dir='ltr'><strong>cogitare</strong></span> <span class='ocrx_word' id='word_1_874' title='bbox 2282 4153 2363 4205; x_wconf 79' lang='lat' dir='ltr'><strong>vix</strong></span> <span class='ocrx_word' id='word_1_875' title='bbox 2408 4172 2715 4229; x_wconf 83' lang='lat' dir='ltr'><strong>possumus,</strong></span> <span class='ocrx_word' id='word_1_876' title='bbox 2747 4162 2865 4220; x_wconf 89' lang='lat' dir='ltr'><strong>cum</strong></span> <span class='ocrx_word' id='word_1_877' title='bbox 2897 4170 3192 4229; x_wconf 86' lang='lat' dir='ltr'><strong>divinorum</strong></span> <span class='ocrx_word' id='word_1_878' title='bbox 3231 4180 3602 4239; x_wconf 84' lang='lat' dir='ltr'><strong>miraculorum</strong></span> 
     </span>
    </p>
   </div>
   <div class='ocr_carea' id='block_1_102' title="bbox 2023 4230 3605 4341">
    <p class='ocr_par' dir='ltr' id='par_1_102' title="bbox 2023 4230 3605 4341">
     <span class='ocr_line' id='line_1_128' title="bbox 2023 4230 3605 4341; baseline 0.028 -54"><span class='ocrx_word' id='word_1_879' title='bbox 2023 4230 2263 4304; x_wconf 62' lang='lat' dir='ltr'><strong>quaedam</strong></span> <span class='ocrx_word' id='word_1_880' title='bbox 2308 4245 2621 4306; x_wconf 85' lang='lat' dir='ltr'><strong>documenta</strong></span> <span class='ocrx_word' id='word_1_881' title='bbox 2655 4254 2761 4323; x_wconf 81' lang='lat' dir='ltr'><strong>jam</strong></span> <span class='ocrx_word' id='word_1_882' title='bbox 2794 4262 2915 4315; x_wconf 87' lang='lat' dir='ltr'><strong>data</strong></span> <span class='ocrx_word' id='word_1_883' title='bbox 2961 4262 3097 4332; x_wconf 81' lang='lat' dir='ltr'><strong>Sint,</strong></span> <span class='ocrx_word' id='word_1_884' title='bbox 3125 4283 3187 4321; x_wconf 78' lang='lat' dir='ltr'><strong>ex</strong></span> <span class='ocrx_word' id='word_1_885' title='bbox 3220 4274 3409 4341; x_wconf 82' lang='lat' dir='ltr'><strong>quibus</strong></span> <span class='ocrx_word' id='word_1_886' title='bbox 3452 4274 3605 4331; x_wconf 81' lang='lat' dir='ltr'><strong>liceat</strong></span> 
     </span>
    </p>
   </div>
   <div class='ocr_carea' id='block_1_103' title="bbox 2020 4332 3603 4438">
    <p class='ocr_par' dir='ltr' id='par_1_103' title="bbox 2020 4332 3603 4438">
     <span class='ocr_line' id='line_1_129' title="bbox 2020 4332 3603 4438; baseline 0.026 -57"><span class='ocrx_word' id='word_1_887' title='bbox 2020 4332 2324 4399; x_wconf 87' lang='lat' dir='ltr'><strong>conjectare</strong></span> <span class='ocrx_word' id='word_1_888' title='bbox 2367 4340 2612 4408; x_wconf 85' lang='lat' dir='ltr'><strong>majora?</strong></span> <span class='ocrx_word' id='word_1_889' title='bbox 2651 4344 2781 4402; x_wconf 87' lang='lat' dir='ltr'><strong>Nam</strong></span> <span class='ocrx_word' id='word_1_890' title='bbox 2826 4348 2868 4405; x_wconf 87' lang='lat' dir='ltr'><strong>Si</strong></span> <span class='ocrx_word' id='word_1_891' title='bbox 2910 4348 3071 4410; x_wconf 78' lang='lat' dir='ltr'><strong>vestis</strong></span> <span class='ocrx_word' id='word_1_892' title='bbox 3110 4358 3465 4419; x_wconf 76' lang='lat' dir='ltr'><strong>lsraeiitnrum</strong></span> <span class='ocrx_word' id='word_1_893' title='bbox 3512 4387 3603 4438; x_wconf 74' lang='lat' dir='ltr'><strong>per</strong></span> 
     </span>
    </p>
   </div>
   <div class='ocr_carea' id='block_1_104' title="bbox 2022 4418 3599 4522">
    <p class='ocr_par' dir='ltr' id='par_1_104' title="bbox 2022 4418 3599 4522">
     <span class='ocr_line' id='line_1_130' title="bbox 3420 4418 3591 4438; baseline 0.023 -19"><span class='ocrx_word' id='word_1_894' title='bbox 3512 4418 3591 4438; x_wconf 46' lang='grc' dir='ltr'><strong>ιη.-</strong></span> 
     </span>
     <span class='ocr_line' id='line_1_131' title="bbox 2022 4418 3599 4522; baseline 0.027 -50"><span class='ocrx_word' id='word_1_895' title='bbox 2022 4418 2099 4475; x_wconf 84' lang='lat' dir='ltr'><strong>tot</strong></span> <span class='ocrx_word' id='word_1_896' title='bbox 2122 4439 2292 4481; x_wconf 88' lang='lat' dir='ltr'><strong>annos</strong></span> <span class='ocrx_word' id='word_1_897' title='bbox 2317 4430 2368 4482; x_wconf 90' lang='lat' dir='ltr'><strong>in</strong></span> <span class='ocrx_word' id='word_1_898' title='bbox 2395 4422 2577 4488; x_wconf 89' lang='lat' dir='ltr'><strong>eremo</strong></span> <span class='ocrx_word' id='word_1_899' title='bbox 2602 4436 2716 4492; x_wconf 89' lang='lat' dir='ltr'><strong>sine</strong></span> <span class='ocrx_word' id='word_1_900' title='bbox 2746 4438 2927 4497; x_wconf 86' lang='lat' dir='ltr'><strong>tritura</strong></span> <span class='ocrx_word' id='word_1_901' title='bbox 2956 4458 3073 4502; x_wconf 68' lang='lat' dir='ltr'><strong>e‘s~e</strong></span> <span class='ocrx_word' id='word_1_902' title='bbox 3102 4438 3302 4522; x_wconf 85' lang='lat' dir='ltr'><strong>potuit,</strong></span> <span class='ocrx_word' id='word_1_903' title='bbox 3336 4457 3377 4508; x_wconf 90' lang='lat' dir='ltr'><strong>si</strong></span> <span class='ocrx_word' id='word_1_904' title='bbox 3411 4462 3599 4513; x_wconf 85' lang='lat' dir='ltr'><strong>morti-</strong></span> 
     </span>
    </p>
   </div>
   <div class='ocr_carea' id='block_1_105' title="bbox 2017 4513 3593 4618">
    <p class='ocr_par' dir='ltr' id='par_1_105' title="bbox 2017 4513 3593 4618">
     <span class='ocr_line' id='line_1_132' title="bbox 2017 4513 3593 4618; baseline 0.025 -52"><span class='ocrx_word' id='word_1_905' title='bbox 2017 4513 2132 4568; x_wconf 90' lang='lat' dir='ltr'><strong>cina</strong></span> <span class='ocrx_word' id='word_1_906' title='bbox 2164 4516 2315 4586; x_wconf 88' lang='lat' dir='ltr'><strong>pellis</strong></span> <span class='ocrx_word' id='word_1_907' title='bbox 2341 4522 2820 4585; x_wconf 84' lang='lat' dir='ltr'><strong>calceamentorum</strong></span> <span class='ocrx_word' id='word_1_908' title='bbox 2853 4538 3047 4592; x_wconf 83' lang='lat' dir='ltr'><strong>L-undin</strong></span> <span class='ocrx_word' id='word_1_909' title='bbox 3077 4542 3191 4597; x_wconf 86' lang='lat' dir='ltr'><strong>sine</strong></span> <span class='ocrx_word' id='word_1_910' title='bbox 3223 4544 3340 4601; x_wconf 90' lang='lat' dir='ltr'><strong>labe</strong></span> <span class='ocrx_word' id='word_1_911' title='bbox 3367 4550 3593 4618; x_wconf 84' lang='lat' dir='ltr'><strong>duravit,</strong></span> 
     </span>
    </p>
   </div>
   <div class='ocr_carea' id='block_1_106' title="bbox 2017 4608 3597 4712">
    <p class='ocr_par' dir='ltr' id='par_1_106' title="bbox 2017 4608 3597 4712">
     <span class='ocr_line' id='line_1_133' title="bbox 2017 4608 3597 4712; baseline 0.026 -55"><span class='ocrx_word' id='word_1_912' title='bbox 2017 4614 2193 4673; x_wconf 89' lang='lat' dir='ltr'><strong>potest</strong></span> <span class='ocrx_word' id='word_1_913' title='bbox 2216 4608 2406 4681; x_wconf 83' lang='lat' dir='ltr'><strong>ubique</strong></span> <span class='ocrx_word' id='word_1_914' title='bbox 2441 4614 2577 4673; x_wconf 91' lang='lat' dir='ltr'><strong>Deus</strong></span> <span class='ocrx_word' id='word_1_915' title='bbox 2604 4627 2959 4690; x_wconf 87' lang='lat' dir='ltr'><strong>quorumlibet</strong></span> <span class='ocrx_word' id='word_1_916' title='bbox 2984 4646 3285 4703; x_wconf 87' lang='lat' dir='ltr'><strong>corporum,</strong></span> <span class='ocrx_word' id='word_1_917' title='bbox 3312 4654 3404 4709; x_wconf 83' lang='lat' dir='ltr'><strong>per</strong></span> <span class='ocrx_word' id='word_1_918' title='bbox 3432 4659 3597 4712; x_wconf 74' lang='lat' dir='ltr'><strong>qum-</strong></span> 
     </span>
    </p>
   </div>
   <div class='ocr_carea' id='block_1_107' title="bbox 2014 4700 3595 4800">
    <p class='ocr_par' dir='ltr' id='par_1_107' title="bbox 2014 4700 3595 4800">
     <span class='ocr_line' id='line_1_134' title="bbox 2014 4700 3595 4800; baseline 0.025 -52"><span class='ocrx_word' id='word_1_919' title='bbox 2014 4700 2122 4750; x_wconf 89' lang='lat' dir='ltr'><strong>tum</strong></span> <span class='ocrx_word' id='word_1_920' title='bbox 2151 4700 2379 4757; x_wconf 88' lang='lat' dir='ltr'><strong>voluerit</strong></span> <span class='ocrx_word' id='word_1_921' title='bbox 2410 4714 2615 4779; x_wconf 86' lang='lat' dir='ltr'><strong>tempus</strong></span> <span class='ocrx_word' id='word_1_922' title='bbox 2639 4754 2654 4779; x_wconf 91' lang='lat'><strong>,</strong></span> <span class='ocrx_word' id='word_1_923' title='bbox 2688 4713 3046 4787; x_wconf 77' lang='lat' dir='ltr'><strong>incorrUptam</strong></span> <span class='ocrx_word' id='word_1_924' title='bbox 3079 4729 3394 4793; x_wconf 79' lang='lat' dir='ltr'><strong>protendere</strong></span> <span class='ocrx_word' id='word_1_925' title='bbox 3424 4737 3595 4800; x_wconf 86' lang='lat' dir='ltr'><strong>quali-</strong></span> 
     </span>
    </p>
   </div>
   <div class='ocr_carea' id='block_1_108' title="bbox 2014 4795 3593 4882">
    <p class='ocr_par' dir='ltr' id='par_1_108' title="bbox 2014 4795 3593 4882">
     <span class='ocr_line' id='line_1_135' title="bbox 2014 4795 3593 4882; baseline 0.027 -42"><span class='ocrx_word' id='word_1_926' title='bbox 2014 4797 2193 4845; x_wconf 89' lang='lat' dir='ltr'><strong>tatem.</strong></span> <span class='ocrx_word' id='word_1_927' title='bbox 2228 4795 2337 4864; x_wconf 75' lang='lat' dir='ltr'><strong>Ego</strong></span> <span class='ocrx_word' id='word_1_928' title='bbox 2384 4801 2602 4866; x_wconf 89' lang='lat' dir='ltr'><strong>proinde</strong></span> <span class='ocrx_word' id='word_1_929' title='bbox 2637 4805 2845 4863; x_wconf 91' lang='lat' dir='ltr'><strong>Domini</strong></span> <span class='ocrx_word' id='word_1_930' title='bbox 2874 4828 3065 4882; x_wconf 83' lang='lat' dir='ltr'><strong>corpus</strong></span> <span class='ocrx_word' id='word_1_931' title='bbox 3110 4819 3180 4873; x_wconf 89' lang='lat' dir='ltr'><strong>ita</strong></span> <span class='ocrx_word' id='word_1_932' title='bbox 3222 4822 3272 4875; x_wconf 90' lang='lat' dir='ltr'><strong>in</strong></span> <span class='ocrx_word' id='word_1_933' title='bbox 3314 4826 3447 4878; x_wconf 66' lang='lat' dir='ltr'><strong>caelo</strong></span> <span class='ocrx_word' id='word_1_934' title='bbox 3474 4843 3593 4881; x_wconf 62' lang='lat' dir='ltr'><strong>esse</strong></span> 
     </span>
    </p>
   </div>
   <div class='ocr_carea' id='block_1_109' title="bbox 2009 4880 3586 4970">
    <p class='ocr_par' dir='ltr' id='par_1_109' title="bbox 2009 4880 3586 4970">
     <span class='ocr_line' id='line_1_136' title="bbox 2009 4880 3586 4970; baseline 0.026 -40"><span class='ocrx_word' id='word_1_935' title='bbox 2009 4880 2198 4947; x_wconf 90' lang='lat' dir='ltr'><strong>credo,</strong></span> <span class='ocrx_word' id='word_1_936' title='bbox 2229 4893 2284 4939; x_wconf 92' lang='lat' dir='ltr'><strong>ut</strong></span> <span class='ocrx_word' id='word_1_937' title='bbox 2324 4896 2437 4943; x_wconf 85' lang='lat' dir='ltr'><strong>erat</strong></span> <span class='ocrx_word' id='word_1_938' title='bbox 2479 4891 2529 4943; x_wconf 93' lang='lat' dir='ltr'><strong>in</strong></span> <span class='ocrx_word' id='word_1_939' title='bbox 2573 4900 2743 4963; x_wconf 88' lang='lat' dir='ltr'><strong>terra,</strong></span> <span class='ocrx_word' id='word_1_940' title='bbox 2775 4904 2985 4969; x_wconf 89' lang='lat' dir='ltr'><strong>quando</strong></span> <span class='ocrx_word' id='word_1_941' title='bbox 3011 4910 3249 4963; x_wconf 88' lang='lat' dir='ltr'><strong>ascendit</strong></span> <span class='ocrx_word' id='word_1_942' title='bbox 3286 4913 3334 4965; x_wconf 92' lang='lat' dir='ltr'><strong>in</strong></span> <span class='ocrx_word' id='word_1_943' title='bbox 3373 4916 3586 4970; x_wconf 63' lang='lat' dir='ltr'><strong>caelum.</strong></span> 
     </span>
    </p>
   </div>
   <div class='ocr_carea' id='block_1_110' title="bbox 2012 4968 3584 5075">
    <p class='ocr_par' dir='ltr' id='par_1_110' title="bbox 2012 4968 3584 5075">
     <span class='ocr_line' id='line_1_137' title="bbox 2012 4968 3584 5075; baseline 0.025 -53"><span class='ocrx_word' id='word_1_944' title='bbox 2012 4968 2225 5027; x_wconf 77' lang='lat' dir='ltr'><strong>Dixerat</strong></span> <span class='ocrx_word' id='word_1_945' title='bbox 2266 4985 2441 5032; x_wconf 86' lang='lat' dir='ltr'><strong>autem</strong></span> <span class='ocrx_word' id='word_1_946' title='bbox 2491 4968 2803 5056; x_wconf 63' lang='lat' dir='ltr'><strong>Dis‘cipulis,</strong></span> <span class='ocrx_word' id='word_1_947' title='bbox 2832 5002 2885 5046; x_wconf 92' lang='lat' dir='ltr'><strong>ut</strong></span> <span class='ocrx_word' id='word_1_948' title='bbox 2925 4993 2976 5046; x_wconf 92' lang='lat' dir='ltr'><strong>in</strong></span> <span class='ocrx_word' id='word_1_949' title='bbox 3019 4998 3303 5069; x_wconf 81' lang='lat' dir='ltr'><strong>Evangelio</strong></span> <span class='ocrx_word' id='word_1_950' title='bbox 3344 5005 3584 5075; x_wconf 67' lang='lat' dir='ltr'><strong>legimus,</strong></span> 
     </span>
    </p>
   </div>
   <div class='ocr_carea' id='block_1_111' title="bbox 2007 5060 3587 5163">
    <p class='ocr_par' dir='ltr' id='par_1_111' title="bbox 2007 5060 3587 5163">
     <span class='ocr_line' id='line_1_138' title="bbox 2007 5060 3587 5163; baseline 0.025 -51"><span class='ocrx_word' id='word_1_951' title='bbox 2007 5060 2071 5114; x_wconf 90' lang='lat' dir='ltr'><strong>de</strong></span> <span class='ocrx_word' id='word_1_952' title='bbox 2097 5078 2185 5117; x_wconf 91' lang='lat' dir='ltr'><strong>sua</strong></span> <span class='ocrx_word' id='word_1_953' title='bbox 2218 5074 2606 5131; x_wconf 86' lang='lat' dir='ltr'><strong>resurrectione</strong></span> <span class='ocrx_word' id='word_1_954' title='bbox 2631 5077 3011 5151; x_wconf 87' lang='lat' dir='ltr'><strong>dubitantibus,</strong></span> <span class='ocrx_word' id='word_1_955' title='bbox 3038 5098 3088 5141; x_wconf 91' lang='lat' dir='ltr'><strong>et</strong></span> <span class='ocrx_word' id='word_1_956' title='bbox 3117 5089 3243 5145; x_wconf 91' lang='lat' dir='ltr'><strong>illud</strong></span> <span class='ocrx_word' id='word_1_957' title='bbox 3275 5095 3412 5163; x_wconf 90' lang='lat' dir='ltr'><strong>quod</strong></span> <span class='ocrx_word' id='word_1_958' title='bbox 3440 5098 3587 5151; x_wconf 86' lang='lat' dir='ltr'><strong>vide-</strong></span> 
     </span>
    </p>
   </div>
   <div class='ocr_carea' id='block_1_112' title="bbox 2004 5154 3587 5250">
    <p class='ocr_par' dir='ltr' id='par_1_112' title="bbox 2004 5154 3587 5250">
     <span class='ocr_line' id='line_1_139' title="bbox 2004 5154 3587 5250; baseline 0.023 -44"><span class='ocrx_word' id='word_1_959' title='bbox 2004 5154 2147 5223; x_wconf 83' lang='lat' dir='ltr'><strong>bant,</strong></span> <span class='ocrx_word' id='word_1_960' title='bbox 2169 5176 2269 5213; x_wconf 83' lang='lat' dir='ltr'><strong>non</strong></span> <span class='ocrx_word' id='word_1_961' title='bbox 2291 5164 2504 5233; x_wconf 86' lang='lat' dir='ltr'><strong>corpus,</strong></span> <span class='ocrx_word' id='word_1_962' title='bbox 2525 5169 2616 5223; x_wconf 88' lang='lat' dir='ltr'><strong>sed</strong></span> <span class='ocrx_word' id='word_1_963' title='bbox 2638 5172 2878 5241; x_wconf 80' lang='lat' dir='ltr'><strong>Spiritum</strong></span> <span class='ocrx_word' id='word_1_964' title='bbox 2902 5180 3022 5233; x_wconf 84' lang='lat' dir='ltr'><strong>eSSe</strong></span> <span class='ocrx_word' id='word_1_965' title='bbox 3046 5186 3381 5250; x_wconf 81' lang='lat' dir='ltr'><strong>potantibus:</strong></span> <span class='ocrx_word' id='word_1_966' title='bbox 3415 5188 3587 5243; x_wconf 67' lang='lat' dir='ltr'><strong>Videte</strong></span> 
     </span>
    </p>
   </div>
   <div class='ocr_carea' id='block_1_113' title="bbox 2003 5262 3585 5353">
    <p class='ocr_par' dir='ltr' id='par_1_113' title="bbox 2003 5262 3585 5353">
     <span class='ocr_line' id='line_1_140' title="bbox 2003 5262 3585 5353; baseline 0.025 -55"><span class='ocrx_word' id='word_1_967' title='bbox 2003 5265 2182 5303; x_wconf 83' lang='lat' dir='ltr'><strong>manus</strong></span> <span class='ocrx_word' id='word_1_968' title='bbox 2221 5270 2354 5309; x_wconf 87' lang='lat' dir='ltr'><strong>meas</strong></span> <span class='ocrx_word' id='word_1_969' title='bbox 2399 5266 2445 5310; x_wconf 87' lang='lat' dir='ltr'><strong>et</strong></span> <span class='ocrx_word' id='word_1_970' title='bbox 2486 5262 2634 5330; x_wconf 84' lang='lat' dir='ltr'><strong>pedes</strong></span> <span class='ocrx_word' id='word_1_971' title='bbox 2656 5282 2675 5330; x_wconf 88' lang='lat'><em>;</em></span> <span class='ocrx_word' id='word_1_972' title='bbox 2703 5268 2907 5339; x_wconf 82' lang='lat' dir='ltr'><strong>palpate</strong></span> <span class='ocrx_word' id='word_1_973' title='bbox 2936 5281 2981 5325; x_wconf 90' lang='lat' dir='ltr'><strong>et</strong></span> <span class='ocrx_word' id='word_1_974' title='bbox 3007 5264 3164 5329; x_wconf 86' lang='lat' dir='ltr'><strong>videte</strong></span> <span class='ocrx_word' id='word_1_975' title='bbox 3186 5318 3201 5344; x_wconf 90' lang='lat'><strong>,</strong></span> <span class='ocrx_word' id='word_1_976' title='bbox 3238 5282 3354 5350; x_wconf 82' lang='lat' dir='ltr'><strong>quia</strong></span> <span class='ocrx_word' id='word_1_977' title='bbox 3381 5285 3585 5353; x_wconf 80' lang='lat' dir='ltr'><strong>spiritus</strong></span> 
     </span>
    </p>
   </div>
   <div class='ocr_carea' id='block_1_114' title="bbox 2002 5342 3581 5444">
    <p class='ocr_par' dir='ltr' id='par_1_114' title="bbox 2002 5342 3581 5444">
     <span class='ocr_line' id='line_1_141' title="bbox 2002 5342 3581 5444; baseline 0.024 -55"><span class='ocrx_word' id='word_1_978' title='bbox 2002 5354 2113 5391; x_wconf 83' lang='lat' dir='ltr'><strong>ossa</strong></span> <span class='ocrx_word' id='word_1_979' title='bbox 2144 5351 2189 5394; x_wconf 86' lang='lat' dir='ltr'><strong>et</strong></span> <span class='ocrx_word' id='word_1_980' title='bbox 2214 5360 2413 5399; x_wconf 87' lang='lat' dir='ltr'><strong>carnem</strong></span> <span class='ocrx_word' id='word_1_981' title='bbox 2443 5366 2541 5405; x_wconf 88' lang='lat' dir='ltr'><strong>non</strong></span> <span class='ocrx_word' id='word_1_982' title='bbox 2567 5342 2733 5422; x_wconf 74' lang='lat' dir='ltr'><strong>liabet,</strong></span> <span class='ocrx_word' id='word_1_983' title='bbox 2755 5359 2884 5412; x_wconf 74' lang='lat' dir='ltr'><strong>sicut</strong></span> <span class='ocrx_word' id='word_1_984' title='bbox 2910 5370 2988 5416; x_wconf 83' lang='lat' dir='ltr'><strong>nte</strong></span> <span class='ocrx_word' id='word_1_985' title='bbox 3016 5362 3187 5421; x_wconf 80' lang='lat' dir='ltr'><strong>videtis</strong></span> <span class='ocrx_word' id='word_1_986' title='bbox 3211 5367 3390 5424; x_wconf 82' lang='lat' dir='ltr'><strong>habere</strong></span> <span class='ocrx_word' id='word_1_987' title='bbox 3414 5377 3429 5444; x_wconf 92' lang='lat'><strong>(</strong></span> <span class='ocrx_word' id='word_1_988' title='bbox 3454 5372 3581 5428; x_wconf 86' lang='lat' dir='ltr'><strong>Luc.</strong></span> 
     </span>
    </p>
   </div>
   <div class='ocr_carea' id='block_1_115' title="bbox 2000 5430 3584 5529">
    <p class='ocr_par' dir='ltr' id='par_1_115' title="bbox 2000 5430 3584 5529">
     <span class='ocr_line' id='line_1_142' title="bbox 2000 5430 3584 5529; baseline 0.025 -46"><span class='ocrx_word' id='word_1_989' title='bbox 2000 5430 2152 5499; x_wconf 65' lang='lat' dir='ltr'><strong>xxiv,</strong></span> <span class='ocrx_word' id='word_1_990' title='bbox 2184 5430 2253 5489; x_wconf 75' lang='lat'>39</span> <span class='ocrx_word' id='word_1_991' title='bbox 2276 5436 2316 5507; x_wconf 92' lang='lat'><strong>).</strong></span> <span class='ocrx_word' id='word_1_992' title='bbox 2346 5432 2491 5495; x_wconf 90' lang='lat' dir='ltr'><strong>Sicut</strong></span> <span class='ocrx_word' id='word_1_993' title='bbox 2520 5461 2726 5516; x_wconf 91' lang='lat' dir='ltr'><strong>eorum,</strong></span> <span class='ocrx_word' id='word_1_994' title='bbox 2757 5466 2877 5505; x_wconf 91' lang='lat' dir='ltr'><strong>cum</strong></span> <span class='ocrx_word' id='word_1_995' title='bbox 2904 5448 3047 5511; x_wconf 88' lang='lat' dir='ltr'><strong>esset</strong></span> <span class='ocrx_word' id='word_1_996' title='bbox 3085 5458 3136 5512; x_wconf 91' lang='lat' dir='ltr'><strong>in</strong></span> <span class='ocrx_word' id='word_1_997' title='bbox 3180 5456 3340 5529; x_wconf 89' lang='lat' dir='ltr'><strong>terra,</strong></span> <span class='ocrx_word' id='word_1_998' title='bbox 3372 5476 3584 5521; x_wconf 87' lang='lat' dir='ltr'><strong>contre-</strong></span> 
     </span>
    </p>
   </div>
   <div class='ocr_carea' id='block_1_116' title="bbox 1997 5532 3573 5623">
    <p class='ocr_par' dir='ltr' id='par_1_116' title="bbox 1997 5532 3573 5623">
     <span class='ocr_line' id='line_1_143' title="bbox 1997 5532 3573 5623; baseline 0.023 -48"><span class='ocrx_word' id='word_1_999' title='bbox 1997 5532 2168 5579; x_wconf 80' lang='lat' dir='ltr'><strong>etatus</strong></span> <span class='ocrx_word' id='word_1_1000' title='bbox 2187 5536 2268 5581; x_wconf 88' lang='lat' dir='ltr'><strong>est</strong></span> <span class='ocrx_word' id='word_1_1001' title='bbox 2292 5532 2554 5602; x_wconf 87' lang='lat' dir='ltr'><strong>manibus,</strong></span> <span class='ocrx_word' id='word_1_1002' title='bbox 2576 5536 2652 5593; x_wconf 90' lang='lat' dir='ltr'><strong>Sic</strong></span> <span class='ocrx_word' id='word_1_1003' title='bbox 2674 5558 2856 5597; x_wconf 91' lang='lat' dir='ltr'><strong>eorum</strong></span> <span class='ocrx_word' id='word_1_1004' title='bbox 2879 5548 2978 5612; x_wconf 83' lang='lat' dir='ltr'><strong>est,</strong></span> <span class='ocrx_word' id='word_1_1005' title='bbox 3002 5542 3119 5603; x_wconf 91' lang='lat' dir='ltr'><strong>cum</strong></span> <span class='ocrx_word' id='word_1_1006' title='bbox 3151 5550 3254 5605; x_wconf 89' lang='lat' dir='ltr'><strong>iret</strong></span> <span class='ocrx_word' id='word_1_1007' title='bbox 3278 5553 3331 5607; x_wconf 93' lang='lat' dir='ltr'><strong>in</strong></span> <span class='ocrx_word' id='word_1_1008' title='bbox 3357 5556 3573 5623; x_wconf 78' lang='lat' dir='ltr'><strong>coelum,</strong></span> 
     </span>
    </p>
   </div>
  </div>
