4086 6350
508 441 614 498 9ιὸ

508 556 768 614 deductus
791 559 1108 629 aspectibus.
1140 558 1214 614 lbi
1239 574 1339 614 vox
1368 562 1602 631 angelica
1631 564 1806 617 sonuit
1832 583 1846 619 :
1879 564 1968 620 Sic
1997 583 2078 620 ve-

511 648 629 713 niet,
644 649 1062 718 quemadmodum
1075 666 1190 704 eum
1205 652 1395 707 vidistis
1408 662 1603 707 euntem
1620 654 1672 708 in
1692 655 1866 709 ca'lum
1883 657 2018 728 (Act.
2037 673 2075 724 ι,

510 741 623 812 il).
653 740 810 796 Fides
831 741 988 810 adsit,
1013 754 1066 797 et
1092 743 1233 798 nulla
1259 745 1481 815 quaestio
1505 746 1814 802 remanebit.

582 832 636 886 5.
677 831 785 889 Nisi
830 831 964 889 forte
1004 833 1072 889 de
1108 836 1364 906 sanguine
1401 838 1773 908 requirendum
1809 847 1924 906 est,
1957 837 2077 908 quia

509 937 628 977 cum
672 923 927 988 dixisset,
956 922 1175 996 Palpate
1202 937 1246 981 et
1274 927 1460 993 videte,
1490 929 1608 996 quia
1637 930 1840 998 spiritus
1877 945 2078 982 carnem

509 1026 554 1069 et
580 1033 693 1071 ossa
718 1034 816 1071 non
840 1018 1018 1086 habet,
1045 1035 1151 1075 non
1181 1021 1415 1088 addidit,
1446 1023 1773 1092 sanguinem.
1807 1023 1920 1076 Non
1952 1038 2077 1092 ergo

510 1119 564 1162 et
587 1124 683 1162 nos
701 1108 956 1166 addamus
976 1111 1241 1180 inquirere
1260 1112 1398 1183 quod
1423 1114 1508 1167 ille
1524 1129 1628 1167 non
1649 1113 1849 1167 addidit
1869 1113 2076 1166 dicere:
2097 1152 2099 1154 -

507 1205 562 1254 et
587 1198 656 1256 de
678 1201 1011 1271 compendio,
1037 1202 1081 1256 si
1107 1204 1294 1272 placet,
1329 1203 1475 1259 ﬁnita
1500 1205 1568 1258 sit
1589 1206 1830 1274 quaestio.
1861 1204 2078 1258 Fortas-

507 1290 581 1344 sis
614 1291 790 1358 enim,
829 1300 1044 1363 accepta
1085 1296 1365 1350 occasione
1407 1296 1705 1364 sanguinis,
1737 1295 1941 1364 urgebit
1981 1310 2078 1350 nos

509 1381 782 1438 molestior
807 1393 1184 1453 perscrutator,
1214 1395 1265 1442 et
1293 1387 1431 1441 dicet
1455 1404 1466 1439 :
1496 1386 1552 1442 Si
1576 1388 1790 1456 sanguis
1809 1427 1825 1452 ,
1850 1401 1946 1440 cur
1972 1401 2078 1440 non

509 1483 562 1530 et
587 1476 787 1544 pituita,
819 1493 914 1532 cur
937 1494 1044 1533 non
1071 1488 1124 1534 et
1151 1479 1215 1534 fel
1242 1480 1434 1534 ﬁavum
1462 1489 1514 1535 et
1543 1480 1610 1535 fel
1635 1481 1862 1550 nigrutn,
1890 1481 2080 1551 quibus

509 1579 734 1637 quatuor
759 1569 1069 1625 humoribus
1109 1579 1346 1627 naturam
1389 1572 1561 1626 carnis
1603 1573 1882 1641 temperari
1919 1573 2078 1628 etiam

512 1660 784 1715 medicina!
811 1660 1086 1730 disciplina
1119 1664 1382 1718 testatur?
1422 1663 1528 1718 Sed
1562 1665 1832 1733 quodlibet
1857 1663 2080 1733 quisque

508 1752 695 1819 addat,
725 1755 1115 1824 corruptionem
1143 1757 1336 1811 addere
1361 1765 1574 1825 caveat,
1605 1774 1672 1813 ne
1699 1772 1809 1811 suae
1838 1757 1958 1811 fidei
1995 1772 2079 1810 sa—

508 1846 724 1900 nitatem
750 1848 1150 1917 castitatemque
1174 1857 1492 1918 corrumpat.

577 1939 630 1992 4.
671 1937 752 1992 Ex
776 1941 1156 1995 consuetudine
1198 1956 1372 1995 rerum
1404 1947 1776 2008 expertarum,
1804 1940 2078 2008 inexperta

507 2047 668 2102 Opera
694 2033 900 2099 divina,
933 2033 1211 2092 inﬁrmitas
1240 2033 1455 2087 metitur
1485 2031 1737 2100 humana,
1774 2041 1829 2088 et
1871 2031 2079 2086 acutule

507 2140 564 2179 se
589 2126 789 2195 garrire
815 2127 1128 2192 arbitratur,
1153 2141 1272 2182 cum
1301 2126 1463 2180 dicit:
1495 2125 1551 2180 Si
1589 2140 1714 2180 caro
1738 2136 1847 2190 est,
1870 2134 1924 2180 et
1952 2141 2078 2179 san-

505 2217 621 2285 guis
660 2227 776 2282 est;
817 2218 862 2272 si
902 2219 1132 2290 sanguis,
1174 2228 1228 2273 et
1269 2218 1446 2273 casteri
1491 2219 1776 2282 humores;
1816 2219 1862 2274 si
1901 2219 2080 2273 caeteri

507 2308 777 2374 humores,
822 2320 947 2380 ergo
993 2318 1046 2364 et
1091 2311 1379 2380 corruptio.
1423 2309 1499 2363 Eo
1541 2310 1698 2363 modo
1739 2309 1975 2364 diceret:
2023 2308 2079 2362 Si

505 2398 715 2455 ﬂamma
742 2410 844 2467 est,
875 2411 929 2456 et
965 2401 1152 2467 ardet;
1190 2401 1234 2454 si
1258 2401 1430 2466 ardet,
1451 2409 1510 2454 et
1539 2402 1680 2466 urit;
1717 2402 1759 2455 si
1801 2402 1923 2466 urit,
1954 2416 2080 2472 ergo

505 2493 737 2548 virorum
775 2495 932 2548 trium
962 2495 1016 2548 in
1040 2493 1309 2549 fornacem
1342 2494 1477 2564 ignis
1509 2494 1576 2548 ab
1605 2494 1766 2563 impio
1799 2509 1922 2562 rege
1949 2494 2077 2547 mis-

505 2601 684 2641 sorum
713 2602 936 2656 corpora
963 2587 1214 2642 incendit.
1248 2585 1304 2642 Si
1340 2597 1518 2642 autem
1548 2586 1648 2640 hoc
1677 2586 1732 2639 in
1763 2586 1928 2639 tribus
1955 2585 2079 2640 viris

503 2678 812 2733 miraculum
849 2679 1025 2750 (Dan.
1049 2678 1148 2751 tu)
1179 2680 1370 2734 factum
1410 2694 1529 2734 esse
1556 2693 1662 2733 non
1699 2677 1900 2732 dubitat
1932 2678 2078 2748 quise

503 2771 622 2839 quis
642 2771 706 2826 de
726 2770 921 2827 divinis
943 2772 1191 2842 operibus
1213 2780 1356 2828 recte
1383 2773 1556 2842 sapit;
1585 2787 1679 2827 cur
1705 2787 1810 2826 non
1834 2771 2081 2826 credatur

504 2862 592 2930 qui
619 2862 737 2916 fecit
761 2861 848 2916 illa
873 2877 1095 2932 corpora
1122 2879 1228 2918 non
1255 2879 1409 2934 posse
1434 2865 1552 2933 igne
1578 2864 1866 2933 corrumpi,
1891 2863 2080 2918 fecisse

504 2953 630 3007 illud
656 2969 847 3024 corpus
886 2970 986 3009 nec
1015 2971 1172 3025 posse
1198 2957 1466 3026 corrumpi
1495 2957 1634 3027 igne,
1659 2972 1759 3013 nec
1787 2957 1943 3024 fame,
1982 2973 2082 3013 nec

504 3046 711 3112 morbo,
744 3061 842 3102 nec
871 3048 1040 3114 senio,
1082 3063 1179 3104 nec
1207 3049 1311 3103 ulla
1340 3049 1389 3102 vi
1419 3049 1517 3102 alia
1547 3065 1648 3119 qua
1687 3051 1826 3105 solet
1851 3050 2078 3105 humana

503 3154 727 3208 corpora
785 3138 1105 3196 labefactare
1161 3140 1472 3211 corruptio?
1514 3140 1667 3208 Quod
1710 3144 1754 3197 si
1801 3144 2079 3214 quisquam

504 3232 650 3299 dicit,
679 3247 785 3287 non
823 3233 971 3288 carni
1001 3237 1156 3289 trium
1185 3234 1393 3289 illorum
1433 3236 1666 3289 virorum
1694 3235 1926 3290 additam
1951 3252 2080 3292 con-

506 3332 584 3378 tra
628 3325 802 3394 ignem
852 3326 1320 3396 incorruptionem,
1347 3325 1440 3382 sed
1487 3327 1587 3396 ipsi
1634 3326 1740 3398 igni
1787 3327 2078 3383 detractam

501 3418 875 3486 corrumpendi
919 3418 1260 3486 facultatem;
1293 3419 1418 3489 quid
1463 3435 1711 3474 veremur
1751 3436 1817 3475 ne
1861 3436 2077 3475 carnem

501 3506 678 3563 facere
703 3509 996 3581 nequiverit
1025 3525 1126 3565 non
1155 3526 1314 3580 posse
1334 3511 1620 3579 corrumpi,
1643 3511 1732 3581 qui
1760 3511 1882 3566 fecit
1903 3511 2076 3580 ignem

503 3611 610 3651 non
639 3613 795 3666 posse
831 3601 1218 3670 corrumpere?
1245 3601 1376 3656 Nam
1417 3601 1462 3654 si
1493 3601 1622 3654 illud
1651 3617 1756 3655 non
1783 3602 1850 3656 de
1879 3603 2075 3669 carnis,

501 3689 592 3744 sed
622 3689 690 3746 de
727 3691 861 3763 ignis
888 3693 1179 3748 mutatione
1205 3693 1533 3763 intelligitur,
1561 3693 1727 3747 multo
1753 3702 1835 3748 est
1865 3694 2079 3748 mirabi-

501 3780 600 3836 lius
625 3798 638 3835 :
675 3783 830 3837 simul
860 3785 999 3837 enim
1026 3794 1080 3838 et
1109 3784 1383 3839 hominum
1409 3799 1633 3854 corpora
1664 3801 1769 3838 non
1797 3785 1981 3840 urebat
2011 3800 2077 3841 ne

500 3881 682 3944 posset
707 3889 935 3943 nocere,
972 3885 1028 3931 et
1057 3875 1195 3946 ligna
1223 3875 1456 3931 fornacis
1486 3876 1669 3931 urebat
1699 3887 1757 3930 ut
1785 3886 1963 3946 posset
1987 3893 2076 3932 ar-

497 3965 643 4022 dere.
677 3965 780 4023 Sed
806 3967 898 4038 qui
928 3969 1088 4023 etiam
1120 3970 1215 4023 ista
1247 3985 1351 4023 non
1377 3969 1619 4034 credunt,
1650 3969 1871 4023 nimium
1897 3969 1966 4025 de
1993 3970 2075 4025 di-

499 4061 617 4114 vina
642 4069 900 4130 potestate
929 4061 1191 4126 difﬁdunt,
1219 4077 1318 4117 nec
1340 4077 1460 4117 cum
1499 4063 1577 4117 eis
1605 4063 1686 4116 vel
1725 4063 1791 4116 ad
1819 4079 1909 4118 eos
1937 4079 2077 4118 nunc

496 4163 675 4206 sermo
721 4152 872 4208 nobis
918 4161 1038 4208 est:
1084 4153 1174 4224 qui
1222 4164 1399 4208 autem
1445 4154 1542 4207 ista
1590 4153 1833 4219 credunt,
1883 4169 1945 4208 ex
1994 4153 2078 4207 his

499 4243 657 4298 etiam
685 4243 770 4299 illa
795 4252 1077 4314 utcumque
1101 4245 1387 4314 conjiciant
1414 4260 1532 4315 qua?
1559 4243 1785 4300 ﬁdeliter
1808 4255 2072 4315 quaerunt.

501 4333 656 4389 Valet
683 4334 842 4405 igitur
875 4335 1052 4390 divina
1085 4335 1317 4406 potentia
1342 4334 1409 4388 de
1438 4335 1534 4388 ista
1560 4335 1751 4389 visibili
1781 4346 1939 4406 atque
1970 4344 2078 4389 tra-

501 4425 681 4481 ctabili
711 4434 895 4482 natura
920 4441 1227 4498 corporum,
1249 4426 1562 4496 quibusdam
1601 4429 1954 4494 manentibus,
1983 4444 2078 4482 au-

502 4515 641 4571 ferre
666 4532 798 4587 quas
825 4519 1049 4572 voluerit
1078 4519 1359 4588 qualitates
1385 4537 1398 4572 :
1420 4532 1483 4572 ac
1511 4533 1603 4587 per
1625 4518 1723 4573 hoc
1748 4520 1886 4573 valet
1914 4521 2074 4574 etiam

502 4607 738 4663 membra
787 4608 1058 4676 mortalia,
1106 4608 1289 4663 formw
1341 4609 1671 4663 lineamentis
1716 4610 2071 4675 manentibus,

501 4700 840 4768 corruptione
865 4716 994 4756 vero
1029 4700 1362 4755 mortalitatis
1388 4709 1625 4755 emortua
1649 4743 1663 4766 ,
1696 4701 1871 4756 stabili
1897 4703 2075 4770 vigore

502 4795 750 4856 ﬁrmare;
781 4803 842 4850 ut
877 4794 1016 4849 absit
1056 4794 1223 4860 labes,
1263 4794 1402 4849 adsit
1440 4793 1682 4865 efﬁgies;
1712 4795 1848 4849 adsit
1887 4796 2072 4865 motio,

501 4885 640 4940 absit
681 4883 951 4956 fatigatio;
1001 4884 1142 4943 adsit
1184 4885 1431 4941 vescendi
1471 4895 1728 4958 potestas,
1771 4887 1907 4942 absit
1949 4903 2072 4942 esu-

501 4979 668 5034 rieudi
696 4980 1002 5035 necessitas.
1817 4994 1832 5004 °

571 5071 798 5127 CAPUT
824 5071 884 5127 ll.
905 5103 975 5112 —
993 5071 1045 5126 5.
1065 5069 1218 5140 Quod
1235 5085 1362 5141 ergo
1377 5069 1568 5142 legitur
1583 5071 1720 5140 apud
1740 5070 2070 5138 Apostolum,

503 5159 635 5215 Caro
679 5170 726 5214 et
763 5162 967 5232 sanguis
996 5178 1203 5232 regnum
1243 5159 1337 5214 Dei
1370 5177 1470 5214 non
1512 5161 1832 5231 possidebunt
1870 5161 1915 5231 (Ι
1953 5160 2071 5216 Cor.

506 5269 577 5309 xv
601 5296 616 5321 ,
666 5251 756 5326 50)
781 5294 796 5319 ,
828 5253 1046 5308 Solvitur
1084 5252 1295 5322 quidem
1325 5253 1547 5321 qumstio
1584 5253 1744 5306 etiam
1787 5253 1888 5307 isto
1918 5251 2076 5307 modo

501 5361 658 5417 quem
691 5355 744 5400 tu
788 5346 1244 5412 commemorasti,
1292 5355 1351 5400 ιιι
1385 5346 1562 5400 carnis
1602 5355 1655 5399 et
1683 5348 1953 5417 sanguinis
1980 5362 2078 5402 no-

507 5438 650 5494 mine
677 5452 840 5508 opera
858 5437 1034 5493 carnis
1059 5447 1115 5493 et
1139 5437 1413 5509 sanguinis
1439 5437 1794 5507 intelligantur
1826 5456 1838 5492 :
1869 5454 2073 5505 verum,

509 5532 628 5600 quia
655 5545 758 5584 non
787 5529 852 5585 de
881 5529 1148 5600 operibus,
1179 5529 1270 5584 sed
1294 5528 1362 5584 de
1391 5528 1548 5584 modo
1577 5531 1980 5586 resurrectionis
2007 5530 2076 5585 lo-

510 5621 766 5690 quebatur
791 5620 1106 5691 Apostolus,
1135 5628 1190 5676 et
1225 5635 1343 5676 eam
1382 5621 1726 5691 quaestionem
1761 5621 2077 5692 diaputando

510 5711 783 5777 versabat,
818 5710 1004 5767 melius
1030 5725 1096 5767 eo
1133 5710 1251 5767 loco
1278 5710 1586 5782 intelligitur
1623 5725 1749 5767 caro
1771 5722 1825 5767 et
1865 5713 2076 5784 sanguis

509 5819 603 5872 pro
629 5802 970 5874 corruptione
1004 5803 1182 5860 carnis
1209 5812 1264 5860 et
1300 5803 1568 5875 sanguinis
1607 5805 1798 5875 posita.
1842 5805 1897 5860 Si
1935 5805 2074 5859 enim

510 5911 700 5952 nomen
728 5897 901 5954 carnis
927 5896 1185 5968 signiﬁcat
1208 5898 1588 5966 operationem,
1618 5913 1713 5955 cur
1739 5914 1843 5954 non
1875 5899 2074 5967 signiti-

1730 450 1788 506 S.
1828 450 2190 508 AUGUSTINI
2225 454 2532 512 EPISCOPI

3654 468 3763 525 944

2186 579 2271 624 cet
2293 572 2450 625 etiam
2476 573 2888 644 corruptionem,
2917 577 3052 632 sicut
3078 577 3273 633 dictum
3297 586 3396 643 est,
3428 579 3606 636 Omnis
3633 598 3758 638 caro

2185 664 2354 730 fenum
2376 664 2400 716 ?
2421 663 2551 718 Nam
2573 673 2626 719 et
2646 665 2730 721 hic
2756 667 2865 738 ipsa
2887 670 3299 740 corruptibilitas
3318 671 3605 742 signiﬁcata
3627 685 3712 730 est
3739 695 3755 733 :

2184 755 2425 823 sequitur
2451 758 2592 812 enim
2616 799 2628 823 ,
2658 768 2704 813 et
2733 762 2893 816 omnis
2917 762 3077 816 honor
3103 764 3269 818 carnis
3302 775 3354 818 ut
3379 767 3474 834 ﬂos
3500 767 3644 834 feni;
3673 769 3754 837 fe-

2185 858 2306 895 num
2333 847 2485 913 aruit,
2516 847 2612 916 ﬂos
2637 848 2819 902 decidit
2849 849 2998 922 (Isai.
3030 869 3130 920 ιι,
3163 854 3216 920 6,
3248 855 3324 926 7).
3362 855 3754 925 Numquidnam

2185 931 2285 987 hoc
2325 935 2482 989 etiam
2525 937 2599 990 illi
2637 941 2781 994 carni
2825 944 3112 1011 competit,
3151 945 3218 999 de
3255 960 3354 1015 qua
3400 946 3594 1001 dictum
3628 961 3754 1006 esu

2186 1023 2402 1095 Palpate
2424 1036 2471 1082 et
2497 1027 2678 1093 videte,
2709 1032 2826 1099 quia
2854 1034 3060 1102 spiritus
3088 1051 3201 1089 ossa
3227 1047 3273 1088 et
3300 1053 3501 1090 carnem
3531 1055 3633 1091 non
3659 1039 3757 1091 lia-

2184 1114 2283 1182 bet,
2328 1119 2451 1173 sicut
2483 1137 2561 1174 me
2601 1121 2774 1177 uidetis
2821 1123 3038 1179 habere?
3076 1126 3206 1180 Nam
3249 1128 3514 1196 quomodo
3549 1139 3759 1184 arescat

2185 1217 2274 1262 aut
2299 1209 2540 1278 decidat,
2573 1229 2693 1267 cum
2723 1215 2974 1281 scriptum
3017 1217 3084 1270 sit
3123 1218 3261 1287 quod
3293 1218 3520 1273 Christus
3548 1237 3758 1290 surgens

2185 1315 2216 1350 a
2241 1305 2469 1368 mortuis,
2485 1302 2598 1371 jam
2623 1320 2721 1357 non
2743 1307 2980 1372 moritur,
3012 1317 3058 1362 et
3079 1325 3212 1362 mors
3236 1310 3279 1362 ei
3305 1311 3438 1364 ultra
3467 1328 3564 1364 non
3593 1313 3757 1366 donti-

2184 1389 2384 1444 nabitur
2411 1389 2584 1464 (Rom.
2607 1409 2658 1448 vr
2681 1435 2695 1458 ,
2726 1395 2821 1466 9)?
2923 1391 2932 1399 ’

2256 1481 2309 1535 6.
2355 1481 2581 1538 Proinde
2621 1485 2786 1554 ipsam
2818 1487 3156 1555 apostolicam
3185 1491 3497 1545 sententiam
3526 1492 3758 1564 desuper

2185 1570 2422 1642 inspice,
2476 1583 2742 1644 totamque
2789 1578 3082 1632 considera.
3133 1579 3264 1633 Cum
3311 1591 3756 1636 resurrectionem

2185 1673 2518 1743 mortuorum
2551 1667 2868 1735 persuadere
2897 1670 3056 1723 vellet
3083 1670 3160 1724 eis
3202 1672 3291 1740 qui
3333 1671 3580 1726 dicebant
3613 1674 3756 1743 quod

2183 1760 2501 1813 resurrectio
2528 1770 2855 1814 mortuorum
2887 1777 2990 1816 non
3024 1772 3122 1826 est,
3147 1762 3342 1818 Christi
3370 1766 3758 1821 resurrectione

2183 1850 2455 1917 prannissa
2485 1850 2535 1903 in
2561 1853 2860 1920 exemplum
2892 1895 2904 1917 ,
2946 1854 3081 1908 inter
3107 1867 3294 1910 caztera
3329 1873 3445 1926 quae
3476 1858 3545 1910 ibi
3586 1859 3757 1912 disse-

2185 1940 2320 2009 ruit,
2349 1942 2523 1996 intulit
2548 1944 2645 1997 sibi
2671 1946 3015 2013 quzestiouem
3043 1955 3199 2015 atque
3218 1948 3292 2001 ait
3322 1965 3335 2000 :
3366 1948 3471 2002 Sed
3500 1950 3629 2003 dicet
3657 1950 3760 2003 ali-

2182 2033 2292 2102 quis
2314 2072 2328 2096 ,
2364 2032 2626 2097 Quomodo
2668 2045 2923 2104 resurgent
2963 2038 3192 2091 mortui?
3229 2055 3324 2104 quo
3363 2049 3523 2092 autem
3551 2057 3762 2110 corpore

2182 2123 2372 2176 venient
2393 2124 2418 2177 Ρ
2443 2124 2492 2177 id
2518 2135 2629 2190 est,
2676 2126 2814 2194 quali
2849 2125 3117 2196 corpore?
3145 2128 3341 2182 Deinde
3373 2129 3635 2184 adhibens
3659 2131 3763 2185 do-

2183 2223 2425 2269 cumenta
2457 2206 2716 2270 seminum
2745 2235 2759 2270 :
2795 2217 2996 2286 Stulte,
3034 2219 3235 2289 inquit,
3274 2230 3324 2272 tu
3352 2224 3482 2289 quod
3510 2223 3757 2287 seminus,

2185 2325 2284 2362 non
2309 2309 2617 2378 viviﬁcatur,
2650 2312 2748 2365 nisi
2785 2313 2923 2381 prius
2962 2315 3236 2376 moriatur;
3266 2322 3310 2366 et
3342 2314 3476 2382 quod
3505 2314 3757 2381 seminus,

2186 2415 2287 2453 non
2313 2417 2494 2470 corpus
2522 2401 2660 2471 quod
2687 2406 2912 2470 futurum
2935 2413 3006 2457 est
3034 2403 3249 2456 seminus
3266 2443 3282 2469 ,
3309 2403 3396 2457 sed
3422 2403 3614 2455 nudum
3637 2420 3762 2473 gra-

2185 2506 2305 2542 num
2326 2531 2339 2554 ,
2379 2500 2431 2543 ut
2474 2501 2595 2560 puta
2622 2492 2773 2546 tritici
2805 2495 2821 2524 ί
2848 2535 2862 2560 ,
2894 2504 2980 2547 aut
3011 2495 3228 2564 alicujus
3260 2506 3592 2560 caeterorum;
3622 2493 3763 2550 Deus

2183 2593 2352 2636 autent
2384 2583 2462 2636 illi
2491 2586 2577 2638 dat
2617 2602 2799 2657 corpus
2835 2588 3082 2658 quomodo
3121 2589 3327 2642 voluerit
3349 2629 3362 2653 ,
3411 2598 3456 2642 et
3494 2590 3762 2658 unicuique

2184 2676 2426 2729 sentinam
2471 2679 2730 2746 proprium
2758 2695 2958 2746 corpus.
3000 2678 3298 2734 Secundum
3326 2681 3427 2735 hoc
3451 2698 3578 2752 ergo
3608 2683 3759 2738 dixe-

2184 2775 2299 2834 rat,
2327 2783 2426 2820 non
2456 2783 2638 2838 corpus
2659 2768 2792 2838 quod
2811 2774 3036 2838 futurum
3057 2782 3129 2825 est
3151 2773 3383 2826 seminus.
3414 2772 3598 2842 Neque
3617 2778 3761 2828 enim

2185 2873 2290 2912 non
2331 2859 2563 2914 triticum
2603 2861 2705 2916 erit
2733 2876 2798 2916 ex
2837 2861 3043 2928 tritico;
3072 2863 3164 2917 sed
3191 2864 3311 2934 quia
3349 2879 3506 2918 nemo
3532 2867 3761 2920 seminat

2185 2951 2402 3006 herbam
2427 2993 2441 3017 ,
2471 2953 2554 3006 vel
2592 2953 2867 3021 stipulam,
2908 2962 2963 3008 et
2991 2954 3297 3022 multiplicia
3335 2957 3385 3008 in
3418 2955 3570 3023 palea
3609 2967 3759 3026 tegu-

2187 3053 2360 3099 menta
2388 3060 2702 3115 granorum,
2743 3061 2863 3100 cum
2890 3046 3080 3115 quibus
3109 3055 3282 3100 tamen
3331 3047 3532 3101 semina
3573 3062 3760 3102 exsur-

2184 3148 2345 3207 gunt,
2407 3137 2528 3192 ideo
2575 3139 2676 3205 ait,
2733 3137 2822 3192 sed
2868 3139 3058 3192 nudum
3112 3139 3522 3209 granum:hinc
3576 3141 3758 3197 volens

2184 3227 2464 3282 ostendere
2489 3227 2610 3296 quia
2650 3229 2694 3281 si
2723 3229 2861 3282 Deus
2901 3237 3073 3296 potest
3099 3228 3296 3283 addere
3321 3229 3459 3299 quod
3498 3245 3607 3284 non
3645 3237 3758 3285 erat

2185 3321 2237 3374 in
2267 3321 2408 3375 nudo
2445 3321 2675 3384 semine,
2722 3321 2888 3375 multo
2930 3322 3096 3390 magis
3125 3330 3298 3391 potest
3335 3337 3587 3393 reparare
3617 3320 3756 3392 quod

2185 3423 2298 3468 erat
2326 3414 2377 3468 in
2406 3413 2632 3468 hominis
2661 3429 2903 3482 corpore.

2254 3507 2306 3560 7.
2335 3507 2581 3561 Jamvero
2623 3506 2763 3577 quod
2808 3506 3072 3576 adjungit,
3105 3506 3169 3561 ad
3198 3507 3544 3563 differentiam
3593 3509 3757 3576 perti.

2183 3608 2274 3653 net
2311 3599 2727 3669 resurgentium,
2762 3609 2976 3667 propter
3016 3598 3252 3653 diversas
3292 3599 3486 3670 glorias
3523 3600 3756 3655 ﬁdelium

2184 3699 2340 3758 atque
2382 3695 2706 3743 sanctorum.
2753 3687 2871 3741 Non
2924 3689 3121 3751 onmis,
3166 3689 3366 3758 inquit,
3417 3707 3535 3744 caro
3583 3689 3756 3744 eadem

2184 3797 2300 3833 caro
2330 3795 2348 3834 :
2374 3780 2477 3832 alia
2507 3779 2705 3848 quidem
2733 3779 3010 3843 hominum,
3038 3779 3138 3831 alia
3165 3789 3327 3832 autem
3355 3797 3473 3833 caro
3501 3798 3756 3850 pecorum,

2183 3871 2284 3924 alia
2311 3871 2586 3936 volucrum,
2613 3870 2715 3923 alia
2739 3871 2967 3939 piscium.
2998 3869 3062 3922 Et
3082 3887 3293 3940 corpora
3317 3869 3554 3936 ctelestia,
3578 3882 3625 3926 et
3649 3889 3759 3926 cor-

2183 3977 2306 4032 pora
2335 3961 2618 4026 terrestria;
2657 3961 2745 4015 sed
2779 3962 2882 4014 alia
2925 3971 2994 4014 est
3031 3962 3298 4015 cmlestium
3335 3963 3529 4033 gloria.
3573 3973 3622 4017 et
3656 3965 3759 4016 alia

2184 4055 2506 4108 terrestrium.
2543 4055 2603 4107 Et
2628 4053 2732 4108 alia
2761 4056 2924 4126 gloria
2943 4055 3082 4121 solis,
3108 4056 3208 4108 alia
3227 4057 3387 4125 gloria
3415 4056 3569 4120 lunae,
3581 4067 3630 4110 et
3657 4057 3758 4110 alia

2181 4146 2343 4216 gloria
2372 4144 2645 4199 stellarum.
2683 4147 2844 4201 Stella
2876 4147 3006 4199 enim
3040 4163 3070 4198 a
3098 4147 3243 4200 stella
3271 4146 3439 4214 diﬂ'ert
3469 4149 3524 4200 in
3553 4149 3720 4218 gloria
3741 4165 3760 4203 :

2182 4238 2254 4290 sic
2283 4246 2327 4290 ct
2356 4239 2649 4292 resurrectio
2676 4250 3005 4292 mortuorum.
3040 4239 3096 4293 in
3126 4240 3205 4292 his
3232 4242 3477 4294 omnibus
3505 4243 3605 4294 istc
3632 4257 3758 4297 sen-

2181 4345 2272 4384 sus
2298 4341 2378 4384 est
2410 4348 2422 4384 :
2451 4330 2504 4385 Si
2530 4346 2726 4401 genera
2762 4331 2936 4385 carnis
2969 4347 3091 4385 cum
3128 4333 3234 4384 sint
3261 4343 3448 4385 cuncta
3479 4334 3756 4399 mortalia,

2182 4419 2430 4474 diﬁ‘eruut
2470 4431 2642 4475 tamen
2687 4421 2824 4475 inter
2855 4436 2912 4475 se
2956 4437 3052 4491 pro
3094 4421 3483 4476 diversitatibus
3513 4423 3758 4477 animan-

2184 4511 2311 4564 tium
2338 4528 2352 4576 ;
2377 4520 2430 4565 ct
2449 4512 2491 4564 si
2518 4526 2736 4578 corpora
2768 4528 2885 4566 cum
2909 4513 3015 4566 sint
3041 4513 3212 4566 nuntia
3237 4513 3476 4577 visibilia,
3506 4513 3759 4566 differunt

2181 4612 2359 4657 tamen
2390 4619 2483 4674 pro
2510 4605 2900 4658 diversitatibus
2931 4605 3188 4672 lucorum,
3222 4605 3358 4658 unde
3395 4605 3496 4658 alia
3528 4615 3610 4659 est
3643 4620 3756 4660 cas—

2181 4694 2390 4748 icstium
2421 4694 2586 4764 gloria
2613 4737 2626 4760 ,
2659 4697 2760 4750 alia
2791 4697 3155 4763 terrestrimu;
3187 4707 3240 4751 et
3263 4682 3316 4750 si.
3340 4699 3388 4750 in
3421 4696 3554 4750 locis
3590 4698 3755 4751 subli-

2180 4786 2354 4840 mibus
2383 4802 2500 4838 cum
2530 4787 2639 4839 sint
2665 4799 2851 4840 cuncta
2881 4789 3138 4849 coelestia,
3171 4787 3418 4842 differunt
3450 4789 3611 4842 etiam
3644 4789 3756 4859 ipsa

2179 4879 2505 4933 claritatibus
2549 4880 2838 4944 luminum;
2884 4897 2989 4934 non
3039 4881 3227 4934 mirum
3268 4891 3350 4934 est
3390 4880 3532 4950 quod
3574 4882 3627 4935 iu
3668 4897 3754 4937 re-

2086 5034 2114 5044 ψ
2179 4973 2508 5026 surrectioue
2553 4982 2878 5026 mortuorum
2920 4972 3134 5027 distabit
3176 4973 3344 5044 gloria
3383 4975 3718 5029 meritorum.

2250 5061 2301 5116 8.
2333 5060 2464 5116 Hinc
2486 5062 2594 5131 jam
2627 5063 2767 5117 venit
2795 5063 2862 5118 ad
2890 5063 3014 5118 illud
3041 5063 3180 5134 quod
3211 5066 3561 5120 communiter
3590 5066 3748 5121 habet

2183 5153 2353 5208 omnis
2377 5168 2501 5209 caro
2525 5171 2641 5224 qua:
2668 5155 2733 5209 ad
2763 5157 2922 5210 vitam
2952 5157 3179 5226 resurgit
3202 5167 3477 5224 aeternam,
3508 5165 3564 5212 et
3585 5157 3714 5212 dicit
3739 5173 3756 5212 :

2183 5247 2475 5303 Seminatur
2500 5248 2555 5301 in
2585 5250 2920 5318 corruptione,
2949 5260 3115 5321 surget
3145 5250 3196 5302 in
3236 5251 3647 5320 incorruptione;
3681 5265 3758 5303 sa-

2181 5341 2401 5393 minatur
2439 5339 2490 5392 in
2518 5341 2817 5393 contumelia
2838 5382 2854 5406 ,
2893 5351 3061 5411 surget
3089 5341 3141 5393 in
3170 5341 3332 5411 gloria
3354 5355 3373 5403 ;
3401 5342 3677 5394 seminatur
3703 5340 3758 5393 in

2183 5433 2494 5502 infirmitate,
2519 5443 2687 5501 surget
2711 5433 2764 5486 in
2784 5433 2962 5486 virtute
2984 5450 3003 5498 ;
3027 5433 3301 5486 seminatur
3315 5451 3494 5503 corpus
3516 5434 3754 5499 animale,

2183 5536 2350 5598 surget
2371 5542 2553 5597 corpus
2581 5527 2858 5596 spirituale.
2892 5525 2949 5580 in
2981 5527 3063 5580 his
3103 5527 3279 5581 verbis
3313 5526 3572 5596 Apostoli,
3606 5541 3757 5580 num-

2185 5620 2307 5690 quid
2337 5619 2414 5674 fas
2440 5629 2520 5674 est
2540 5628 2724 5690 putare
2746 5619 2932 5674 melius
2962 5635 3184 5690 corpora
3203 5627 3378 5674 nostra
3398 5628 3754 5674 resurrectura

2185 5727 2339 5782 quam
2369 5711 2562 5766 Christi
2587 5729 2600 5778 ;
2633 5726 2753 5767 cum
2777 5710 2844 5766 de
2871 5711 2960 5766 illo
2986 5712 3052 5766 sit
3078 5712 3401 5782 propositum
3429 5709 3755 5783 exemplum,

2188 5909 2214 5971 Γ
2250 5849 2532 5960 ἓξενῖοῑξρε,
2548 5859 2746 5911 granum
2771 5845 2916 5911 farris
2934 5845 3095 5897 tritici.
3124 5847 3206 5897 Alii
3229 5847 3510 5912 duodecim,
3527 5847 3638 5898 Μ.
3662 5852 3756 5909 ετ..

2205 5921 2258 5957 er
2389 5921 2434 5959 tc
2458 5945 2466 5955 .

2205 5921 2286 5958 ενα
2306 5921 2466 5959 τηιισι.
