4086 6350
331 423 334 426 δ
383 343 483 401 ius

383 455 523 527 quod
549 454 774 510 ﬁdeliter
801 451 1073 509 intendere
1094 494 1107 520 ,
1150 461 1202 506 et
1234 467 1325 522 per
1348 452 1461 522 ejus
1488 452 1708 522 gratiam
1737 468 1951 524 sperare

382 547 713 603 debeamus?
756 547 832 600 Ac
873 560 967 614 per
1006 544 1105 596 hoc
1160 544 1303 597 nullo
1348 543 1504 597 modo
1545 543 1716 612 potuit
1761 559 1952 612 corpus

384 640 575 696 Christi
607 653 725 693 eum
751 636 1090 706 corruptione
1120 650 1396 704 resurgere
1416 677 1429 698 ,
1459 635 1501 689 si
1529 643 1763 688 nostrmn
1792 635 1842 687 in
1869 635 1952 688 iu-

384 731 723 801 corruptione
749 735 1167 785 resurrecturum
1195 726 1541 795 promittitur;
1569 741 1666 778 nec
1694 725 1860 794 potuit
1887 721 1954 779 il-

385 824 474 880 lud
496 825 611 879 sine
634 824 833 894 gloria,
873 823 918 877 si
953 830 1192 878 nostrum
1232 831 1473 892 resurget
1511 819 1564 874 in
1599 818 1783 889 gloria.
1825 819 1954 886 Qure

385 925 560 972 autem
589 915 661 970 ibi
684 915 849 986 gloria
867 957 882 982 ,
911 915 999 969 ubi
1039 914 1212 969 adhuc
1253 913 1563 981 corruptio?
1587 912 1755 966 Nimis
1781 911 1955 980 itaque

383 1006 669 1060 absurdum
691 1013 772 1061 est
795 1014 851 1059 ut
872 1005 1153 1061 credamus
1171 1003 1298 1057 illud
1311 1018 1501 1072 corpus
1517 1002 1634 1054 etin
1654 1002 1956 1055 inﬁrmitate

384 1110 504 1152 esse
531 1096 872 1161 seminatum,
900 1095 950 1149 id
975 1105 1056 1149 est
1083 1093 1476 1160 mortiﬁcatum,
1502 1101 1554 1147 et
1573 1092 1622 1146 in
1653 1092 1957 1147 inﬁrmitate

384 1186 779 1251 resurrexisse;
819 1200 937 1240 cum
965 1200 1157 1254 corpus
1199 1194 1435 1239 nostrum
1477 1185 1767 1239 seminetur
1797 1186 1846 1237 in
1880 1185 1958 1238 in-

386 1279 654 1345 ﬁrmitate,
685 1285 923 1347 resurgat
948 1278 998 1330 in
1027 1277 1246 1340 virtute;
1276 1285 1329 1331 et
1354 1277 1493 1331 dicat
1516 1276 1654 1330 idem
1687 1277 1956 1346 apostolus

384 1370 450 1425 de
477 1368 688 1425 Christo
721 1387 733 1422 τ
768 1369 878 1424 Etsi
902 1370 1172 1437 cruciﬁxus
1200 1377 1271 1424 est
1300 1385 1361 1422 ea:
1387 1369 1696 1436 inﬁrmitate,
1729 1373 1815 1422 sed
1844 1369 1958 1422 vivit

385 1476 448 1516 ea:
470 1460 650 1515 virtute
677 1460 768 1515 Dei
791 1461 858 1532 (ll
882 1461 999 1517 Cor.
1030 1478 1145 1527 xui,
1176 1461 1255 1531 4).
1285 1462 1412 1528 Quis
1438 1477 1566 1515 vero
1598 1471 1702 1515 tam
1732 1460 1958 1516 absurde

384 1555 596 1622 sapiat,
628 1564 681 1606 ut
721 1552 902 1607 credat
944 1552 1070 1607 illud
1110 1567 1302 1622 corpus
1338 1553 1562 1606 animale
1600 1554 1912 1608 seminatum
1937 1593 1953 1620 ,

388 1644 616 1699 animale
641 1645 1031 1710 resuscitatum,
1061 1646 1105 1700 si
1132 1654 1372 1701 nostrum
1391 1647 1683 1701 seminatur
1709 1647 1954 1714 animale,

385 1743 563 1806 surget
587 1736 897 1806 Spirituale?

454 1828 508 1887 9.
537 1829 758 1885 Constat
795 1830 971 1899 itaque
993 1870 1008 1893 ,
1061 1844 1230 1898 neque
1272 1829 1381 1884 ullo
1426 1829 1585 1884 modo
1613 1829 1957 1885 dubitandum

386 1930 486 1982 est,
511 1936 703 1990 corpus
722 1920 948 1987 Christi,
979 1921 1116 1991 quod
1144 1923 1266 1976 licet
1295 1922 1685 1992 corruptionem
1718 1922 1958 1992 putredi-

386 2015 470 2068 nis
497 2014 548 2068 in
577 2014 820 2081 sepulcro
849 2028 950 2067 non
981 2013 1201 2077 viderit,
1244 2013 1380 2068 unde
1420 2015 1673 2083 scriptum
1704 2025 1820 2078 est,
1854 2013 1960 2067 Nec

386 2105 528 2158 dabis
554 2114 781 2159 sanctum
802 2113 940 2158 tuum
963 2104 1128 2159 videre
1146 2105 1513 2174 corruptionem
1532 2105 1701 2179 (Psal.
1732 2122 1818 2171 xv,
1845 2102 1954 2176 10),

385 2197 548 2251 clavis
578 2205 751 2250 tamen
777 2206 830 2250 et
850 2197 1030 2252 lancea
1059 2199 1321 2267 perrumpi
1355 2199 1543 2267 potuit,
1578 2214 1717 2253 nunc
1742 2201 1959 2252 omnino

386 2288 438 2342 in
481 2289 873 2358 incorruptione
909 2289 1239 2352 consistere;
1284 2296 1338 2342 et
1360 2288 1500 2358 quod
1546 2289 1596 2341 in
1637 2288 1959 2342 contumelia

386 2382 646 2452 passionis
673 2383 961 2450 mortisque
986 2381 1300 2435 seminatum
1327 2388 1429 2447 est,
1458 2395 1597 2435 nunc
1617 2395 1735 2434 esse
1765 2380 1816 2433 in
1842 2380 1958 2449 glo-

388 2476 464 2529 ria
496 2475 615 2529 vitae
640 2483 889 2536 aeternae;
920 2482 972 2528 et
998 2474 1139 2544 quod
1167 2489 1230 2528 ex
1263 2473 1566 2528 inﬁrmitate
1595 2472 1762 2542 potuit
1785 2471 1957 2526 cruci-

387 2565 503 2634 ﬁgi,
538 2579 678 2619 nunc
719 2565 774 2618 in
811 2565 1006 2618 virtute
1042 2579 1307 2632 regnare;
1347 2573 1400 2618 et
1433 2563 1572 2632 quod
1613 2572 1725 2618 erat
1767 2577 1958 2632 corpus

387 2656 614 2710 animale
633 2697 646 2722 ,
679 2657 924 2726 quoniam
960 2671 1023 2710 ex
1055 2656 1223 2710 Adam
1253 2663 1520 2724 sumptum
1547 2664 1654 2720 est,
1679 2670 1818 2709 nunc
1842 2669 1960 2710 esse

385 2746 658 2816 spirituale
676 2788 692 2813 ,
718 2747 962 2817 quoniam
989 2746 1192 2814 spiritui
1220 2745 1327 2814 jam
1356 2747 1777 2816 inseparabiliter
1799 2761 1959 2814 copu-

389 2839 549 2893 latum
589 2850 687 2894 cet.
735 2838 866 2892 Cum
920 2839 1059 2892 enim
1107 2838 1263 2891 vellet
1305 2839 1588 2906 Apostolus
1631 2837 1696 2891 de
1738 2853 1962 2906 corpore

387 2929 598 2984 animali
628 2929 882 2983 adhibere
903 2929 1263 2983 testimonium
1283 2927 1694 2996 Scripturarum,
1721 2928 1844 2982 illud
1868 2943 1964 2998 po-

387 3021 490 3075 suit
528 3019 666 3091 quod
698 3021 748 3073 iu
786 3019 980 3075 Genesi
1015 3019 1248 3088 legitur:
1281 3018 1341 3073 Si
1379 3028 1450 3072 est
1473 3060 1488 3084 ,
1538 3019 1737 3088 inquit,
1780 3035 1961 3086 corpus

388 3112 635 3177 animale,
679 3122 749 3166 est
792 3121 837 3164 et
875 3111 1168 3181 spirituale;
1207 3111 1334 3164 sicut
1372 3111 1612 3180 scriptum
1643 3121 1744 3174 est,
1774 3109 1962 3163 Factus

388 3212 458 3258 est
487 3204 677 3273 primus
703 3202 866 3254 Adam
890 3203 944 3254 in
973 3202 1193 3254 animam
1223 3201 1459 3254 viventem
1479 3241 1493 3265 ,
1523 3201 1634 3265 vel,
1665 3201 1718 3254 in
1741 3202 1963 3254 animant

388 3296 546 3348 vivam
585 3293 630 3363 (l
657 3292 774 3346 Cor.
806 3309 873 3346 xv
895 3334 908 3355 ,
938 3292 1048 3362 44).
1084 3293 1292 3346 Recolis
1333 3301 1477 3346 certe
1518 3292 1961 3362 quemadmodum

388 3388 639 3456 scriptum
670 3386 738 3439 sit
763 3403 776 3438 :
807 3383 875 3438 Et
894 3385 1156 3456 insufﬂauit
1186 3384 1324 3440 Deus
1350 3385 1401 3437 in
1427 3385 1607 3456 facient
1649 3387 1758 3454 ejus
1782 3387 1962 3456 ﬂatum

387 3479 536 3541 vitro;
571 3486 617 3530 et
646 3481 808 3548 [actus
833 3487 907 3531 est
933 3476 1082 3530 homo
1107 3476 1158 3529 in
1184 3477 1404 3530 animam
1432 3477 1590 3529 vivam
1619 3475 1767 3550 (Gen.
1798 3493 1852 3543 ιι,
1885 3478 1958 3548 7).

388 3569 594 3623 Dictum
644 3576 726 3623 est
771 3579 948 3622 autem
995 3568 1152 3621 etiam
1201 3567 1268 3622 de
1317 3568 1669 3622 animalibus:
1705 3567 1961 3622 Producat

389 3672 522 3717 terra
547 3662 768 3715 animum
799 3662 957 3714 vivam
983 3659 1092 3733 (Id.
1118 3677 1168 3726 ι,
1198 3658 1313 3734 24).
1345 3661 1655 3730 Intelligitur
1681 3677 1806 3732 ergo
1837 3677 1959 3716 eor-

386 3771 486 3828 pus
528 3754 756 3809 animale
793 3754 898 3808 dici
935 3754 1104 3808 simile
1141 3754 1347 3809 caeteris
1388 3754 1702 3808 animalibus
1748 3766 1963 3824 propter

388 3846 572 3900 mortis
596 3844 997 3899 dissolutionem
1024 3856 1077 3899 et
1106 3847 1499 3916 corruptionem
1519 3887 1533 3911 ,
1581 3862 1698 3915 qua:
1728 3848 1961 3917 quotidie

389 3926 506 3994 cibo
524 3936 775 4002 reﬁcitur,
801 3946 852 3991 et
875 3946 1075 4004 postea,
1091 3945 1331 4006 separata
1355 3938 1634 3991 animantis
1649 3954 1901 4008 compage
1916 3939 1957 4006 ¹,

388 4028 708 4084 dissolvitur.
753 4028 1035 4097 Spirituale
1059 4038 1233 4082 autem
1272 4043 1498 4098 corpus,
1529 4029 1668 4098 quod
1691 4030 1799 4099 jam
1838 4046 1957 4085 cum

388 4123 572 4193 spiritu
602 4123 898 4177 immortale
925 4127 1023 4176 est.

459 4217 544 4273 l0.
571 4217 822 4286 Quamvis
847 4215 1086 4270 nonnulli
1125 4215 1449 4269 arbitrentur
1476 4223 1599 4268 tunc
1625 4215 1738 4269 ﬁeri
1766 4230 1958 4286 corpus

387 4310 678 4380 spirituale.
711 4323 830 4363 cum
857 4308 966 4376 jam
993 4301 1046 4361 et
1087 4307 1255 4376 ipsum
1286 4320 1478 4375 corpus
1508 4315 1741 4360 mutatur
1772 4307 1823 4360 in
1849 4309 1957 4376 spi-

386 4399 546 4454 ritum
571 4441 585 4465 ,
631 4409 685 4454 et
729 4398 868 4469 quod
909 4399 1068 4453 homo
1105 4405 1219 4452 erat
1262 4412 1330 4452 ex
1377 4412 1599 4467 corpore
1639 4406 1692 4452 et
1729 4398 1953 4467 Spiritu,

387 4499 665 4560 utrumque
689 4506 750 4544 ac
773 4498 938 4543 totum
966 4489 1178 4558 spiritus
1200 4489 1318 4554 erit,
1349 4489 1496 4558 quasi
1517 4487 1708 4542 dixerit
1733 4493 1959 4559 Aposto-

387 4582 488 4649 lus,
517 4582 819 4637 Seminatur
847 4595 1038 4648 corpus
1065 4622 1076 4642 ,
1107 4590 1283 4649 surget
1313 4580 1546 4648 Spiritus.
1582 4580 1718 4632 Dixit
1743 4587 1916 4632 autem
1938 4621 1953 4645 ,

389 4672 682 4730 Seminatur
722 4691 904 4742 corpus
939 4672 1183 4735 animale,
1221 4681 1389 4743 surget
1436 4687 1616 4741 corpus
1653 4673 1911 4741 spirituale
1939 4687 1958 4726 .°

385 4766 628 4840 proinde,
652 4766 790 4820 sicut
812 4764 1039 4819 animale
1063 4779 1254 4832 corpus
1272 4779 1376 4817 non
1400 4771 1479 4817 est
1498 4764 1692 4826 anima,
1723 4762 1818 4817 sed
1837 4779 1957 4818 cor-

385 4874 505 4929 pus,
530 4859 600 4912 ita
619 4865 673 4912 et
690 4855 963 4926 spirituale
983 4872 1177 4926 corpus
1199 4871 1301 4910 non
1327 4857 1566 4924 spiritum
1588 4856 1843 4912 debemus
1864 4873 1960 4927 pu-

386 4958 521 5012 tare,
543 4947 638 5004 sed
668 4962 882 5018 corpus.
903 4947 1030 5015 Quis
1058 4961 1216 5016 porro
1238 4947 1428 5000 audeat
1448 4948 1674 5016 opinari,
1701 4948 1784 5003 vel
1807 4947 1959 5003 Chri-

386 5041 452 5095 sti
472 5055 665 5110 cnrpus
686 5055 790 5093 non
807 5038 1082 5108 spirituale
1101 5040 1454 5094 resurrexisse
1479 5056 1494 5105 ;
1516 5040 1597 5095 vel
1623 5041 1665 5093 si
1688 5041 1958 5110 spirituale

385 5133 640 5196 surrexit,
673 5131 782 5201 jam
812 5146 916 5184 nou
957 5143 1150 5199 corpus
1186 5128 1345 5184 fuisse
1364 5171 1377 5193 ,
1406 5130 1500 5185 sed
1528 5133 1766 5198 spiritum
1796 5151 1809 5187 :
1836 5147 1955 5187 cum

387 5226 524 5281 hanc
550 5225 850 5294 opinionem
882 5222 1265 5292 Discipulorum
1292 5222 1521 5290 refellat,
1546 5223 1653 5288 ubi,
1689 5239 1807 5278 cum
1835 5239 1957 5278 eum

386 5315 626 5370 videntes
650 5312 1015 5369 existimarent
1038 5329 1096 5368 se
1122 5313 1362 5382 spiritum
1391 5313 1588 5379 videre,
1621 5316 1710 5380 ait,
1743 5313 1959 5386 Palpate

387 5417 434 5463 et
461 5407 638 5471 videte,
665 5407 785 5478 quia
810 5406 1017 5473 spiritus
1051 5423 1164 5461 ossa
1191 5415 1239 5460 et
1264 5422 1467 5460 carnem
1493 5424 1595 5462 non
1624 5407 1768 5462 liabet
1786 5451 1801 5475 ,
1831 5409 1958 5463 sicut

387 5516 465 5553 me
492 5499 668 5555 ridetis
699 5497 916 5554 habere?
958 5499 1072 5554 Jam
1103 5498 1260 5568 igitur
1286 5499 1372 5552 illa
1401 5515 1526 5554 caro
1549 5501 1820 5570 spirituale
1844 5511 1960 5557 erat

388 5603 608 5660 corpus,
650 5604 748 5644 nec
773 5597 948 5643 tamen
979 5589 1196 5659 spiritus
1224 5597 1375 5655 erat,
1421 5590 1517 5645 sed
1559 5604 1770 5660 corpus,
1818 5591 1956 5645 nulla

389 5682 610 5737 ulterius
635 5689 807 5737 morte
842 5681 910 5736 ab
933 5682 1108 5736 anima
1132 5680 1499 5736 resolvendum
1527 5690 1684 5753 atque
1709 5696 1960 5753 separan-

454 5795 471 5826 ι
497 5802 601 5844 Mss.
625 5792 826 5857 pices:
851 5800 1083 5858 superata
1103 5792 1357 5845 minuentis
1377 5805 1620 5860 compago.

1542 339 2016 394 l‘lPlS'l‘Ol.;\llU.\’l
2057 337 2336 394 CLASSIS
2374 339 2462 396 111.

3525 349 3630 405 ΜΘ

2057 451 2179 505 dum
2212 469 2223 504 :
2255 453 2388 506 sicut
2415 467 2606 523 corpus
2630 453 2888 520 anima.c,
2929 455 3079 524 quale
3105 456 3391 512 animatum
3421 470 3500 515 est
3532 463 3620 518 llei

2059 542 2200 607 ﬂatu,
2229 559 2347 597 eum
2393 543 2560 600 factus
2584 555 2666 599 est
2691 546 2848 600 homo
2876 547 2927 602 in
2978 548 3204 602 animam
3233 551 3422 615 vivam,
3463 555 3618 607 etiam

2059 635 2228 704 ipsum
2253 652 2316 689 ex
2338 637 2547 690 animali
2569 638 2835 707 spirituale.
2850 639 2962 694 sine
2985 641 3168 696 mortis
3197 643 3491 699 interventu
3515 647 3624 700 fue-

2059 736 2140 779 rat
2162 728 2414 790 futurum,
2440 728 2539 782 nisi
2554 731 2901 800 transgressio
2917 733 3166 803 prrecepti
3181 733 3322 801 prius
3338 737 3623 794 commisso

2058 825 2274 887 peccato
2305 818 2561 888 inlligeret
2591 836 2799 889 prunam
2824 863 2838 888 ,
2881 839 3038 893 quam
3069 824 3204 880 Deus
3229 836 3449 882 servata:
3472 828 3625 898 justi-

2062 908 2146 962 tire
2167 909 2316 964 daret
2339 925 2611 964 coronam.

2133 1000 2218 1052 ll.
2251 998 2402 1055 Unde
2435 1001 2682 1056 Dominus
2708 1002 2949 1058 Christus
2975 1021 3068 1075 per
3090 1021 3188 1061 nos
3226 1007 3289 1061 ad
3329 1023 3423 1063 uos
3448 1016 3584 1064 venit
3609 1054 3624 1077 ,

2049 1105 2176 1145 cum
2215 1103 2520 1161 peccatores
2543 1095 2718 1163 justus
2740 1095 2968 1163 invenit;
3005 1115 3101 1169 per
3128 1109 3345 1154 stratum
3375 1104 3627 1172 (puniam-

2061 1182 2218 1234 modo
2247 1183 2555 1239 humilitatis
2583 1195 2811 1253 nostrae,
2840 1187 2932 1242 sed
2954 1203 3056 1242 nou
3084 1205 3199 1243 cum
3229 1191 3413 1246 morbo
3445 1194 3629 1264 iniqui-

2062 1275 2183 1327 tatis
2224 1284 2437 1328 uostrm.
2473 1275 2602 1329 Nam
2646 1293 2740 1346 per
2774 1280 2997 1348 animale
3038 1282 3222 1346 nobis,
3274 1283 3373 1338 hoc
3412 1294 3492 1338 est
3535 1302 3630 1356 per

2061 1366 2282 1418 mortale
2307 1382 2498 1435 corpus
2521 1371 2794 1437 apparuit;
2824 1372 2908 1440 qui
2938 1372 3115 1440 utique
3140 1373 3181 1426 si
3211 1375 3482 1441 voluisset,
3510 1392 3628 1432 cum

2061 1469 2283 1522 corpore
2315 1455 2596 1510 immortali
2625 1459 2867 1526 primitus
2891 1461 3207 1515 advenisset.
3237 1463 3340 1518 Sed
3383 1466 3503 1534 quia
3535 1482 3631 1521 llOS

2063 1545 2352 1600 humilitate
2379 1547 2495 1600 Filii
2529 1549 2620 1602 Dei
2661 1551 2838 1604 Sauari
2875 1554 3184 1621 oportebat,
3223 1572 3386 1625 usque
3427 1558 3492 1612 ad
3533 1574 3630 1614 no—

2060 1645 2222 1690 stram
2263 1637 2620 1693 inﬁrmitatem
2650 1641 2954 1710 descendit,
3004 1655 3059 1699 et
3089 1644 3208 1699 ﬁdei
3250 1658 3443 1702 nostra:
3475 1652 3632 1705 meri-

2060 1736 2168 1782 tttm
2195 1745 2256 1784 ac
2285 1733 2580 1799 praemium,
2612 1734 2799 1805 virtute
2820 1752 2928 1789 suae
2953 1740 3352 1796 resurrectioais
3377 1745 3629 1800 ostendit.

2060 1819 2182 1874 Ideo
2209 1824 2444 1892 sequitur
2471 1826 2752 1893 Apostolus
2777 1838 2823 1881 et
2849 1827 2975 1882 dicit
3006 1847 3018 1881 ί
3051 1828 3366 1886 Nouissimas
3389 1835 3549 1888 Adam
3580 1837 3631 1890 iu

2061 1915 2292 1984 spiritum
2313 1918 2660 1986 viviﬁcantem.
2690 1920 2809 1976 Sive
2849 1921 3167 1991 intelligatur
3195 1926 3394 1994 primus
3424 1928 3587 1981 Adam
3616 1970 3630 1996 ,

2061 2007 2149 2076 qui
2181 2007 2247 2062 de
2279 2010 2490 2078 pulvere
2520 2022 2642 2066 ante
2681 2011 2934 2068 formatus
2959 2025 3071 2080 est,
3120 2018 3436 2074 novissimus
3459 2029 3632 2076 autem

2062 2099 2251 2167 Adam,
2275 2104 2362 2171 qui
2398 2103 2463 2157 de
2492 2104 2692 2172 virgine
2717 2115 3020 2174 procreatus
3045 2117 3154 2174 est;
3182 2110 3292 2166 sive
3316 2113 3364 2164 in
3397 2127 3636 2183 unoquo-

2063 2206 2166 2260 que
2202 2192 2413 2247 liomiue
2441 2202 2723 2264 utrumque
2752 2197 3113 2264 compleatur,
3144 2209 3196 2252 ut
3236 2204 3437 2270 primus
3468 2203 3633 2257 Adam

2062 2284 2129 2336 sit
2162 2283 2323 2338 homo
2353 2285 2404 2338 in
2435 2301 2656 2354 corpore
2685 2287 2910 2352 mortali,
2944 2290 3262 2345 novissimus
3304 2292 3469 2346 Adam
3497 2293 3634 2348 idem

2064 2377 2176 2446 ipse
2216 2379 2266 2431 in
2298 2393 2524 2447 corpore
2562 2380 2843 2434 immortali
2873 2397 2886 2434 :
2919 2390 3090 2436 tamen
3129 2384 3266 2437 inter
3292 2386 3520 2439 animam
3563 2388 3636 2440 vi-

2061 2478 2271 2526 ventem
2310 2478 2365 2525 et
2393 2471 2635 2540 spiritum
2665 2472 3013 2527 viviﬁcantem
3041 2473 3141 2528 hoc
3170 2476 3424 2532 interesse
3452 2479 3633 2544 voluit,

2065 2568 2120 2614 ut
2161 2560 2270 2614 illic
2315 2561 2382 2614 sit
2423 2575 2620 2631 corpus
2667 2563 2932 2630 animale,
2993 2563 3074 2616 hic
3117 2566 3407 2635 spirituale.
3451 2569 3637 2623 Anima

2063 2653 2258 2722 quippe
2282 2653 2334 2706 iu
2363 2667 2585 2721 oorpore
2612 2653 2824 2707 animali
2853 2655 2978 2708 vivit
3000 2655 3231 2724 quidem,
3260 2658 3352 2712 sed
3383 2674 3484 2711 non
3513 2661 3638 2713 vivi-

2064 2742 2187 2796 ﬁcat
2214 2758 2378 2810 usque
2410 2744 2474 2796 ad
2505 2742 2845 2797 auferendum
2870 2747 3262 2814 corruptionem
3295 2766 3306 2800 :
3341 2750 3388 2802 in
3416 2766 3638 2820 corpore

2044 2848 2189 2887 vero
2214 2833 2491 2904 spirituali,
2524 2834 2770 2902 quoniam
2801 2834 3031 2902 perfecte
3056 2835 3334 2892 adluerens
3371 2839 3592 2893 Domino
3619 2884 3632 2905 ,

2066 2939 2199 2977 unus
2227 2925 2443 2994 spiritus
2472 2935 2552 2978 est
2581 2925 2620 2996 (Ι
2658 2926 2774 2978 Cor.
2807 2942 2855 2979 Vl
2878 2969 2891 2990 ,
2927 2927 3013 2996 l7)
3036 2970 3048 2992 ,
3080 2929 3155 2984 sic
3185 2930 3406 2985 viviﬁcat
3446 2941 3500 2986 ut
3529 2935 3638 3004 spi-

2063 3017 2250 3071 rituale
2279 3033 2472 3086 corpus
2508 3017 2747 3084 efﬁciat,
2793 3021 3077 3074 absumens
3105 3038 3312 3077 omnem
3341 3028 3632 3095 corruptio-

2065 3125 2184 3163 nem
2203 3152 2215 3171 ,
2248 3110 2439 3163 nullam
2469 3120 2711 3165 metuens
2736 3115 3142 3180 separationem.

2135 3201 2221 3254 12.
2265 3201 2487 3255 Proinde
2517 3203 2788 3270 sequitur:
2813 3203 2917 3257 Sed
2945 3222 3042 3257 non
3071 3206 3209 3272 prius
3229 3209 3360 3277 quod
3378 3211 3639 3280 spirituale

2064 3300 2153 3356 est,
2191 3291 2280 3345 sed
2309 3291 2442 3360 quod
2476 3291 2723 3355 animale;
2751 3304 2919 3362 postea
2950 3296 3081 3363 quod
3120 3298 3400 3364 spirituale.
3437 3300 3640 3355 Primus

2065 3384 2212 3436 homo
2242 3384 2305 3436 de
2343 3393 2494 3446 terra,
2529 3394 2791 3443 terrenus;
2819 3388 3064 3438 secum/us
3102 3389 3248 3440 homo
3276 3390 3338 3442 de
3367 3394 3508 3456 caelo,
3538 3410 3636 3447 ca:-

2065 3475 2222 3528 lestis.
2255 3473 2430 3538 Qualis
2471 3484 2711 3539 terrenus,
2743 3476 2865 3528 tales
2895 3487 2938 3529 et
2976 3479 3186 3541 terreni;
3227 3490 3270 3532 et
3303 3483 3465 3550 qualis
3495 3487 3636 3538 cccle-

2064 3566 2172 3632 stis,
2205 3563 2329 3619 tales
2364 3574 2410 3617 et
2439 3565 2673 3618 ccelestcs.
2719 3566 2862 3620 Sicut
2893 3571 3197 3638 portavimus
3237 3572 3501 3642 imaginem
3543 3586 3638 3627 trr-

2064 3656 2190 3720 reni,
2220 3664 2470 3725 portemus
2504 3666 2548 3707 et
2588 3656 2853 3725 imaginem
2881 3659 2988 3726 ejus
3024 3662 3106 3729 qui
3145 3661 3206 3712 de
3233 3663 3355 3715 ccrlo
3383 3674 3469 3715 est.
3503 3665 3635 3730 Quid

2065 3755 2166 3812 est,
2215 3745 2390 3810 Qualis
2431 3755 2671 3810 terrenus,
2706 3747 2827 3800 tales
2877 3756 2920 3800 et
2961 3751 3178 3815 terreni;
3220 3752 3338 3818 nisi,
3389 3757 3638 3810 tuorlales

2064 3856 2130 3895 ex
2155 3840 2400 3894 mortali?
2424 3852 2475 3893 et
2502 3840 2626 3910 quid
2653 3849 2754 3905 est,
2792 3840 2966 3906 Qualis
3006 3843 3232 3908 caelestis,
3270 3846 3394 3900 tales
3418 3858 3462 3900 et
3494 3849 3639 3901 cccle-

2062 3945 2204 4001 stes;
2253 3935 2373 4000 nisi,
2423 3935 2745 3987 immortales
2792 3949 2886 4002 per
2935 3936 3324 3991 immortalem?
3375 3939 3504 3994 lllud
3546 3957 3639 4011 per

2063 4027 2253 4092 Adam,
2287 4031 2386 4080 hoc
2419 4042 2509 4094 per
2535 4025 2819 4078 Christum.
2854 4026 3104 4080 Dominus
3135 4029 3272 4080 enim
3298 4029 3361 4082 ad
3404 4031 3501 4084 hoc
3536 4041 3638 4085 ter-

2062 4135 2224 4174 renus
2261 4119 2426 4172 factus
2463 4127 2564 4181 est,
2598 4134 2714 4171 cum
2751 4126 2895 4172 esset
2928 4121 3178 4187 cmlestis,
3208 4131 3263 4174 ut
3293 4138 3385 4176 eos
3412 4126 3497 4192 qui
3529 4134 3636 4180 ter-

2062 4211 2176 4266 reni
2208 4219 2376 4273 erant,
2409 4209 2602 4262 faceret
2627 4209 2902 4275 caelestes;
2935 4210 3031 4263 hoc
3057 4218 3158 4275 est,
3191 4211 3308 4265 ideo
3333 4229 3397 4268 ex
3424 4216 3636 4270 immor-

2063 4303 2157 4358 tali.
2178 4302 2415 4355 mortalis
2441 4301 2604 4354 factus
2628 4309 2727 4365 est,
2753 4301 3068 4355 assumenda
3092 4303 3226 4356 servi
3257 4303 3498 4372 formam,
3530 4325 3631 4363 non

2061 4393 2270 4447 Domini
2302 4391 2551 4444 mutando
2581 4401 2838 4457 naturam,
2874 4400 2929 4445 ut
2966 4407 3056 4446 eos
3090 4395 3177 4464 qui
3207 4397 3454 4451 mortales
3486 4413 3636 4456 erant

2062 4486 2260 4540 faceret
2289 4485 2630 4550 immortales,
2663 4485 3010 4554 impertieudo
3037 4485 3351 4543 dominicam
3387 4481 3629 4562 gratiam,

2062 4593 2168 4632 nou
2196 4578 2440 4633 servilem
2474 4577 2716 4646 iniuriam
2739 4577 3069 4632 retinendo‘.

2131 4669 2218 4725 15.
2261 4669 2389 4724 Cum
2415 4669 2572 4738 igitur
2591 4667 2657 4721 de
2681 4669 3066 4724 resurrectione
3084 4672 3324 4740 corporis
3353 4674 3632 4742 Apostolus

2061 4763 2356 4832 disputans,
2387 4759 2605 4815 doceret
2632 4770 2809 4814 nostra
2835 4775 3054 4830 corpora
3078 4763 3243 4816 futura
3275 4780 3336 4818 ex
3368 4769 3629 4835 corrupti-

2060 4853 2253 4908 bilibus
2296 4852 2729 4922 incorruptibilia,
2773 4869 2838 4906 ex
2866 4856 3352 4925 contemptibilibus
3378 4858 3626 4927 gloriosa,

2061 4960 2126 4999 ex
2143 4944 2364 4998 iulirmis
2386 4942 2560 5008 fortia,
2575 4957 2639 4998 ex
2660 4944 2969 4998 animalibus
2993 4945 3301 5014 spiritualia,
3329 4946 3427 5002 hoc
3446 4959 3545 5016 cst,
3567 4966 3629 5005 ex

2063 5038 2370 5093 mortalibus
2417 5037 2754 5105 immortalia,
2801 5039 3024 5107 subjecit
3067 5039 3204 5094 unde
3248 5041 3435 5111 agitur,
3475 5055 3632 5114 atque
3684 5027 3690 5034 ’

2062 5130 2136 5184 ait
2165 5146 2176 5182 :
2209 5127 2319 5182 Hoc
2349 5137 2514 5181 autem
2547 5128 2679 5194 dico,
2719 5128 2918 5198 fratres,
2947 5131 3064 5200 quia
3102 5147 3220 5184 caro
3249 5141 3294 5185 et
3323 5135 3526 5204 sanguis
3553 5153 3632 5190 re-

2063 5239 2216 5293 gnum
2241 5219 2336 5273 Dei
2361 5220 2612 5290 possidere
2639 5237 2738 5274 non
2772 5230 2996 5292 possunt.
3023 5222 3090 5276 Et
3125 5237 3190 5277 ne
3222 5224 3496 5296 quisquam
3532 5244 3630 5297 pu-

2064 5319 2200 5366 taret
2218 5311 2505 5365 secuudum
2529 5311 2876 5364 substantiam
2895 5311 3067 5365 carnis
3091 5311 3190 5366 hoc
3212 5317 3516 5382 Apostolum
3541 5317 3628 5372 de-

2065 5405 2289 5469 ﬁniisse,
2335 5402 2542 5473 aperuit
2583 5403 2705 5472 quid
2755 5403 2986 5469 diceret,
3037 5404 3400 5477 subjungenth
3432 5428 3443 5462 :
3476 5426 3633 5482 neque

2065 5499 2319 5569 corruptio
2347 5497 2765 5566 incorruptionem
2786 5495 3070 5567 possidebit.
3107 5497 3376 5569 Tanquam
3410 5501 3630 5571 diceret,

2065 5589 2215 5657 Quod
2235 5588 2366 5655 dixi,
2389 5588 2517 5642 Caro
2537 5597 2580 5641 ct
2604 5588 2809 5658 sanguis
2832 5603 3036 5658 regnum
3063 5587 3152 5642 Dei
3168 5606 3265 5642 non
3292 5591 3633 5660 possidebunt,

2067 5684 2188 5740 ideo
2208 5683 2335 5750 dixi,
2359 5683 2480 5753 quia
2501 5681 2755 5752 corruptio
2774 5683 3197 5751 incorruptionem
3219 5700 3316 5738 non
3343 5685 3629 5755 possidebit,

2130 5797 2147 5828 ι
2167 5802 2250 5844 Ms.
2271 5795 2490 5854 cisterc.,
2508 5799 2555 5843 et
2575 5791 2794 5844 servilem
2811 5790 3039 5853 iniuriam
3059 5791 3381 5857 perpetiendo.
