4120 6358
425 355 522 412 947

426 470 538 525 Hoc
565 483 692 538 ergo
721 466 839 521 loco
859 463 1073 520 nomine
1101 460 1277 516 carnis
1307 466 1360 511 et
1383 453 1676 526 sanguinis,
1711 451 2009 527 corruptio-

428 577 547 616 nem
579 557 919 615 mortalitatis
951 553 1166 624 intelligi
1188 551 1370 605 voluit.

500 655 587 708 14.
632 652 884 720 Denique,
915 657 1161 718 tanquam
1188 645 1235 700 ei
1266 644 1552 707 diceretur,
1575 637 1853 707 Quomodo
1886 651 2012 690 caro

430 748 552 814 erit,
585 755 636 799 ct
663 759 788 799 caro
811 757 918 797 non
947 739 1084 796 erit?
1112 723 1236 794 caro
1258 737 1450 814 quippe
1478 734 1598 800 erit,
1631 731 1880 802 quoniam
1906 729 2011 783 Do-

429 842 607 897 minus
630 845 749 908 post
774 833 1217 890 resurrectionem
1247 831 1336 895 ait,
1367 811 1656 900 Palpateet
1685 825 1864 890 videte,
1895 824 2013 895 quia

427 935 634 1004 spiritus
671 947 785 986 ossa
811 937 856 984 et
881 943 1085 982 carnem
1121 942 1222 980 non
1257 925 1420 988 habet,
1451 922 1576 977 sicut
1603 935 1681 974 me
1713 917 1888 974 videtis
1918 918 2012 970 ha-

429 1027 573 1090 bere;
614 1039 740 1081 caro
776 1031 952 1077 autem
999 1035 1103 1075 non
1140 1019 1259 1086 erit,
1288 1017 1536 1094 quoniam
1566 1031 1683 1068 caro
1726 1022 1772 1066 et
1806 1010 2014 1082 sanguis

427 1136 635 1191 regnum
657 1117 748 1172 Dei
771 1133 872 1170 non
899 1113 1220 1188 possidebunt
1243 1127 1262 1166 :
1286 1109 1500 1180 exponit
1523 1107 1646 1182 quid
1670 1106 1883 1174 dixerit,
1915 1103 2013 1158 ad-

425 1213 634 1284 jicicns,
681 1209 814 1265 Ecce
840 1208 1130 1280 mysterium
1170 1204 1305 1276 nobis
1336 1203 1467 1265 dico,
1507 1187 1673 1255 omnes
1699 1197 1898 1271 quidem
1938 1212 2014 1248 re-

428 1321 722 1377 surgemus;
755 1302 835 1359 vel
864 1302 1002 1357 sicut
1028 1299 1188 1372 ει·ωοὶ
1223 1296 1434 1351 codices
1462 1294 1674 1372 habent,
1713 1307 1880 1343 omnes
1905 1289 2015 1358 qui-

429 1401 541 1455 dem
565 1398 887 1472 dormiemus,
921 1411 1021 1449 non
1046 1403 1210 1446 tamen
1239 1406 1409 1445 omnes
1442 1385 1833 1440 immutabimur.
1869 1381 2018 1435 lianc

428 1491 852 1548 immutationem
884 1498 1060 1542 utrum
1093 1487 1144 1540 in
1173 1483 1427 1547 deterius,
1461 1496 1526 1544 an
1561 1480 1610 1533 in
1641 1477 1830 1532 melius
1855 1474 2016 1529 intel-

425 1585 513 1654 ligi
544 1581 793 1650 voluerit,
821 1578 1071 1636 inferiora
1099 1577 1484 1632 demonstrant.
1512 1570 1575 1625 In
1604 1582 1790 1634 atomo,
1818 1565 2010 1636 inquit,

427 1678 528 1732 hoc
565 1684 667 1742 est,
693 1677 744 1728 in
779 1682 977 1745 puncto
1002 1668 1276 1748 temporis,
1306 1666 1446 1738 quod
1475 1664 1635 1718 dividi
1674 1678 1779 1716 non
1806 1668 2016 1731 potest;

423 1771 478 1824 in
507 1771 608 1823 ictu
631 1767 787 1833 oculi,
811 1765 913 1822 hoc
932 1773 1013 1836 est
1036 1764 1087 1816 in
1116 1774 1322 1816 summa
1347 1757 1645 1821 celeritate;
1669 1755 1721 1808 in
1748 1751 2018 1807 novissima

426 1865 566 1930 tuba,
596 1862 698 1918 hoc
719 1870 820 1924 est,
838 1859 893 1914 in
921 1856 1211 1914 novissimo
1237 1854 1388 1924 signo
1415 1850 1556 1922 quod
1584 1848 1812 1912 dabitur,
1834 1854 1892 1900 ut
1916 1845 2016 1900 ista

424 1954 792 2032 compleantur
822 1969 836 2007 :
862 1959 1006 2020 canet
1041 1947 1174 2004 enim
1213 1947 1353 2014 tuba,
1397 1943 1583 2014 inquit,
1615 1949 1662 2004 et
1703 1939 1888 1998 mortui
1938 1953 2017 1991 re-

425 2055 631 2120 surgent
661 2042 975 2120 incorrupti,
1007 2051 1053 2095 et
1082 2057 1172 2094 nos
1215 2036 1648 2094 commutabimur.
1683 2033 1823 2102 Ergo
1862 2031 2014 2086 istam

425 2135 894 2195 commutationem
918 2117 975 2204 in
1003 2131 1188 2185 melius
1210 2130 1326 2204 sine
1354 2128 1683 2184 dubitatione
1709 2132 1917 2193 oportet
1938 2123 2017 2175 in-

425 2231 608 2301 telligi,
634 2229 755 2301 quia
778 2239 964 2292 omnes
985 2233 1038 2278 ct
1052 2222 1179 2292 justi
1202 2230 1258 2277 et
1284 2219 1463 2291 injusti
1480 2215 1830 2288 resurrecturi
1856 2221 2014 2267 sunt:

425 2325 542 2389 sed,
567 2326 703 2394 sicut
727 2319 983 2376 Dominus
1015 2318 1066 2371 in
1094 2313 1386 2384 Evangelio
1407 2311 1656 2381 loquitur,
1687 2309 1772 2378 qui
1795 2307 1915 2360 bene
1944 2309 2016 2377 [e-

425 2429 620 2483 cerunt,
650 2416 703 2469 in
739 2411 1150 2468 resurrectionem
1177 2408 1290 2466 vitae
1317 2421 1336 2461 :
1360 2405 1444 2475 qui
1474 2419 1586 2476 vero
1625 2401 1756 2456 male
1786 2405 2012 2470 egerunt,

423 2511 477 2564 in
520 2505 931 2563 resurrectionem
956 2499 1142 2572 judicii
1167 2498 1344 2571 (Joan.
1376 2512 1431 2566 γ,
1460 2494 1589 2572 ‘29);
1625 2492 1878 2564 judicium
1920 2506 2016 2558 ap-

422 2600 630 2671 pellans
658 2611 867 2668 poenam
899 2571 1301 2662 sempiternam,
1323 2588 1464 2648 sicut
1490 2571 1595 2647 alio
1626 2585 1764 2648 loco,
1797 2581 1896 2647 Qui
1918 2598 2017 2636 non

424 2692 602 2756 credit,
639 2689 828 2759 inquit,
855 2687 968 2758 jam
986 2682 1250 2756 judicatus
1290 2689 1360 2734 est
1389 2677 1503 2747 (Id.
1537 2693 1615 2744 lll,
1646 2674 1757 2745 18).
1788 2672 2016 2742 Proinde

422 2783 499 2838 illi
528 2782 615 2852 qui
647 2780 713 2835 ad
738 2778 994 2849 judicium
1025 2771 1376 2834 resurrecturi
1405 2777 1549 2836 sunt,
1585 2783 1688 2822 non
1719 2773 2016 2840 commuta-

423 2876 620 2931 buntur
661 2875 711 2930 in
741 2872 882 2926 illam
924 2865 1340 2936 incorruptelam
1369 2877 1488 2933 qua:
1521 2875 1630 2932 .nec
1656 2857 1856 2913 doloris
1892 2872 2015 2912 cor-

423 2966 724 3038 ruptioncm
751 2963 860 3034 pati
891 2968 1083 3033 potest.
1118 2958 1208 3012 llla
1235 2970 1464 3024 namque
1492 2951 1725 3024 ﬁdelium
1753 2959 1833 3004 est
1857 2959 2019 3017 atque

423 3066 727 3114 sanctorum
754 3073 768 3110 :
797 3055 880 3109 isti
906 3068 1033 3108 vero
1061 3057 1310 3122 perpetua
1331 3046 1671 3115 corruptione
1695 3041 2015 3116 cruciabuu-

423 3162 538 3217 tur;
573 3150 698 3226 quia
729 3147 865 3220 ignis
908 3159 1092 3202 eorum
1135 3157 1239 3197 non
1291 3140 1678 3208 exstinguetur,
1730 3144 1785 3190 et
1822 3136 2016 3198 vermis

425 3259 613 3299 eorum
636 3256 741 3296 non
765 3239 1020 3292 morietur
1042 3232 1174 3310 (Isai
1199 3247 1341 3296 vat,
1365 3229 1480 3300 24).

487 3335 576 3390 15.
617 3328 754 3401 Quid
775 3329 873 3384 sibi
896 3343 1022 3399 ergo
1043 3325 1152 3380 vult
1183 3324 1280 3377 ista
1306 3318 1600 3384 distinctio,
1630 3315 1697 3370 Et
1723 3314 1905 3390 mortui
1931 3331 2013 3368 re-

423 3434 627 3498 surgent
670 3419 970 3489 incorrupti,
1023 3427 1066 3471 et
1124 3432 1214 3470 nos
1250 3408 1706 3474 commutabimur;
1754 3407 1852 3482 nisi
1892 3404 2018 3486 quia

423 3497 612 3575 omnes
648 3512 941 3582 incorrupti
987 3513 1285 3576 resurgent,
1325 3501 1419 3557 sed
1462 3517 1530 3577 es
1579 3500 1659 3552 bis
1700 3499 1858 3553 etiam
1886 3497 2015 3567 justi

423 3600 843 3660 immutabuntur
864 3597 915 3650 in
939 3595 1079 3649 illam
1105 3585 1515 3658 incorruptelam
1533 3583 1616 3640 coi
1637 3584 1853 3636 omnino
1875 3583 2014 3636 nulla

422 3693 593 3766 possit
620 3704 814 3745 nocere
841 3681 1145 3754 corruptio?
1177 3685 1252 3736 Ac
1289 3695 1385 3750 per
1414 3679 1535 3744 hoc,
1559 3677 1646 3750 qui
1681 3676 1730 3728 in
1760 3690 1879 3746 eam.
1908 3691 2013 3728 non

424 3781 912 3846 commutabuntur,
936 3773 1228 3844 incorrupti
1258 3770 1470 3842 quidem
1502 3775 1776 3837 resurgunt
1800 3766 2015 3838 integri,-

426 3884 534 3932 tate
559 3874 941 3934 membrorum,
964 3867 1059 3923 sed
1091 3877 1270 3940 tamen
1293 3858 1667 3930 corrumpendi
1689 3856 1878 3930 dolore
1901 3872 2015 3926 poe-

425 3985 637 4035 narum,
669 3981 789 4020 cum
821 3961 1124 4018 audierint:
1154 3957 1255 4024 Ite,
1288 3952 1561 4018 maledicti,
1594 3951 1646 4004 in
1676 3953 1841 4022 ignem
1866 3960 2014 4004 teter-

425 4081 566 4128 num,
590 4041 676 4136 qui
699 4067 904 4132 paratus
925 4064 994 4111 est
1019 4051 1220 4109 diabolo
1240 4059 1284 4103 et
1305 4047 1497 4120 angelis
1524 4045 1631 4116 ejus
1653 4041 1867 4112 (Matth.
1884 4058 2011 4112 xxv,

425 4159 538 4230 ti).
562 4135 609 4211 Α
630 4169 735 4230 quo
766 4152 945 4207 auditu
981 4148 1119 4203 tnalo
1136 4146 1310 4216 justus
1335 4157 1440 4214 non
1471 4137 1675 4193 titnebit
1696 4135 1864 4208 (l’sal.
1897 4151 2010 4210 cxi,

426 4228 505 4322 7).
531 4249 605 4302 De
632 4228 720 4300 illa
742 4259 871 4302 vero
892 4235 1304 4316 commutatione
1330 4233 1594 4303 justorutn
1623 4245 1742 4284 cum
1771 4228 2012 4296 dixisset,

427 4319 518 4395 nos
555 4334 1004 4397 commutabimur;
1055 4336 1299 4397 tanquam
1344 4335 1704 4393 qumrcrcmus
1748 4319 2016 4397 quomodo

429 4429 567 4484 istud
610 4428 719 4494 tiat,
758 4425 839 4480 vel
878 4421 1048 4492 qualis
1093 4389 1176 4472 illa
1208 4389 1552 4471 commutatio
1576 4389 1779 4481 {futui-av
1798 4412 1883 4474 sit,
1917 4389 2013 4463 ad<

426 4519 597 4591 jungit
631 4527 684 4570 ct
709 4515 877 4569 dicit:
919 4508 1128 4581 Oportet
1168 4508 1300 4560 enim
1340 4502 1662 4574 corruptibile
1689 4501 1782 4554 hoc
1808 4500 2018 4554 induere

428 4607 836 4681 incorruptetam,
873 4613 920 4660 et
952 4601 1163 4676 mortale
1203 4599 1295 4652 hoc
1339 4597 1544 4650 induere
1587 4594 2016 4674 inmortalitatem

428 4707 470 4777 (l
499 4702 616 4759 Cor.
646 4716 737 4764 xv,
766 4694 972 4769 55-55).
1013 4693 1151 4759 Non,
1198 4700 1254 4744 ιιι
1293 4689 1500 4759 opinor,
1544 4685 1890 4752 dubitandum
1933 4695 2017 4770 est

426 4793 718 4851 secundum
746 4790 847 4844 hoc
868 4788 1089 4850 dictum,
1119 4779 1248 4838 Caro
1276 4789 1320 4834 et
1341 4778 1544 4849 sanguis
1563 4793 1771 4848 regnum
1799 4775 1888 4828 Dei
1915 4762 2014 4829 non

428 4886 766 4960 possidebunt,
802 4881 921 4952 quia
951 4895 1055 4942 non
1088 4876 1155 4930 ibi
1195 4875 1295 4928 erit
1334 4870 1604 4940 corruptio
1639 4878 1693 4923 ct
1722 4867 2014 4922 mortalitas

426 4958 601 5033 carnis
635 4985 690 5032 et
722 4970 994 5044 sanguinis
1024 4986 1037 5022 :
1067 4964 1361 5024 secundum
1392 4960 1487 5016 has
1526 4960 1667 5015 enim
1708 4958 2010 5030 qualitates,

425 5073 526 5127 hoc
555 5071 672 5124 loco
699 5080 914 5121 carnem
945 5069 998 5116 et
1024 5059 1330 5128 sanguinem
1361 5053 1704 5122 nuncupavit.

497 5163 585 5218 l6.
633 5157 928 5226 Quocirca,
974 5160 1032 5206 ut
1077 5148 1275 5220 aliquid
1317 5146 1545 5220 exempli
1601 5143 1770 5215 gratia
1819 5157 2010 5212 ponam

425 5254 564 5328 quod
609 5251 819 5309 interim
857 5250 1091 5305 occurrit
1123 5261 1134 5296 :
1168 5245 1304 5297 sicut
1342 5241 1598 5308 scriptum
1642 5245 1743 5294 est.
1777 5234 1859 5289 Ne
1884 5240 2014 5307 forte

425 5345 679 5403 tentaverit
721 5358 810 5400 nos
856 5339 945 5414 qui
995 5345 1172 5404 tentat,
1224 5345 1268 5388 et
1321 5333 1487 5388 inanis
1540 5331 1604 5386 sit
1659 5330 1801 5384 labor
1845 5340 2014 5406 noster

425 5441 464 5512 (1
496 5438 677 5495 Thess.
706 5452 781 5503 nt,
807 5432 898 5506 51)
925 5449 941 5501 ;
974 5440 1134 5501 atque
1161 5427 1248 5483 hic
1274 5427 1585 5497 intelligitur
1606 5424 1865 5490 diabolus,
1897 5433 2012 5477 tan-

424 5549 580 5603 quam
604 5531 745 5586 Deus
770 5526 991 5583 omnino
1015 5539 1123 5579 non
1156 5529 1338 5590 tentet,
1375 5520 1439 5588 de
1460 5534 1564 5590 quo
1593 5517 1698 5570 alio
1724 5517 1840 5571 loco
1870 5515 2012 5588 Seri:

426 5637 577 5695 ptura
605 5623 754 5689 dicit,
781 5619 907 5695 Ipse
925 5627 1094 5674 autem
1123 5615 1368 5682 neminem
1399 5621 1549 5664 tentat
1580 5608 1781 5681 (Jacobi
1812 5625 1846 5668 ι.
1878 5608 1964 5682 15)
1993 5627 2007 5664 :

425 5735 523 5774 nec
550 5714 814 5772 contraria
846 5723 928 5768 est
962 5713 1062 5766 ista
1091 5706 1354 5763 sententia
1383 5704 1430 5760 ei
1457 5717 1560 5774 qua
1585 5702 1797 5762 dicitur,
1828 5700 2010 5755 Tentat

424 5827 509 5868 nos
534 5806 785 5866 Dominus
808 5802 950 5860 Deus
978 5809 1135 5857 vester
1168 5797 1347 5872 (Deut.
1373 5812 1490 5866 mi,
1523 5796 1614 5867 3);
1662 5795 1754 5850 sed
1785 5794 2011 5850 solvitur

1656 340 1711 393 S.
1752 335 2117 393 AUGUSTINI
2158 337 2452 394 EPISCOPI

3595 338 3716 399 948'

2119 453 2364 522 qua'stio,
2401 469 2520 508 cum
2552 455 2864 510 vocabulum
2897 457 3200 520 tentationis
3225 457 3465 530 diversas
3495 460 3699 532 intelli-

2117 545 2320 614 gentias
2351 546 2559 610 habeat,
2597 563 2664 603 eo
2687 549 2828 619 quod
2862 550 2962 603 alia
3002 551 3070 605 sit
3101 553 3320 607 tentatio
3345 520 3696 623 dcc-optionis,

2119 637 2216 690 alia
2247 639 2468 692 tentatio
2497 640 2854 723 probationis;
2881 644 3166 720 scentulum
3197 645 3337 728 illam
3363 663 3466 724 non
3499 647 3700 720 intelli-

2118 731 2259 802 gitur
2284 733 2372 802 qui
2399 740 2583 798 tentat,
2632 736 2730 814 nisi
2753 717 3030 820 'diabp'luls,
3071 717 3378 820 secundum“
3401 717 3538 820 bane
3574 717 3702 820 vero

2118 833 2287 878 teutat
2317 825 2455 879 Deus
2484 843 2496 878 :
2526 825 2596 881 ita
2617 811 2742 894 cum,
2767 807 2978 902 dicitur,
3011 807 3146 912 Cario
3484 807 3705 912 regnum

2121 916 2236 985 Dei,
2261 927 2333 985 ct,
2355 918 2492 974 Caro
2521 937 2623 975 non
2656 899 2945 994 possidebit
2972 895 3194 1002 regll‘lllljt!
3214 899 3306 1000 Dei
3323 895 3520 1004 {etiam

2121 1011 2351 1113 nominis
2395 1013 2736 1113 intelligentia
2763 1005 3113 1088 discernatur,
3157 1028 3210 1084 et
3245 1021 3387 1096 nulla}
3425 1023 3530 1094 egi;
3554 1038 3704 1099 ψῃ-

2120 1103 2263 1157 stio‘:
2297 1107 2544 1192 quoniam
2583 1121 2706 1178 caro
2752 1110 3042 1186 secundum
3088 1093 3454 1190 substantiam,
3509 1093 3706 1185 secun-

2119 1195 2245 1250 dum
2287 1189 2443 1268 quam
2489 1198 2685 1270 dictum
2725 1208 2827 1265 est,
2868 1179 3245 1278 Spiritusiossa
3287 1183 3334 1268 et
3368 1179 3708 1276 gementum

2121 1289 2286 1354 habet,
2315 1290 2442 1360 sicut
2470 1308 2547 1354 me
2576 1292 2751 1348 videtis
2779 1293 2978 1360 habere,
3012 1295 3302 1370 possidebit
3328 1312 3553 1371 regunt“
3578 1299 3708 1366 Dei;

2120 1396 2244 1434 caro
2273 1391 2447 1436 autem
2478 1398 2602 1456 cum,
2627 1384 2916 1462 secturdutn
2952 1388 3350 1466 corruptioqetn
3374 1390 3704 1462 intelligitur,

2121 1488 2224 1525 non
2254 1474 2564 1552 passidcbit.
2594 1475 2705 1531 Hoc
2731 1477 2871 1532 enim
2898 1479 3197 1554 expositum
3233 1490 3314 1554 est
3347 1496 3467 1540 cum
3495 1481 3706 1540 dicere-

2123 1574 2225 1633 tur,
2254 1564 2383 1638 Caro
2411 1579 2456 1620 et
2480 1570 2686 1648 sanguis
2705 1587 2916 1652 regnum
2946 1570 3043 1638 Dei
3067 1589 3166 1650 ita”
3192 1573 3532 1647 possidebunt,
3563 1574 3618 1644 in,
3642 1589 3711 1644 eo

3653 1637 3660 1644 ι

2121 1660 2260 1728 quod
2299 1662 2550 1714 continuo
2594 1663 2830 1716 additum
2867 1673 2967 1730 est,
2999 1681 3156 1735 neque
3191 1667 3447 1736 corruptio
3477 1667 3710 1739 inpari-ui-

2122 1753 2338 1858 ptionem
2371 1754 2675 1821 possidebit;
2701 1755 2837 1818 sicut
2860 1757 3010 1824 satis,
3041 1767 3295 1832 quantum
3322 1760 3570 1833 arbitror,
3598 1759 3711 1835 dis-

2120 1863 2404 1920 seruntnus.

2193 1939 2418 2023 CAPUT
2450 1939 2533 2018 Ill.
2557 1941 2742 2018 -,17.,
2779 1940 2930 2020 Quod
2951 1951 3126 2014 autem
3147 1943 3364 2016 quzcris,
3398 1952 3572 2015 utrum
3600 1944 3710 2004 siu-

2122 2031 2346 2100 gillatim
2371 2048 2399 2083 a
2427 2041 2665 2102 creatore
2691 2035 2796 2109 Deo
2817 2049 3100 2111 corporum
3127 2036 3444 2104 lineamenta
3467 2037 3708 2107 [oraren-

2123 2131 2235 2189 tur;
2261 2139 2364 2178 non
2390 2133 2441 2180 te
2460 2127 2713 2200 movebit,
2739 2127 2787 2200 si
2804 2136 3057 2200 quantum
3083 2138 3254 2198 potest
3277 2130 3504 2200 tuumne
3532 2147 3706 2199 tuens,

2121 2215 2410 2290 potentiam
2464 2216 2656 2282 divina;
2709 2221 3032 2295 operationis
3086 2219 3367 2292 intelligas.
3430 2223 3708 2289 Quomodo

2121 2306 2262 2359 enim
2307 2322 2502 2378 negare
2553 2310 2842 2386 poterimus
2899 2312 3070 2383 Deum
3115 2313 3273 2384 etiam
3321 2331 3458 2382 nunc
3497 2316 3708 2384 operari

2121 2410 2310 2453 cuncta
2359 2416 2477 2470 quae
2531 2385 2802 2478 creantur,
2853 2419 2972 2478 cum
3027 2385 3280 2478 Dominus
3322 2408 3513 2472 dicat;
3557 2408 3709 2472 Pater

2120 2506 2259 2543 meus
2299 2506 2452 2561 usque
2492 2509 2626 2562 nunc
2665 2506 2900 2566 operatur
2930 2495 3105 2568 (Joan.
3137 2513 3192 2566 ιζ,
3227 2500 3290 2554 17
3317 2497 3377 2572 )?
3426 2500 3575 2565 Unde
3619 2503 3708 2567 illa

2120 2581 2348 2648 cessatio
2386 2585 2596 2652 septimi
2618 2584 2724 2640 diei
2751 2586 2820 2650 ab
2847 2586 2974 2656 ipsis
3001 2590 3204 2646 naturis
3231 2591 3522 2654 condendis
3548 2594 3707 2655 intel-

2121 2673 2333 2754 ligenda!
2357 2684 2438 2732 est
2467 2675 2623 2743 facta,
2658 2693 2760 2731 non
2789 2678 2856 2732 ab
2893 2694 3076 2734 earum
3106 2681 3561 2747 administratione
3587 2701 3707 2754 qua:

2119 2765 2347 2820 conditae
2377 2767 2699 2836 referuntur.
2738 2771 2869 2828 Cum
2895 2786 3022 2841 ergo
3048 2783 3236 2840 natura
3264 2790 3444 2836 rerum
3485 2792 3513 2830 a
3547 2778 3708 2838 απελ-

2121 2864 2236 2930 tore
2274 2857 2696 2929 administratur,
2737 2871 2792 2918 et
2823 2879 2915 2936 per
2941 2865 3161 2933 ordines
3191 2868 3465 2936 praeﬁnitis
3487 2841 3624 2929 locis
3654 2880 3709 2927 et

2121 2951 2446 3024 temporibus
2481 2952 2591 3006 suis
2633 2961 2819 3020 cuncta
2856 2964 3164 3026 nascuntur,
3195 2958 3335 3022 Deus
3375 2975 3540 3029 usque
3569 2978 3707 3020 nunc

2119 3053 2387 3114 operatur.
2418 3043 2550 3097 Nam
2593 3044 2636 3100 si
2674 3045 2814 3117 Deus
2847 3061 2986 3114 nunc
3027 3048 3124 3102 ista
3165 3065 3268 3120 non
3311 3049 3522 3117 format,
3573 3070 3709 3123 quo-
3804 3081 3808 3087 -

2120 3135 2278 3194 modo
2302 3137 2508 3206 legitur,
2541 3136 2846 3209 Priusquam
2875 3151 2921 3194 te
2945 3141 3214 3210 formarem
3239 3145 3292 3204 in
3317 3155 3456 3204 utero
3474 3191 3488 3212 ,
3513 3150 3625 3206 novi
3661 3162 3709 3204 te

2121 3226 2327 3294 (Jerem.
2360 3244 2398 3291 ι,
2427 3230 2516 3300 5)!
2545 3231 2812 3300 quomodo
2850 3232 3008 3288 etiam
3043 3236 3206 3304 accipi
3254 3246 3446 3305 potest,
3489 3240 3634 3304 Quod
3663 3243 3708 3297 si

2120 3322 2292 3394 fenum
2320 3324 2451 3394 agri,
2477 3324 2610 3390 quod
2637 3324 2786 3379 hodie
2808 3336 2900 3392 est,
2927 3337 2972 3379 et
2988 3343 3099 3390 cras
3121 3329 3174 3388 in,
3195 3329 3446 3389 clibanum
3472 3334 3706 3402 mittitur,

2122 3414 2258 3468 Deus
2289 3416 2362 3469 sic
2392 3417 2532 3470 vestit
2557 3416 2765 3490 (Matth.
2785 3434 2856 3485 γι,
2892 3419 3026 3488 5οη
3056 3420 3163 3480 Nisi
3207 3420 3344 3480 forte
3377 3425 3705 3491 credendum

2119 3517 2218 3573 est,
2256 3508 2430 3562 fenum
2472 3525 2503 3566 a
2536 3511 2646 3578 Deo
2675 3512 2875 3576 vestiri,
2909 3521 2962 3566 et
2996 3529 3025 3568 a
3060 3514 3172 3570 Deo
3201 3531 3425 3586 corpora
3467 3535 3570 3574 non
3599 3521 3708 3574 for-

2119 3600 2284 3664 mari!
2314 3601 2446 3656 Cum
2481 3603 2622 3670 enim
2653 3603 2804 3666 dixit,
2837 3607 2996 3669 vestit,
3035 3621 3138 3674 non
3166 3608 3232 3666 de
3263 3609 3528 3676 praeterita
3557 3613 3706 3666 ordi-

2118 3694 2352 3766 natione,
2374 3693 2464 3748 sed
2487 3694 2554 3748 de
2572 3696 2817 3764 praesenti
2841 3697 3146 3764 operatione
3164 3700 3292 3761 satis
3314 3701 3529 3759 indicat.
3553 3702 3706 3766 Unde

2069 3819 2076 3824 ι
2119 3794 2202 3854 est,
2245 3787 2406 3846 etiam
2451 3787 2579 3850 illud
2622 3789 2861 3856 Apostoli
2901 3787 2967 3850 de
3010 3791 3320 3857 seminibus,
3359 3795 3500 3863 quod
3543 3811 3705 3863 supra

2118 3878 2531 3940 commemoravi
2559 3897 2576 3940 ε,
2604 3876 2745 3943 Non,
2773 3879 2958 3956 inquit,
2983 3896 3165 3950 corpus
3189 3884 3321 3950 quod
3348 3888 3578 3952 futurum
3607 3898 3700 3952 est,

2117 3971 2354 4035 seminus,
2381 3969 2470 4022 sed
2495 3969 2686 4036 nudum
2709 3987 2944 4052 granum,
2978 3981 3032 4024 ut
3061 3983 3180 4041 puta
3220 3975 3389 4040 tritici,
3422 3987 3508 4030 aut
3536 3977 3704 4033 alicu-

2109 4061 2199 4132 jus
2230 4071 2520 4114 cceterorum
2540 4077 2560 4125 ;
2602 4061 2741 4116 Deus
2778 4073 2943 4116 autent
2981 4063 3058 4117 illi
3096 4065 3183 4126 dat
3222 4083 3424 4136 corpus,
3451 4073 3702 4137 quomodo

2120 4153 2348 4216 voluerit.
2393 4155 2506 4208 Non
2536 4155 2687 4222 dixit,
2719 4156 2891 4223 Dedit,
2945 4168 3054 4223 aut,
3087 4158 3378 4227 disposuit;
3423 4163 3540 4235 sed,
3573 4164 3658 4223 dat
3686 4181 3705 4220 :

2119 4260 2176 4304 nt
2204 4248 2512 4316 Creatorem
2547 4249 2811 4320 intelligas
2837 4251 3127 4312 efficaciam
3167 4254 3441 4323 sapientia:
3471 4273 3582 4314 sua:
3613 4274 3704 4316 rc-

2119 4344 2237 4410 bus,
2265 4361 2381 4412 qua:
2410 4345 2646 4413 quotidie
2673 4345 2785 4402 suis
2813 4347 3139 4414 temporibus
3166 4347 3428 4415 oriuntur,
3461 4325 3703 4405 conden-

2119 4437 2202 4492 dis
2229 4438 2500 4516 adbibere.
2531 4439 2600 4492 De
2623 4454 2724 4507 qua
2751 4439 3006 4507 sapientia
3031 4441 3229 4495 dictum
3257 4452 3358 4509 est,
3383 4441 3649 4509 Pertendit
3668 4463 3702 4498 a

2117 4531 2220 4597 ﬁne
2246 4546 2402 4597 usque
2438 4530 2491 4582 in
2529 4530 2679 4598 ﬁnem
2708 4532 2900 4600 fortiter
2929 4547 2946 4584 :
2971 4541 3023 4584 ct
3065 4549 3165 4586 non
3211 4533 3363 4601 dixit,
3395 4535 3701 4606 Disposuit;

2119 4621 2232 4685 sed,
2263 4623 2482 4691 disponit
2511 4622 2679 4676 omnia
2704 4623 2922 4676 suaviter
2948 4621 3099 4694 (Sap.
3133 4641 3244 4689 VIII,
3271 4626 3349 4696 l).
3373 4627 3590 4681 Multum
3620 4637 3707 4684 est

2121 4725 2296 4772 autem
2330 4714 2412 4767 vel
2453 4712 2679 4773 tenuiter
2705 4728 2892 4782 sapere
2920 4715 3185 4783 quomodo
3227 4719 3619 4773 commutabih'a
3651 4729 3708 4776 et

2121 4805 2448 4876 temporalia,
2477 4821 2581 4862 non
2597 4805 3057 4860 commutabilibus
3080 4817 3133 4861 et
3157 4809 3532 4877 temporalibus
3549 4810 3707 4866 Crea-

2120 4898 2253 4956 toris
2280 4896 2530 4961 motibus,
2557 4896 2651 4952 scd
2672 4905 2867 4950 acterna
2892 4908 2946 4953 et
2970 4899 3143 4952 stabili
3167 4901 3358 4964 virtute
3379 4902 3702 4958 condantur.

2188 4987 2416 5046 CAPUT
2459 4987 2543 5040 IV.
2573 4987 2753 5046 —-l8.
2799 4989 2872 5044 De
2914 4989 3003 5044 illo
3045 5006 3174 5044 sane
3202 4992 3344 5060 quod
3381 5005 3704 5061 percontan-

2117 5079 2242 5142 dum
2265 5080 2482 5148 putasti,
2506 5090 2680 5134 utrum
2708 5079 2952 5148 baptizati
2989 5096 3196 5145 omnes,
3229 5083 3272 5136 si
3301 5084 3502 5153 absque
3530 5086 3696 5152 pteni-
3774 5101 3778 5104 ’

2117 5172 2302 5236 tentia,
2338 5170 2569 5226 diversis
2610 5169 2922 5227 criminibus
2951 5172 3139 5244 irretiti
3183 5173 3250 5228 de
3289 5189 3515 5244 corpore
3553 5179 3702 5232 exie-

2118 5263 2244 5327 rint,
2265 5264 2472 5324 veuiam
2493 5263 2729 5332 quolibet
2745 5273 2982 5333 tempore
2997 5268 3334 5321 consecuturi
3359 5269 3482 5332 sint,
3510 5270 3702 5323 librum

2118 5373 2225 5416 non
2249 5373 2425 5427 parva:
2447 5358 2752 5427 quantitatis
2765 5358 2873 5427 jam
2896 5361 3081 5428 scripsi
3110 5361 3214 5431 (a);
3247 5378 3404 5431 quem
3433 5364 3702 5420 sidescri-

2117 5449 2243 5504 bere
2268 5449 2562 5515 curaveris,
2588 5448 2812 5506 fortasse
2840 5450 2968 5504 nihil
2995 5450 3215 5507 ulterius
3240 5453 3366 5507 hinc
3394 5457 3654 5524 requires.

2190 5545 2276 5602 19.
2321 5544 2408 5598 Vis
2446 5545 2607 5600 etiam
2650 5560 2743 5612 per
2776 5559 2862 5600 me
2896 5544 3033 5598 scire
3071 5555 3246 5602 utrum
3286 5547 3379 5601 Dei
3419 5547 3573 5602 ﬂatus
3611 5548 3700 5604 ille

2119 5638 2170 5692 in
2200 5638 2401 5706 Adam,
2437 5639 2576 5694 idem
2616 5639 2730 5708 ipse
2755 5639 2825 5693 sit
2872 5639 3068 5693 anima.
3098 5639 3334 5695 Breviter
3360 5641 3696 5712 respondeo:

2178 5797 2250 5860 (α)
2275 5798 2370 5846 Lib.
2396 5795 2459 5846 de
2483 5795 2591 5845 Fide
2617 5803 2664 5846 et
2687 5798 2936 5863 Operibus.
