4120 6358
483 359 578 417 est
1073 316 1075 319 ’
1722 355 1780 412 s.
1811 353 2179 412 AUGUSTINI
2219 354 2515 415 Eptscort

484 484 552 530 tet
596 477 762 530 venire
801 475 1046 531 scandala
1074 491 1093 530 :
1117 490 1190 530 vat
1234 484 1402 528 autem
1445 473 1638 527 homini
1665 473 1743 527 illi
1779 490 1868 545 per
1912 491 2064 546 quem

481 567 779 621 scandalum
805 568 933 622 venit
951 566 1160 641 (Matth.
1188 582 1335 632 mu,
1366 566 1449 636 7)!
1480 565 1577 634 Qui
1605 575 1729 621 sunt
1753 566 1855 637 ipsi
1886 568 2061 622 homi-

481 675 600 729 nes,
627 659 728 716 nisi
756 660 824 716 de
843 661 1035 732 quibus
1065 659 1194 715 dicit
1235 659 1522 730 Apostolus
1560 676 1573 713 :
1606 657 1716 715 Sua
1744 671 2023 731 quaerentes
2043 702 2058 726 ,

480 769 584 807 non
610 767 724 824 qua
746 751 870 808 Iesu
891 751 1074 807 Christi
1095 750 1351 825 (Philipp.
1381 769 1436 820 ιι,
1467 751 1582 824 21).
1638 753 1742 807 Alii
1779 762 1906 807 sunt
1933 768 2064 824 ergo

480 845 571 916 qui
599 853 874 916 propterea
899 853 1080 899 tenent
1120 844 1410 914 pastorales
1437 843 1742 911 cathedras,
1778 852 1835 898 ut
1862 844 2062 899 Christi

479 939 731 1012 gregibus
758 937 1072 1004 consulant;
1105 937 1195 992 alii
1217 951 1344 993 vero
1365 936 1452 1008 qui
1485 946 1762 1007 propterea
1793 937 1846 992 in
1881 940 1958 992 eis
1978 951 2064 992 se-

479 1029 628 1098 dent,
661 1039 720 1086 ut
766 1029 877 1085 suis
928 1029 1218 1085 honoribus
1240 1029 1620 1100 temporalibus
1668 1038 1722 1084 et
1767 1029 2062 1085 commodis

478 1120 821 1177 saecularibus
845 1121 1121 1191 gaudeant.
1148 1120 1250 1174 ista
1278 1120 1384 1176 duo
1405 1135 1597 1190 genera
1629 1131 1919 1190 pastorum,
1942 1121 2062 1176 aliis

477 1210 848 1278 morientibus,
881 1211 1000 1266 aliis
1029 1211 1389 1276 nascentibus,
1439 1212 1490 1266 in
1516 1211 1630 1283 ipsa
1659 1209 1933 1266 Catholica
1963 1227 2059 1266 ne-

477 1317 628 1358 cesse
653 1311 736 1358 est
763 1318 927 1374 usque
952 1303 1018 1358 ad
1047 1303 1206 1359 ﬁnem
1234 1304 1416 1358 saeculi
1447 1313 1502 1358 et
1538 1319 1704 1375 usque
1741 1304 1806 1359 ad
1851 1305 2061 1360 Domini

471 1396 729 1466 judicium
751 1407 1110 1466 perseverent.
1141 1396 1195 1452 Si
1223 1397 1366 1451 enim
1408 1397 1733 1466 temporibus
1777 1397 2062 1467 Apostolo-

475 1508 592 1548 rum
617 1491 831 1548 l'uerunt
859 1493 1010 1557 tales,
1043 1493 1180 1547 inter
1201 1506 1336 1562 quos
1363 1492 1522 1546 falsos
1561 1490 1752 1545 fratres
1774 1491 2062 1562 Apostolus

475 1593 733 1654 gemeret,
759 1591 813 1638 et
837 1582 1061 1641 diceret.
1079 1581 1329 1636 Periculis
1354 1581 1406 1635 in
1418 1582 1564 1653 falsis
1586 1581 1826 1652 fratribus
1845 1581 1909 1655 (Il
1939 1580 2056 1636 Cor.

478 1691 556 1743 xt,
584 1676 707 1746 26);
758 1690 855 1730 nec
884 1691 978 1731 eos
1009 1690 1102 1744 per
1149 1675 1451 1744 superbiam
1500 1683 1792 1744 separaret,
1829 1674 1922 1729 sed
1967 1691 2062 1745 per

478 1768 810 1824 tolerantiam
837 1767 1160 1832 sustineret;
1190 1775 1389 1836 quanto
1419 1767 1587 1836 magis
1615 1765 1940 1835 temporibus
1967 1781 2063 1821 no-

473 1861 600 1916 stris
626 1875 843 1916 uecesse
859 1868 941 1914 est
973 1869 1028 1914 ut
1049 1861 1175 1924 sint,
1195 1873 1312 1914 cum
1327 1858 1394 1912 de
1415 1867 1656 1928 tempore
1679 1857 1835 1928 hujus
1856 1858 2057 1925 saeculi,

474 1954 621 2023 quod
667 1956 985 2025 propinquat
1022 1953 1086 2008 ad
1121 1953 1301 2020 tinent,
1336 1953 1669 2024 apertissime
1699 1953 1954 2007 Dominus
1983 1953 2064 2008 di-

477 2054 564 2100 cat
594 2062 605 2096 :
639 2043 892 2109 Quoniam
917 2043 1193 2098 abundabit
1219 2043 1481 2114 iniquitas,
1528 2045 1812 2116 refrigescet
1843 2045 2062 2098 charitas

474 2136 788 2190 multorum?
817 2135 923 2191 Sed
952 2135 1091 2206 quod
1131 2137 1390 2206 sequitur,
1424 2150 1520 2190 nos
1541 2135 1699 2190 debet
1719 2136 1980 2190 consolari
2008 2148 2064 2191 et

474 2226 746 2281 exhortari
782 2245 794 2280 :
826 2227 927 2292 Qui
959 2228 1361 2296 perseveraverit,
1387 2227 1571 2296 inquit,
1607 2242 1764 2297 usque
1803 2227 1855 2280 in
1885 2229 2058 2297 ﬁnem,

475 2317 557 2371 hic
587 2319 756 2373 salvus
781 2323 872 2371 erit
905 2317 1115 2390 (Matth.
1147 2334 1294 2382 xxw,
1331 2318 1416 2383 1‘2,
1450 2317 1561 2388 15).

543 2409 596 2464 3.
638 2407 976 2464 Sicutautem
999 2417 1120 2463 sunt
1139 2419 1382 2480 pastores
1402 2409 1525 2463 boni
1547 2418 1600 2462 et
1628 2409 1774 2474 mali,
1796 2410 1873 2464 sic
1899 2411 2061 2465 etiam

472 2499 526 2553 in
555 2499 684 2569 ipsis
709 2499 954 2569 gregibus
997 2509 1200 2553 suntet
1240 2500 1362 2554 boni
1399 2510 1451 2554 et
1502 2500 1644 2553 mali.
1679 2500 1833 2566 Boni,
1881 2501 2060 2556 ovium

473 2592 696 2646 nemine
739 2591 1288 2660 signiﬁcantur;mali
1319 2607 1466 2658 vero,
1510 2592 1650 2646 hmdi
1689 2593 2058 2662 appellantur:

473 2684 567 2738 sed
597 2684 870 2738 eommixti
909 2685 1110 2754 pariter
1138 2695 1378 2754 pascunt,
1410 2685 1582 2740 donec
1613 2685 1789 2740 veniat
1818 2685 2062 2755 princeps

472 2777 876 2848 pastorum,qui
906 2775 1080 2832 dictus
1096 2786 1178 2831 est.
1200 2793 1332 2831 unus
1364 2776 1547 2830 Pastor
1577 2774 1754 2850 (Joan.
1781 2793 1838 2842 x,
1860 2774 1979 2850 16);
2009 2785 2063 2832 et

471 2869 918 2941 quemadmodum
944 2872 1056 2939 ipse
1075 2870 1335 2939 promisit,
1354 2879 1563 2938 separet
1583 2871 1720 2925 sicut
1741 2881 1919 2941 pastor
1933 2886 2062 2927 oves

471 2962 538 3016 ab
585 2961 758 3016 hmdis
803 2961 1016 3035 (Matth.
1047 2978 1178 3026 xxv,
1222 2962 1336 3034 32).
1385 2962 1548 3020 Nobis
1591 2957 1733 3018 enim
1783 2964 2062 3033 imperavit

468 3057 957 3126 ccugrrgationem,
993 3054 1094 3108 sibi
1137 3064 1314 3110 autem
1347 3057 1578 3110 servavit
1625 3057 2054 3125 separatinnem:

468 3147 590 3220 quia
613 3147 701 3201 ille
725 3147 884 3201 debet
925 3161 1194 3216 separare,
1239 3147 1331 3216 qui
1380 3148 1550 3202 nescit
1574 3162 1776 3202 errare.
1807 3147 1940 3202 Nam
1969 3151 2057 3219 qui

467 3252 715 3309 separare
753 3249 874 3293 ante
921 3249 1148 3308 tempus,
1172 3238 1313 3309 quod
1356 3240 1459 3294 sibi
1505 3240 1761 3296 Dominus
1801 3245 2052 3311 servavit,

465 3333 681 3405 superbi
707 3337 844 3388 servi
872 3333 1024 3389 facile
1059 3335 1171 3388 ausi
1199 3342 1354 3398 sunt;
1408 3335 1506 3404 ipsi
1535 3337 1707 3405 potius
1737 3337 1806 3391 ab
1850 3339 2057 3393 unitate

466 3426 726 3481 catholica
771 3427 999 3496 separati
1044 3434 1169 3481 sunt
1216 3443 1230 3480 :
1278 3442 1398 3480 nam
1438 3427 1724 3483 schismate
1775 3429 2052 3496 immundi,

465 3523 722 3576 mundum
749 3535 963 3590 gregem
993 3519 1132 3573 unde
1155 3518 1351 3574 habere
1375 3521 1702 3589 potuerunt?

534 3617 588 3670 4.
632 3613 702 3670 Ut
726 3629 852 3684 ergo
883 3614 932 3666 in
966 3613 1164 3666 unitate.
1194 3628 1519 3678 maneamus,
1552 3629 1651 3669 nec
1680 3613 1865 3670 oll‘ensi
1897 3617 2052 3672 scan-

463 3708 600 3765 dalis
630 3708 895 3777 palearum
923 3721 1102 3761 aream
1120 3705 1440 3760 dominicam
1469 3707 1801 3776 deseramus,
1835 3709 1928 3763 sed
1957 3727 2050 3780 po-

467 3802 572 3855 tius
596 3815 766 3870 usque
800 3799 853 3854 in
883 3798 1042 3853 ﬁnem
1069 3799 1424 3853 ventilationis
1451 3800 1712 3855 frumenta
1741 3817 2050 3872 persevere-

465 3909 583 3948 mus
612 3891 725 3964 (Id.
772 3908 849 3960 ut,
902 3891 1014 3963 12),
1069 3901 1124 3947 et
1173 3892 1552 3948 comminutum
1603 3895 1849 3964 stipulam
1899 3895 2053 3951 ﬁrmo

463 3987 738 4044 cbaritatis
762 3985 995 4056 pondere
1025 3985 1344 4050 toleremus;
1377 3986 1488 4055 ipse
1529 3985 1720 4040 Pastor
1766 3996 1950 4044 noster
1997 3988 2050 4044 in

465 4080 751 4153 Evangelio
779 4079 846 4135 de
883 4080 1183 4149 pastoribus
1223 4079 1379 4134 bonis
1409 4095 1508 4133 nos
1529 4079 1798 4147 admouet,
1831 4089 1887 4136 ut
1931 4097 2055 4152 pro-

465 4183 585 4247 pter
607 4173 742 4228 bona
769 4187 930 4243 opera
953 4186 1137 4226 eorum
1171 4187 1271 4226 nec
1293 4172 1344 4225 in
1373 4186 1451 4226 ets
1473 4172 1601 4241 ipsis
1634 4182 1869 4227 nostram
1902 4188 2050 4244 Spem

467 4283 722 4338 ponamus
747 4283 762 4333 ;
795 4267 887 4322 sed
915 4283 1032 4320 emn
1066 4267 1153 4336 qui
1181 4267 1312 4322 tales
1334 4266 1452 4320 illos
1471 4266 1613 4333 fecit,
1639 4267 1849 4321 Patrem
1879 4269 1968 4338 qui
1999 4269 2049 4324 in

464 4360 614 4415 cmlis
640 4366 756 4424 est,
789 4358 1146 4428 gloriﬁcamus
1178 4367 1232 4412 et
1250 4358 1316 4412 de
1350 4357 1653 4427 pastoribus
1693 4358 1847 4411 malis
1870 4401 1882 4423 ,
1917 4375 2052 4430 quos

465 4457 682 4513 nomine
703 4454 1007 4511 Scribarum
1037 4465 1087 4508 et
1113 4447 1500 4509 Pharisaeorum
1530 4452 1829 4524 signiﬁcare
1862 4455 2047 4522 voluit,

463 4555 719 4610 docentes
739 4553 899 4619 bona,
921 4563 971 4607 et
1000 4553 1253 4607 facientes
1285 4550 1441 4605 mala.

539 4649 594 4703 5.
635 4646 766 4702 Nam
794 4645 861 4701 de
888 4647 1042 4701 bonis
1072 4643 1372 4715 pastoribus
1406 4635 1475 4698 ita
1501 4642 1771 4713 loquitur:
1810 4641 1911 4698 Vos
1935 4643 2052 4699 estis

463 4740 630 4795 lumen
658 4739 853 4792 mundi.
902 4735 1023 4791 Non
1055 4744 1224 4808 potest
1247 4735 1420 4788 ciritas
1446 4733 1688 4789 abscondi
1708 4751 1864 4805 super
1900 4751 2045 4789 mon-

465 4840 563 4886 tem
593 4831 902 4896 constituta;
933 4844 1092 4900 neque
1127 4826 1407 4881 accendunt
1453 4828 1732 4893 lucernam,
1783 4837 1828 4881 et
1857 4839 2050 4898 ponunt

464 4941 576 4979 eam
609 4924 700 4980 sub
727 4922 916 4990 modio,
945 4921 1034 4977 sed
1061 4938 1214 4992 super
1242 4921 1621 4986 candelabrum,
1651 4931 1705 4974 ut
1734 4920 1897 4976 luceat
1941 4939 2048 4977 om-

462 5018 612 5073 nibus
641 5019 726 5083 qui
750 5017 802 5071 in
843 5015 992 5070 domo
1021 5024 1158 5069 sunt.
1189 5013 1278 5069 Sic
1326 5012 1488 5068 luceat
1533 5015 1700 5068 lumen
1726 5024 1941 5068 vestrum
1966 5032 2052 5070 co-

463 5128 576 5167 ram
602 5110 906 5175 hominibus,
937 5119 991 5163 ut
1016 5107 1216 5163 uideant
1239 5123 1392 5177 opera
1421 5117 1585 5161 vestra
1608 5106 1759 5174 bona,
1784 5117 1830 5160 et
1853 5107 2050 5178 gloriﬁ-

465 5212 571 5259 cent
603 5202 810 5257 Patrem
838 5210 1055 5256 uestrum
1085 5200 1167 5271 qui
1187 5200 1240 5254 in
1265 5201 1400 5254 caelis
1421 5209 1492 5253 est
1520 5197 1625 5272 (Id.
1655 5215 1708 5264 γ,
1742 5199 1807 5253 14
1837 5199 1949 5271 16).
1978 5200 2050 5256 De

468 5295 620 5349 malis
649 5303 824 5348 autem
853 5292 1154 5363 pastoribus
1192 5307 1318 5346 oves
1357 5291 1607 5345 admonet
1633 5291 1816 5345 dicens
1843 5309 1856 5344 :
1882 5291 2052 5363 Super

464 5386 754 5440 cathedram
780 5384 948 5455 Moysi
987 5383 1178 5438 sedent.
1206 5383 1331 5448 Qum
1360 5383 1563 5444 dicunt,
1596 5383 1777 5453 facile;
1802 5398 1916 5455 qua:
1952 5400 2048 5436 an-

467 5491 562 5534 tem
589 5480 802 5552 faciunt,
835 5478 998 5547 facere
1041 5477 1194 5530 nolite
1221 5476 1435 5530 :dicnnt
1459 5475 1611 5540 enim,
1642 5484 1688 5528 et
1725 5491 1827 5528 non
1856 5476 2051 5546 faciunt

468 5569 577 5644 (Id.
608 5569 842 5638 xxm,2,
874 5570 952 5641 5).
990 5569 1081 5624 His
1125 5569 1338 5633 auditis,
1379 5583 1505 5622 oves
1533 5563 1726 5622 Christi
1762 5567 1920 5622 etiam
1953 5585 2048 5640 per

465 5665 633 5718 malos
665 5663 911 5719 doctores
936 5679 1119 5717 vocem
1149 5665 1313 5732 ipsius
1352 5661 1591 5728 audiunt,
1621 5669 1677 5715 et
1704 5661 1960 5716 unitatem
1988 5663 2050 5717 ilo

457 5757 562 5816 lius
608 5771 712 5811 non
756 5757 1089 5827 relinquunt;
1121 5755 1241 5826 quia
1286 5755 1482 5811 bonum
1521 5754 1660 5825 quod
1702 5769 1794 5810 eos
1828 5755 2050 5812 audiunt

453 5847 653 5917 dicere,
689 5863 793 5902 non
819 5856 901 5903 est
941 5849 1198 5918 ipsorum,
1235 5846 1329 5904 sed
1360 5846 1499 5902 illius
1532 5864 1544 5902 :
1583 5855 1634 5902 et
1671 5841 1792 5903 ideo
1846 5861 2049 5903 secura:

3654 373 3762 430 952

2173 490 2301 531 oves
2324 487 2633 546 pascuntur,
2659 478 2784 550 quia
2812 489 2866 535 et
2894 481 2992 538 sub
3041 484 3198 540 malis
3217 487 3521 557 pastoribus
3543 496 3761 560 pascuis

2171 569 2452 627 dominicis
2481 572 2800 628 nutriuntur.
2828 573 2941 629 Non
2972 586 3153 634 autem
3175 578 3370 636 faciunt
3399 584 3660 640 malorum
3682 586 3762 640 la-

2171 673 2250 716 eta
2281 673 2578 734 pastorum;
2598 667 2718 737 quia
2735 667 2854 722 talia
2879 684 3037 740 Opera
3059 687 3163 726 non
3180 684 3301 729 sunt
3318 675 3477 742 illius,
3493 677 3586 732 sed
3614 679 3758 748 ipso-

2170 772 2311 813 rum.
2338 757 2480 826 Quos
2521 769 2699 816 autem
2743 762 2910 818 bonos
2961 763 3162 832 vident,
3193 783 3296 822 non
3323 770 3496 825 solum
3535 771 3760 829 audiunt

2169 847 2307 902 bona
2337 865 2456 918 quae
2500 851 2714 918 dicunt;
2746 853 2842 909 sed
2871 856 3029 910 etiam
3061 857 3336 915 imitantur
3373 861 3506 916 bona
3529 880 3647 934 quae
3680 865 3761 919 fa-

2170 939 2334 995 ciunt.
2365 941 2440 995 De
2462 943 2655 998 talibus
2682 954 2800 1000 erat
2827 948 3128 1017 Apostolus,
3161 953 3250 1020 qui
3282 952 3493 1008 dicebat
3520 973 3534 1009 :
3573 954 3760 1009 Imita-

2170 1041 2300 1086 tores
2327 1033 2424 1088 mei
2453 1044 2625 1098 estote,
2657 1037 2786 1090 sicut
2813 1050 2860 1091 et
2889 1056 2978 1109 ego
3014 1038 3202 1094 Christi
3233 1041 3252 1108 (
3282 1041 3370 1098 Id.
3405 1060 3480 1109 xt,
3532 1047 3603 1116 1).
3653 1047 3763 1102 Iste

2169 1124 2348 1180 lumen
2385 1137 2501 1182 erat
2549 1129 2899 1186 illuminatum
2921 1149 2950 1186 a
2981 1133 3202 1189 Lumine
3249 1139 3608 1207 sempiterno,
3642 1142 3759 1210 ipso

2169 1219 2395 1274 Domino
2420 1219 2547 1276 Jesu
2571 1221 2804 1290 Christo,
2843 1235 2895 1280 et
2927 1225 2978 1280 in
3004 1228 3328 1284 candelabro
3356 1233 3582 1299 pOsilum
3613 1246 3753 1295 erat,

2168 1313 2288 1382 quia
2329 1313 2380 1368 in
2406 1313 2522 1384 ejus
2549 1331 2707 1372 cruce
2731 1318 3087 1388 gloriabatur:
3118 1321 3254 1376 unde
3281 1323 3356 1377 ait
3384 1341 3397 1376 :
3429 1323 3561 1378 Mihi
3585 1337 3759 1380 autem

2166 1405 2297 1459 absit
2333 1406 2564 1488 gloriari,
2593 1409 2691 1463 nisi
2733 1410 2786 1463 in
2814 1426 2960 1464 cruce
2987 1410 3193 1466 Domini
3221 1416 3379 1468 nostri
3403 1415 3528 1470 Iesu
3567 1415 3762 1472 Christi

2172 1497 2366 1570 (Galat.
2408 1515 2482 1563 Vt,
2517 1499 2626 1573 14).
2661 1501 2727 1556 Et
2755 1503 2874 1572 quia
2914 1519 3016 1557 non
3067 1518 3159 1559 sua
3204 1508 3494 1576 qumrebat,
3518 1510 3610 1565 sed
3640 1528 3762 1579 qua:

2166 1591 2291 1647 Iesu
2319 1593 2512 1648 Christi
2543 1611 2557 1649 :
2583 1597 2826 1665 quamvis
2847 1597 2911 1650 ad
2942 1597 3292 1654 imitationem
3318 1616 3466 1655 suam
3508 1620 3640 1672 quos
3664 1621 3758 1672 pz-r

2169 1683 2509 1755 Evangelium
2537 1699 2793 1757 genuerat
2819 1689 2860 1761 (1
2885 1689 3002 1742 Cor.
3035 1707 3106 1756 tv,
3136 1692 3248 1763 15),
3281 1693 3556 1759 hortatur;
3579 1705 3761 1752 tamen

2166 1777 2385 1847 corripit
2403 1777 2634 1848 graviter
2656 1795 2751 1834 eos
2771 1782 2858 1851 qui
2886 1796 2978 1850 per
2995 1783 3033 1836 Α
3045 1784 3368 1850 postulormn
3395 1787 3605 1841 nomina
3627 1789 3764 1842 schi-

2165 1877 2335 1924 smata
2354 1871 2590 1924 fecerunt
2609 1887 2624 1932 ;
2645 1871 2948 1941 etobjurgat
2970 1872 3088 1929 illos
3109 1876 3195 1944 qui
3213 1875 3480 1940 dicebant,
3509 1877 3616 1948 Ego
3641 1897 3759 1932 sum

2166 1957 2364 2014 Pauli:
2392 1961 2655 2033 Numquid
2699 1961 2898 2017 Paulus
2928 1983 3020 2035 pro
3061 1967 3216 2033 vobis,
3272 1968 3457 2039 inquit,
3488 1972 3766 2040 cruciﬁxus

2167 2053 2278 2107 est?
2297 2063 2382 2106 aut
2413 2054 2465 2106 in
2492 2055 2694 2108 nomine
2729 2053 2882 2110 Pauli
2909 2057 3146 2127 baptizati
3171 2058 3410 2134 estisqd.
3437 2078 3472 2127 ι,
3507 2060 3594 2128 12,
3627 2063 3760 2133 15)?

2239 2146 2288 2198 6.
2330 2144 2465 2200 Hinc
2500 2146 2842 2218 intelligimus
2888 2159 2940 2204 et
2986 2150 3153 2205 bonos
3201 2164 3474 2222 pastores,
3519 2171 3622 2208 non
3665 2170 3762 2209 sua

2166 2245 2507 2306 quaerentes,
2550 2239 2643 2294 sed
2691 2256 2812 2311 quae
2856 2241 2984 2297 Jesu
3024 2242 3258 2308 Christi;
3289 2253 3344 2299 et
3387 2245 3551 2300 bonas
3589 2262 3719 2301 oves
3745 2290 3759 2308 ,

2165 2331 2410 2400 quamvis
2433 2331 2706 2388 imitentur
2731 2335 2866 2389 facta
2897 2345 3166 2405 pastorum
3195 2336 3476 2405 bonorum,
3507 2348 3683 2394 tamen
3707 2341 3760 2395 in

2167 2421 2246 2476 eis
2278 2437 2383 2476 non
2418 2439 2616 2492 ponere
2653 2439 2802 2494 spem
2831 2442 2983 2481 suam
3006 2467 3020 2493 ,
3057 2444 3280 2498 quorum
3311 2430 3606 2485 ministerio
3636 2442 3766 2486 sunt

2166 2527 2534 2585 congregatae;
2582 2517 2676 2572 sed
2708 2520 2759 2572 in
2803 2520 3027 2574 Domino
3066 2523 3273 2592 potius,
3313 2524 3463 2592 cujus
3504 2526 3764 2594 sanguine

2166 2614 2290 2660 sunt
2319 2606 2607 2678 redemptae
2638 2627 2652 2665 :
2684 2619 2742 2664 ut
2782 2612 2994 2681 quando
3031 2611 3169 2669 forte
3213 2613 3536 2669 incurrerint
3576 2620 3629 2670 in
3664 2632 3760 2686 pa-

2166 2706 2338 2754 stores
2366 2701 2555 2764 malos,
2574 2701 2870 2757 doctrinam
2895 2704 3035 2758 illius
3057 2705 3413 2776 prtedicautcs
3428 2717 3481 2761 ct
3504 2722 3598 2761 sua
3621 2709 3760 2763 mala

2165 2804 2324 2859 opera
2354 2789 2645 2861 facientes,
2677 2810 2795 2865 qua:
2823 2795 3037 2860 dicunt,
3071 2797 3298 2864 faciant;
3333 2816 3450 2870 qua:
3478 2813 3655 2855 autem
3685 2805 3764 2854 [ει--

2163 2881 2328 2951 ciunt,
2361 2900 2462 2938 nou
2505 2884 2731 2953 iaciant;
2765 2904 2864 2943 nec
2909 2900 3124 2960 propter
3165 2892 3301 2948 ﬁlios
3330 2894 3641 2964 iniquitatis,
3669 2913 3765 2964 pa-

2163 2989 2289 3030 scua
2311 2976 2560 3032 deserant
2577 2981 2810 3037 unitatis.
2834 2980 2889 3036 ln
2912 2985 3168 3040 catholica
3191 2988 3332 3040 enim
3357 2987 3614 3056 Ecclesia,
3638 3006 3762 3060 qua:

2161 3082 2268 3120 non
2307 3068 2359 3121 in
2390 3069 2499 3121 sola
2530 3070 2700 3125 Africa
2721 3114 2735 3136 ,
2771 3073 2906 3127 sicut
2939 3091 3061 3144 pars
3092 3076 3296 3143 Donati,
3319 3078 3410 3132 Sed
3443 3095 3536 3149 per
3571 3096 3762 3138 omnes
3813 3095 3818 3100 '

2161 3170 2366 3228 gentes,
2393 3161 2530 3215 sicut
2558 3164 2816 3232 promissa
2845 3175 2941 3231 est,
2968 3168 3220 3223 dilatatur
3242 3181 3399 3241 atque
3426 3172 3758 3240 dill'unditur,

2164 3252 2217 3305 in
2251 3255 2479 3308 universo
2521 3257 2711 3311 mundo
2731 3301 2744 3322 ,
2777 3260 2914 3314 sicut
2940 3261 3067 3316 dicit
3096 3263 3410 3333 Apostolus,
3445 3268 3762 3337 [ructiﬁcans

2161 3353 2208 3397 et
2236 3362 2461 3399 crescens
2492 3346 2719 3418 (Coloss.
2754 3367 2792 3416 ι,
2821 3351 2910 3424 6),
2941 3363 2994 3406 et
3023 3354 3143 3408 boni
3171 3366 3293 3410 sunt
3321 3366 3373 3412 ct
3402 3359 3546 3412 mali.
3586 3361 3670 3414 Ab
3696 3376 3758 3417 ea

2159 3451 2288 3492 vero
2318 3442 2577 3509 separati,
2625 3445 2877 3513 quamdiu
2909 3458 3094 3502 contra
3126 3449 3268 3505 illam
3313 3453 3584 3518 sentiunt,
3630 3454 3758 3511 boni

2159 3545 2279 3585 esse
2326 3547 2428 3586 noa
2459 3545 2709 3603 possunt;
2741 3539 2864 3607 quia
2896 3541 2993 3593 etsi
3021 3541 3226 3611 aliquos
3263 3559 3447 3598 eorum
3479 3546 3649 3601 bonos
3674 3549 3759 3602 vi-

2159 3623 2314 3679 detur
2343 3627 2629 3683 ostendere
2659 3631 2810 3700 quasi
2857 3625 3137 3689 laudabilis
3173 3639 3543 3707 conversatio,
3587 3641 3759 3694 malos

2158 3733 2252 3773 cos
2300 3719 2423 3773 facit
2471 3721 2580 3790 ipsa
2621 3721 2834 3791 divisio,
2866 3725 3074 3782 dicente
3116 3727 3340 3783 Domino
3371 3747 3384 3783 :
3420 3731 3520 3796 Qui
3562 3749 3756 3786 mecum

2159 3827 2260 3864 non
2286 3822 2376 3876 est,
2410 3813 2673 3869 adversum
2701 3833 2781 3871 me
2809 3828 2917 3885 est;
2955 3829 3005 3875 et
3039 3821 3126 3892 qui
3156 3839 3349 3877 mecum
3384 3841 3486 3880 non
3524 3826 3752 3899 colligit,

2156 3904 2350 3974 spargit
2381 3904 2400 3974 (
2422 3904 2605 3960 Matth.
2638 3923 2732 3973 xu,
2756 3909 2825 3964 30
2845 3909 2888 3982 ).

2228 3995 2281 4050 Ί.
2313 3995 2462 4052 Unde
2491 4008 2546 4053 ct
2581 3999 2872 4068 exhortor,
2917 4001 3132 4058 domina
3160 4006 3351 4062 merito
3380 4009 3750 4079 suscipienda,

2156 4096 2210 4141 et
2257 4087 2312 4142 in
2351 4087 2546 4144 Christi
2592 4093 2846 4147 membris
2880 4093 3192 4152 honoranda
3236 4098 3362 4162 ﬁlia,
3394 4101 3452 4154 ut
3487 4101 3627 4171 quod
3658 4104 3753 4158 tibi

2159 4179 2413 4236 Dominus
2459 4184 2737 4251 praestitit,
2785 4186 3009 4242 ﬁdeliter
3047 4200 3262 4257 teneas;
3312 4207 3540 4264 eumque
3585 4195 3752 4250 corde

2159 4281 2266 4327 toto
2291 4274 2478 4345 diligas
2498 4286 2546 4332 et
2573 4277 2690 4348 ejus
2719 4281 3026 4348 l-chlesiam,
3052 4285 3140 4353 qui
3171 4293 3220 4339 te
3242 4302 3347 4341 non
3378 4289 3616 4358 permisit
3644 4290 3753 4343 vir-

2155 4366 2389 4436 ginitatis
2419 4377 2520 4422 tua:
2542 4367 2768 4424 fructum
2800 4388 2920 4450 cum
2949 4374 3170 4443 perditis
3191 4377 3411 4446 perdere
3441 4381 3518 4434 vel
3551 4383 3748 4450 perire.

2157 4459 2226 4514 Si
2244 4459 2384 4514 enim
2417 4464 2484 4517 de
2506 4464 2608 4518 isto
2637 4447 2832 4519 sarculo
2855 4467 3028 4521 exires
3050 4480 3291 4538 separata
3322 4472 3388 4526 ab
3417 4475 3615 4529 unitate
3639 4491 3752 4531 cor-

2158 4554 2301 4622 poris
2327 4551 2521 4609 Christi
2541 4596 2557 4622 ,
2589 4556 2718 4610 nihil
2767 4557 2862 4612 tibi
2899 4559 3205 4628 prodesset,
3238 4573 3442 4618 servata
3474 4564 3751 4637 integritas

2156 4646 2396 4715 corporis
2439 4646 2533 4701 tui.
2562 4646 2666 4704 Sed
2711 4650 2851 4706 Deus
2877 4652 2965 4722 qui
2993 4652 3141 4708 dives
3169 4663 3251 4710 est
3277 4656 3327 4710 in
3361 4657 3747 4728 misericordia,

2157 4735 2277 4792 fecit
2306 4737 2448 4809 juxta
2479 4748 2530 4794 te
2555 4741 2693 4810 quod
2721 4742 2771 4796 in
2799 4744 3083 4815 Evangelio
3112 4749 3368 4818 scriptum
3395 4757 3503 4815 est;
3537 4767 3654 4806 cum
3687 4768 3750 4809 sc

2156 4840 2469 4885 excusarent
2500 4830 2700 4886 invitati
2724 4833 2787 4888 ad
2817 4851 3020 4893 caenam
3045 4840 3458 4908 patrisfamilias,
3484 4843 3621 4898 inter
3643 4858 3750 4898 eae-

2155 4929 2269 4978 tera
2300 4922 2430 4980 dixit
2461 4925 2630 4978 servis
2667 4926 2776 4980 suis
2805 4945 2815 4980 :
2848 4927 3000 4983 Exite
3029 4930 3080 4984 in
3109 4932 3214 4984 vias
3243 4943 3289 4984 et
3321 4949 3480 5002 sepes,
3513 4944 3560 4988 et
3595 4951 3748 5006 quos-

2153 5029 2362 5085 cumque
2381 5014 2682 5081 inveneritis,
2712 5027 2868 5088 cogtte
2890 5019 3078 5073 intrare
3105 5019 3221 5093 (Id.
3247 5038 3376 5089 xxu,
3400 5020 3486 5096 9).
3514 5024 3592 5078 Tu
3619 5041 3749 5095 ergo

2154 5103 2398 5174 quamvis
2424 5105 2760 5161 dilectionem
2797 5108 3208 5164 sincerissimam
3238 5113 3431 5167 debeas
3459 5115 3619 5169 etiatn
3651 5115 3748 5171 bo-

2155 5195 2239 5249 nis
2259 5197 2427 5251 servis
2448 5197 2582 5267 ejus,
2605 5213 2702 5268 per
2721 5215 2944 5269 quorum
2969 5201 3316 5258 ministerium
3339 5206 3539 5261 intrare
3559 5218 3745 5263 coacta

2155 5302 2242 5353 es;
2276 5288 2328 5341 in
2359 5287 2450 5342 illo
2482 5295 2655 5344 tamen
2685 5289 2850 5347 debes
2889 5310 3040 5363 spem
3069 5309 3288 5365 ponere,
3321 5300 3408 5367 qui
3439 5299 3744 5354 convivium

2159 5382 2471 5451 praeparavit
2501 5425 2512 5447 ,
2552 5385 2634 5438 cui
2677 5395 2730 5439 et
2771 5394 2822 5440 tu
2853 5389 2920 5440 ad
2958 5388 3113 5442 vitam
3145 5397 3398 5445 :eteruam
3428 5391 3746 5463 beatamque

2153 5475 2377 5530 sollicita
2405 5492 2484 5532 es.
2515 5478 2574 5532 Ei
2603 5479 2797 5550 quippe
2816 5483 3196 5538 commendans
3221 5501 3314 5540 cor
3339 5496 3505 5550 tuum,
3536 5497 3589 5541 et
3620 5505 3744 5558 pro-

2156 5569 2382 5637 positum
2405 5579 2571 5636 tuum,
2592 5580 2645 5626 et
2668 5583 2902 5627 sanctam
2924 5576 3276 5646 virginitatem
3303 5591 3463 5642 tuam,
3484 5595 3531 5634 ct
3559 5583 3739 5649 ﬁdem,

2155 5673 2206 5717 et
2227 5677 2399 5732 spem,
2432 5673 2485 5717 et
2513 5664 2824 5719 cbaritaten:
2859 5676 3020 5734 tuam,
3051 5686 3154 5723 non
3192 5672 3490 5726 tu0veberis
3519 5674 3744 5730 scanda-

2157 5757 2240 5822 lis,
2271 5773 2386 5826 qua:
2413 5757 2751 5814 abundabunt
2782 5777 2947 5832 usq-ie
2986 5764 3037 5817 in
3073 5766 3259 5832 linem;
3293 5767 3383 5821 sed
3425 5769 3599 5823 Stabili
3648 5784 3736 5825 ro-

2157 5847 2282 5904 bore
2315 5851 2524 5921 pietatis
2552 5852 2697 5907 saiva
2729 5855 2853 5920 eris,
2884 5863 3040 5927 atque
3067 5857 3117 5914 in
3148 5859 3369 5916 Domino
3397 5862 3647 5932 gloriosa,
3685 5865 3740 5919 in
