4120 6358
393 382 496 440 938

387 598 565 642 autem
610 586 744 640 hanc
786 581 1056 650 acceperis
1099 595 1194 650 pro
1237 592 1289 635 te
1337 579 1743 634 sollicitudinem
1776 593 1968 643 meam,

392 695 548 751 quam
570 679 760 748 quibus
785 675 931 745 potui
962 675 1150 730 litteris
1178 675 1561 729 tibi'insinuare
1582 673 1779 734 curavi,
1816 670 1896 725 fac
1915 678 1972 724 ut

391 771 626 827 noverim
660 769 932 838 rescriptis
971 767 1094 822 tuis.
1127 767 1220 822 Dei
1251 767 1610 823 misericordia
1643 775 1690 819 et
1723 764 1886 835 gratia
1917 771 1968 818 te

387 877 598 931 semper
623 868 878 931 protegat.

841 971 1164 1028 EPISTOLA
1203 969 1380 1027 CCIX‘
1411 970 1506 1042 (a).

385 1057 694 1128 Augustinus
709 1055 971 1110 Caelestino
993 1054 1218 1107 Romano
1241 1051 1495 1118 Pontiﬁci,
1517 1050 1578 1102 de
1594 1050 1749 1116 ipsius
1766 1049 1963 1103 electio-

455 1152 516 1188 ne
543 1135 750 1203 paciﬁca
769 1136 901 1203 facta
923 1132 1051 1202 (qua?
1066 1131 1131 1183 ad
1147 1133 1295 1198 ﬁnem
1313 1131 1432 1182 anni
1453 1128 1556 1183 422
1580 1129 1756 1198 referri
1779 1128 1961 1198 potest)

454 1213 734 1283 gratulatur
778 1227 795 1264 :
840 1223 940 1264 tum
991 1209 1192 1279 exponit
1236 1225 1440 1261 causam
1478 1207 1683 1260 Antonii
1737 1208 1958 1277 episcopi

459 1294 793 1356 Fussalensis,
823 1292 907 1361 qui
933 1289 1361 1343 administratione
1381 1288 1620 1342 Erclesice
1640 1303 1744 1341 sum
1771 1288 1830 1340 ob
1854 1305 1959 1343 sre-

453 1375 553 1426 lera
573 1373 792 1443 priratus
812 1372 1147 1440 appellaverat
1165 1369 1231 1421 ad
1250 1368 1575 1437 apostolicam
1595 1368 1798 1430 Sedem;
1813 1377 1960 1435 atque

453 1452 723 1505 obtestatur
749 1463 798 1503 ut
823 1451 974 1502 latam
999 1450 1048 1501 in
1073 1450 1237 1518 ipsum
1261 1447 1550 1500 sententiam
1578 1448 1738 1516 vigere
1757 1447 1905 1499 sinat.

384 1543 607 1597 Domino
655 1542 982 1604 beatissimo,
1033 1548 1085 1593 el
1134 1539 1308 1592 debila
1354 1539 1610 1592 charilate
1657 1536 1956 1592 venerando

451 1639 632 1680 sancio
679 1642 822 1694 papa:
851 1624 1197 1684 Coeussrmo,
1239 1627 1606 1683 Aucus'ruvus.
1639 1621 1688 1674 in
1733 1621 1955 1674 Domino

448 1713 688 1766 salutem.

452 1803 500 1854 l.
535 1801 766 1854 Primum
808 1798 1212 1868 gratulationem
1240 1798 1404 1853 reddo
1431 1797 1630 1854 meritis
1661 1798 1780 1863 tuis,
1813 1797 1952 1868 quod

384 1903 434 1947 te.
461 1895 512 1946 in
561 1893 646 1946 illa
680 1893 815 1947 Sede
855 1893 1108 1946 Dominus
1137 1891 1277 1946 Deus
1306 1900 1484 1946 noster
1509 1893 1624 1946 sine
1650 1893 1751 1945 ulla
1774 1933 1787 1955 ,
1819 1893 1955 1947 sicut

377 1984 672 2039 audivimus
694 2025 709 2048 ,
753 1984 920 2052 plebis
950 1999 1058 2037 sua:
1095 1983 1408 2038 discissione
1435 1984 1722 2038 constituit.
1753 1984 1954 2040 Deinde

378 2077 587 2130 insinuo
613 2076 886 2130 Sanctitati
917 2085 1039 2141 tum,
1067 2092 1183 2145 quae
1208 2076 1314 2129 sint
1334 2076 1470 2130 circa
1509 2091 1624 2138 nos,
1655 2085 1709 2130 ut
1734 2092 1835 2130 non
1863 2091 1951 2130 so-

376 2169 481 2222 lum
511 2166 710 2222 orando
755 2182 848 2236 pro
893 2168 1081 2234 nobis,
1127 2184 1309 2222 verum
1350 2167 1507 2222 etiam
1552 2169 1872 2223 consulendo
1900 2177 1953 2223 et

375 2261 683 2330 opitulando
722 2262 1022 2317 subvenias.
1064 2261 1119 2315 ln
1153 2277 1337 2330 magna
1382 2263 1574 2330 quippe
1617 2263 1952 2318 tribulatione

374 2355 605 2426 positus,
643 2353 753 2408 haec
793 2354 856 2408 ad
897 2362 1034 2407 tuam
1078 2355 1458 2410 Beatitudinem
1500 2356 1691 2425 scripta
1735 2356 1946 2411 direxi:

375 2447 624 2517 quoniam
652 2448 833 2501 volens
868 2447 1118 2516 prodesse
1141 2448 1453 2517 quibusdam
1483 2449 1532 2502 in
1563 2458 1738 2503 nostra
1759 2450 1946 2504 vicini-

377 2549 482 2593 tate
509 2539 760 2593 membris
782 2538 994 2602 Christi,
1022 2554 1260 2609 magnam
1283 2539 1384 2593 illis
1404 2540 1602 2593 cladem
1628 2540 1950 2612 improvidus

372 2641 424 2686 et
449 2633 688 2686 incautus
715 2633 925 2702 ingessi.
1207 2640 1212 2645 ‘

441 2725 496 2778 2.
521 2724 737 2779 Fussala
773 2723 844 2796 (ὁ)
884 2723 1075 2778 dicitur
1107 2724 1428 2794 Hipponensi
1454 2724 1719 2779 territorio
1741 2724 1946 2780 Contine

371 2820 644 2874 castellum
677 2836 690 2871 :
717 2829 870 2871 antea
899 2817 969 2870 ibi
1001 2832 1266 2887 nunquam
1296 2817 1572 2886 episcopus
1611 2817 1722 2881 fuit,
1751 2818 1842 2871 sed
1871 2819 1945 2872 si-

375 2911 481 2967 mul
509 2927 627 2966 cum
672 2911 915 2980 contigua
941 2911 1036 2964 sibi
1077 2912 1292 2979 regione
1327 2911 1391 2965 ad
1424 2913 1702 2980 parteeiam
1745 2913 1944 2982 Hippo-

372 3003 551 3056 neusis
583 3002 827 3055 Ecclesia:
871 3002 1180 3070 pertinebat.
1215 3002 1418 3057 Paucos
1445 3002 1668 3058 habebat
1693 3005 1778 3059 illa
1807 3014 1944 3060 terra

370 3093 684 3158 catholicos;
714 3101 932 3148 creteras
960 3095 1138 3162 plebes
1175 3095 1279 3148 illic
1316 3094 1367 3148 in
1397 3111 1582 3164 magna
1613 3097 1944 3154 multitudine

369 3185 640 3239 hominum
663 3187 973 3239 constitutas
1002 3187 1384 3241 Donatistarum
1406 3203 1556 3242 error
1581 3189 1948 3246 miserabiliter

369 3277 656 3343 obtinebat,
683 3277 750 3331 ita
774 3286 831 3331 ut
853 3278 902 3330 in
926 3277 1111 3331 eodeni
1134 3280 1352 3334 castello
1373 3281 1544 3333 nullus
1568 3292 1706 3336 esset
1730 3283 1944 3337 onmiao

369 3370 682 3424 catholicus.
714 3372 902 3424 Actum
944 3379 1026 3425 cst
1066 3371 1114 3424 in
1153 3372 1244 3426 Dei
1289 3373 1646 3428 misericordia
1687 3385 1742 3428 ut
1768 3377 1942 3430 omnia

367 3461 482 3532 ipsa
512 3460 626 3515 loca
675 3461 860 3514 unitati
909 3461 1163 3516 Ecclesia:
1191 3461 1553 3529 cohaererent;
1586 3480 1680 3534 per
1719 3475 1944 3533 quantos

365 3552 576 3608 labores
599 3563 653 3608 et
680 3554 912 3624 pericula
954 3562 1128 3608 nostra
1151 3597 1164 3621 ,
1198 3555 1408 3626 longum
1446 3566 1524 3611 est
1550 3558 1840 3626 explicare,
1874 3559 1942 3612 ita

368 3656 424 3700 ut
452 3646 522 3701 ibi
548 3646 838 3718 presbyteri
860 3647 946 3716 qui
968 3646 1048 3702 eis
1075 3648 1455 3718 congregandis
1478 3664 1504 3700 a
1529 3647 1680 3701 nobis
1704 3649 1944 3718 primitus

366 3738 631 3792 constituti
672 3748 814 3805 sunt,
844 3739 1283 3808 exspoliarentur,
1313 3740 1661 3802 crederentur,
1703 3741 1946 3796 debilita-

365 3840 568 3897 rentur,
615 3840 1039 3895 excaacarentur,
1085 3831 1484 3885 occiderentur:
1515 3847 1736 3901 quorum
1764 3841 1940 3889 tamen

366 3923 638 3993 passiones
665 3923 872 3977 inutiles
895 3939 958 3976 ac
980 3923 1187 3977 steriles
1215 3939 1316 3976 non
1339 3924 1564 3989 luerunt,
1596 3926 1807 3978 unitatis
1836 3925 1942 3981 illic

363 4013 648 4069 securitate
671 4014 915 4083 perfecta.
941 4013 1042 4066 Sed
1071 4013 1208 4082 quod
1237 4015 1302 4067 ab
1328 4015 1563 4082 llippone
1593 4027 1938 4070 memoratum

362 4105 634 4159 castellum
667 4104 897 4157 millibus
921 4101 1259 4171 quadraginta
1293 4104 1602 4173 sejungitur,
1635 4123 1752 4159 cum
1785 4108 1836 4160 in
1863 4109 1940 4164 eis

359 4196 630 4265 regendis,
664 4203 719 4248 et
753 4210 934 4248 eorum
962 4194 1196 4263 reliquiis
1229 4195 1347 4248 licet
1375 4195 1577 4264 exiguis
1606 4197 1935 4266 colligendis,

361 4301 481 4357 qua:
507 4286 560 4338 in
587 4296 807 4354 utroque
827 4299 954 4338 sexu
980 4284 1294 4338 oberrabant
1313 4298 1414 4338 non
1441 4285 1673 4340 minaces
1694 4289 1934 4356 ulterius,

362 4377 455 4432 sed
497 4376 727 4446 fugaces,
763 4391 844 4429 tne
883 4375 1112 4429 viderem
1165 4375 1316 4429 latius
1345 4391 1500 4445 quam
1544 4379 1819 4446 oportebat
1841 4395 1935 4434 ex-

363 4467 536 4531 tendi,
576 4480 673 4520 nec
698 4465 1008 4520 adhibenda:
1036 4464 1280 4519 sul'licere
1313 4464 1593 4535 diligentia:
1635 4483 1791 4537 quam
1821 4485 1936 4524 cer-

363 4559 561 4613 tissima
589 4557 794 4610 ratione
818 4555 1055 4610 adhiberi
1085 4556 1279 4610 debere
1303 4556 1605 4621 cernebam,
1628 4558 1931 4630 episc0pum

362 4651 430 4704 ibi
459 4648 806 4703 ordinandum
833 4646 1365 4714 constituendumque
1389 4646 1590 4700 curavi.

432 4741 484 4796 5.
515 4739 668 4806 Quod
698 4747 754 4794 ut
781 4739 947 4804 lieret,
973 4746 1150 4808 aptum
1181 4737 1298 4792 loco
1325 4737 1397 4791 illi
1421 4752 1815 4810 congruumque
1844 4756 1931 4797 re-

360 4835 633 4904 quirebam
661 4875 676 4900 ,
721 4833 811 4902 qui
848 4844 900 4886 et
927 4833 1120 4885 Punica
1154 4831 1324 4901 lingua
1357 4840 1499 4886 esset
1535 4832 1851 4899 instructus;
1881 4845 1933 4888 et

362 4925 616 4980 habebam
658 4924 722 4979 de
767 4941 870 4994 quo
913 4923 1206 4994 cogitabam
1254 4933 1490 4992 paratum
1529 4924 1926 4995 presbyterum,

358 5025 572 5086 propter
608 5031 762 5086 quem
809 5013 1177 5076 ordinandum,
1219 5021 1456 5066 sanctum
1487 5029 1665 5068 senem
1693 5015 1780 5084 qui
1808 5025 1931 5071 tunc

357 5111 643 5181 primatum
669 5106 924 5162 Numidia:
955 5103 1167 5172 gerebat
1202 5102 1268 5175 (ε)
1296 5104 1360 5158 de
1392 5105 1676 5174 longinquo
1704 5115 1759 5159 ut
1784 5109 1929 5162 veni-

419 5203 437 5221 '
463 5200 616 5250 Multis
637 5199 825 5249 mendis
845 5198 903 5247 ad
929 5197 1071 5246 vatic.
1093 5194 1386 5260 egremplaris
1403 5195 1854 5260 ﬁdemexpurgata.

418 5263 490 5326 (a)
510 5261 632 5311 Alias
646 5260 772 5326 ait;
785 5272 895 5322 quae
911 5266 1074 5309 autem
1089 5257 1180 5307 209
1197 5265 1318 5316 erat,
1339 5269 1465 5305 nunc
1485 5257 1591 5307 208.
1611 5257 1786 5320 set-ipia
1805 5261 1929 5313 forte

355 5321 556 5376 ineunte
579 5337 658 5372 an.
681 5321 789 5372 425.

418 5386 489 5448 (b)
501 5381 949 5448 Miraculaqutedam
967 5382 1014 5448 in
1027 5380 1292 5448 Fussalensi
1309 5382 1550 5448 territorio
1565 5381 1792 5448 divinitus
1809 5385 1929 5436 facta

353 5442 679 5508 narranturin
703 5442 787 5494 lib.
807 5444 868 5508 22
887 5444 950 5508 de
971 5443 1104 5492 civit.
1130 5442 1234 5508 Dei,
1257 5454 1300 5508 (ξ.
1325 5442 1356 5489 8
1377 5456 1388 5490 :
1408 5456 1504 5508 quo
1525 5456 1586 5491 ex
1611 5443 1716 5492 loco
1731 5456 1929 5508 apparet

354 5511 485 5561 idem
507 5507 798 5558 territorium
810 5506 868 5554 ad
886 5507 937 5553 Hi
944 5505 1198 5569 ripaensis
1213 5505 1419 5566 episcOpi
1433 5517 1599 5569 curam
1617 5505 1926 5569 pertinuisse,

356 5572 512 5623 adhuc
537 5582 598 5618 eo
614 5577 833 5631 tempore
852 5581 946 5630 quo
957 5566 1058 5631 _illa_
1069 5567 1372 5631 contigerunt
1393 5582 1404 5624 ;
1430 5566 1473 5613 id
1496 5572 1571 5615 est
1591 5580 1698 5631 cum
1724 5566 1929 5631 Maximi;

355 5646 449 5684 nus
468 5628 730 5689 sinitensis,
753 5628 931 5679 ibidem
956 5628 1171 5677 laudatus
1185 5662 1198 5686 ,
1217 5629 1314 5689 jam
1337 5634 1606 5676 accesserat
1628 5629 1684 5675 ad
1709 5630 1926 5682 Ecclesiae

353 5693 771 5749 communionem;
795 5691 1014 5752 adeoque
1040 5697 1143 5752 post
1166 5703 1341 5752 annum
1366 5689 1472 5747 405,
1494 5703 1590 5752 quo
1610 5689 1694 5738 ille
1713 5703 1840 5742 anno
1862 5707 1924 5744 ex

355 5758 582 5820 epise0p0
597 5755 832 5820 donatista
856 5751 1003 5802 lactus
1121 5751 1396 5820 catholicus.

416 5817 490 5881 (ο)
622 5816 715 5866 nisi
731 5814 953 5876 fallimur,
967 5812 1402 5875 subintelligendus
1417 5815 1550 5862 venit
1563 5814 1775 5865 Silvanus
1796 5823 1926 5868 Zum-

1569 372 2042 430 EPlS't'OLARUM
2080 373 2354 436 (τιλΑςςιδ
2396 384 2476 439 ill.

391 498 504 568 ejus
548 495 745 550 unitate
775 488 1160 564 perseverando
1201 504 1365 559 usque
1392 489 1441 543 in
1491 490 1670 542 linem.
1699 487 1973 554 Quomodo

3537 412 3638 468 954

2079 500 2156 542 ret
2197 509 2384 563 rogans
2416 496 2601 554 litteris
2627 502 2920 573 impetravi.
2944 509 3182 582 Qoofam
3203 527 3490 588 praesente,
3528 539 3640 578 om-

2077 582 2325 654 niumque
2341 588 2389 641 in
2409 605 2467 643 re
2484 600 2620 646 tanta
2638 601 2908 666 SuSpensis
2923 604 3130 668 animis,
3144 607 3208 661 ad
3225 608 3404 664 horam
3424 628 3517 666 nos
3532 615 3636 682 ille,

2074 675 2161 742 qui
2188 677 2312 731 mihi
2349 692 2555 748 paratus
2585 687 2870 760 videbatur,
2903 698 3206 754 omnimodo
3233 703 3528 760 resistendo
3550 708 3641 763 de.

2072 765 2259 863 stituit.
2293 770 2402 841 Ego
2425 787 2600 830 autem
2629 782 2715 848 qui
2745 784 2942 854 utique,
2965 789 3099 844 sicut
3125 793 3297 848 exitus
3317 795 3512 863 docuit,
3541 799 3639 855 dif.

2071 855 2210 913 ferre
2239 865 2414 930 potius
2435 867 2611 934 debui,
2644 889 2799 941 quam
2828 879 3170 944 periculosum
3205 887 3528 956 praecipitare
3549 906 3637 944 ue—
3698 916 3700 918 ·

2066 949 2292 1018 gotium,
2323 954 2444 1009 dum
2479 960 2598 1013 nolo
2635 965 2999 1031 gravissimum
3036 979 3092 1026 et
3125 977 3509 1033 sanctissimum
3550 997 3635 1036 se-

2067 1053 2186 1092 nem
2213 1041 2277 1096 ad
2301 1059 2396 1099 nos
2422 1063 2585 1117 usque
2615 1051 2878 1123 inligatum
2903 1059 3013 1113 sine
3037 1062 3222 1117 ellecw
3248 1076 3456 1136 propter
3480 1087 3634 1140 quem

2067 1141 2282 1186 venerat
2324 1145 2426 1189 tam
2459 1139 2631 1212 longe,
2662 1145 2725 1198 ad
2769 1151 2976 1217 pr0pria
3024 1169 3280 1223 remeare,
3330 1160 3490 1213 obtuli
3533 1180 3632 1215 non

2063 1223 2360 1288 petentibus
2383 1233 2661 1297 quemdam
2707 1237 3094 1298 adolescentem
3125 1247 3408 1304 Antonium
3444 1252 3515 1322 (a)
3546 1256 3631 1322 qui

2063 1324 2267 1367 mecum
2316 1327 2438 1373 tunc
2483 1334 2628 1387 erat;
2663 1326 2713 1379 in
2765 1338 3081 1387 monasterio
3124 1339 3332 1406 quidem
3363 1359 3390 1395 a
3423 1346 3570 1398 nobis
3605 1364 3630 1399 a

2064 1407 2277 1469 parvula
2305 1419 2460 1465 mtate
2491 1417 2766 1485 nutritum,
2796 1424 2886 1476 sed
2917 1434 3108 1492 prmter
3137 1429 3374 1487 lectionis
3404 1438 3630 1495 ollicium

2060 1495 2218 1550 nullis
2245 1500 2522 1559 clericatus
2549 1511 2793 1576 gradibus
2821 1525 2872 1568 et
2917 1517 3184 1576 laboribus
3215 1536 3418 1580 notum.
3449 1529 3516 1582 At
3563 1532 3629 1584 illi

2059 1586 2257 1655 miseri,
2293 1595 2430 1661 quod
2457 1595 2686 1654 futurum
2710 1601 2880 1658 fuerat
2904 1608 3221 1678 ignorantes,
3245 1618 3483 1673 oll‘creoti
3513 1640 3631 1677 eum

2058 1679 2186 1734 mihi
2216 1683 2644 1748 obedientissime
2674 1698 3033 1757 crediderunt.
3059 1704 3192 1772 Quid
3221 1709 3401 1777 plura?
3440 1713 3628 1770 factum

2056 1780 2170 1836 est;
2197 1789 2316 1830 esse
2343 1778 2443 1833 illis
2460 1784 2734 1852 episcopus
2763 1793 2941 1861 coepit.

2125 1864 2175 1916 4.
2199 1867 2332 1930 Quid
2356 1869 2537 1926 iaciam
2556 1874 2578 1926 ?
2597 1876 2730 1930 Nolo
2755 1883 2888 1950 apud
2916 1895 3053 1939 tuam
3085 1887 3480 1948 Venerationcm
3509 1914 3629 1963 gra-

2055 1967 2180 2009 vare
2219 1973 2374 2027 quem
2415 1967 2752 2023 nutriendum
2803 1975 3018 2044 collegi;
3054 1979 3176 2032 nolo
3217 1982 3462 2039 deserere
3497 2006 3628 2056 quos

2054 2047 2374 2118 colligendos
2402 2055 2677 2114 timoribus
2705 2070 2758 2114 ct
2793 2063 3062 2122 doloribus
3107 2075 3386 2141 parturivi;
3415 2088 3468 2131 et
3495 2047 3628 2148 quo-

2055 2139 2213 2192 modo
2263 2152 2541 2216 utrumque
2596 2166 2748 2219 agam
2799 2158 3029 2225 reperire
3076 2176 3178 2214 non
3226 2180 3460 2234 possum.
3526 2171 3627 2226 Res

2053 2229 2246 2298 quippe
2286 2233 2350 2286 ad
2395 2244 2592 2292 tantum
2625 2244 2931 2300 scandalum
2963 2251 3143 2316 venit,
3191 2229 3248 2308 ut
3291 2255 3342 2309 in
3381 2274 3499 2311 cum
3543 2259 3629 2315 hic

2051 2320 2189 2388 apud
2213 2338 2308 2377 nos
2335 2340 2521 2382 causas
2541 2330 2796 2399 dicerent,
2819 2339 2906 2406 qui
2933 2340 3000 2394 de
3029 2343 3166 2397 illius
3187 2347 3488 2419 episcopatu
3514 2368 3629 2407 sus-

2050 2413 2328 2485 cipiendo,
2372 2428 2616 2492 tanquam
2649 2427 2783 2484 bene
2819 2431 2918 2485 sibi
2949 2413 3382 2509 consulentibus,
3418 2445 3625 2500 obtem-

2052 2518 2366 2604 peraverant
2395 2513 2566 2568 nobis.
2614 2516 2669 2570 In
2713 2521 2902 2588 quibus
2931 2528 3107 2581 causis
3157 2545 3274 2584 cum
3323 2543 3622 2605 stnprormn

2051 2594 2269 2650 crimina
2300 2602 2565 2672 capitalia,
2599 2623 2715 2677 qua:
2746 2626 2848 2666 non
2875 2613 2941 2668 ab
2979 2614 3108 2686 ipsis
3132 2621 3320 2688 quibus
3349 2594 3626 2697 episcopus

2050 2695 2182 2750 erat,
2214 2687 2309 2742 sed
2339 2690 2406 2744 ab
2432 2693 2548 2748 aliis
2571 2699 2886 2766 quibusdam
2914 2706 3119 2774 objecta
3151 2687 3396 2778 lucrata,-
3412 2687 3621 2783 probari

2052 2779 2270 2836 minime
2295 2787 2606 2857 potuissent,
2653 2801 2811 2863 atque
2849 2799 2918 2850 ab
2957 2798 3021 2852 iis
3063 2816 3180 2870 quae
3221 2779 3626 2867 invidiosissime

2043 2868 2392 2942 jactabantur,
2424 2879 2691 2937 videretur
2717 2900 2835 2940 esse
2860 2868 3138 2960 purgatus;
3165 2879 3272 2950 tam
3300 2898 3626 2959 miserandus

2051 2959 2218 3016 iactus
2261 2973 2344 3020 est
2372 2977 2423 3021 et
2453 2972 2602 3026 nobis
2631 2983 2683 3027 et
2711 2977 2847 3042 aliis,
2873 2969 2935 3032 ‘ut
2969 2959 3226 3053 quidquid
3256 3005 3283 3039 a
3330 2993 3625 3050 castellanis

2049 3061 2101 3104 et
2144 3053 2286 3110 illius
2323 3060 2554 3128 regionis
2588 3062 2892 3123 hominibus
2931 3071 2998 3126 de
3032 3073 3348 3132 intolerabili
3390 3082 3625 3139 domina-

2050 3144 2212 3213 tione,
2238 3147 2306 3203 de
2333 3152 2527 3220 rapinis
2557 3165 2607 3208 ct
2629 3157 2850 3214 diversis
2888 3167 3321 3232 oppressionibus
3345 3181 3397 3227 et
3433 3179 3625 3234 conlri~

2050 3237 2278 3292 tionibus
2299 3240 2664 3314 objiciebatnr,
2689 3265 3017 3323 nequaquam
3040 3257 3192 3312 nobis
3217 3262 3318 3316 tale
3339 3264 3622 3336 videntur,

2048 3338 2104 3380 ut
2144 3343 2355 3398 pr0pter
2386 3333 2484 3389 hoc
2527 3337 2610 3391 vel
2657 3352 2870 3410 propter
2908 3345 3064 3400 sintut
3104 3361 3291 3404 cuncta
3336 3333 3619 3425 congesta,

2048 3421 2353 3492 episcopatu
2381 3442 2498 3480 eum
2529 3439 2834 3499 putaremus
2861 3451 2980 3493 esse
3010 3442 3340 3512 privandum,
3369 3421 3459 3503 sed
3483 3421 3626 3506 resti-

2049 3517 2238 3569 tuenda
2264 3534 2382 3587 quae
2407 3523 2754 3590 probarentur
2779 3529 2971 3585 ablata.
3197 3545 3206 3549 '

2119 3609 2172 3663 5.
2207 3611 2440 3679 Denique
2466 3619 2758 3672 sententias
2790 3629 2996 3679 nostras
3021 3625 3098 3680 sic
3125 3634 3546 3704 temperavimus,
3570 3648 3627 3694 ut

2047 3699 2193 3754 salvo
2223 3702 2547 3772 episcopatu,
2592 3725 2695 3762 non
2729 3719 2901 3766 tamen
2943 3717 3160 3772 onmno
3185 3699 3435 3791 impunita
3468 3729 3626 3785 relin-

2047 3806 2335 3862 querentur
2363 3814 2480 3866 qua:
2513 3817 2614 3854 non
2657 3803 2912 3860 deberent
2940 3809 3020 3862 vel
3049 3811 3218 3866 eidem
3250 3815 3346 3885 ipsi
3377 3818 3624 3893 deinceps

2046 3884 2346 3957 iterumque
2392 3890 2660 3960 facienda,
2708 3897 2786 3950 vel
2837 3901 3044 3954 caeteris
3085 3884 3332 3962 imitanda
3379 3884 3620 3982 proponi.

2047 3976 2314 4034 Honorem
2362 3983 2535 4052 itaque
2575 3985 2831 4057 integrum
2869 3996 3194 4051 servavimus
3231 3999 3411 4066 juveni
3451 4009 3617 4061 corri.

2044 4071 2251 4137 gendo;
2282 4073 2373 4126 sed
2397 4076 2732 4145 corripiendo
2759 4082 3045 4140 minuimus
3076 4097 3406 4160 potestatem,
3431 4113 3496 4149 ne
3521 4100 3620 4154 sci-

2043 4157 2169 4214 licet
2198 4161 2278 4215 eis
2309 4173 2561 4231 prmesset
2587 4167 2827 4236 ulterius,
2861 4189 2979 4227 cum
3007 4178 3194 4244 quibus
3219 4182 3294 4235 sic
3337 4196 3535 4255 egerat,
3565 4201 3619 4244 ut

2044 4246 2227 4305 dolore
2243 4252 2388 4320 justo
2417 4268 2539 4308 eum
2568 4257 2664 4311 sibi
2703 4275 2929 4328 praesse
2955 4264 3093 4320 ferre
3121 4271 3335 4325 omnino
3363 4291 3462 4329 non
3492 4294 3615 4347 pos-

2043 4350 2181 4406 sent,
2231 4353 2284 4397 et
2319 4359 2438 4398 cum
2467 4362 2563 4400 suo
2591 4349 2837 4422 illiusque
2863 4357 3094 4424 periculo
3123 4361 3172 4414 in
3199 4363 3410 4435 aliquod
3445 4372 3617 4428 scelus

2042 4431 2260 4487 forsitan
2292 4445 2594 4505 erupturam
2629 4441 3115 4510 impatientiam'sui
3153 4431 3348 4509 doloris
3375 4463 3616 4517 ostende-

2041 4531 2177 4576 rent.
2207 4525 2443 4591 Quorum
2487 4529 2603 4586 talis
2632 4534 2840 4590 aniinus
2873 4538 3029 4593 etiam
3072 4550 3220 4609 tunc,
3260 4550 3469 4615 quando
3495 4569 3612 4610 cum

2039 4615 2117 4669 eis
2154 4616 2220 4670 de
2248 4619 2333 4672 illo
2376 4623 2606 4692 episcopi
2633 4639 2870 4696 egerunt,
2899 4633 3170 4690 evidenter
3194 4645 3464 4710 apparuit;
3494 4665 3610 4704 cum

2034 4708 2142 4778 jam
2175 4711 2255 4766 vir
2277 4715 2578 4782 spectabilis
2603 4715 2776 4782 Celer,
2806 4721 2874 4776 de
2899 4725 3048 4794 cujus
3077 4708 3353 4788 adversum
3381 4708 3608 4808 seprae-

2039 4805 2236 4872 potenti
2266 4806 2717 4865 administratione
2741 4830 3060 4885 conquestus
3088 4831 3189 4889 est,
3223 4828 3415 4882 nullam
3443 4805 3608 4903 gerat,

2039 4896 2117 4950 vel
2145 4896 2197 4950 in
2219 4897 2412 4964 Africa,
2444 4901 2521 4954 vel
2552 4904 2750 4974 uspiam
2769 4919 3104 4978 potestatem.

2107 4987 2158 5041 6.
2189 4987 2291 5043 Sed
2320 4989 2444 5058 quid
2474 4992 2656 5048 multis
2684 5000 2898 5053 morer?
2924 5001 3219 5072 Collabora,
3245 5009 3490 5083 obsecro,
3519 5034 3612 5072 no-

2037 5080 2264 5148 biscum,
2296 5088 2490 5152 pietate
2522 5090 2836 5146 venerabilis
2858 5093 3070 5150 domine
3091 5097 3412 5171 beatissime,
3445 5080 3494 5163 et
3520 5111 3610 5166 dc-

2036 5173 2138 5226 bita
2167 5175 2428 5230 charitate
2449 5181 2748 5236 venerande
2774 5197 2952 5240 sancte
2977 5188 3135 5258 Papa,
3159 5195 3356 5263 etjubc
3377 5201 3464 5254 tibi
3490 5219 3607 5272 qum

2035 5264 2234 5318 directa
2265 5276 2386 5319 sunt
2416 5269 2591 5323 omnia
2624 5273 2853 5328 recitari.
2884 5275 3013 5331 Vide
3040 5283 3396 5354 episcopatum
3437 5264 3602 5360 quali-

2037 5363 2116 5408 ter
2135 5357 2388 5424 gesserit;
2411 5361 2850 5428 quemadmodum
2869 5366 3064 5433 judicio
3091 5383 3268 5428 nostro
3290 5357 3553 5446 usque-ads
3575 5401 3608 5441 ο

2033 5491 2231 5566 mensis,
2255 5489 2304 5538 in
2324 5491 2774 5566 Npmidizc_prim_a_tu
2798 5497 3028 5566 decessor
3055 5501 3288 5566 Valentini
3318 5511 3604 5566 Baianensis.

2032 5553 3161 5636 ﬁiiﬁiﬁfn“:931'???fidei}?V‘“?.“!i‘?“§
3192 5553 3606 5636 ίὶέίὲνῆίὶῑὶῑίὶῖἱᾶὶ

2032 5619 2132 5661 tum
2154 5615 2360 5692 gerebat
2381 5615 2711 5692 ant'iphtiliilut
2736 5627 2867 5682 patet
2890 5634 2953 5672 ex
2974 5626 3174 5687 Epistola
3197 5615 3417 5692 éyhéo‘i'é

2032 5687 2199 5722 norum
2223 5683 2408 5736 [atrum
2429 5677 2487 5726 ad
2512 5677 2812 5730 Boriii'acium.

2093 5759 2163 5831 (a_)
2187 5765 2384 5842 Fortean
2406 5759 2610 5842 hicjjse
2626 5771 2706 5842 est
2717 5766 2950 5842 gitiinter
2968 5769 3248 5825 Milevitana:
3266 5779 3426 5842 synodi
3445 5789 3606 5837 Patres

2030 5825 2300 5870 nominatur
2321 5835 2464 5883 supra
2487 5825 2536 5870 in
2560 5825 2761 5884 Epistola
2785 5828 2890 5879 176.
