4120 6358
524 377 630 440 955

525 493 880 560 consenserit,
914 491 1288 556 communione
1318 489 1570 558 privatus,
1599 484 1698 539 nisi
1728 482 1872 554 prius
1906 480 2101 536 Fussa-

527 589 762 646 lensibus
807 586 982 644 omnia
1026 584 1392 646 redderentur,
1422 581 1530 650 jam
1569 587 1750 649 postea
1792 585 1847 630 ut
1886 590 1944 629 re
1987 582 2104 626 acta

529 679 800 735 aestimatis
837 678 994 733 rebus
1023 675 1223 732 solidos
1254 671 1578 743 seposuerit,
1621 677 1678 722 ut
1713 668 1761 722 ei
1802 664 2105 722 communio

529 774 868 836 redderetur;
901 785 1059 840 quam
1103 775 1312 822 versuta
1345 765 1590 818 suasione
1627 769 1869 816 sanctum
1919 773 2102 812 senem

531 867 810 937 primatem
840 871 1076 921 nostrum
1102 857 1474 929 gravissimum
1504 854 1672 908 virum
1697 893 1710 916 ,
1758 861 1815 908 ut
1843 850 1892 905 ei
1918 857 2105 903 cuncta

530 957 786 1018 crederet,
808 969 964 1023 quem
994 953 1135 1007 velut
1155 949 1296 1003 omni
1322 947 1479 1004 modo
1501 945 1820 1014 inculpatum
1845 956 2104 996 vent-rau-

531 1049 599 1102 do
622 1049 774 1116 Paptn
800 1043 1069 1099 Bonilacio
1094 1041 1510 1103 commendaret,
1535 1035 1827 1097 induxerit;
1850 1044 1901 1089 et
1917 1043 2106 1088 caetera

532 1158 646 1210 qua:
667 1156 695 1193 a
716 1155 798 1193 me
814 1137 938 1208 quid
965 1152 1097 1205 Opus
1122 1144 1206 1189 est
1236 1133 1395 1187 recoli
1419 1173 1428 1194 ,
1455 1146 1574 1190 cum
1598 1136 1918 1182 tnen'ioratus
1949 1139 2110 1178 vene~

531 1233 712 1287 rabilis
733 1247 893 1284 senex
909 1228 976 1284 ad
1001 1239 1141 1282 tuam
1159 1225 1568 1282 Sanctimoniam
1588 1221 1828 1276 universa
1849 1215 2111 1273 retulerit?

601 1325 652 1378 7.
696 1323 751 1377 In
801 1322 904 1376 illis
943 1328 1120 1382 autem
1161 1317 1537 1385 multiplicibus
1567 1314 1774 1377 Gestis,
1819 1311 2006 1380 quibus
2047 1308 2112 1363 de

533 1416 623 1470 illo
654 1426 889 1468 nostrum
917 1412 1171 1482 judicium
1200 1411 1520 1472 continetur,
1554 1407 1719 1476 magis
1750 1405 1995 1459 deberem
2022 1418 2112 1455 ve-

533 1509 633 1562 reri
667 1523 730 1561 ne
762 1505 853 1560 tibi
883 1506 1056 1558 minus
1084 1518 1300 1563 severe,
1332 1515 1485 1570 quam
1515 1506 1820 1566 oporteret,
1848 1495 2113 1563 judicasse

535 1599 839 1659 videamur,
873 1596 971 1650 nisi
1001 1594 1193 1650 scirem
1225 1608 1319 1649 vos
1351 1601 1453 1645 tam
1487 1605 1780 1660 propensos
1809 1587 1872 1640 ad
1905 1584 2113 1639 miseri-

532 1691 764 1745 cordiam
788 1731 802 1749 ,
838 1698 892 1742 ut
936 1704 1040 1742 non
1087 1686 1258 1739 solum
1308 1683 1458 1738 nobis
1497 1683 1615 1748 quia
1653 1681 1724 1734 illi
1756 1679 2110 1749 pepercimus,

534 1797 714 1836 verum
743 1781 899 1833 etiam
928 1779 1024 1846 ipsi
1049 1777 1363 1832 existimetis
1389 1790 1506 1828 esse
1529 1771 1870 1842 parcendum.
1899 1769 2001 1823 Sed
2030 1768 2114 1821 ille

533 1873 672 1944 quod
700 1891 726 1925 a
758 1872 908 1926 nobis
947 1877 1039 1923 aut
1077 1869 1301 1937 benigne
1337 1875 1427 1920 aut
1454 1866 1672 1920 remisse
1703 1863 1892 1917 factum
1923 1871 2032 1924 est,
2064 1861 2113 1912 in

534 1965 984 2036 prmscriptiozem
1017 1972 1222 2015 vertere
1250 1969 1405 2027 atque
1432 1971 1684 2025 usurpare
1721 1963 1959 2007 Ornatur.
1994 1952 2116 2004 Cla-

535 2066 643 2110 mat
663 2098 674 2118 ,
716 2054 812 2107 Aut
839 2054 889 2106 in
922 2069 1030 2106 mea
1056 2051 1294 2108 cathedra
1321 2049 1491 2104 sedere
1529 2047 1707 2109 debui,
1740 2054 1825 2098 aut
1853 2045 2116 2111 episcopus

533 2167 638 2205 esse
667 2165 764 2202 non
793 2147 974 2218 debui;
1001 2145 1148 2215 quasi
1180 2159 1318 2198 nunc
1343 2141 1522 2196 sedeat
1550 2140 1647 2193 nisi
1677 2140 1726 2192 in
1750 2153 1862 2191 sua.
1893 2137 2117 2204 Propter

535 2243 634 2298 hoc
657 2241 795 2295 enim
821 2241 933 2293 loca
957 2238 1042 2291 illa
1069 2236 1242 2290 eidem
1269 2235 1482 2290 dimissa
1511 2241 1667 2302 atque
1696 2230 1948 2300 permissa
1973 2235 2114 2293 stmt,

537 2338 589 2388 in
617 2333 806 2402 quibus
835 2341 885 2386 et
921 2331 1064 2400 prius
1094 2330 1371 2398 episcopus
1401 2336 1547 2390 erat,
1583 2343 1647 2378 ne
1680 2326 1728 2376 in
1768 2324 1992 2376 alienam
2023 2337 2118 2373 ea-

540 2424 776 2478 tliedram
809 2431 990 2476 contra
1031 2428 1222 2476 statuta
1269 2430 1474 2488 patrum
1511 2415 1583 2485 (η)
1616 2417 1900 2469 translatus
1941 2413 2118 2467 illicite

537 2515 820 2568 diceretur.
854 2514 958 2566 Aut
987 2527 1112 2565 vero
1137 2512 1410 2581 quiSquant
1445 2515 1512 2563 ita
1540 2524 1656 2562 esse
1685 2508 1869 2570 debet,
1900 2507 2009 2558 sive
2036 2522 2120 2560 se-

539 2606 794 2671 veritatis,
821 2605 933 2660 sive
957 2599 1186 2658 leuitatis
1212 2613 1445 2664 exactor,
1477 2613 1525 2654 ut
1551 2601 1638 2669 qui
1673 2616 1772 2652 non
1803 2599 1897 2651 visi
1931 2598 2122 2651 fuerint

538 2697 873 2765 episcopatus
902 2695 1102 2748 honore
1127 2693 1384 2763 privandi.
1409 2693 1555 2746 nullo
1578 2691 1735 2745 modo
1758 2691 1807 2744 in
1829 2692 1905 2744 eis
1926 2689 2120 2758 aliquid

539 2791 862 2853 vindicetur;
895 2799 984 2841 aut
1017 2788 1067 2841 in
1099 2787 1290 2856 quibus
1319 2785 1511 2856 aliquid
1544 2785 1712 2838 visum
1755 2784 1909 2838 fuerit
1949 2781 2122 2835 vindi-

541 2884 786 2946 candum,
821 2882 1157 2952 episcopatus
1187 2881 1387 2935 honore
1418 2878 1723 2948 priventur?

611 2974 662 3028 8.
708 2974 953 3026 Existunt
999 2972 1274 3041 exempla,
1323 2972 1431 3040 ipsa
1471 2971 1610 3025 Sede
1652 2969 1937 3038 apostolica
1979 2965 2122 3036 judi-

543 3079 728 3137 cante,
766 3069 847 3124 vel
889 3069 1108 3123 aliorum
1151 3067 1380 3137 judicata
1421 3067 1700 3128 ﬁrmante,
1741 3063 1996 3134 quosdam
2030 3077 2125 3129 pro

543 3163 710 3232 culpis
739 3160 1086 3231 quibusdam,
1134 3175 1234 3215 nec
1275 3158 1556 3228 episcopali
1603 3156 1853 3226 spoliatos
1899 3153 2120 3220 honore,

544 3268 641 3308 nec
668 3253 880 3306 relictos
917 3250 1235 3305 omnimodis
1275 3250 1577 3319 impunitos.
1610 3247 1737 3314 Quae
1767 3255 1823 3300 ut
1861 3260 1888 3296 a
1932 3243 2126 3298 nostris

546 3345 872 3414 temporibus
901 3342 1255 3398 remotissima
1287 3358 1390 3395 non
1417 3339 1714 3409 requiram.
1748 3337 1975 3392 recentia
2009 3353 2124 3390 me-

545 3436 765 3492 morabo
796 3434 890 3509 (b).
935 3435 1142 3489 Clamet
1183 3433 1394 3488 Priscus
1448 3430 1729 3500 provineite
1773 3427 2126 3483 Caesarcensis

545 3530 868 3598 episcopus:
905 3527 1008 3580 Aut
1037 3526 1101 3579 ad
1143 3528 1420 3595 primatum
1465 3525 1612 3579 locus
1657 3523 1792 3576 sicut
1832 3522 2036 3576 castoris
2074 3528 2128 3574 et

547 3620 675 3674 mihi
709 3628 885 3687 patere
913 3618 1128 3684 debuit,
1170 3626 1261 3671 aut
1297 3617 1632 3685 cpisc0patus
1677 3615 1801 3667 mihi
1850 3627 2126 3667 remanere

547 3729 650 3766 non
695 3711 895 3766 debuit.
937 3710 1141 3766 Clamet
1181 3709 1314 3762 alius
1355 3708 1590 3775 ejusdem
1634 3705 1916 3774 provinciae
1948 3705 2127 3758 Victor

547 3806 850 3872 episc0pus,
873 3800 955 3855 cui
986 3801 1168 3853 relicto
1191 3801 1239 3850 in
1263 3798 1447 3852 eadem
1471 3813 1622 3866 pinna
1648 3797 1820 3866 inqua
1841 3805 1894 3850 et
1918 3796 2126 3851 Priscus

547 3895 680 3962 fuit,
711 3908 966 3964 nusquam
999 3894 1098 3946 nisi
1129 3893 1180 3947 in
1207 3892 1422 3946 dimcesi
1452 3891 1567 3960 ejus
1593 3892 1658 3944 ab
1684 3891 1858 3959 aliquo
1886 3906 2124 3944 commu-

547 3990 751 4042 nicatur
777 3987 1062 4056 epiSCOpo;
1093 3986 1306 4051 clamet,
1341 3986 1551 4055 inquam
1583 4002 1594 4036 :
1631 3986 1732 4038 Aut
1757 3984 1949 4054 ubique
1977 3999 2124 4038 corn-

548 4082 816 4135 municare
841 4079 1020 4144 debui,
1048 4090 1136 4132 aut
1163 4079 1321 4132 etiam
1353 4063 1563 4131 inimeis
1583 4076 1713 4131 locis
1733 4078 2125 4132 communicare

547 4189 650 4226 non
678 4171 854 4226 debui.
883 4170 1090 4224 Clan'tet
1112 4169 1295 4224 tertius
1321 4169 1557 4238 ejusdem
1586 4168 1867 4237 provincite
1894 4167 2126 4222 Lauren-

549 4264 650 4317 tius
677 4265 978 4331 episcopus,
1006 4268 1063 4316 et
1091 4276 1307 4331 prorsus
1336 4261 1491 4330 hujus
1516 4261 1734 4315 vocibus
1761 4261 1952 4316 clamet
1980 4279 1992 4315 :
2023 4265 2128 4316 Aut

547 4355 599 4409 in
630 4353 880 4408 cathedra
905 4353 990 4407 cui
1017 4353 1288 4407 ordinatus
1314 4367 1452 4415 sum,
1481 4352 1669 4407 sedere
1692 4352 1871 4419 debui,
1903 4364 1991 4408 aut
2015 4355 2128 4424 epi-

547 4459 739 4514 scopus
769 4459 887 4498 esse
917 4459 1020 4498 non
1053 4444 1231 4497 debui.
1273 4445 1378 4498 Sed
1413 4445 1531 4513 quis
1571 4446 1666 4498 ista
1704 4446 1990 4514 vituperet,
2026 4449 2127 4503 nisi

547 4539 635 4607 qui
666 4553 848 4606 parum
875 4536 1095 4590 attendit.
1126 4551 1221 4591 nec
1248 4538 1408 4590 inulta
1436 4537 1610 4591 omnia
1641 4539 2001 4608 relinquenda.
2033 4556 2131 4596 nec

550 4647 654 4685 uno
682 4632 837 4685 modo
863 4632 1039 4686 omnia
1069 4630 1418 4684 vindicanda?

621 4724 671 4776 9.
705 4722 834 4788 Quia
861 4737 988 4792 ergo
1017 4723 1260 4790 pastorali
1292 4723 1536 4793 vigilique
1564 4725 1766 4779 cautela
1794 4724 2130 4782 beatissimus

549 4815 687 4884 Papa
720 4813 1014 4869 Bonifacius
1060 4814 1109 4866 in
1153 4815 1373 4883 epistola
1419 4831 1511 4869 sua
1557 4817 1760 4884 posuit,
1794 4816 1860 4870 de
1901 4817 2130 4872 Antonio

549 4909 768 4976 lnquens
797 4908 1066 4975 episc0po,
1096 4916 1150 4960 et
1171 4909 1274 4972 ait,
1305 4908 1364 4963 Si
1389 4911 1615 4968 ordinem
1640 4927 1807 4964 rerum
1836 4911 1976 4966 nobis
2000 4914 2130 4981 ﬁde-

550 4998 662 5050 Ιὶιινι·
691 4998 926 5054 indicavit
945 5017 964 5064 ;
993 4999 1173 5066 accipe
1206 5014 1344 5054 nunc
1373 5002 1445 5069 (c)
1481 5001 1716 5055 ordinem
1757 5019 1931 5056 rerqu
1973 5021 2129 5073 quem

547 5088 636 5144 ille
666 5090 716 5143 in
745 5106 840 5144 suo
878 5089 1056 5145 libello
1089 5091 1332 5157 reticuit,
1367 5106 1430 5146 ac
1469 5092 1660 5146 deinde
1702 5109 1820 5163 quae
1866 5105 1984 5164 post
2019 5097 2131 5166 ejus

611 5247 683 5312 ((1)
717 5253 854 5312 Cone.
881 5247 1052 5312 Nicen.
1078 5259 1121 5295 c.
1151 5247 1235 5307 16;
1271 5246 1443 5296 sardic.
1462 5261 1505 5298 c.
1533 5249 1586 5310 1;
1617 5251 1826 5301 Antioch.
1852 5265 1894 5301 c.
1920 5251 1997 5312 21,
2037 5261 2130 5305 etc.

612 5309 684 5371 (b)
721 5310 782 5374 ad
819 5321 925 5374 rem
950 5309 1172 5358 suﬂicere
1220 5317 1487 5374 potuissent
1523 5313 1826 5374 superiorum
1863 5309 2134 5371 temforum

548 5370 791 5436 exenqla,
823 5372 967 5422 etiam
997 5379 1137 5436 extra
1161 5370 1369 5436 At‘t‘fitxun
1391 5370 1609 5436 quaesita.
1651 5374 1740 5422 sed
1767 5378 2136 5436 praesentissima

548 5434 757 5499 ualebat
778 5446 962 5499 eaquae
986 5433 1234 5499 prol‘ert,si
1263 5433 1500 5491 nimirum,
1525 5435 1568 5499 id
1593 5437 1718 5497 quod
1743 5433 2003 5486 verisimile
2042 5451 2134 5499 est,

550 5496 887 5564 epirztppiilli,
916 5502 970 5544 ut
1001 5496 1104 5564 ipse
1138 5508 1333 5558 quoque
1358 5496 1622 5564 _Atitonius,
1657 5500 1823 5558 Apiarii
1866 5496 2135 5564 presbyteri

549 5555 671 5624 facto
694 5555 889 5614 incitati,
911 5555 1450 5624 coniugerant'pariter
1471 5558 1527 5624 ad
1568 5555 1819 5608 Nonianum
1853 5555 2134 5624 antistitem,

547 5629 596 5668 ut
624 5620 728 5681 ejus
744 5621 1026 5669 auctoritate
1049 5621 1095 5668 in
1119 5621 1360 5682 integrum
1377 5621 1764 5670 restituerentur.

613 5685 680 5743 (ι’)
695 5682 914 5750 eugrdam
933 5682 1007 5731 hic
1029 5690 1078 5750 et
1103 5683 1242 5741 intra,
1267 5696 1298 5730 ιι
1333 5683 1412 5750 to,
1427 5685 1575 5750 verba
1595 5686 1905 5750 restituimus.
1920 5687 2138 5750 aliosque

550 5743 718 5811 plures
756 5743 882 5811 locos
920 5745 1110 5795 mendis
1148 5747 1455 5809 purgavimus
1489 5745 1546 5793 ad
1583 5747 1796 5811 codicem
1840 5743 2136 5811 \aticanuin;

548 5805 613 5869 qu
648 5806 674 5851 tl
697 5819 842 5854 unum
865 5805 1098 5876 hactenus
1119 5805 1368 5876 repertum
1391 5816 1466 5858 est
1485 5821 1644 5870 exemj
1665 5808 1732 5862 lar
1750 5811 1891 5873 hujus
1905 5805 2139 5876 Epistulae,

549 5877 663 5921 ante
687 5880 853 5930 annos,
876 5875 930 5920 ut
953 5869 1162 5929 videtur.
1183 5869 1416 5922 ducem
1439 5869 1689 5924 exaratum

1752 367 1810 425 S.
1851 363 2216 424 AUGUS'I‘INI
2254 361 2560 424 EPISCOPI

3688 364 3793 428 εδδ

2210 488 2407 534 sanctae
2444 479 2716 535 memoriae
2753 477 2857 535 viri
2894 479 2949 535 in
2987 478 3162 536 Africa
3198 478 3366 536 lectas
3405 477 3623 536 litteras
3645 491 3790 552 gesta

2209 583 2365 636 sunt;
2396 582 2450 627 et
2473 573 2692 628 subveni
2721 572 3022 628 hominibus
3049 588 3204 643 opem
3233 583 3375 630 tuam
3399 573 3454 630 in
3471 571 3672 630 Christi
3693 577 3792 632 mi-

2212 663 2497 717 sericordia
2553 665 2716 718 izzulto
2758 664 2962 720 avidius
3007 680 3166 734 quam
3211 665 3304 721 ille
3352 648 3729 736 posce'ntibus,
3762 683 3792 724 a

2211 755 2360 824 cujus
2389 757 2749 826 inquietudine
2776 757 3083 814 desiderant
3108 757 3340 815 liberari.
3372 758 3575 814 iudicia
3599 761 3796 830 quippe
3821 791 3826 794 -

2214 845 2340 911 illis,
2372 855 2424 899 et
2447 847 2684 916 publicas
2711 855 3017 916 potestates,
3049 859 3102 902 et
3131 849 3386 906 militares
3416 850 3647 919 impetus
3679 861 3798 906 lan-

2214 953 2369 1007 quam
2400 949 2743 993 exsecuturos
2771 940 3076 1011 apostolicre
3103 938 3257 1015 Sedis
3295 941 3647 1003 sententiam,
3687 944 3800 996 sive

2215 1030 2360 1099 ipse,
2404 1031 2520 1086 sive
2563 1046 2800 1087 rumores
2837 1032 3147 1087 creberrimi
3175 1031 3569 1095 comminantur
3594 1033 3708 1105 (a),
3743 1043 3803 1086 ut

2216 1123 2394 1177 miseri
2420 1124 2658 1178 homines
2681 1125 2953 1180 christiani
2979 1125 3226 1180 catholici
3251 1127 3490 1196 graviora
3514 1127 3801 1182 formident

2217 1231 2244 1267 a
2275 1216 2535 1269 catholico
2564 1218 2813 1288 episc0po
2833 1259 2847 1283 ,
2881 1234 3038 1287 quam
3059 1260 3075 1286 ,
3117 1235 3236 1272 cum
3261 1228 3442 1273 essent
3472 1219 3704 1275 haeretici
3725 1262 3738 1284 ,
3769 1235 3802 1273 a

2218 1306 2596 1361 catholicorum
2635 1309 3013 1378 imperatorum
3042 1309 3244 1380 legibus
3276 1309 3646 1365 formidabant.
3685 1311 3801 1365 Non

2219 1399 2360 1452 sinas
2385 1400 2482 1453 ista
2512 1401 2644 1468 lieri,
2678 1401 2900 1456 obsecro
2928 1411 2977 1456 te
3006 1419 3098 1472 per
3121 1401 3319 1456 Christi
3346 1403 3677 1472 sanguinem,
3709 1418 3806 1472 per

2219 1492 2441 1561 apostoli
2472 1493 2608 1546 Petri
2642 1494 2972 1560 memoriam,
3004 1493 3093 1563 qui
3117 1495 3524 1548 Christianorum
3553 1495 3808 1565 praeposi-

2222 1591 2302 1636 tos
2347 1585 2660 1654 populorum
2713 1586 2914 1640 monuit
2960 1601 3026 1640 ne
3067 1585 3325 1652 violenter
3369 1585 3713 1641 dominentur
3750 1587 3809 1640 in

2221 1676 2410 1730 fratres
2439 1678 2478 1746 (l
2507 1677 2647 1730 Petr.
2671 1695 2724 1745 v,
2752 1680 2828 1748 5).
2859 1679 2970 1748 Ego
2991 1679 3334 1732 Fussalenses
3355 1678 3642 1734 catholicos
3669 1680 3811 1733 lilios

2224 1769 2273 1823 in
2303 1769 2512 1824 Christo
2553 1786 2735 1837 meos,
2769 1780 2822 1826 et
2864 1772 3151 1826 Antonium
3195 1771 3502 1842 episcopum
3550 1772 3714 1826 lilium
3754 1772 3815 1826 in

2222 1860 2432 1918 Christo
2458 1879 2632 1928 meum
2657 1906 2672 1930 ,
2706 1864 3014 1934 benignitati
3043 1865 3318 1920 charitatis
3347 1865 3653 1921 Sanctitatis
3684 1878 3811 1931 ture,

2221 1957 2342 2026 quia
2368 1967 2619 2027 utrosque
2645 1958 2825 2029 diligo,
2851 1968 3103 2028 utrosque
3123 1960 3456 2015 commendo.
3484 1960 3667 2031 Neque
3689 1960 3817 2016 Fus-

2223 2049 2518 2104 salensibus
2539 2066 2848 2120 succenseo,
2872 2055 2993 2122 quia
3011 2052 3208 2122 justam
3230 2052 3398 2110 deme
3422 2054 3814 2123 querimoniam

2223 2141 2467 2207 ingerunt
2486 2143 2700 2198 auribus
2727 2145 2849 2212 luis,
2873 2144 3012 2214 quod
3034 2146 3112 2199 eis
3132 2145 3402 2200 hominem
3425 2145 3660 2201 nondum
3682 2147 3818 2200 mihi

2224 2237 2526 2306 probatum,
2557 2237 2788 2291 nondum
2819 2239 3002 2292 saltem
3035 2247 3190 2294 :etate
3219 2238 3514 2304 ﬁrmatum,
3546 2255 3575 2292 a
3603 2254 3710 2309 quo
3737 2241 3820 2294 sic

2225 2328 2614 2397 afﬂigerentur,
2661 2330 2824 2385 iuilixi
2871 2349 2884 2383 :
2935 2347 3108 2400 neque
3151 2331 3272 2385 huic
3317 2332 3496 2386 noceri
3539 2331 3698 2398 volo,
3729 2332 3820 2388 cui

2226 2430 2425 2490 quanto
2450 2422 2616 2491 magis
2641 2423 2900 2477 sinceram
2932 2423 3098 2477 habeo
3122 2423 3455 2487 cbarilatem,
3480 2431 3626 2476 tanto
3647 2423 3824 2492 magis

2229 2527 2404 2581 prava:
2435 2513 2550 2583 ejus
2580 2513 2850 2583 cupiditati
2885 2515 3102 2568 obsisto.
3146 2514 3368 2583 Utrique
3395 2514 3823 2570 misericordiam

2230 2613 2534 2657 mereantur
2565 2613 2742 2668 tuam;
2785 2606 2856 2658 illi
2889 2622 2953 2658 ne
2983 2607 3115 2658 mala
3161 2607 3459 2676 patiantur,
3500 2606 3602 2661 iste
3638 2621 3707 2660 ne
3738 2605 3824 2658 la-

2229 2699 2333 2752 ciat
2360 2715 2368 2748 :
2404 2698 2513 2763 illi,
2546 2714 2612 2752 ne
2639 2699 2845 2753 oderint
2872 2698 3195 2758 Catholicam
3215 2741 3230 2766 ,
3263 2699 3308 2754 si
3335 2714 3365 2754 a
3393 2698 3672 2758 catholicis
3700 2698 3824 2766 epi-
3879 2709 3884 2711 ·

2229 2789 2439 2856 scepis,
2472 2788 2808 2858 maximeque
2852 2790 2917 2842 ab
2962 2789 3069 2857 ipsa
3100 2788 3236 2854 Sede
3267 2789 3592 2860 apostolica,
3631 2798 3826 2844 contra

2230 2880 2548 2933 catholicum
2574 2896 2678 2938 non
2701 2881 2778 2934 eis
2799 2880 3106 2935 subvenitur
3126 2880 3465 2954 episcopum;
3494 2881 3593 2936 iste
3613 2890 3821 2945 autem,

2233 2987 2298 3025 ne
2325 2986 2382 3026 se
2408 2979 2553 3028 tanto
2579 2973 2785 3032 scelere
2805 2972 3115 3044 obstringat,
3147 2981 3203 3030 ut
3226 2988 3358 3041 quos
3383 2973 3599 3028 molitur
3626 2972 3830 3027 invitos

2232 3061 2406 3134 facere.
2436 3079 2580 3128 suos,
2612 3079 2643 3118 a
2674 3065 2884 3119 Christo
2915 3062 3072 3118 faciat
3098 3063 3320 3128 alienos.

2306 3156 2390 3210 10.
2425 3156 2505 3210 Me
2526 3171 2672 3219 sane,
2701 3156 2842 3226 quod
2864 3156 3218 3216 confitendum
3245 3166 3327 3214 est
3346 3156 3665 3216 Beatitudini
3693 3167 3827 3226 tuae,

2235 3246 2288 3301 in
2321 3246 2421 3302 isto
2452 3256 2796 3317 utrorumque
2836 3248 3071 3318 periculo
3117 3256 3293 3308 tantus
3335 3249 3496 3304 timor
3537 3259 3593 3304 et
3620 3264 3834 3308 mmror

2233 3340 2535 3405 excruciat,
2567 3348 2624 3394 ut
2663 3341 2729 3394 ab
2758 3341 2934 3395 officio
2964 3342 3188 3410 cogitem
3227 3342 3444 3413 gerendi
3487 3343 3836 3413 epiSCOpatus

2234 3429 2543 3497 abscedere,
2577 3441 2629 3484 et
2656 3447 2740 3485 me
2769 3430 3015 3492 lamentis
3043 3433 3211 3488 errori
3241 3448 3359 3488 meo
3383 3435 3833 3500 convenientibus

2234 3519 2466 3583 dedere,
2498 3521 2539 3574 si
2573 3536 2666 3589 per
2695 3538 2814 3576 cum
2851 3523 2999 3592 cujus
3028 3524 3350 3593 episcopatui
3393 3540 3486 3595 per
3513 3524 3834 3595 impruden—

2236 3613 2360 3666 tiam
2388 3613 2702 3683 sull‘ragatus
2729 3629 2867 3681 sum,
2900 3619 3092 3672 vastari
3120 3617 3410 3682 Ecclesium
3437 3619 3550 3684 Dei,
3583 3629 3656 3685 et,
3679 3619 3832 3688 quod

2234 3704 2346 3772 ipse
2392 3705 2529 3759 Dens
2574 3714 2811 3770 avertat,
2858 3707 3016 3760 etiam
3061 3723 3178 3762 cum
3225 3710 3479 3764 vastantis
3525 3709 3834 3779 perditione

2235 3797 2405 3876 perire
2427 3811 2778 3866 conspexero.
2805 3798 3068 3854 Recolens
3087 3801 3225 3854 enim
3251 3801 3393 3870 quod
3417 3802 3491 3862 ait
3510 3803 3828 3872 Apostolus,

2237 3890 2296 3946 Si
2319 3892 2646 3960 nosmetipsos
2665 3890 3030 3960 judicnrcmus,
3059 3910 3087 3945 α
3112 3891 3327 3946 Domino
3351 3911 3449 3948 non
3464 3894 3834 3964 judicaremur

2236 3980 2278 4054 (l
2306 3979 2420 4035 Cor.
2456 3997 2538 4046 x1,
2571 3979 2659 4051 51)
2683 4023 2698 4048 ,
2730 3981 2978 4051 judicabo
3024 3985 3317 4052 meipsum,
3360 3992 3418 4038 ut
3457 3995 3640 4054 parcat
3668 3987 3832 4052 mihi,

2234 4074 2321 4142 qui
2366 4073 2694 4142 judicaturus
2741 4083 2823 4126 est
2863 4075 3012 4128 vivos
3053 4083 3108 4129 et
3147 4084 3425 4130 tnortuos.~
3449 4076 3500 4132 Si
3545 4086 3724 4140 autem
3774 4088 3838 4134 et

2295 4210 2368 4272 (α)
2401 4216 2512 4257 Haec
2535 4209 2728 4274 idcirco
2758 4211 3110 4274 Spargebantur
3142 4211 3192 4260 in
3225 4211 3426 4272 vulgus,
3460 4211 3588 4274 quod
3622 4211 3834 4264 Africani

2233 4271 2398 4334 patres
2423 4285 2508 4332 per
2532 4271 2578 4319 id
2613 4277 2803 4334 tempus
2823 4271 3223 4322 deliberationem
3250 4271 3529 4324 habuissent
3551 4287 3647 4322 non
3668 4277 3835 4330 semel

2233 4332 2467 4382 adversus
2503 4332 2852 4395 appellationes
2888 4335 3218 4395 episcoporum
3265 4337 3428 4384 Africa:
3475 4335 3532 4383 ad
3572 4343 3838 4387 Romanam

2233 4396 2422 4444 Sedem.
2453 4403 2550 4452 Qua
2575 4394 2653 4457 de,
2671 4409 2728 4443 re
2753 4394 3061 4457 postmodum
3081 4399 3295 4445 scribunt
3317 4398 3374 4446 ad
3414 4399 3569 4457 ipsum
3607 4399 3836 4449 (:oﬂestj-

2234 4470 2347 4520 num
2371 4471 2382 4508 :
2417 4475 2439 4503 ιι
2464 4456 2706 4517 tmpendio
2722 4456 3040 4520 deprecamur
3058 4466 3111 4506 ut
3138 4459 3373 4520 deinceps
3397 4456 3454 4508 ad
3476 4466 3666 4510 vestras
3682 4473 3838 4512 aures

2241 4539 2264 4566 ι
2283 4519 2390 4567 hinc
2415 4519 2670 4566 venientes
2695 4517 2986 4567 mml‘acilius
3004 4520 3279 4579 admittatis,
3305 4517 3396 4571 nec
3414 4535 3442 4570 a
3467 4522 3605 4570 nobis
3625 4535 3835 4571 excom-

2242 4599 2264 4628 ιι
2288 4583 2552 4646 niuiticatos
2584 4581 2630 4646 in
2667 4581 3203 4646 ecu‘nnuniouem_ultra
3227 4583 3387 4646 velitis
3429 4583 3689 4646 excipere;
3715 4587 3834 4646 quia

2243 4660 2265 4690 α
2288 4642 2377 4690 hoc
2401 4643 2544 4690 etiam
2566 4643 2753 4690 Μαριιο
2772 4641 2971 4691 concilio
2988 4642 3237 4692 deﬁnitum
3263 4643 3400 4693 facile
3417 4641 3642 4694 advertet
3667 4641 3834 4694 Vehe-

2244 4705 2496 4752 crabilitas
2519 4712 2614 4752 tua.
2655 4710 2762 4751 eam
2805 4705 2894 4752 etsi
2928 4704 2990 4752 de
3032 4704 3337 4755 interioribus
3355 4706 3545 4755 clericis
3577 4704 3656 4756 vel
3693 4704 3835 4758 laicis

2243 4783 2266 4812 «
2286 4767 2478 4830 videtur
2500 4766 2564 4813 ibi
2591 4767 2867 4830 tra‘caveri,
2887 4767 3242 4830 quantoqrnagis
3266 4767 3358 4819 hoc
3378 4769 3443 4816 de
3475 4769 3715 4830 episcopis
3744 4784 3834 4818 vo—

2243 4845 2266 4874 ι
2286 4826 2373 4877 luit
2390 4828 2656 4884 observari,
2684 4840 2747 4874 ne
2770 4829 2824 4890 in
2841 4826 2929 4876 sua
2953 4826 3190 4890 provincia
3216 4826 3551 4879 communione
3581 4826 3832 4890 suspensi,

2245 4909 2266 4935 (ι
2289 4898 2420 4963 atua
2439 4891 2690 4937 Sanctitate
2710 4888 3032 4962 vell‘estinato
3049 4888 3129 4963 vel
3162 4904 3471 4963 praepropere
3495 4889 3575 4940 vel
3609 4888 3833 4942 indebite

2246 4969 2264 4996 ‹έ
2291 4953 2542 4999 videantur
2564 4952 2883 5015 communioni
2906 4952 3092 5000 restitui
3106 4952 3129 5000 ?
3143 4968 3165 4996 ι
3191 4960 3241 5002 Et
3272 4952 3392 5001 intra
3409 4953 3605 5000 demum
3624 4964 3829 5015 rogant:

2245 5031 2266 5058 α
2288 5019 2610 5077 Exsecutores
2639 5013 2782 5077 etiam
2814 5011 3016 5062 clericos
3038 5021 3227 5077 vestros
3248 5017 3522 5076 quibusque
3545 5011 3834 5077 petentibus

2247 5091 2268 5118 ς(
2293 5073 2440 5138 nolite
2465 5076 2675 5138 mittere,
2701 5073 2848 5124 nolite
2871 5075 3168 5138 concedere;
3194 5073 3506 5125 nei'amostim
3527 5073 3723 5138 tvjhum
3741 5091 3832 5126 sre-

2246 5153 2267 5179 «
2285 5132 2376 5200 culi
2400 5136 2448 5200 in
2473 5135 2724 5200 ecclesiam
2743 5137 2926 5200 (:hristi,
2951 5150 3061 5198 qum
3085 5132 3242 5186 lucem
3266 5132 3648 5200 sinqwlicitatiset
3669 5138 3830 5188 burni-

2247 5215 2269 5242 ιι
2293 5196 2440 5261 litatis
2463 5197 2590 5244 (lieni
2628 5205 2776 5245 Deum
2807 5196 2985 5261 videre
3008 5200 3316 5260 cupientibus
3346 5196 3559 5261 pratlert,
3581 5201 3824 5249 videamur

2248 5276 2270 5304 ι
2295 5259 2536 5307 imtueere.
2561 5275 2581 5300 ιι
2621 5265 2856 5308 Caeterum
2894 5258 3181 5308 Cu‘lestinus
3223 5258 3474 5310 nihil'tale
3510 5269 3586 5310 est
3615 5261 3814 5311 molitus

2241 5319 2386 5382 quale
2434 5321 2693 5369 verebatur
2739 5322 3053 5384 Augustinus;
3107 5323 3342 5384 siquidem
3392 5325 3590 5372 Antonio
3641 5323 3836 5375 reddita

2243 5394 2486 5446 nunquam
2505 5394 2548 5441 ai
2570 5397 2580 5443 ι
2600 5388 2706 5432 aret
2735 5383 2955 5430 Ecclesia:
2985 5383 3278 5434 Fussalensis
3295 5384 3653 5441 administratio,
3685 5398 3833 5446 quam

2244 5443 2292 5491 in
2314 5456 2370 5492 se
2395 5452 2641 5505 receptam
2666 5446 2955 5506 Augustinus
2976 5448 3184 5506 gereisat
3216 5447 3370 5495 adhuc
3397 5448 3488 5494 sub
3512 5448 3624 5495 vine
3662 5443 3830 5506 ﬁnem,

2243 5507 2311 5554 uti
2335 5505 2620 5572 intelligitur
2643 5519 2719 5572 ex_
2731 5505 2932 5567 Epistula
2948 5505 3005 5572 ad
3022 5506 3424 5572 Quodvultdeum,
3443 5507 3520 5555 hic
3541 5508 3651 5567 224,
3669 5510 3720 5556 in
3737 5505 3835 5572 qua

2245 5567 2575 5635 Fussalensent
2596 5569 2931 5635 presbyterum
2944 5569 3032 5628 ipsi
3047 5570 3362 5635 comriiendat,
3390 5582 3602 5635 eumque
3619 5571 3676 5635 ad
3695 5567 3835 5622 suam

2244 5642 2408 5691 curam
2431 5631 2678 5690 pertinere
2701 5629 2950 5691 signiﬁcat.
2975 5637 3030 5679 At
3054 5631 3148 5680 vita
3179 5633 3339 5681 t'uncto
3357 5629 3553 5680 Antonio
3574 5631 3832 5682 suﬂ‘ectum

2246 5690 2391 5739 alium
2413 5691 2560 5739 fuisse
2587 5705 2668 5752 par
2693 5690 2769 5740 est
2789 5692 3026 5740 credere:
3052 5702 3189 5742 certe
3207 5695 3253 5742 in
3277 5695 3445 5743 notitia
3463 5696 3627 5743 Africa:
3654 5709 3832 5744 cense-

2250 5759 2324 5799 tur
2349 5755 2476 5801 inter
2494 5754 2710 5801 {Numidas
2735 5755 2909 5814 episcol
2928 5767 2985 5802 os
3014 5753 3174 5803 Melior
3197 5756 3508 5806 Rissalensis.
3527 5763 3694 5806 notata
3730 5758 3834 5806 ὶιρικ.

2248 5816 2343 5862 sint.
2377 5816 2811 5881 aducmiciliandam
2847 5814 2989 5864 fidem
3021 5818 3130 5881 huic
3168 5818 3410 5881 Epistula),
3453 5829 3597 5881 quam
3632 5820 3836 5870 amittis

2251 5877 2493 5927 nonnullis
2508 5879 2558 5927 in
2578 5879 2901 5940 suspicionem
2925 5879 3119 5930 venisse
3140 5877 3471 5945 intelligimus.
