  <div class='ocr_page' id='page_1' title='image "/cluster/home/n/w/nwhite01/storage/ocr_20150623/33/hvd.32044015471451/484.png"; bbox 0 0 4086 6350; ppageno 0'>
   <div class='ocr_carea' id='block_1_1' title="bbox 261 355 356 415">
    <p class='ocr_par' dir='ltr' id='par_1_1' title="bbox 261 355 356 415">
     <span class='ocr_line' id='line_1_1' title="bbox 261 355 356 415; baseline -0.063 0"><span class='ocrx_word' id='word_1_1' title='bbox 261 355 356 415; x_wconf 74' lang='lat'><strong>957</strong></span> 
     </span>
    </p>
   </div>
   <div class='ocr_carea' id='block_1_2' title="bbox 263 466 1833 540">
    <p class='ocr_par' dir='ltr' id='par_1_2' title="bbox 263 466 1833 540">
     <span class='ocr_line' id='line_1_2' title="bbox 263 466 1833 540; baseline 0.001 -16"><span class='ocrx_word' id='word_1_2' title='bbox 263 467 488 524; x_wconf 83' lang='lat' dir='ltr'><strong>membra</strong></span> <span class='ocrx_word' id='word_1_3' title='bbox 510 466 727 534; x_wconf 83' lang='lat' dir='ltr'><strong>Christi,</strong></span> <span class='ocrx_word' id='word_1_4' title='bbox 749 483 867 538; x_wconf 68' lang='lat' dir='ltr'><strong>qum</strong></span> <span class='ocrx_word' id='word_1_5' title='bbox 895 468 945 523; x_wconf 89' lang='lat' dir='ltr'><strong>in</strong></span> <span class='ocrx_word' id='word_1_6' title='bbox 970 468 1055 522; x_wconf 89' lang='lat' dir='ltr'><strong>illa</strong></span> <span class='ocrx_word' id='word_1_7' title='bbox 1084 467 1300 540; x_wconf 79' lang='lat' dir='ltr'><strong>regione</strong></span> <span class='ocrx_word' id='word_1_8' title='bbox 1323 477 1466 535; x_wconf 88' lang='lat' dir='ltr'><strong>sunt,</strong></span> <span class='ocrx_word' id='word_1_9' title='bbox 1493 472 1561 527; x_wconf 86' lang='lat' dir='ltr'><strong>ab</strong></span> <span class='ocrx_word' id='word_1_10' title='bbox 1580 472 1833 527; x_wconf 79' lang='lat' dir='ltr'><strong>exitiabili</strong></span> 
     </span>
    </p>
   </div>
   <div class='ocr_carea' id='block_1_3' title="bbox 264 561 1830 627">
    <p class='ocr_par' dir='ltr' id='par_1_3' title="bbox 264 561 1830 627">
     <span class='ocr_line' id='line_1_3' title="bbox 264 561 1830 627; baseline -0.002 -9"><span class='ocrx_word' id='word_1_11' title='bbox 264 565 442 618; x_wconf 68' lang='lat' dir='ltr'><strong>tinnire</strong></span> <span class='ocrx_word' id='word_1_12' title='bbox 484 576 547 615; x_wconf 86' lang='lat' dir='ltr'><strong>ac</strong></span> <span class='ocrx_word' id='word_1_13' title='bbox 576 561 783 614; x_wconf 92' lang='lat' dir='ltr'><strong>tristitia</strong></span> <span class='ocrx_word' id='word_1_14' title='bbox 824 561 1182 627; x_wconf 88' lang='lat' dir='ltr'><strong>recreaveris,</strong></span> <span class='ocrx_word' id='word_1_15' title='bbox 1213 573 1263 615; x_wconf 91' lang='lat' dir='ltr'><strong>et</strong></span> <span class='ocrx_word' id='word_1_16' title='bbox 1296 577 1466 616; x_wconf 89' lang='lat' dir='ltr'><strong>meam</strong></span> <span class='ocrx_word' id='word_1_17' title='bbox 1506 571 1830 617; x_wconf 75' lang='lat' dir='ltr'><strong>senectutem</strong></span> 
     </span>
    </p>
   </div>
   <div class='ocr_carea' id='block_1_4' title="bbox 261 651 1833 721">
    <p class='ocr_par' dir='ltr' id='par_1_4' title="bbox 261 651 1833 721">
     <span class='ocr_line' id='line_1_4' title="bbox 261 651 1833 721; baseline -0.001 -12"><span class='ocrx_word' id='word_1_18' title='bbox 261 655 353 709; x_wconf 85' lang='lat' dir='ltr'><strong>hac</strong></span> <span class='ocrx_word' id='word_1_19' title='bbox 381 652 711 708; x_wconf 78' lang='lat' dir='ltr'><strong>misericordi</strong></span> <span class='ocrx_word' id='word_1_20' title='bbox 748 653 949 721; x_wconf 86' lang='lat' dir='ltr'><strong>justitia</strong></span> <span class='ocrx_word' id='word_1_21' title='bbox 992 651 1156 707; x_wconf 77' lang='lat' dir='ltr'><strong>fueris</strong></span> <span class='ocrx_word' id='word_1_22' title='bbox 1193 653 1533 719; x_wconf 76' lang='lat' dir='ltr'><strong>consolatus,</strong></span> <span class='ocrx_word' id='word_1_23' title='bbox 1578 654 1833 708; x_wconf 89' lang='lat' dir='ltr'><strong>retribuet</strong></span> 
     </span>
    </p>
   </div>
   <div class='ocr_carea' id='block_1_5' title="bbox 262 743 1830 815">
    <p class='ocr_par' dir='ltr' id='par_1_5' title="bbox 262 743 1830 815">
     <span class='ocr_line' id='line_1_5' title="bbox 262 743 1830 815; baseline -0.002 -12"><span class='ocrx_word' id='word_1_24' title='bbox 262 749 366 813; x_wconf 87' lang='lat' dir='ltr'><strong>tibi,</strong></span> <span class='ocrx_word' id='word_1_25' title='bbox 401 756 453 801; x_wconf 87' lang='lat' dir='ltr'><strong>et</strong></span> <span class='ocrx_word' id='word_1_26' title='bbox 480 746 532 799; x_wconf 89' lang='lat' dir='ltr'><strong>iu</strong></span> <span class='ocrx_word' id='word_1_27' title='bbox 562 746 808 815; x_wconf 64' lang='lat' dir='ltr'><strong>praisenti</strong></span> <span class='ocrx_word' id='word_1_28' title='bbox 835 754 888 800; x_wconf 87' lang='lat' dir='ltr'><strong>et</strong></span> <span class='ocrx_word' id='word_1_29' title='bbox 917 746 967 799; x_wconf 90' lang='lat' dir='ltr'><strong>in</strong></span> <span class='ocrx_word' id='word_1_30' title='bbox 996 743 1168 799; x_wconf 77' lang='lat' dir='ltr'><strong>futttra</strong></span> <span class='ocrx_word' id='word_1_31' title='bbox 1197 747 1302 799; x_wconf 90' lang='lat' dir='ltr'><strong>vita</strong></span> <span class='ocrx_word' id='word_1_32' title='bbox 1322 788 1333 807; x_wconf 90' lang='lat'><strong>,</strong></span> <span class='ocrx_word' id='word_1_33' title='bbox 1370 746 1501 799; x_wconf 82' lang='lat' dir='ltr'><strong>bona</strong></span> <span class='ocrx_word' id='word_1_34' title='bbox 1531 761 1625 815; x_wconf 88' lang='lat' dir='ltr'><strong>pro</strong></span> <span class='ocrx_word' id='word_1_35' title='bbox 1660 745 1830 807; x_wconf 82' lang='lat' dir='ltr'><strong>bonis,</strong></span> 
     </span>
    </p>
   </div>
   <div class='ocr_carea' id='block_1_6' title="bbox 260 836 1834 912">
    <p class='ocr_par' dir='ltr' id='par_1_6' title="bbox 260 836 1834 912">
     <span class='ocr_line' id='line_1_6' title="bbox 260 836 1834 912; baseline -0.002 -17"><span class='ocrx_word' id='word_1_36' title='bbox 260 842 340 912; x_wconf 88' lang='lat' dir='ltr'><strong>qui</strong></span> <span class='ocrx_word' id='word_1_37' title='bbox 375 856 466 911; x_wconf 90' lang='lat' dir='ltr'><strong>per</strong></span> <span class='ocrx_word' id='word_1_38' title='bbox 493 851 543 893; x_wconf 87' lang='lat' dir='ltr'><strong>te</strong></span> <span class='ocrx_word' id='word_1_39' title='bbox 576 839 726 892; x_wconf 91' lang='lat' dir='ltr'><strong>nobis</strong></span> <span class='ocrx_word' id='word_1_40' title='bbox 755 836 806 891; x_wconf 89' lang='lat' dir='ltr'><strong>in</strong></span> <span class='ocrx_word' id='word_1_41' title='bbox 850 839 946 892; x_wconf 84' lang='lat' dir='ltr'><strong>ista</strong></span> <span class='ocrx_word' id='word_1_42' title='bbox 980 839 1317 893; x_wconf 76' lang='lat' dir='ltr'><strong>tribulatione</strong></span> <span class='ocrx_word' id='word_1_43' title='bbox 1347 837 1635 904; x_wconf 77' lang='lat' dir='ltr'><strong>succurrit,</strong></span> <span class='ocrx_word' id='word_1_44' title='bbox 1669 848 1721 893; x_wconf 90' lang='lat' dir='ltr'><strong>et</strong></span> <span class='ocrx_word' id='word_1_45' title='bbox 1743 838 1834 907; x_wconf 89' lang='lat' dir='ltr'><strong>qui</strong></span> 
     </span>
    </p>
   </div>
   <div class='ocr_carea' id='block_1_7' title="bbox 261 930 986 989">
    <p class='ocr_par' dir='ltr' id='par_1_7' title="bbox 261 930 986 989">
     <span class='ocr_line' id='line_1_7' title="bbox 261 930 986 989; baseline -0.006 0"><span class='ocrx_word' id='word_1_46' title='bbox 261 947 307 989; x_wconf 90' lang='lat' dir='ltr'><strong>te</strong></span> <span class='ocrx_word' id='word_1_47' title='bbox 336 935 386 988; x_wconf 88' lang='lat' dir='ltr'><strong>in</strong></span> <span class='ocrx_word' id='word_1_48' title='bbox 414 932 499 987; x_wconf 88' lang='lat' dir='ltr'><strong>illa</strong></span> <span class='ocrx_word' id='word_1_49' title='bbox 528 930 664 986; x_wconf 88' lang='lat' dir='ltr'><strong>Sede</strong></span> <span class='ocrx_word' id='word_1_50' title='bbox 696 930 986 987; x_wconf 85' lang='lat' dir='ltr'><strong>constituit.</strong></span> 
     </span>
    </p>
   </div>
   <div class='ocr_carea' id='block_1_8' title="bbox 703 1023 1379 1094">
    <p class='ocr_par' dir='ltr' id='par_1_8' title="bbox 703 1023 1379 1094">
     <span class='ocr_line' id='line_1_8' title="bbox 703 1023 1379 1094; baseline -0.001 -16"><span class='ocrx_word' id='word_1_51' title='bbox 703 1024 1027 1079; x_wconf 80' lang='lat' dir='ltr'><strong>EPISTOLA</strong></span> <span class='ocrx_word' id='word_1_52' title='bbox 1070 1023 1203 1078; x_wconf 79' lang='lat' dir='ltr'><strong>CCX</strong></span> <span class='ocrx_word' id='word_1_53' title='bbox 1234 1028 1251 1045; x_wconf 67' lang='grc' dir='ltr'><strong><em>ο</em></strong></span> <span class='ocrx_word' id='word_1_54' title='bbox 1282 1024 1379 1094; x_wconf 85' lang='grc' dir='ltr'><strong>(α).</strong></span> 
     </span>
    </p>
   </div>
   <div class='ocr_carea' id='block_1_9' title="bbox 260 1114 1836 1189">
    <p class='ocr_par' dir='ltr' id='par_1_9' title="bbox 260 1114 1836 1189">
     <span class='ocr_line' id='line_1_9' title="bbox 260 1114 1836 1189; baseline -0.002 -16"><span class='ocrx_word' id='word_1_55' title='bbox 260 1118 561 1189; x_wconf 80' lang='lat' dir='ltr'><strong>Augustinus</strong></span> <span class='ocrx_word' id='word_1_56' title='bbox 590 1114 845 1169; x_wconf 80' lang='lat' dir='ltr'><strong>Felicitati</strong></span> <span class='ocrx_word' id='word_1_57' title='bbox 875 1127 921 1171; x_wconf 88' lang='lat' dir='ltr'><strong>et</strong></span> <span class='ocrx_word' id='word_1_58' title='bbox 950 1116 1186 1174; x_wconf 77' lang='lat' dir='ltr'><strong>Rustico.</strong></span> <span class='ocrx_word' id='word_1_59' title='bbox 1219 1117 1281 1169; x_wconf 86' lang='lat' dir='ltr'><strong>de</strong></span> <span class='ocrx_word' id='word_1_60' title='bbox 1310 1117 1453 1169; x_wconf 86' lang='lat' dir='ltr'><strong>malis</strong></span> <span class='ocrx_word' id='word_1_61' title='bbox 1484 1116 1755 1169; x_wconf 73' lang='lat' dir='ltr'><strong>tolerandis</strong></span> <span class='ocrx_word' id='word_1_62' title='bbox 1790 1124 1836 1170; x_wconf 91' lang='lat' dir='ltr'><strong>et</strong></span> 
     </span>
    </p>
   </div>
   <div class='ocr_carea' id='block_1_10' title="bbox 322 1210 1833 1283">
    <p class='ocr_par' dir='ltr' id='par_1_10' title="bbox 322 1210 1833 1283">
     <span class='ocr_line' id='line_1_10' title="bbox 322 1210 1833 1283; baseline -0.002 -17"><span class='ocrx_word' id='word_1_63' title='bbox 322 1213 384 1268; x_wconf 81' lang='lat' dir='ltr'><strong>de</strong></span> <span class='ocrx_word' id='word_1_64' title='bbox 418 1215 643 1283; x_wconf 81' lang='lat' dir='ltr'><strong>fraterna</strong></span> <span class='ocrx_word' id='word_1_65' title='bbox 678 1212 1022 1280; x_wconf 77' lang='lat' dir='ltr'><strong>correptione;</strong></span> <span class='ocrx_word' id='word_1_66' title='bbox 1062 1212 1189 1281; x_wconf 77' lang='lat' dir='ltr'><strong>forte</strong></span> <span class='ocrx_word' id='word_1_67' title='bbox 1218 1211 1475 1265; x_wconf 76' lang='lat' dir='ltr'><strong>occasione</strong></span> <span class='ocrx_word' id='word_1_68' title='bbox 1510 1211 1753 1263; x_wconf 82' lang='lat' dir='ltr'><strong>tumultus</strong></span> <span class='ocrx_word' id='word_1_69' title='bbox 1782 1210 1833 1263; x_wconf 86' lang='lat' dir='ltr'><strong>in</strong></span> 
     </span>
    </p>
   </div>
   <div class='ocr_carea' id='block_1_11' title="bbox 322 1302 1835 1373">
    <p class='ocr_par' dir='ltr' id='par_1_11' title="bbox 322 1302 1835 1373">
     <span class='ocr_line' id='line_1_11' title="bbox 322 1302 1835 1373; baseline -0.003 -16"><span class='ocrx_word' id='word_1_70' title='bbox 322 1303 777 1357; x_wconf 75' lang='lat' dir='ltr'><strong>sanctimonialium</strong></span> <span class='ocrx_word' id='word_1_71' title='bbox 820 1313 1061 1356; x_wconf 79' lang='lat' dir='ltr'><strong>conventu</strong></span> <span class='ocrx_word' id='word_1_72' title='bbox 1099 1304 1292 1366; x_wconf 79' lang='lat' dir='ltr'><strong>exorti,</strong></span> <span class='ocrx_word' id='word_1_73' title='bbox 1323 1304 1384 1356; x_wconf 82' lang='lat' dir='ltr'><strong>de</strong></span> <span class='ocrx_word' id='word_1_74' title='bbox 1409 1319 1504 1371; x_wconf 81' lang='lat' dir='ltr'><strong>quo</strong></span> <span class='ocrx_word' id='word_1_75' title='bbox 1548 1303 1595 1354; x_wconf 87' lang='lat' dir='ltr'><strong>in</strong></span> <span class='ocrx_word' id='word_1_76' title='bbox 1625 1302 1835 1373; x_wconf 85' lang='lat' dir='ltr'><strong>epistola</strong></span> 
     </span>
    </p>
   </div>
   <div class='ocr_carea' id='block_1_12' title="bbox 323 1396 1247 1469">
    <p class='ocr_par' dir='ltr' id='par_1_12' title="bbox 323 1396 1247 1469">
     <span class='ocr_line' id='line_1_12' title="bbox 323 1396 1247 1469; baseline -0.003 -18"><span class='ocrx_word' id='word_1_77' title='bbox 323 1398 546 1466; x_wconf 77' lang='lat' dir='ltr'><strong>proxime</strong></span> <span class='ocrx_word' id='word_1_78' title='bbox 575 1407 685 1467; x_wconf 88' lang='lat' dir='ltr'><strong>post</strong></span> <span class='ocrx_word' id='word_1_79' title='bbox 714 1397 844 1449; x_wconf 85' lang='lat' dir='ltr'><strong>hanc</strong></span> <span class='ocrx_word' id='word_1_80' title='bbox 871 1396 1210 1469; x_wconf 76' lang='lat' dir='ltr'><strong>subsequente.</strong></span> <span class='ocrx_word' id='word_1_81' title='bbox 1244 1438 1247 1443; x_wconf 97' lang='lat'><strong>.</strong></span> 
     </span>
    </p>
   </div>
   <div class='ocr_carea' id='block_1_13' title="bbox 255 1509 1836 1587">
    <p class='ocr_par' dir='ltr' id='par_1_13' title="bbox 255 1509 1836 1587">
     <span class='ocr_line' id='line_1_13' title="bbox 255 1509 1836 1587; baseline -0.003 -21"><span class='ocrx_word' id='word_1_82' title='bbox 255 1512 612 1566; x_wconf 50' lang='lat' dir='ltr'><strong>Dilectissimae</strong></span> <span class='ocrx_word' id='word_1_83' title='bbox 639 1520 691 1565; x_wconf 90' lang='lat' dir='ltr'><strong>et</strong></span> <span class='ocrx_word' id='word_1_84' title='bbox 718 1512 1066 1587; x_wconf 67' lang='lat' dir='ltr'><strong>sanctissima:</strong></span> <span class='ocrx_word' id='word_1_85' title='bbox 1094 1512 1244 1564; x_wconf 82' lang='lat' dir='ltr'><strong>matri</strong></span> <span class='ocrx_word' id='word_1_86' title='bbox 1279 1512 1588 1565; x_wconf 72' lang='lat' dir='ltr'><strong>FELICITATI</strong></span> <span class='ocrx_word' id='word_1_87' title='bbox 1611 1552 1623 1573; x_wconf 84' lang='lat'><strong>,</strong></span> <span class='ocrx_word' id='word_1_88' title='bbox 1654 1518 1705 1562; x_wconf 83' lang='lat' dir='ltr'><strong>et</strong></span> <span class='ocrx_word' id='word_1_89' title='bbox 1730 1509 1836 1562; x_wconf 86' lang='lat' dir='ltr'><strong>fra-</strong></span> 
     </span>
    </p>
   </div>
   <div class='ocr_carea' id='block_1_14' title="bbox 321 1604 1838 1672">
    <p class='ocr_par' dir='ltr' id='par_1_14' title="bbox 321 1604 1838 1672">
     <span class='ocr_line' id='line_1_14' title="bbox 321 1604 1838 1672; baseline -0.003 -14"><span class='ocrx_word' id='word_1_90' title='bbox 321 1605 381 1658; x_wconf 91' lang='lat' dir='ltr'><strong>tri</strong></span> <span class='ocrx_word' id='word_1_91' title='bbox 406 1604 663 1669; x_wconf 76' lang='lat' dir='ltr'><strong>Rusrtco,</strong></span> <span class='ocrx_word' id='word_1_92' title='bbox 688 1612 739 1656; x_wconf 88' lang='lat' dir='ltr'><strong>et</strong></span> <span class='ocrx_word' id='word_1_93' title='bbox 760 1604 1030 1657; x_wconf 85' lang='lat' dir='ltr'><strong>sororibus</strong></span> <span class='ocrx_word' id='word_1_94' title='bbox 1053 1619 1169 1672; x_wconf 69' lang='lat' dir='ltr'><strong>qum</strong></span> <span class='ocrx_word' id='word_1_95' title='bbox 1195 1604 1466 1657; x_wconf 69' lang='lat' dir='ltr'><strong>vobisvum</strong></span> <span class='ocrx_word' id='word_1_96' title='bbox 1494 1610 1635 1665; x_wconf 83' lang='lat' dir='ltr'><strong>Stllll,</strong></span> <span class='ocrx_word' id='word_1_97' title='bbox 1663 1605 1838 1656; x_wconf 70' lang='lat' dir='ltr'><strong>Arcu-</strong></span> 
     </span>
    </p>
   </div>
   <div class='ocr_carea' id='block_1_15' title="bbox 317 1694 1724 1764">
    <p class='ocr_par' dir='ltr' id='par_1_15' title="bbox 317 1694 1724 1764">
     <span class='ocr_line' id='line_1_15' title="bbox 317 1694 1724 1764; baseline -0.002 -15"><span class='ocrx_word' id='word_1_98' title='bbox 317 1711 514 1757; x_wconf 75' lang='lat' dir='ltr'><strong>STlNllS,</strong></span> <span class='ocrx_word' id='word_1_99' title='bbox 545 1704 597 1748; x_wconf 88' lang='lat' dir='ltr'><strong>et</strong></span> <span class='ocrx_word' id='word_1_100' title='bbox 621 1696 705 1764; x_wconf 87' lang='lat' dir='ltr'><strong>qui</strong></span> <span class='ocrx_word' id='word_1_101' title='bbox 736 1711 939 1748; x_wconf 89' lang='lat' dir='ltr'><strong>mecum</strong></span> <span class='ocrx_word' id='word_1_102' title='bbox 970 1702 1108 1759; x_wconf 82' lang='lat' dir='ltr'><strong>Sunt,</strong></span> <span class='ocrx_word' id='word_1_103' title='bbox 1146 1696 1196 1748; x_wconf 92' lang='lat' dir='ltr'><strong>in</strong></span> <span class='ocrx_word' id='word_1_104' title='bbox 1229 1696 1451 1747; x_wconf 88' lang='lat' dir='ltr'><strong>Domino</strong></span> <span class='ocrx_word' id='word_1_105' title='bbox 1481 1694 1724 1747; x_wconf 80' lang='lat' dir='ltr'><strong>salutem.</strong></span> 
     </span>
    </p>
   </div>
   <div class='ocr_carea' id='block_1_16' title="bbox 319 1787 1834 1856">
    <p class='ocr_par' dir='ltr' id='par_1_16' title="bbox 319 1787 1834 1856">
     <span class='ocr_line' id='line_1_16' title="bbox 319 1787 1834 1856; baseline -0.001 -14"><span class='ocrx_word' id='word_1_106' title='bbox 319 1790 364 1842; x_wconf 84' lang='grc'><strong>1.</strong></span> <span class='ocrx_word' id='word_1_107' title='bbox 408 1788 590 1843; x_wconf 88' lang='lat' dir='ltr'><strong>Bonus</strong></span> <span class='ocrx_word' id='word_1_108' title='bbox 614 1797 695 1841; x_wconf 89' lang='lat' dir='ltr'><strong>est</strong></span> <span class='ocrx_word' id='word_1_109' title='bbox 718 1788 993 1851; x_wconf 76' lang='lat' dir='ltr'><strong>Dominus,</strong></span> <span class='ocrx_word' id='word_1_110' title='bbox 1026 1797 1078 1841; x_wconf 86' lang='lat' dir='ltr'><strong>et</strong></span> <span class='ocrx_word' id='word_1_111' title='bbox 1107 1788 1470 1841; x_wconf 82' lang='lat' dir='ltr'><strong>misericordia</strong></span> <span class='ocrx_word' id='word_1_112' title='bbox 1499 1788 1614 1855; x_wconf 88' lang='lat' dir='ltr'><strong>ejus</strong></span> <span class='ocrx_word' id='word_1_113' title='bbox 1641 1787 1834 1856; x_wconf 91' lang='lat' dir='ltr'><strong>ubique</strong></span> 
     </span>
    </p>
   </div>
   <div class='ocr_carea' id='block_1_17' title="bbox 248 1879 1834 1948">
    <p class='ocr_par' dir='ltr' id='par_1_17' title="bbox 248 1879 1834 1948">
     <span class='ocr_line' id='line_1_17' title="bbox 248 1879 1834 1948; baseline 0.001 -17"><span class='ocrx_word' id='word_1_114' title='bbox 248 1879 447 1943; x_wconf 84' lang='lat' dir='ltr'><strong>difTusa,</strong></span> <span class='ocrx_word' id='word_1_115' title='bbox 478 1895 601 1948; x_wconf 69' lang='lat' dir='ltr'><strong>qum</strong></span> <span class='ocrx_word' id='word_1_116' title='bbox 632 1894 726 1932; x_wconf 87' lang='lat' dir='ltr'><strong>nos</strong></span> <span class='ocrx_word' id='word_1_117' title='bbox 754 1880 817 1933; x_wconf 90' lang='lat' dir='ltr'><strong>de</strong></span> <span class='ocrx_word' id='word_1_118' title='bbox 843 1888 1013 1932; x_wconf 74' lang='lat' dir='ltr'><strong>vestra</strong></span> <span class='ocrx_word' id='word_1_119' title='bbox 1046 1880 1304 1933; x_wconf 86' lang='lat' dir='ltr'><strong>charilatc</strong></span> <span class='ocrx_word' id='word_1_120' title='bbox 1334 1881 1384 1932; x_wconf 92' lang='lat' dir='ltr'><strong>in</strong></span> <span class='ocrx_word' id='word_1_121' title='bbox 1410 1880 1517 1933; x_wconf 73' lang='lat' dir='ltr'><strong>suis</strong></span> <span class='ocrx_word' id='word_1_122' title='bbox 1545 1880 1834 1933; x_wconf 81' lang='lat' dir='ltr'><strong>visceribus</strong></span> 
     </span>
    </p>
   </div>
   <div class='ocr_carea' id='block_1_18' title="bbox 244 1971 1832 2042">
    <p class='ocr_par' dir='ltr' id='par_1_18' title="bbox 244 1971 1832 2042">
     <span class='ocr_line' id='line_1_18' title="bbox 244 1971 1832 2042; baseline 0 -16"><span class='ocrx_word' id='word_1_123' title='bbox 244 1973 569 2026; x_wconf 82' lang='lat' dir='ltr'><strong>conSolatur.</strong></span> <span class='ocrx_word' id='word_1_124' title='bbox 609 1971 875 2038; x_wconf 85' lang='lat' dir='ltr'><strong>Quantum</strong></span> <span class='ocrx_word' id='word_1_125' title='bbox 916 1974 1055 2027; x_wconf 89' lang='lat' dir='ltr'><strong>enitn</strong></span> <span class='ocrx_word' id='word_1_126' title='bbox 1097 1973 1278 2042; x_wconf 84' lang='lat' dir='ltr'><strong>diligat</strong></span> <span class='ocrx_word' id='word_1_127' title='bbox 1320 1972 1599 2026; x_wconf 90' lang='lat' dir='ltr'><strong>credentes</strong></span> <span class='ocrx_word' id='word_1_128' title='bbox 1629 1981 1679 2026; x_wconf 91' lang='lat' dir='ltr'><strong>et</strong></span> <span class='ocrx_word' id='word_1_129' title='bbox 1710 1988 1832 2041; x_wconf 85' lang='lat' dir='ltr'><strong>spe-</strong></span> 
     </span>
    </p>
   </div>
   <div class='ocr_carea' id='block_1_19' title="bbox 245 2064 1831 2134">
    <p class='ocr_par' dir='ltr' id='par_1_19' title="bbox 245 2064 1831 2134">
     <span class='ocr_line' id='line_1_19' title="bbox 245 2064 1831 2134; baseline -0.001 -16"><span class='ocrx_word' id='word_1_130' title='bbox 245 2076 414 2118; x_wconf 88' lang='lat' dir='ltr'><strong>rantes</strong></span> <span class='ocrx_word' id='word_1_131' title='bbox 442 2065 500 2118; x_wconf 85' lang='lat' dir='ltr'><strong>in</strong></span> <span class='ocrx_word' id='word_1_132' title='bbox 530 2080 606 2129; x_wconf 89' lang='lat' dir='ltr'><strong>se,</strong></span> <span class='ocrx_word' id='word_1_133' title='bbox 635 2075 683 2117; x_wconf 90' lang='lat' dir='ltr'><strong>et</strong></span> <span class='ocrx_word' id='word_1_134' title='bbox 712 2064 857 2117; x_wconf 90' lang='lat' dir='ltr'><strong>illum</strong></span> <span class='ocrx_word' id='word_1_135' title='bbox 881 2075 1038 2134; x_wconf 86' lang='lat' dir='ltr'><strong>atque</strong></span> <span class='ocrx_word' id='word_1_136' title='bbox 1061 2064 1288 2117; x_wconf 76' lang='lat' dir='ltr'><strong>iuvicmn</strong></span> <span class='ocrx_word' id='word_1_137' title='bbox 1314 2064 1609 2133; x_wconf 81' lang='lat' dir='ltr'><strong>diligentes,</strong></span> <span class='ocrx_word' id='word_1_138' title='bbox 1634 2072 1689 2117; x_wconf 89' lang='lat' dir='ltr'><strong>et</strong></span> <span class='ocrx_word' id='word_1_139' title='bbox 1707 2064 1831 2133; x_wconf 90' lang='lat' dir='ltr'><strong>quid</strong></span> 
     </span>
    </p>
   </div>
   <div class='ocr_carea' id='block_1_20' title="bbox 241 2156 1831 2225">
    <p class='ocr_par' dir='ltr' id='par_1_20' title="bbox 241 2156 1831 2225">
     <span class='ocr_line' id='line_1_20' title="bbox 241 2156 1831 2225; baseline -0.002 -14"><span class='ocrx_word' id='word_1_140' title='bbox 241 2158 313 2211; x_wconf 81' lang='lat' dir='ltr'><strong>eis</strong></span> <span class='ocrx_word' id='word_1_141' title='bbox 342 2156 389 2209; x_wconf 91' lang='lat' dir='ltr'><strong>in</strong></span> <span class='ocrx_word' id='word_1_142' title='bbox 434 2167 710 2225; x_wconf 89' lang='lat' dir='ltr'><strong>posterum</strong></span> <span class='ocrx_word' id='word_1_143' title='bbox 743 2166 950 2214; x_wconf 71' lang='lat' dir='ltr'><strong>servet.</strong></span> <span class='ocrx_word' id='word_1_144' title='bbox 999 2156 1119 2210; x_wconf 88' lang='lat' dir='ltr'><strong>hinc</strong></span> <span class='ocrx_word' id='word_1_145' title='bbox 1149 2158 1378 2210; x_wconf 75' lang='lat' dir='ltr'><strong>maxime</strong></span> <span class='ocrx_word' id='word_1_146' title='bbox 1415 2156 1679 2220; x_wconf 80' lang='lat' dir='ltr'><strong>ostendit,</strong></span> <span class='ocrx_word' id='word_1_147' title='bbox 1712 2172 1831 2209; x_wconf 87' lang='lat' dir='ltr'><strong>cum</strong></span> 
     </span>
    </p>
   </div>
   <div class='ocr_carea' id='block_1_21' title="bbox 240 2247 1830 2317">
    <p class='ocr_par' dir='ltr' id='par_1_21' title="bbox 240 2247 1830 2317">
     <span class='ocr_line' id='line_1_21' title="bbox 240 2247 1830 2317; baseline -0.001 -16"><span class='ocrx_word' id='word_1_148' title='bbox 240 2248 576 2313; x_wconf 78' lang='lat' dir='ltr'><strong>inﬁdelibus,</strong></span> <span class='ocrx_word' id='word_1_149' title='bbox 618 2256 670 2302; x_wconf 89' lang='lat' dir='ltr'><strong>et</strong></span> <span class='ocrx_word' id='word_1_150' title='bbox 712 2248 1035 2317; x_wconf 74' lang='lat' dir='ltr'><strong>deSpcratis,</strong></span> <span class='ocrx_word' id='word_1_151' title='bbox 1069 2258 1122 2301; x_wconf 88' lang='lat' dir='ltr'><strong>et</strong></span> <span class='ocrx_word' id='word_1_152' title='bbox 1170 2248 1437 2315; x_wconf 87' lang='lat' dir='ltr'><strong>perversis</strong></span> <span class='ocrx_word' id='word_1_153' title='bbox 1468 2248 1515 2312; x_wconf 73' lang='grc' dir='ltr'><strong>ί,</strong></span> <span class='ocrx_word' id='word_1_154' title='bbox 1549 2247 1739 2316; x_wconf 80' lang='lat' dir='ltr'><strong>quibus</strong></span> <span class='ocrx_word' id='word_1_155' title='bbox 1780 2247 1830 2300; x_wconf 92' lang='lat' dir='ltr'><strong>in</strong></span> 
     </span>
    </p>
   </div>
   <div class='ocr_carea' id='block_1_22' title="bbox 236 2338 1829 2408">
    <p class='ocr_par' dir='ltr' id='par_1_22' title="bbox 236 2338 1829 2408">
     <span class='ocr_line' id='line_1_22' title="bbox 236 2338 1829 2408; baseline -0.004 -13"><span class='ocrx_word' id='word_1_156' title='bbox 236 2341 365 2395; x_wconf 84' lang='lat' dir='ltr'><strong>inala</strong></span> <span class='ocrx_word' id='word_1_157' title='bbox 394 2342 673 2394; x_wconf 79' lang='lat' dir='ltr'><strong>voluntate</strong></span> <span class='ocrx_word' id='word_1_158' title='bbox 704 2354 871 2408; x_wconf 89' lang='lat' dir='ltr'><strong>usque</strong></span> <span class='ocrx_word' id='word_1_159' title='bbox 902 2340 952 2392; x_wconf 90' lang='lat' dir='ltr'><strong>in</strong></span> <span class='ocrx_word' id='word_1_160' title='bbox 984 2340 1138 2392; x_wconf 87' lang='lat' dir='ltr'><strong>linem</strong></span> <span class='ocrx_word' id='word_1_161' title='bbox 1172 2338 1632 2407; x_wconf 84' lang='lat' dir='ltr'><strong>perseverantibus</strong></span> <span class='ocrx_word' id='word_1_162' title='bbox 1658 2338 1829 2406; x_wconf 86' lang='lat' dir='ltr'><strong>ignem</strong></span> 
     </span>
    </p>
   </div>
   <div class='ocr_carea' id='block_1_23' title="bbox 234 2428 1831 2495">
    <p class='ocr_par' dir='ltr' id='par_1_23' title="bbox 234 2428 1831 2495">
     <span class='ocr_line' id='line_1_23' title="bbox 234 2428 1831 2495; baseline -0.005 -10"><span class='ocrx_word' id='word_1_163' title='bbox 234 2447 347 2486; x_wconf 89' lang='lat' dir='ltr'><strong>cum</strong></span> <span class='ocrx_word' id='word_1_164' title='bbox 376 2430 602 2484; x_wconf 85' lang='lat' dir='ltr'><strong>diabolo</strong></span> <span class='ocrx_word' id='word_1_165' title='bbox 631 2439 887 2483; x_wconf 56' lang='lat' dir='ltr'><strong>aeternum</strong></span> <span class='ocrx_word' id='word_1_166' title='bbox 916 2430 1183 2495; x_wconf 89' lang='lat' dir='ltr'><strong>minatur,</strong></span> <span class='ocrx_word' id='word_1_167' title='bbox 1216 2430 1263 2483; x_wconf 90' lang='lat' dir='ltr'><strong>in</strong></span> <span class='ocrx_word' id='word_1_168' title='bbox 1300 2428 1399 2483; x_wconf 88' lang='lat' dir='ltr'><strong>hoc</strong></span> <span class='ocrx_word' id='word_1_169' title='bbox 1428 2437 1605 2483; x_wconf 88' lang='lat' dir='ltr'><strong>tamen</strong></span> <span class='ocrx_word' id='word_1_170' title='bbox 1634 2429 1831 2483; x_wconf 82' lang='lat' dir='ltr'><strong>s:cculo</strong></span> 
     </span>
    </p>
   </div>
   <div class='ocr_carea' id='block_1_24' title="bbox 234 2522 1833 2593">
    <p class='ocr_par' dir='ltr' id='par_1_24' title="bbox 234 2522 1833 2593">
     <span class='ocr_line' id='line_1_24' title="bbox 234 2522 1833 2593; baseline -0.002 -16"><span class='ocrx_word' id='word_1_171' title='bbox 234 2523 363 2577; x_wconf 79' lang='lat' dir='ltr'><strong>bona</strong></span> <span class='ocrx_word' id='word_1_172' title='bbox 394 2532 550 2577; x_wconf 76' lang='lat' dir='ltr'><strong>tanta</strong></span> <span class='ocrx_word' id='word_1_173' title='bbox 578 2522 825 2592; x_wconf 78' lang='lat' dir='ltr'><strong>largitur;</strong></span> <span class='ocrx_word' id='word_1_174' title='bbox 864 2522 962 2588; x_wconf 85' lang='lat' dir='ltr'><strong>Qui</strong></span> <span class='ocrx_word' id='word_1_175' title='bbox 997 2523 1117 2593; x_wconf 79' lang='lat' dir='ltr'><strong>facit</strong></span> <span class='ocrx_word' id='word_1_176' title='bbox 1157 2523 1279 2575; x_wconf 89' lang='lat' dir='ltr'><strong>oriri</strong></span> <span class='ocrx_word' id='word_1_177' title='bbox 1316 2523 1471 2576; x_wconf 86' lang='lat' dir='ltr'><strong>solem</strong></span> <span class='ocrx_word' id='word_1_178' title='bbox 1507 2538 1653 2576; x_wconf 85' lang='lat' dir='ltr'><strong>suum</strong></span> <span class='ocrx_word' id='word_1_179' title='bbox 1681 2539 1833 2593; x_wconf 83' lang='lat' dir='ltr'><strong>super</strong></span> 
     </span>
    </p>
   </div>
   <div class='ocr_carea' id='block_1_25' title="bbox 233 2615 1827 2689">
    <p class='ocr_par' dir='ltr' id='par_1_25' title="bbox 233 2615 1827 2689">
     <span class='ocr_line' id='line_1_25' title="bbox 233 2615 1827 2689; baseline 0.001 -20"><span class='ocrx_word' id='word_1_180' title='bbox 233 2615 381 2670; x_wconf 85' lang='lat' dir='ltr'><strong>bonos</strong></span> <span class='ocrx_word' id='word_1_181' title='bbox 408 2627 452 2669; x_wconf 85' lang='lat' dir='ltr'><strong>et</strong></span> <span class='ocrx_word' id='word_1_182' title='bbox 480 2616 650 2671; x_wconf 82' lang='lat' dir='ltr'><strong>malos</strong></span> <span class='ocrx_word' id='word_1_183' title='bbox 671 2658 685 2681; x_wconf 91' lang='lat'><strong>,</strong></span> <span class='ocrx_word' id='word_1_184' title='bbox 718 2626 761 2669; x_wconf 88' lang='lat' dir='ltr'><strong>et</strong></span> <span class='ocrx_word' id='word_1_185' title='bbox 790 2616 914 2686; x_wconf 80' lang='lat' dir='ltr'><strong>pluit</strong></span> <span class='ocrx_word' id='word_1_186' title='bbox 938 2634 1089 2687; x_wconf 74' lang='lat' dir='ltr'><strong>super</strong></span> <span class='ocrx_word' id='word_1_187' title='bbox 1108 2617 1277 2688; x_wconf 79' lang='lat' dir='ltr'><strong>justus</strong></span> <span class='ocrx_word' id='word_1_188' title='bbox 1303 2626 1347 2670; x_wconf 90' lang='lat' dir='ltr'><strong>et</strong></span> <span class='ocrx_word' id='word_1_189' title='bbox 1374 2618 1587 2689; x_wconf 80' lang='lat' dir='ltr'><strong>injustas</strong></span> <span class='ocrx_word' id='word_1_190' title='bbox 1618 2616 1827 2686; x_wconf 82' lang='lat' dir='ltr'><strong>(Matth.</strong></span> 
     </span>
    </p>
   </div>
   <div class='ocr_carea' id='block_1_26' title="bbox 231 2707 1831 2777">
    <p class='ocr_par' dir='ltr' id='par_1_26' title="bbox 231 2707 1831 2777">
     <span class='ocr_line' id='line_1_26' title="bbox 231 2707 1831 2777; baseline 0 -16"><span class='ocrx_word' id='word_1_191' title='bbox 231 2723 281 2771; x_wconf 86' lang='lat' dir='ltr'><strong>v,</strong></span> <span class='ocrx_word' id='word_1_192' title='bbox 310 2708 401 2771; x_wconf 79' lang='grc'><strong>45)</strong></span> <span class='ocrx_word' id='word_1_193' title='bbox 435 2707 721 2762; x_wconf 87' lang='lat' dir='ltr'><strong>:breviter</strong></span> <span class='ocrx_word' id='word_1_194' title='bbox 762 2707 901 2761; x_wconf 88' lang='lat' dir='ltr'><strong>enim</strong></span> <span class='ocrx_word' id='word_1_195' title='bbox 946 2708 1142 2776; x_wconf 86' lang='lat' dir='ltr'><strong>aliquid</strong></span> <span class='ocrx_word' id='word_1_196' title='bbox 1190 2708 1387 2761; x_wconf 89' lang='lat' dir='ltr'><strong>dictum</strong></span> <span class='ocrx_word' id='word_1_197' title='bbox 1430 2716 1543 2774; x_wconf 90' lang='lat' dir='ltr'><strong>cst,</strong></span> <span class='ocrx_word' id='word_1_198' title='bbox 1586 2716 1643 2760; x_wconf 90' lang='lat' dir='ltr'><strong>ut</strong></span> <span class='ocrx_word' id='word_1_199' title='bbox 1680 2709 1831 2777; x_wconf 84' lang='lat' dir='ltr'><strong>plura</strong></span> 
     </span>
    </p>
   </div>
   <div class='ocr_carea' id='block_1_27' title="bbox 234 2800 1831 2871">
    <p class='ocr_par' dir='ltr' id='par_1_27' title="bbox 234 2800 1831 2871">
     <span class='ocr_line' id='line_1_27' title="bbox 234 2800 1831 2871; baseline 0.002 -18"><span class='ocrx_word' id='word_1_200' title='bbox 234 2802 552 2871; x_wconf 77' lang='lat' dir='ltr'><strong>Cogitentur.</strong></span> <span class='ocrx_word' id='word_1_201' title='bbox 588 2801 756 2866; x_wconf 87' lang='lat' dir='ltr'><strong>Quam</strong></span> <span class='ocrx_word' id='word_1_202' title='bbox 797 2800 959 2855; x_wconf 88' lang='lat' dir='ltr'><strong>multa</strong></span> <span class='ocrx_word' id='word_1_203' title='bbox 998 2801 1142 2855; x_wconf 83' lang='lat' dir='ltr'><strong>enim</strong></span> <span class='ocrx_word' id='word_1_204' title='bbox 1184 2801 1417 2855; x_wconf 83' lang='lat' dir='ltr'><strong>habeant</strong></span> <span class='ocrx_word' id='word_1_205' title='bbox 1460 2802 1605 2869; x_wconf 80' lang='lat' dir='ltr'><strong>impii</strong></span> <span class='ocrx_word' id='word_1_206' title='bbox 1652 2804 1701 2855; x_wconf 94' lang='lat' dir='ltr'><strong>in</strong></span> <span class='ocrx_word' id='word_1_207' title='bbox 1735 2805 1831 2856; x_wconf 88' lang='lat' dir='ltr'><strong>hac</strong></span> 
     </span>
    </p>
   </div>
   <div class='ocr_carea' id='block_1_28' title="bbox 236 2892 1829 2962">
    <p class='ocr_par' dir='ltr' id='par_1_28' title="bbox 236 2892 1829 2962">
     <span class='ocr_line' id='line_1_28' title="bbox 236 2892 1829 2962; baseline 0.002 -18"><span class='ocrx_word' id='word_1_208' title='bbox 236 2893 335 2945; x_wconf 88' lang='lat' dir='ltr'><strong>vita</strong></span> <span class='ocrx_word' id='word_1_209' title='bbox 358 2909 585 2947; x_wconf 85' lang='lat' dir='ltr'><strong>munera</strong></span> <span class='ocrx_word' id='word_1_210' title='bbox 608 2903 657 2946; x_wconf 90' lang='lat' dir='ltr'><strong>et</strong></span> <span class='ocrx_word' id='word_1_211' title='bbox 681 2892 819 2946; x_wconf 89' lang='lat' dir='ltr'><strong>dona</strong></span> <span class='ocrx_word' id='word_1_212' title='bbox 843 2893 1069 2962; x_wconf 86' lang='lat' dir='ltr'><strong>gratuita</strong></span> <span class='ocrx_word' id='word_1_213' title='bbox 1090 2894 1155 2947; x_wconf 87' lang='lat' dir='ltr'><strong>ab</strong></span> <span class='ocrx_word' id='word_1_214' title='bbox 1174 2892 1264 2946; x_wconf 90' lang='lat' dir='ltr'><strong>illo</strong></span> <span class='ocrx_word' id='word_1_215' title='bbox 1281 2909 1435 2962; x_wconf 90' lang='lat' dir='ltr'><strong>quem</strong></span> <span class='ocrx_word' id='word_1_216' title='bbox 1460 2903 1829 2961; x_wconf 89' lang='lat' dir='ltr'><strong>contemnunt,</strong></span> 
     </span>
    </p>
   </div>
   <div class='ocr_carea' id='block_1_29' title="bbox 234 2983 1830 3065">
    <p class='ocr_par' dir='ltr' id='par_1_29' title="bbox 234 2983 1830 3065">
     <span class='ocr_line' id='line_1_29' title="bbox 234 2983 1830 3065; baseline 0.001 -26"><span class='ocrx_word' id='word_1_217' title='bbox 234 3000 552 3045; x_wconf 87' lang='lat' dir='ltr'><strong>enumerare</strong></span> <span class='ocrx_word' id='word_1_218' title='bbox 575 2986 692 3065; x_wconf 85' lang='lat' dir='ltr'><strong>quis</strong></span> <span class='ocrx_word' id='word_1_219' title='bbox 715 2986 927 3055; x_wconf 87' lang='lat' dir='ltr'><strong>potest?</strong></span> <span class='ocrx_word' id='word_1_220' title='bbox 950 2985 1089 3039; x_wconf 89' lang='lat' dir='ltr'><strong>Inter</strong></span> <span class='ocrx_word' id='word_1_221' title='bbox 1110 3001 1226 3054; x_wconf 68' lang='lat' dir='ltr'><strong>quae</strong></span> <span class='ocrx_word' id='word_1_222' title='bbox 1248 2985 1372 3038; x_wconf 92' lang='lat' dir='ltr'><strong>illud</strong></span> <span class='ocrx_word' id='word_1_223' title='bbox 1396 3001 1666 3055; x_wconf 86' lang='lat' dir='ltr'><strong>magnum,</strong></span> <span class='ocrx_word' id='word_1_224' title='bbox 1691 2983 1830 3055; x_wconf 88' lang='lat' dir='ltr'><strong>quod</strong></span> 
     </span>
    </p>
   </div>
   <div class='ocr_carea' id='block_1_30' title="bbox 232 3078 1831 3149">
    <p class='ocr_par' dir='ltr' id='par_1_30' title="bbox 232 3078 1831 3149">
     <span class='ocr_line' id='line_1_30' title="bbox 232 3078 1831 3149; baseline -0.001 -15"><span class='ocrx_word' id='word_1_225' title='bbox 232 3081 495 3149; x_wconf 70' lang='lat' dir='ltr'><strong>exemplis</strong></span> <span class='ocrx_word' id='word_1_226' title='bbox 518 3079 950 3149; x_wconf 85' lang='lat' dir='ltr'><strong>interpositarum</strong></span> <span class='ocrx_word' id='word_1_227' title='bbox 978 3078 1372 3132; x_wconf 84' lang='lat' dir='ltr'><strong>tribulationum</strong></span> <span class='ocrx_word' id='word_1_228' title='bbox 1400 3094 1531 3147; x_wconf 87' lang='lat' dir='ltr'><strong>quas</strong></span> <span class='ocrx_word' id='word_1_229' title='bbox 1558 3078 1711 3146; x_wconf 86' lang='lat' dir='ltr'><strong>hujus</strong></span> <span class='ocrx_word' id='word_1_230' title='bbox 1733 3095 1831 3133; x_wconf 80' lang='lat' dir='ltr'><strong>sae-</strong></span> 
     </span>
    </p>
   </div>
   <div class='ocr_carea' id='block_1_31' title="bbox 232 3169 1831 3245">
    <p class='ocr_par' dir='ltr' id='par_1_31' title="bbox 232 3169 1831 3245">
     <span class='ocr_line' id='line_1_31' title="bbox 232 3169 1831 3245; baseline -0.003 -20"><span class='ocrx_word' id='word_1_231' title='bbox 232 3171 333 3245; x_wconf 78' lang='lat' dir='ltr'><strong>culi</strong></span> <span class='ocrx_word' id='word_1_232' title='bbox 366 3169 641 3227; x_wconf 88' lang='lat' dir='ltr'><strong>dulcedini</strong></span> <span class='ocrx_word' id='word_1_233' title='bbox 677 3181 921 3239; x_wconf 90' lang='lat' dir='ltr'><strong>tauquam</strong></span> <span class='ocrx_word' id='word_1_234' title='bbox 950 3170 1120 3224; x_wconf 89' lang='lat' dir='ltr'><strong>bonus</strong></span> <span class='ocrx_word' id='word_1_235' title='bbox 1153 3169 1387 3223; x_wconf 90' lang='lat' dir='ltr'><strong>medicus</strong></span> <span class='ocrx_word' id='word_1_236' title='bbox 1414 3170 1618 3231; x_wconf 85' lang='lat' dir='ltr'><strong>miscet,</strong></span> <span class='ocrx_word' id='word_1_237' title='bbox 1650 3170 1831 3223; x_wconf 86' lang='lat' dir='ltr'><strong>admo-</strong></span> 
     </span>
    </p>
   </div>
   <div class='ocr_carea' id='block_1_32' title="bbox 231 3261 1832 3331">
    <p class='ocr_par' dir='ltr' id='par_1_32' title="bbox 231 3261 1832 3331">
     <span class='ocr_line' id='line_1_32' title="bbox 231 3261 1832 3331; baseline 0.001 -13"><span class='ocrx_word' id='word_1_238' title='bbox 231 3274 319 3319; x_wconf 88' lang='lat' dir='ltr'><strong>net</strong></span> <span class='ocrx_word' id='word_1_239' title='bbox 348 3281 467 3329; x_wconf 91' lang='lat' dir='ltr'><strong>eos,</strong></span> <span class='ocrx_word' id='word_1_240' title='bbox 502 3265 547 3319; x_wconf 89' lang='lat' dir='ltr'><strong>si</strong></span> <span class='ocrx_word' id='word_1_241' title='bbox 575 3263 847 3318; x_wconf 86' lang='lat' dir='ltr'><strong>attendere</strong></span> <span class='ocrx_word' id='word_1_242' title='bbox 872 3263 1057 3325; x_wconf 81' lang='lat' dir='ltr'><strong>velint,</strong></span> <span class='ocrx_word' id='word_1_243' title='bbox 1091 3261 1274 3331; x_wconf 83' lang='lat' dir='ltr'><strong>fugere</strong></span> <span class='ocrx_word' id='word_1_244' title='bbox 1301 3263 1366 3316; x_wconf 89' lang='lat' dir='ltr'><strong>ab</strong></span> <span class='ocrx_word' id='word_1_245' title='bbox 1393 3264 1467 3315; x_wconf 90' lang='lat' dir='ltr'><strong>ira</strong></span> <span class='ocrx_word' id='word_1_246' title='bbox 1498 3274 1749 3328; x_wconf 89' lang='lat' dir='ltr'><strong>ventura;</strong></span> <span class='ocrx_word' id='word_1_247' title='bbox 1778 3272 1832 3319; x_wconf 88' lang='lat' dir='ltr'><strong>et</strong></span> 
     </span>
    </p>
   </div>
   <div class='ocr_carea' id='block_1_33' title="bbox 230 3352 1829 3419">
    <p class='ocr_par' dir='ltr' id='par_1_33' title="bbox 230 3352 1829 3419">
     <span class='ocr_line' id='line_1_33' title="bbox 230 3352 1829 3419; baseline -0.001 -9"><span class='ocrx_word' id='word_1_248' title='bbox 230 3370 346 3410; x_wconf 88' lang='lat' dir='ltr'><strong>cum</strong></span> <span class='ocrx_word' id='word_1_249' title='bbox 383 3356 437 3409; x_wconf 90' lang='lat' dir='ltr'><strong>in</strong></span> <span class='ocrx_word' id='word_1_250' title='bbox 468 3355 558 3408; x_wconf 86' lang='lat' dir='ltr'><strong>via</strong></span> <span class='ocrx_word' id='word_1_251' title='bbox 587 3363 742 3419; x_wconf 91' lang='lat' dir='ltr'><strong>sunt,</strong></span> <span class='ocrx_word' id='word_1_252' title='bbox 785 3355 832 3407; x_wconf 90' lang='lat' dir='ltr'><strong>id</strong></span> <span class='ocrx_word' id='word_1_253' title='bbox 870 3362 950 3408; x_wconf 92' lang='lat' dir='ltr'><strong>est</strong></span> <span class='ocrx_word' id='word_1_254' title='bbox 982 3354 1032 3406; x_wconf 94' lang='lat' dir='ltr'><strong>in</strong></span> <span class='ocrx_word' id='word_1_255' title='bbox 1067 3352 1168 3407; x_wconf 88' lang='lat' dir='ltr'><strong>hac</strong></span> <span class='ocrx_word' id='word_1_256' title='bbox 1194 3355 1326 3419; x_wconf 91' lang='lat' dir='ltr'><strong>vita,</strong></span> <span class='ocrx_word' id='word_1_257' title='bbox 1358 3354 1682 3408; x_wconf 79' lang='lat' dir='ltr'><strong>concordare</strong></span> <span class='ocrx_word' id='word_1_258' title='bbox 1712 3372 1829 3409; x_wconf 89' lang='lat' dir='ltr'><strong>cum</strong></span> 
     </span>
    </p>
   </div>
   <div class='ocr_carea' id='block_1_34' title="bbox 230 3444 1831 3517">
    <p class='ocr_par' dir='ltr' id='par_1_34' title="bbox 230 3444 1831 3517">
     <span class='ocr_line' id='line_1_34' title="bbox 230 3444 1831 3517; baseline -0.001 -15"><span class='ocrx_word' id='word_1_259' title='bbox 230 3464 486 3503; x_wconf 87' lang='lat' dir='ltr'><strong>sermone</strong></span> <span class='ocrx_word' id='word_1_260' title='bbox 520 3447 642 3511; x_wconf 87' lang='lat' dir='ltr'><strong>Dei,</strong></span> <span class='ocrx_word' id='word_1_261' title='bbox 673 3463 828 3517; x_wconf 85' lang='lat' dir='ltr'><strong>quem</strong></span> <span class='ocrx_word' id='word_1_262' title='bbox 869 3446 966 3499; x_wconf 89' lang='lat' dir='ltr'><strong>sibi</strong></span> <span class='ocrx_word' id='word_1_263' title='bbox 1010 3446 1371 3499; x_wconf 81' lang='lat' dir='ltr'><strong>adversarium</strong></span> <span class='ocrx_word' id='word_1_264' title='bbox 1418 3444 1655 3500; x_wconf 77' lang='lat' dir='ltr'><strong>fecerunt</strong></span> <span class='ocrx_word' id='word_1_265' title='bbox 1696 3448 1831 3501; x_wconf 84' lang='lat' dir='ltr'><strong>male</strong></span> 
     </span>
    </p>
   </div>
   <div class='ocr_carea' id='block_1_35' title="bbox 230 3536 1835 3609">
    <p class='ocr_par' dir='ltr' id='par_1_35' title="bbox 230 3536 1835 3609">
     <span class='ocr_line' id='line_1_35' title="bbox 230 3536 1835 3609; baseline 0 -17"><span class='ocrx_word' id='word_1_266' title='bbox 230 3540 483 3595; x_wconf 87' lang='lat' dir='ltr'><strong>vivendo.</strong></span> <span class='ocrx_word' id='word_1_267' title='bbox 520 3538 656 3604; x_wconf 86' lang='lat' dir='ltr'><strong>Quid</strong></span> <span class='ocrx_word' id='word_1_268' title='bbox 684 3554 811 3609; x_wconf 83' lang='lat' dir='ltr'><strong>ergo</strong></span> <span class='ocrx_word' id='word_1_269' title='bbox 840 3553 943 3592; x_wconf 90' lang='lat' dir='ltr'><strong>non</strong></span> <span class='ocrx_word' id='word_1_270' title='bbox 989 3536 1402 3591; x_wconf 85' lang='lat' dir='ltr'><strong>misericorditer</strong></span> <span class='ocrx_word' id='word_1_271' title='bbox 1428 3546 1709 3605; x_wconf 59' lang='lat' dir='ltr'><strong>prarstatur</strong></span> <span class='ocrx_word' id='word_1_272' title='bbox 1741 3539 1835 3592; x_wconf 88' lang='lat' dir='ltr'><strong>ho-</strong></span> 
     </span>
    </p>
   </div>
   <div class='ocr_carea' id='block_1_36' title="bbox 229 3629 1829 3698">
    <p class='ocr_par' dir='ltr' id='par_1_36' title="bbox 229 3629 1829 3698">
     <span class='ocr_line' id='line_1_36' title="bbox 229 3629 1829 3698; baseline 0.001 -14"><span class='ocrx_word' id='word_1_273' title='bbox 229 3632 463 3685; x_wconf 89' lang='lat' dir='ltr'><strong>minibus</strong></span> <span class='ocrx_word' id='word_1_274' title='bbox 494 3646 522 3681; x_wconf 90' lang='lat' dir='ltr'><strong>a</strong></span> <span class='ocrx_word' id='word_1_275' title='bbox 557 3630 779 3683; x_wconf 87' lang='lat' dir='ltr'><strong>Domino</strong></span> <span class='ocrx_word' id='word_1_276' title='bbox 804 3630 912 3684; x_wconf 91' lang='lat' dir='ltr'><strong>Deo</strong></span> <span class='ocrx_word' id='word_1_277' title='bbox 932 3671 947 3695; x_wconf 93' lang='lat'><strong>,</strong></span> <span class='ocrx_word' id='word_1_278' title='bbox 978 3646 1005 3683; x_wconf 88' lang='lat' dir='ltr'><strong>a</strong></span> <span class='ocrx_word' id='word_1_279' title='bbox 1034 3646 1136 3698; x_wconf 89' lang='lat' dir='ltr'><strong>quo</strong></span> <span class='ocrx_word' id='word_1_280' title='bbox 1164 3629 1321 3683; x_wconf 89' lang='lat' dir='ltr'><strong>etiam</strong></span> <span class='ocrx_word' id='word_1_281' title='bbox 1357 3630 1626 3683; x_wconf 89' lang='lat' dir='ltr'><strong>tribulatio</strong></span> <span class='ocrx_word' id='word_1_282' title='bbox 1664 3631 1829 3685; x_wconf 86' lang='lat' dir='ltr'><strong>bene-</strong></span> 
     </span>
    </p>
   </div>
   <div class='ocr_carea' id='block_1_37' title="bbox 229 3718 1826 3792">
    <p class='ocr_par' dir='ltr' id='par_1_37' title="bbox 229 3718 1826 3792">
     <span class='ocr_line' id='line_1_37' title="bbox 229 3718 1826 3792; baseline 0.001 -18"><span class='ocrx_word' id='word_1_283' title='bbox 229 3721 406 3774; x_wconf 79' lang='lat' dir='ltr'><strong>ﬁcium</strong></span> <span class='ocrx_word' id='word_1_284' title='bbox 436 3720 562 3775; x_wconf 84' lang='lat' dir='ltr'><strong>est?</strong></span> <span class='ocrx_word' id='word_1_285' title='bbox 588 3718 717 3774; x_wconf 78' lang='lat' dir='ltr'><strong>Nam</strong></span> <span class='ocrx_word' id='word_1_286' title='bbox 752 3736 833 3774; x_wconf 91' lang='lat' dir='ltr'><strong>res</strong></span> <span class='ocrx_word' id='word_1_287' title='bbox 860 3735 1115 3792; x_wconf 71' lang='lat' dir='ltr'><strong>prospera</strong></span> <span class='ocrx_word' id='word_1_288' title='bbox 1143 3718 1339 3773; x_wconf 88' lang='lat' dir='ltr'><strong>donum</strong></span> <span class='ocrx_word' id='word_1_289' title='bbox 1364 3729 1444 3773; x_wconf 88' lang='lat' dir='ltr'><strong>est</strong></span> <span class='ocrx_word' id='word_1_290' title='bbox 1467 3720 1826 3785; x_wconf 73' lang='lat' dir='ltr'><strong>COIIStiiallliS;</strong></span> 
     </span>
    </p>
   </div>
   <div class='ocr_carea' id='block_1_38' title="bbox 228 3812 1828 3868">
    <p class='ocr_par' dir='ltr' id='par_1_38' title="bbox 228 3812 1828 3868">
     <span class='ocr_line' id='line_1_38' title="bbox 228 3812 1828 3868; baseline -0.001 -1"><span class='ocrx_word' id='word_1_291' title='bbox 228 3828 312 3867; x_wconf 87' lang='lat' dir='ltr'><strong>res</strong></span> <span class='ocrx_word' id='word_1_292' title='bbox 341 3822 528 3867; x_wconf 89' lang='lat' dir='ltr'><strong>autem</strong></span> <span class='ocrx_word' id='word_1_293' title='bbox 562 3812 783 3867; x_wconf 87' lang='lat' dir='ltr'><strong>adversa</strong></span> <span class='ocrx_word' id='word_1_294' title='bbox 823 3812 1021 3866; x_wconf 90' lang='lat' dir='ltr'><strong>donum</strong></span> <span class='ocrx_word' id='word_1_295' title='bbox 1056 3820 1140 3866; x_wconf 90' lang='lat' dir='ltr'><strong>est</strong></span> <span class='ocrx_word' id='word_1_296' title='bbox 1168 3812 1501 3866; x_wconf 87' lang='lat' dir='ltr'><strong>admonentis</strong></span> <span class='ocrx_word' id='word_1_297' title='bbox 1534 3814 1623 3866; x_wconf 85' lang='lat' dir='ltr'><strong>Dei</strong></span> <span class='ocrx_word' id='word_1_298' title='bbox 1655 3831 1665 3865; x_wconf 87' lang='lat'>:</span> <span class='ocrx_word' id='word_1_299' title='bbox 1704 3822 1756 3868; x_wconf 87' lang='lat' dir='ltr'><strong>et</strong></span> <span class='ocrx_word' id='word_1_300' title='bbox 1786 3815 1828 3866; x_wconf 79' lang='lat' dir='ltr'><strong>si</strong></span> 
     </span>
    </p>
   </div>
   <div class='ocr_carea' id='block_1_39' title="bbox 228 3903 1831 3976">
    <p class='ocr_par' dir='ltr' id='par_1_39' title="bbox 228 3903 1831 3976">
     <span class='ocr_line' id='line_1_39' title="bbox 228 3903 1831 3976; baseline -0.001 -17"><span class='ocrx_word' id='word_1_301' title='bbox 228 3905 341 3959; x_wconf 77' lang='lat' dir='ltr'><strong>inec</strong></span> <span class='ocrx_word' id='word_1_302' title='bbox 387 3914 641 3976; x_wconf 66' lang='lat' dir='ltr'><strong>praestat,</strong></span> <span class='ocrx_word' id='word_1_303' title='bbox 690 3914 745 3958; x_wconf 92' lang='lat' dir='ltr'><strong>ut</strong></span> <span class='ocrx_word' id='word_1_304' title='bbox 785 3903 927 3970; x_wconf 78' lang='lat' dir='ltr'><strong>dixi,</strong></span> <span class='ocrx_word' id='word_1_305' title='bbox 972 3904 1129 3959; x_wconf 89' lang='lat' dir='ltr'><strong>etiam</strong></span> <span class='ocrx_word' id='word_1_306' title='bbox 1174 3903 1354 3971; x_wconf 89' lang='lat' dir='ltr'><strong>malis,</strong></span> <span class='ocrx_word' id='word_1_307' title='bbox 1400 3904 1526 3973; x_wconf 90' lang='lat' dir='ltr'><strong>quid</strong></span> <span class='ocrx_word' id='word_1_308' title='bbox 1570 3913 1831 3973; x_wconf 59' lang='lat' dir='ltr'><strong>praiparat</strong></span> 
     </span>
    </p>
   </div>
   <div class='ocr_carea' id='block_1_40' title="bbox 229 3995 1828 4064">
    <p class='ocr_par' dir='ltr' id='par_1_40' title="bbox 229 3995 1828 4064">
     <span class='ocr_line' id='line_1_40' title="bbox 229 3995 1828 4064; baseline -0.001 -15"><span class='ocrx_word' id='word_1_309' title='bbox 229 3996 623 4050; x_wconf 68' lang='lat' dir='ltr'><strong>sustinentibus</strong></span> <span class='ocrx_word' id='word_1_310' title='bbox 663 3995 757 4049; x_wconf 88' lang='lat' dir='ltr'><strong>se?</strong></span> <span class='ocrx_word' id='word_1_311' title='bbox 800 4010 1024 4064; x_wconf 90' lang='lat' dir='ltr'><strong>quorum</strong></span> <span class='ocrx_word' id='word_1_312' title='bbox 1067 3995 1115 4046; x_wconf 92' lang='lat' dir='ltr'><strong>in</strong></span> <span class='ocrx_word' id='word_1_313' title='bbox 1156 4008 1380 4047; x_wconf 90' lang='lat' dir='ltr'><strong>numero</strong></span> <span class='ocrx_word' id='word_1_314' title='bbox 1423 4009 1517 4046; x_wconf 86' lang='lat' dir='ltr'><strong>vos</strong></span> <span class='ocrx_word' id='word_1_315' title='bbox 1565 4011 1656 4062; x_wconf 88' lang='lat' dir='ltr'><strong>per</strong></span> <span class='ocrx_word' id='word_1_316' title='bbox 1695 3996 1828 4047; x_wconf 83' lang='lat' dir='ltr'><strong>illius</strong></span> 
     </span>
    </p>
   </div>
   <div class='ocr_carea' id='block_1_41' title="bbox 227 4083 1825 4156">
    <p class='ocr_par' dir='ltr' id='par_1_41' title="bbox 227 4083 1825 4156">
     <span class='ocr_line' id='line_1_41' title="bbox 227 4083 1825 4156; baseline -0.002 -18"><span class='ocrx_word' id='word_1_317' title='bbox 227 4088 451 4156; x_wconf 77' lang='lat' dir='ltr'><strong>gratiam</strong></span> <span class='ocrx_word' id='word_1_318' title='bbox 480 4096 835 4156; x_wconf 83' lang='lat' dir='ltr'><strong>congregatos</strong></span> <span class='ocrx_word' id='word_1_319' title='bbox 856 4099 973 4137; x_wconf 72' lang='lat' dir='ltr'><strong>esse</strong></span> <span class='ocrx_word' id='word_1_320' title='bbox 996 4083 1237 4153; x_wconf 75' lang='lat' dir='ltr'><strong>gaudete,</strong></span> <span class='ocrx_word' id='word_1_321' title='bbox 1262 4083 1583 4137; x_wconf 75' lang='lat' dir='ltr'><strong>sustinentes</strong></span> <span class='ocrx_word' id='word_1_322' title='bbox 1608 4085 1825 4137; x_wconf 83' lang='lat' dir='ltr'><strong>invicem</strong></span> 
     </span>
    </p>
   </div>
   <div class='ocr_carea' id='block_1_42' title="bbox 228 4175 1827 4243">
    <p class='ocr_par' dir='ltr' id='par_1_42' title="bbox 228 4175 1827 4243">
     <span class='ocr_line' id='line_1_42' title="bbox 228 4175 1827 4243; baseline -0.003 -12"><span class='ocrx_word' id='word_1_323' title='bbox 228 4179 277 4231; x_wconf 92' lang='lat' dir='ltr'><strong>in</strong></span> <span class='ocrx_word' id='word_1_324' title='bbox 308 4180 632 4241; x_wconf 81' lang='lat' dir='ltr'><strong>dilectione,</strong></span> <span class='ocrx_word' id='word_1_325' title='bbox 667 4177 944 4232; x_wconf 83' lang='lat' dir='ltr'><strong>studentes</strong></span> <span class='ocrx_word' id='word_1_326' title='bbox 984 4190 1195 4229; x_wconf 89' lang='lat' dir='ltr'><strong>servare</strong></span> <span class='ocrx_word' id='word_1_327' title='bbox 1237 4175 1486 4227; x_wconf 91' lang='lat' dir='ltr'><strong>unitatem</strong></span> <span class='ocrx_word' id='word_1_328' title='bbox 1528 4176 1739 4243; x_wconf 67' lang='lat' dir='ltr'><strong>spiritus</strong></span> <span class='ocrx_word' id='word_1_329' title='bbox 1778 4176 1827 4228; x_wconf 91' lang='lat' dir='ltr'><strong>in</strong></span> 
     </span>
    </p>
   </div>
   <div class='ocr_carea' id='block_1_43' title="bbox 226 4266 1825 4342">
    <p class='ocr_par' dir='ltr' id='par_1_43' title="bbox 226 4266 1825 4342">
     <span class='ocr_line' id='line_1_43' title="bbox 226 4266 1825 4342; baseline -0.004 -17"><span class='ocrx_word' id='word_1_330' title='bbox 226 4272 439 4325; x_wconf 85' lang='lat' dir='ltr'><strong>vinculo</strong></span> <span class='ocrx_word' id='word_1_331' title='bbox 470 4271 621 4340; x_wconf 82' lang='lat' dir='ltr'><strong>pacis</strong></span> <span class='ocrx_word' id='word_1_332' title='bbox 654 4268 813 4342; x_wconf 80' lang='lat' dir='ltr'><strong>(Eph.</strong></span> <span class='ocrx_word' id='word_1_333' title='bbox 846 4285 915 4332; x_wconf 86' lang='lat' dir='ltr'><strong>iv,</strong></span> <span class='ocrx_word' id='word_1_334' title='bbox 950 4269 1024 4337; x_wconf 83' lang='grc'><strong>5).</strong></span> <span class='ocrx_word' id='word_1_335' title='bbox 1058 4267 1170 4320; x_wconf 80' lang='lat' dir='ltr'><strong>Non</strong></span> <span class='ocrx_word' id='word_1_336' title='bbox 1202 4266 1341 4320; x_wconf 85' lang='lat' dir='ltr'><strong>enim</strong></span> <span class='ocrx_word' id='word_1_337' title='bbox 1379 4266 1548 4319; x_wconf 78' lang='lat' dir='ltr'><strong>deerit</strong></span> <span class='ocrx_word' id='word_1_338' title='bbox 1593 4266 1732 4335; x_wconf 88' lang='lat' dir='ltr'><strong>quod</strong></span> <span class='ocrx_word' id='word_1_339' title='bbox 1777 4266 1825 4319; x_wconf 89' lang='lat' dir='ltr'><strong>in</strong></span> 
     </span>
    </p>
   </div>
   <div class='ocr_carea' id='block_1_44' title="bbox 226 4360 1825 4433">
    <p class='ocr_par' dir='ltr' id='par_1_44' title="bbox 226 4360 1825 4433">
     <span class='ocr_line' id='line_1_44' title="bbox 226 4360 1825 4433; baseline -0.002 -19"><span class='ocrx_word' id='word_1_340' title='bbox 226 4364 375 4416; x_wconf 68' lang='lat' dir='ltr'><strong>vobis</strong></span> <span class='ocrx_word' id='word_1_341' title='bbox 405 4364 648 4417; x_wconf 79' lang='lat' dir='ltr'><strong>invicem</strong></span> <span class='ocrx_word' id='word_1_342' title='bbox 676 4362 969 4424; x_wconf 69' lang='lat' dir='ltr'><strong>sufferatis,</strong></span> <span class='ocrx_word' id='word_1_343' title='bbox 1002 4360 1100 4433; x_wconf 81' lang='lat' dir='ltr'><strong>nisi</strong></span> <span class='ocrx_word' id='word_1_344' title='bbox 1123 4375 1242 4412; x_wconf 92' lang='lat' dir='ltr'><strong>cum</strong></span> <span class='ocrx_word' id='word_1_345' title='bbox 1272 4374 1363 4412; x_wconf 92' lang='lat' dir='ltr'><strong>vos</strong></span> <span class='ocrx_word' id='word_1_346' title='bbox 1390 4363 1459 4412; x_wconf 89' lang='lat' dir='ltr'><strong>ita</strong></span> <span class='ocrx_word' id='word_1_347' title='bbox 1489 4360 1785 4428; x_wconf 76' lang='lat' dir='ltr'><strong>purgaverit</strong></span> <span class='ocrx_word' id='word_1_348' title='bbox 1809 4362 1825 4389; x_wconf 85' lang='grc'>²</span> 
     </span>
    </p>
   </div>
   <div class='ocr_carea' id='block_1_45' title="bbox 228 4450 1828 4522">
    <p class='ocr_par' dir='ltr' id='par_1_45' title="bbox 228 4450 1828 4522">
     <span class='ocr_line' id='line_1_45' title="bbox 228 4450 1828 4522; baseline -0.003 -14"><span class='ocrx_word' id='word_1_349' title='bbox 228 4454 487 4510; x_wconf 82' lang='lat' dir='ltr'><strong>Dominus</strong></span> <span class='ocrx_word' id='word_1_350' title='bbox 510 4496 525 4518; x_wconf 94' lang='lat'><strong>,</strong></span> <span class='ocrx_word' id='word_1_351' title='bbox 560 4455 807 4522; x_wconf 86' lang='lat' dir='ltr'><strong>absorpta</strong></span> <span class='ocrx_word' id='word_1_352' title='bbox 840 4462 1008 4504; x_wconf 88' lang='lat' dir='ltr'><strong>morte</strong></span> <span class='ocrx_word' id='word_1_353' title='bbox 1055 4452 1103 4503; x_wconf 89' lang='lat' dir='ltr'><strong>in</strong></span> <span class='ocrx_word' id='word_1_354' title='bbox 1137 4451 1444 4514; x_wconf 89' lang='lat' dir='ltr'><strong>victoriam,</strong></span> <span class='ocrx_word' id='word_1_355' title='bbox 1489 4458 1545 4504; x_wconf 91' lang='lat' dir='ltr'><strong>ut</strong></span> <span class='ocrx_word' id='word_1_356' title='bbox 1582 4450 1649 4503; x_wconf 80' lang='lat' dir='ltr'><strong>sit</strong></span> <span class='ocrx_word' id='word_1_357' title='bbox 1692 4452 1828 4504; x_wconf 86' lang='lat' dir='ltr'><strong>Deus</strong></span> 
     </span>
    </p>
   </div>
   <div class='ocr_carea' id='block_1_46' title="bbox 225 4542 1365 4612">
    <p class='ocr_par' dir='ltr' id='par_1_46' title="bbox 225 4542 1365 4612">
     <span class='ocr_line' id='line_1_46' title="bbox 225 4542 1365 4612; baseline -0.003 -14"><span class='ocrx_word' id='word_1_358' title='bbox 225 4548 400 4599; x_wconf 83' lang='lat' dir='ltr'><strong>omnia</strong></span> <span class='ocrx_word' id='word_1_359' title='bbox 434 4546 489 4598; x_wconf 90' lang='lat' dir='ltr'><strong>in</strong></span> <span class='ocrx_word' id='word_1_360' title='bbox 521 4544 770 4598; x_wconf 77' lang='lat' dir='ltr'><strong>omnibus</strong></span> <span class='ocrx_word' id='word_1_361' title='bbox 799 4543 837 4612; x_wconf 80' lang='grc'><strong>(1</strong></span> <span class='ocrx_word' id='word_1_362' title='bbox 867 4542 983 4595; x_wconf 83' lang='lat' dir='ltr'><strong>Cor.</strong></span> <span class='ocrx_word' id='word_1_363' title='bbox 1016 4556 1101 4607; x_wconf 80' lang='lat' dir='ltr'><strong>xv,</strong></span> <span class='ocrx_word' id='word_1_364' title='bbox 1134 4542 1222 4606; x_wconf 64' lang='grc'><strong>54,</strong></span> <span class='ocrx_word' id='word_1_365' title='bbox 1252 4542 1365 4611; x_wconf 74' lang='lat'><strong>&#39;28).</strong></span> 
     </span>
    </p>
   </div>
   <div class='ocr_carea' id='block_1_47' title="bbox 292 4633 1825 4702">
    <p class='ocr_par' dir='ltr' id='par_1_47' title="bbox 292 4633 1825 4702">
     <span class='ocr_line' id='line_1_47' title="bbox 292 4633 1825 4702; baseline -0.003 -11"><span class='ocrx_word' id='word_1_366' title='bbox 292 4638 346 4691; x_wconf 75' lang='lat'><strong>9..</strong></span> <span class='ocrx_word' id='word_1_367' title='bbox 386 4636 764 4692; x_wconf 65' lang='lat' dir='ltr'><strong>Dissensiones</strong></span> <span class='ocrx_word' id='word_1_368' title='bbox 791 4646 964 4688; x_wconf 88' lang='lat' dir='ltr'><strong>autem</strong></span> <span class='ocrx_word' id='word_1_369' title='bbox 995 4650 1261 4702; x_wconf 88' lang='lat' dir='ltr'><strong>nunquam</strong></span> <span class='ocrx_word' id='word_1_370' title='bbox 1286 4633 1481 4687; x_wconf 83' lang='lat' dir='ltr'><strong>debent</strong></span> <span class='ocrx_word' id='word_1_371' title='bbox 1502 4634 1699 4696; x_wconf 87' lang='lat' dir='ltr'><strong>amari;</strong></span> <span class='ocrx_word' id='word_1_372' title='bbox 1734 4636 1825 4687; x_wconf 90' lang='lat' dir='ltr'><strong>scd</strong></span> 
     </span>
    </p>
   </div>
   <div class='ocr_carea' id='block_1_48' title="bbox 225 4725 1827 4801">
    <p class='ocr_par' dir='ltr' id='par_1_48' title="bbox 225 4725 1827 4801">
     <span class='ocr_line' id='line_1_48' title="bbox 225 4725 1827 4801; baseline -0.004 -18"><span class='ocrx_word' id='word_1_373' title='bbox 225 4731 515 4801; x_wconf 84' lang='lat' dir='ltr'><strong>aliquando</strong></span> <span class='ocrx_word' id='word_1_374' title='bbox 543 4740 723 4782; x_wconf 86' lang='lat' dir='ltr'><strong>tamen</strong></span> <span class='ocrx_word' id='word_1_375' title='bbox 750 4738 839 4780; x_wconf 89' lang='lat' dir='ltr'><strong>aut</strong></span> <span class='ocrx_word' id='word_1_376' title='bbox 867 4746 893 4778; x_wconf 90' lang='lat' dir='ltr'><strong>a</strong></span> <span class='ocrx_word' id='word_1_377' title='bbox 924 4725 1179 4780; x_wconf 87' lang='lat' dir='ltr'><strong>charitatc</strong></span> <span class='ocrx_word' id='word_1_378' title='bbox 1212 4737 1520 4793; x_wconf 81' lang='lat' dir='ltr'><strong>nascuntur,</strong></span> <span class='ocrx_word' id='word_1_379' title='bbox 1552 4725 1827 4779; x_wconf 86' lang='lat' dir='ltr'><strong>autchari-</strong></span> 
     </span>
    </p>
   </div>
   <div class='ocr_carea' id='block_1_49' title="bbox 227 4818 1826 4893">
    <p class='ocr_par' dir='ltr' id='par_1_49' title="bbox 227 4818 1826 4893">
     <span class='ocr_line' id='line_1_49' title="bbox 227 4818 1826 4893; baseline -0.004 -16"><span class='ocrx_word' id='word_1_380' title='bbox 227 4832 387 4877; x_wconf 81' lang='lat' dir='ltr'><strong>tatem</strong></span> <span class='ocrx_word' id='word_1_381' title='bbox 442 4822 699 4893; x_wconf 86' lang='lat' dir='ltr'><strong>probant.</strong></span> <span class='ocrx_word' id='word_1_382' title='bbox 748 4819 875 4887; x_wconf 85' lang='lat' dir='ltr'><strong>Quis</strong></span> <span class='ocrx_word' id='word_1_383' title='bbox 911 4819 1051 4873; x_wconf 89' lang='lat' dir='ltr'><strong>enim</strong></span> <span class='ocrx_word' id='word_1_384' title='bbox 1092 4818 1244 4872; x_wconf 80' lang='lat' dir='ltr'><strong>facile</strong></span> <span class='ocrx_word' id='word_1_385' title='bbox 1292 4820 1556 4873; x_wconf 76' lang='lat' dir='ltr'><strong>invenitur</strong></span> <span class='ocrx_word' id='word_1_386' title='bbox 1587 4819 1671 4887; x_wconf 87' lang='lat' dir='ltr'><strong>qui</strong></span> <span class='ocrx_word' id='word_1_387' title='bbox 1703 4819 1826 4871; x_wconf 85' lang='lat' dir='ltr'><strong>velit</strong></span> 
     </span>
    </p>
   </div>
   <div class='ocr_carea' id='block_1_50' title="bbox 229 4911 1824 4985">
    <p class='ocr_par' dir='ltr' id='par_1_50' title="bbox 229 4911 1824 4985">
     <span class='ocr_line' id='line_1_50' title="bbox 229 4911 1824 4985; baseline -0.004 -16"><span class='ocrx_word' id='word_1_388' title='bbox 229 4916 555 4985; x_wconf 83' lang='lat' dir='ltr'><strong>reprehendi</strong></span> <span class='ocrx_word' id='word_1_389' title='bbox 581 4916 606 4968; x_wconf 89' lang='lat'><strong>?</strong></span> <span class='ocrx_word' id='word_1_390' title='bbox 631 4924 684 4967; x_wconf 89' lang='lat' dir='ltr'><strong>et</strong></span> <span class='ocrx_word' id='word_1_391' title='bbox 710 4913 795 4967; x_wconf 88' lang='lat' dir='ltr'><strong>ubi</strong></span> <span class='ocrx_word' id='word_1_392' title='bbox 825 4923 903 4966; x_wconf 82' lang='lat' dir='ltr'><strong>est</strong></span> <span class='ocrx_word' id='word_1_393' title='bbox 932 4912 1019 4965; x_wconf 90' lang='lat' dir='ltr'><strong>ille</strong></span> <span class='ocrx_word' id='word_1_394' title='bbox 1046 4912 1255 4980; x_wconf 80' lang='lat' dir='ltr'><strong>sapiens</strong></span> <span class='ocrx_word' id='word_1_395' title='bbox 1282 4912 1347 4979; x_wconf 88' lang='lat' dir='ltr'><strong>de</strong></span> <span class='ocrx_word' id='word_1_396' title='bbox 1374 4926 1477 4980; x_wconf 90' lang='lat' dir='ltr'><strong>quo</strong></span> <span class='ocrx_word' id='word_1_397' title='bbox 1505 4911 1701 4963; x_wconf 88' lang='lat' dir='ltr'><strong>dictum</strong></span> <span class='ocrx_word' id='word_1_398' title='bbox 1724 4920 1824 4975; x_wconf 83' lang='lat' dir='ltr'><strong>est,</strong></span> 
     </span>
    </p>
   </div>
   <div class='ocr_carea' id='block_1_51' title="bbox 226 5003 1827 5079">
    <p class='ocr_par' dir='ltr' id='par_1_51' title="bbox 226 5003 1827 5079">
     <span class='ocr_line' id='line_1_51' title="bbox 226 5003 1827 5079; baseline -0.004 -16"><span class='ocrx_word' id='word_1_399' title='bbox 226 5007 443 5079; x_wconf 84' lang='lat' dir='ltr'><strong>Corripe</strong></span> <span class='ocrx_word' id='word_1_400' title='bbox 470 5009 778 5078; x_wconf 85' lang='lat' dir='ltr'><strong>sapientem,</strong></span> <span class='ocrx_word' id='word_1_401' title='bbox 808 5017 853 5059; x_wconf 77' lang='lat' dir='ltr'><strong>et</strong></span> <span class='ocrx_word' id='word_1_402' title='bbox 876 5004 1062 5057; x_wconf 86' lang='lat' dir='ltr'><strong>amabit</strong></span> <span class='ocrx_word' id='word_1_403' title='bbox 1093 5006 1175 5058; x_wconf 84' lang='lat' dir='ltr'><strong>te?</strong></span> <span class='ocrx_word' id='word_1_404' title='bbox 1214 5003 1473 5072; x_wconf 84' lang='lat' dir='ltr'><strong>Numquid</strong></span> <span class='ocrx_word' id='word_1_405' title='bbox 1508 5013 1680 5058; x_wconf 87' lang='lat' dir='ltr'><strong>tamen</strong></span> <span class='ocrx_word' id='word_1_406' title='bbox 1709 5004 1827 5058; x_wconf 87' lang='lat' dir='ltr'><strong>ideo</strong></span> 
     </span>
    </p>
   </div>
   <div class='ocr_carea' id='block_1_52' title="bbox 230 5096 1829 5171">
    <p class='ocr_par' dir='ltr' id='par_1_52' title="bbox 230 5096 1829 5171">
     <span class='ocr_line' id='line_1_52' title="bbox 230 5096 1829 5171; baseline -0.003 -16"><span class='ocrx_word' id='word_1_407' title='bbox 230 5119 333 5155; x_wconf 80' lang='lat' dir='ltr'><strong>non</strong></span> <span class='ocrx_word' id='word_1_408' title='bbox 365 5104 639 5157; x_wconf 86' lang='lat' dir='ltr'><strong>debemus</strong></span> <span class='ocrx_word' id='word_1_409' title='bbox 666 5099 1058 5171; x_wconf 88' lang='lat' dir='ltr'><strong>reprehemlcrc</strong></span> <span class='ocrx_word' id='word_1_410' title='bbox 1084 5106 1137 5149; x_wconf 92' lang='lat' dir='ltr'><strong>et</strong></span> <span class='ocrx_word' id='word_1_411' title='bbox 1169 5097 1436 5165; x_wconf 79' lang='lat' dir='ltr'><strong>corripere</strong></span> <span class='ocrx_word' id='word_1_412' title='bbox 1484 5096 1695 5150; x_wconf 80' lang='lat' dir='ltr'><strong>fratrem</strong></span> <span class='ocrx_word' id='word_1_413' title='bbox 1720 5140 1733 5162; x_wconf 95' lang='lat'><strong>,</strong></span> <span class='ocrx_word' id='word_1_414' title='bbox 1766 5115 1829 5151; x_wconf 92' lang='lat' dir='ltr'><strong>ne</strong></span> 
     </span>
    </p>
   </div>
   <div class='ocr_carea' id='block_1_53' title="bbox 229 5188 1828 5254">
    <p class='ocr_par' dir='ltr' id='par_1_53' title="bbox 229 5188 1828 5254">
     <span class='ocr_line' id='line_1_53' title="bbox 229 5188 1828 5254; baseline -0.003 -5"><span class='ocrx_word' id='word_1_415' title='bbox 229 5210 454 5251; x_wconf 80' lang='lat' dir='ltr'><strong>securus</strong></span> <span class='ocrx_word' id='word_1_416' title='bbox 486 5194 677 5249; x_wconf 90' lang='lat' dir='ltr'><strong>tendat</strong></span> <span class='ocrx_word' id='word_1_417' title='bbox 700 5194 750 5246; x_wconf 92' lang='lat' dir='ltr'><strong>in</strong></span> <span class='ocrx_word' id='word_1_418' title='bbox 780 5203 1001 5245; x_wconf 77' lang='lat' dir='ltr'><strong>mortem</strong></span> <span class='ocrx_word' id='word_1_419' title='bbox 1028 5191 1050 5243; x_wconf 89' lang='lat'><strong>?</strong></span> <span class='ocrx_word' id='word_1_420' title='bbox 1099 5190 1244 5244; x_wconf 83' lang='lat' dir='ltr'><strong>Solet</strong></span> <span class='ocrx_word' id='word_1_421' title='bbox 1270 5190 1409 5242; x_wconf 84' lang='lat' dir='ltr'><strong>enim</strong></span> <span class='ocrx_word' id='word_1_422' title='bbox 1454 5188 1596 5254; x_wconf 81' lang='lat' dir='ltr'><strong>ﬁeri,</strong></span> <span class='ocrx_word' id='word_1_423' title='bbox 1643 5198 1694 5243; x_wconf 90' lang='lat' dir='ltr'><strong>et</strong></span> <span class='ocrx_word' id='word_1_424' title='bbox 1728 5190 1828 5244; x_wconf 85' lang='lat' dir='ltr'><strong>fre-</strong></span> 
     </span>
    </p>
   </div>
   <div class='ocr_carea' id='block_1_54' title="bbox 230 5264 1827 5355">
    <p class='ocr_par' dir='ltr' id='par_1_54' title="bbox 230 5280 1827 5355">
     <span class='ocr_line' id='line_1_54' title="bbox 230 5280 1827 5355; baseline -0.003 -16"><span class='ocrx_word' id='word_1_425' title='bbox 230 5298 456 5355; x_wconf 87' lang='lat' dir='ltr'><strong>quenter</strong></span> <span class='ocrx_word' id='word_1_426' title='bbox 488 5285 687 5340; x_wconf 87' lang='lat' dir='ltr'><strong>accidit</strong></span> <span class='ocrx_word' id='word_1_427' title='bbox 715 5293 770 5337; x_wconf 93' lang='lat' dir='ltr'><strong>ut</strong></span> <span class='ocrx_word' id='word_1_428' title='bbox 797 5283 859 5336; x_wconf 91' lang='lat' dir='ltr'><strong>ad</strong></span> <span class='ocrx_word' id='word_1_429' title='bbox 889 5284 1070 5351; x_wconf 86' lang='lat' dir='ltr'><strong>horam</strong></span> <span class='ocrx_word' id='word_1_430' title='bbox 1113 5280 1451 5334; x_wconf 81' lang='lat' dir='ltr'><strong>contristetur</strong></span> <span class='ocrx_word' id='word_1_431' title='bbox 1490 5297 1608 5333; x_wconf 79' lang='lat' dir='ltr'><strong>cum</strong></span> <span class='ocrx_word' id='word_1_432' title='bbox 1643 5298 1827 5349; x_wconf 79' lang='lat' dir='ltr'><strong>reprc-</strong></span> 
     </span>
    </p>
   </div>
   <div class='ocr_carea' id='block_1_55' title="bbox 233 5373 1829 5445">
    <p class='ocr_par' dir='ltr' id='par_1_55' title="bbox 233 5373 1829 5445">
     <span class='ocr_line' id='line_1_55' title="bbox 233 5373 1829 5445; baseline -0.004 -14"><span class='ocrx_word' id='word_1_433' title='bbox 233 5381 487 5435; x_wconf 81' lang='lat' dir='ltr'><strong>ln-nditur</strong></span> <span class='ocrx_word' id='word_1_434' title='bbox 513 5422 529 5445; x_wconf 90' lang='lat'><strong>,</strong></span> <span class='ocrx_word' id='word_1_435' title='bbox 566 5386 622 5432; x_wconf 88' lang='lat' dir='ltr'><strong>et</strong></span> <span class='ocrx_word' id='word_1_436' title='bbox 659 5377 885 5439; x_wconf 73' lang='lat' dir='ltr'><strong>resistat,</strong></span> <span class='ocrx_word' id='word_1_437' title='bbox 928 5386 974 5428; x_wconf 83' lang='lat' dir='ltr'><strong>et</strong></span> <span class='ocrx_word' id='word_1_438' title='bbox 1007 5373 1326 5431; x_wconf 82' lang='lat' dir='ltr'><strong>contendat;</strong></span> <span class='ocrx_word' id='word_1_439' title='bbox 1372 5381 1423 5425; x_wconf 92' lang='lat' dir='ltr'><strong>et</strong></span> <span class='ocrx_word' id='word_1_440' title='bbox 1451 5382 1623 5426; x_wconf 89' lang='lat' dir='ltr'><strong>tamen</strong></span> <span class='ocrx_word' id='word_1_441' title='bbox 1653 5384 1829 5441; x_wconf 76' lang='lat' dir='ltr'><strong>postea</strong></span> 
     </span>
    </p>
   </div>
   <div class='ocr_carea' id='block_1_56' title="bbox 292 5484 1832 5556">
    <p class='ocr_par' dir='ltr' id='par_1_56' title="bbox 292 5484 1832 5556">
     <span class='ocr_line' id='line_1_56' title="bbox 292 5484 1832 5556; baseline -0.003 -18"><span class='ocrx_word' id='word_1_442' title='bbox 292 5495 305 5522; x_wconf 79' lang='grc' dir='ltr'><strong>ι</strong></span> <span class='ocrx_word' id='word_1_443' title='bbox 335 5496 407 5541; x_wconf 70' lang='lat' dir='ltr'><strong>sic</strong></span> <span class='ocrx_word' id='word_1_444' title='bbox 431 5503 619 5540; x_wconf 84' lang='lat' dir='ltr'><strong>omnes</strong></span> <span class='ocrx_word' id='word_1_445' title='bbox 644 5498 746 5538; x_wconf 75' lang='lat' dir='ltr'><strong>MSS.</strong></span> <span class='ocrx_word' id='word_1_446' title='bbox 769 5484 1090 5556; x_wconf 76' lang='lat' dir='ltr'><strong>[Inﬁdetibas.</strong></span> <span class='ocrx_word' id='word_1_447' title='bbox 1118 5484 1465 5556; x_wconf 63' lang='lat' dir='ltr'><strong>etﬂesperatz‘s,</strong></span> <span class='ocrx_word' id='word_1_448' title='bbox 1493 5484 1677 5551; x_wconf 77' lang='lat' dir='ltr'><strong>quibus,</strong></span> <span class='ocrx_word' id='word_1_449' title='bbox 1702 5489 1832 5550; x_wconf 72' lang='lat' dir='ltr'><strong>etc]</strong></span> 
     </span>
    </p>
   </div>
   <div class='ocr_carea' id='block_1_57' title="bbox 291 5552 1215 5615">
    <p class='ocr_par' dir='ltr' id='par_1_57' title="bbox 291 5552 1215 5615">
     <span class='ocr_line' id='line_1_57' title="bbox 291 5552 1215 5615; baseline -0.008 -13"><span class='ocrx_word' id='word_1_450' title='bbox 291 5556 311 5583; x_wconf 86' lang='grc'>²</span> <span class='ocrx_word' id='word_1_451' title='bbox 338 5566 438 5601; x_wconf 60' lang='grc' dir='ltr'><strong><em>λιιι.</em></strong></span> <span class='ocrx_word' id='word_1_452' title='bbox 466 5562 519 5602; x_wconf 87' lang='lat' dir='ltr'><strong>et</strong></span> <span class='ocrx_word' id='word_1_453' title='bbox 554 5562 763 5615; x_wconf 82' lang='lat' dir='ltr'><strong>quatuor</strong></span> <span class='ocrx_word' id='word_1_454' title='bbox 789 5560 889 5599; x_wconf 71' lang='lat' dir='ltr'><strong>MSS.</strong></span> <span class='ocrx_word' id='word_1_455' title='bbox 907 5585 920 5609; x_wconf 91' lang='lat'><strong>,</strong></span> <span class='ocrx_word' id='word_1_456' title='bbox 946 5552 1215 5613; x_wconf 70' lang='lat' dir='ltr'><strong>portaverit.</strong></span> 
     </span>
    </p>
   </div>
   <div class='ocr_carea' id='block_1_58' title="bbox 294 5629 1832 5696">
    <p class='ocr_par' dir='ltr' id='par_1_58' title="bbox 294 5629 1832 5696">
     <span class='ocr_line' id='line_1_58' title="bbox 294 5629 1832 5696; baseline -0.005 -8"><span class='ocrx_word' id='word_1_457' title='bbox 294 5643 305 5655; x_wconf 85' lang='lat'>&#39;</span> <span class='ocrx_word' id='word_1_458' title='bbox 332 5645 571 5688; x_wconf 72' lang='lat' dir='ltr'><strong>Correi-ta</strong></span> <span class='ocrx_word' id='word_1_459' title='bbox 599 5636 657 5684; x_wconf 86' lang='lat' dir='ltr'><strong>ad</strong></span> <span class='ocrx_word' id='word_1_460' title='bbox 680 5634 745 5683; x_wconf 82' lang='lat' dir='ltr'><strong>bl.</strong></span> <span class='ocrx_word' id='word_1_461' title='bbox 771 5634 846 5684; x_wconf 88' lang='lat' dir='ltr'><strong>cb.</strong></span> <span class='ocrx_word' id='word_1_462' title='bbox 874 5632 923 5681; x_wconf 68' lang='grc' dir='ltr'><strong>ΠΣ</strong></span> <span class='ocrx_word' id='word_1_463' title='bbox 950 5647 1031 5696; x_wconf 80' lang='lat' dir='ltr'><strong>gg.</strong></span> <span class='ocrx_word' id='word_1_464' title='bbox 1053 5646 1093 5679; x_wconf 89' lang='lat' dir='ltr'><strong>r.</strong></span> <span class='ocrx_word' id='word_1_465' title='bbox 1120 5629 1192 5680; x_wconf 69' lang='lat' dir='ltr'><strong>si).</strong></span> <span class='ocrx_word' id='word_1_466' title='bbox 1218 5629 1342 5679; x_wconf 88' lang='lat' dir='ltr'><strong>duos</strong></span> <span class='ocrx_word' id='word_1_467' title='bbox 1364 5637 1398 5680; x_wconf 74' lang='grc' dir='ltr'><strong><em>ι.</em></strong></span> <span class='ocrx_word' id='word_1_468' title='bbox 1423 5631 1545 5680; x_wconf 82' lang='lat' dir='ltr'><strong>duos</strong></span> <span class='ocrx_word' id='word_1_469' title='bbox 1568 5644 1640 5681; x_wconf 88' lang='lat' dir='ltr'><strong>vc.</strong></span> <span class='ocrx_word' id='word_1_470' title='bbox 1666 5638 1769 5681; x_wconf 85' lang='lat' dir='ltr'><strong>tres</strong></span> <span class='ocrx_word' id='word_1_471' title='bbox 1786 5646 1832 5683; x_wconf 81' lang='grc' dir='ltr'><strong>γ.</strong></span> 
     </span>
    </p>
   </div>
   <div class='ocr_carea' id='block_1_59' title="bbox 230 5701 720 5749">
    <p class='ocr_par' dir='ltr' id='par_1_59' title="bbox 230 5701 720 5749">
     <span class='ocr_line' id='line_1_59' title="bbox 230 5701 720 5749; baseline -0.004 -2"><span class='ocrx_word' id='word_1_472' title='bbox 230 5708 326 5749; x_wconf 76' lang='lat' dir='ltr'><strong>Am.</strong></span> <span class='ocrx_word' id='word_1_473' title='bbox 354 5701 469 5748; x_wconf 79' lang='lat' dir='ltr'><strong>Bad.</strong></span> <span class='ocrx_word' id='word_1_474' title='bbox 502 5706 580 5747; x_wconf 74' lang='lat' dir='ltr'><strong>llr.</strong></span> <span class='ocrx_word' id='word_1_475' title='bbox 611 5704 720 5749; x_wconf 84' lang='lat' dir='ltr'><strong>Lov.</strong></span> 
     </span>
    </p>
   </div>
   <div class='ocr_carea' id='block_1_60' title="bbox 290 5777 1832 5897">
    <p class='ocr_par' dir='ltr' id='par_1_60' title="bbox 290 5777 1832 5897">
     <span class='ocr_line' id='line_1_60' title="bbox 290 5777 1832 5897; baseline -0.003 -65"><span class='ocrx_word' id='word_1_476' title='bbox 290 5781 533 5897; x_wconf 44' lang='lat' dir='ltr'><strong>(ali/illitis</strong></span> <span class='ocrx_word' id='word_1_477' title='bbox 550 5780 615 5829; x_wconf 88' lang='lat'><strong>8‘7</strong></span> <span class='ocrx_word' id='word_1_478' title='bbox 639 5795 651 5830; x_wconf 89' lang='lat'><strong>:</strong></span> <span class='ocrx_word' id='word_1_479' title='bbox 678 5792 788 5843; x_wconf 74' lang='lat' dir='ltr'><strong>qua:</strong></span> <span class='ocrx_word' id='word_1_480' title='bbox 806 5786 967 5828; x_wconf 88' lang='lat' dir='ltr'><strong>autem</strong></span> <span class='ocrx_word' id='word_1_481' title='bbox 998 5777 1089 5827; x_wconf 68' lang='lat'><strong>210</strong></span> <span class='ocrx_word' id='word_1_482' title='bbox 1113 5783 1236 5837; x_wconf 87' lang='lat' dir='ltr'><strong>erat,</strong></span> <span class='ocrx_word' id='word_1_483' title='bbox 1260 5789 1384 5825; x_wconf 86' lang='lat' dir='ltr'><strong>nunc</strong></span> <span class='ocrx_word' id='word_1_484' title='bbox 1402 5777 1478 5826; x_wconf 69' lang='lat'><strong>57.</strong></span> <span class='ocrx_word' id='word_1_485' title='bbox 1516 5778 1690 5842; x_wconf 54' lang='lat' dir='ltr'><strong>Scripta</strong></span> <span class='ocrx_word' id='word_1_486' title='bbox 1722 5777 1832 5835; x_wconf 84' lang='lat' dir='ltr'><strong>circ.</strong></span> 
     </span>
    </p>
   </div>
   <div class='ocr_carea' id='block_1_61' title="bbox 224 5854 444 5896">
    <p class='ocr_par' dir='ltr' id='par_1_61' title="bbox 224 5854 444 5896">
     <span class='ocr_line' id='line_1_61' title="bbox 224 5854 444 5896; baseline 0 -1"><span class='ocrx_word' id='word_1_487' title='bbox 224 5854 308 5896; x_wconf 71' lang='lat' dir='ltr'><strong>an.</strong></span> <span class='ocrx_word' id='word_1_488' title='bbox 332 5854 444 5896; x_wconf 69' lang='grc' dir='ltr'><strong>ω.</strong></span> 
     </span>
    </p>
   </div>
   <div class='ocr_carea' id='block_1_62' title="bbox 1435 357 2343 417">
    <p class='ocr_par' dir='ltr' id='par_1_62' title="bbox 1435 357 2343 417">
     <span class='ocr_line' id='line_1_62' title="bbox 1435 357 2343 417; baseline 0 -2"><span class='ocrx_word' id='word_1_489' title='bbox 1435 357 1913 416; x_wconf 75' lang='lat' dir='ltr'><strong>EPISTOLARUM</strong></span> <span class='ocrx_word' id='word_1_490' title='bbox 1949 357 2225 417; x_wconf 71' lang='lat' dir='ltr'><strong>CLASSIS</strong></span> <span class='ocrx_word' id='word_1_491' title='bbox 2258 359 2343 417; x_wconf 83' lang='lat' dir='ltr'><strong>ill.</strong></span> 
     </span>
    </p>
   </div>
   <div class='ocr_carea' id='block_1_63' title="bbox 3424 376 3529 437">
    <p class='ocr_par' dir='ltr' id='par_1_63' title="bbox 3424 376 3529 437">
     <span class='ocr_line' id='line_1_63' title="bbox 3424 376 3529 437; baseline 0.048 -5"><span class='ocrx_word' id='word_1_492' title='bbox 3424 376 3529 437; x_wconf 70' lang='lat'><strong>958</strong></span> 
     </span>
    </p>
   </div>
   <div class='ocr_carea' id='block_1_64' title="bbox 1944 472 3523 545">
    <p class='ocr_par' dir='ltr' id='par_1_64' title="bbox 1944 472 3523 545">
     <span class='ocr_line' id='line_1_64' title="bbox 1944 472 3523 545; baseline 0.013 -21"><span class='ocrx_word' id='word_1_493' title='bbox 1944 472 2247 529; x_wconf 86' lang='lat' dir='ltr'><strong>consideret</strong></span> <span class='ocrx_word' id='word_1_494' title='bbox 2274 489 2452 532; x_wconf 88' lang='lat' dir='ltr'><strong>secum</strong></span> <span class='ocrx_word' id='word_1_495' title='bbox 2480 477 2532 532; x_wconf 89' lang='lat' dir='ltr'><strong>in</strong></span> <span class='ocrx_word' id='word_1_496' title='bbox 2566 479 2806 543; x_wconf 81' lang='lat' dir='ltr'><strong>silentio.</strong></span> <span class='ocrx_word' id='word_1_497' title='bbox 2846 482 2934 541; x_wconf 87' lang='lat' dir='ltr'><strong>ubi</strong></span> <span class='ocrx_word' id='word_1_498' title='bbox 2960 498 3122 540; x_wconf 86' lang='lat' dir='ltr'><strong>nemo</strong></span> <span class='ocrx_word' id='word_1_499' title='bbox 3146 496 3228 541; x_wconf 87' lang='lat' dir='ltr'><strong>est</strong></span> <span class='ocrx_word' id='word_1_500' title='bbox 3252 487 3351 542; x_wconf 88' lang='lat' dir='ltr'><strong>nisi</strong></span> <span class='ocrx_word' id='word_1_501' title='bbox 3385 490 3523 545; x_wconf 84' lang='lat' dir='ltr'><strong>Deus</strong></span> 
     </span>
    </p>
   </div>
   <div class='ocr_carea' id='block_1_65' title="bbox 1942 565 3526 651">
    <p class='ocr_par' dir='ltr' id='par_1_65' title="bbox 1942 565 3526 651">
     <span class='ocr_line' id='line_1_65' title="bbox 1942 565 3526 651; baseline 0.014 -36"><span class='ocrx_word' id='word_1_502' title='bbox 1942 572 1995 616; x_wconf 91' lang='lat' dir='ltr'><strong>et</strong></span> <span class='ocrx_word' id='word_1_503' title='bbox 2025 565 2138 633; x_wconf 83' lang='lat' dir='ltr'><strong>ipse</strong></span> <span class='ocrx_word' id='word_1_504' title='bbox 2158 607 2171 629; x_wconf 94' lang='lat'><strong>,</strong></span> <span class='ocrx_word' id='word_1_505' title='bbox 2201 582 2297 621; x_wconf 88' lang='lat' dir='ltr'><strong>nec</strong></span> <span class='ocrx_word' id='word_1_506' title='bbox 2326 569 2471 624; x_wconf 89' lang='lat' dir='ltr'><strong>timet</strong></span> <span class='ocrx_word' id='word_1_507' title='bbox 2497 570 2776 641; x_wconf 84' lang='lat' dir='ltr'><strong>displicere</strong></span> <span class='ocrx_word' id='word_1_508' title='bbox 2804 574 3126 640; x_wconf 90' lang='lat' dir='ltr'><strong>hominibus,</strong></span> <span class='ocrx_word' id='word_1_509' title='bbox 3159 580 3278 648; x_wconf 89' lang='lat' dir='ltr'><strong>quia</strong></span> <span class='ocrx_word' id='word_1_510' title='bbox 3307 582 3526 651; x_wconf 46' lang='lat' dir='ltr'><strong>corripi.</strong></span> 
     </span>
    </p>
   </div>
   <div class='ocr_carea' id='block_1_66' title="bbox 1945 657 3521 740">
    <p class='ocr_par' dir='ltr' id='par_1_66' title="bbox 1945 657 3521 740">
     <span class='ocr_line' id='line_1_66' title="bbox 1945 657 3521 740; baseline 0.014 -34"><span class='ocrx_word' id='word_1_511' title='bbox 1945 662 2056 720; x_wconf 81' lang='lat' dir='ltr'><strong>tur;</strong></span> <span class='ocrx_word' id='word_1_512' title='bbox 2086 657 2178 711; x_wconf 89' lang='lat' dir='ltr'><strong>sed</strong></span> <span class='ocrx_word' id='word_1_513' title='bbox 2206 658 2357 714; x_wconf 88' lang='lat' dir='ltr'><strong>timet</strong></span> <span class='ocrx_word' id='word_1_514' title='bbox 2383 661 2662 731; x_wconf 88' lang='lat' dir='ltr'><strong>displicere</strong></span> <span class='ocrx_word' id='word_1_515' title='bbox 2693 665 2823 732; x_wconf 86' lang='lat' dir='ltr'><strong>Deo,</strong></span> <span class='ocrx_word' id='word_1_516' title='bbox 2852 668 2973 738; x_wconf 83' lang='lat' dir='ltr'><strong>quia</strong></span> <span class='ocrx_word' id='word_1_517' title='bbox 3001 684 3105 723; x_wconf 91' lang='lat' dir='ltr'><strong>non</strong></span> <span class='ocrx_word' id='word_1_518' title='bbox 3132 672 3436 740; x_wconf 87' lang='lat' dir='ltr'><strong>corrigitur,</strong></span> <span class='ocrx_word' id='word_1_519' title='bbox 3469 683 3521 728; x_wconf 85' lang='lat' dir='ltr'><strong>et</strong></span> 
     </span>
    </p>
   </div>
   <div class='ocr_carea' id='block_1_67' title="bbox 1941 745 3516 834">
    <p class='ocr_par' dir='ltr' id='par_1_67' title="bbox 1941 745 3516 834">
     <span class='ocr_line' id='line_1_67' title="bbox 1941 745 3516 834; baseline 0.013 -33"><span class='ocrx_word' id='word_1_520' title='bbox 1941 745 2191 819; x_wconf 85' lang='lat' dir='ltr'><strong>deinceps</strong></span> <span class='ocrx_word' id='word_1_521' title='bbox 2216 766 2321 805; x_wconf 93' lang='lat' dir='ltr'><strong>non</strong></span> <span class='ocrx_word' id='word_1_522' title='bbox 2344 751 2499 809; x_wconf 79' lang='lat' dir='ltr'><strong>faciat</strong></span> <span class='ocrx_word' id='word_1_523' title='bbox 2528 756 2653 811; x_wconf 90' lang='lat' dir='ltr'><strong>illud</strong></span> <span class='ocrx_word' id='word_1_524' title='bbox 2677 757 2727 811; x_wconf 92' lang='lat' dir='ltr'><strong>in</strong></span> <span class='ocrx_word' id='word_1_525' title='bbox 2755 774 2859 828; x_wconf 92' lang='lat' dir='ltr'><strong>quo</strong></span> <span class='ocrx_word' id='word_1_526' title='bbox 2877 760 3017 830; x_wconf 86' lang='lat' dir='ltr'><strong>juste</strong></span> <span class='ocrx_word' id='word_1_527' title='bbox 3038 764 3391 831; x_wconf 85' lang='lat' dir='ltr'><strong>reprehensus</strong></span> <span class='ocrx_word' id='word_1_528' title='bbox 3414 778 3516 834; x_wconf 88' lang='lat' dir='ltr'><strong>est,</strong></span> 
     </span>
    </p>
   </div>
   <div class='ocr_carea' id='block_1_68' title="bbox 1942 844 3521 928">
    <p class='ocr_par' dir='ltr' id='par_1_68' title="bbox 1942 844 3521 928">
     <span class='ocr_line' id='line_1_68' title="bbox 1942 844 3521 928; baseline 0.015 -37"><span class='ocrx_word' id='word_1_529' title='bbox 1942 846 1997 893; x_wconf 90' lang='lat' dir='ltr'><strong>et</strong></span> <span class='ocrx_word' id='word_1_530' title='bbox 2021 852 2275 910; x_wconf 88' lang='lat' dir='ltr'><strong>quantum</strong></span> <span class='ocrx_word' id='word_1_531' title='bbox 2301 844 2414 900; x_wconf 87' lang='lat' dir='ltr'><strong>odit</strong></span> <span class='ocrx_word' id='word_1_532' title='bbox 2444 857 2720 917; x_wconf 89' lang='lat' dir='ltr'><strong>peccatum</strong></span> <span class='ocrx_word' id='word_1_533' title='bbox 2747 867 2901 906; x_wconf 88' lang='lat' dir='ltr'><strong>suum</strong></span> <span class='ocrx_word' id='word_1_534' title='bbox 2922 894 2937 919; x_wconf 97' lang='lat'><strong>,</strong></span> <span class='ocrx_word' id='word_1_535' title='bbox 2979 863 3179 909; x_wconf 80' lang='lat' dir='ltr'><strong>tantum</strong></span> <span class='ocrx_word' id='word_1_536' title='bbox 3208 858 3388 928; x_wconf 79' lang='lat' dir='ltr'><strong>diligat</strong></span> <span class='ocrx_word' id='word_1_537' title='bbox 3416 861 3521 914; x_wconf 84' lang='lat' dir='ltr'><strong>l‘ra-</strong></span> 
     </span>
    </p>
   </div>
   <div class='ocr_carea' id='block_1_69' title="bbox 1945 940 3522 1013">
    <p class='ocr_par' dir='ltr' id='par_1_69' title="bbox 1945 940 3522 1013">
     <span class='ocr_line' id='line_1_69' title="bbox 1945 940 3522 1013; baseline 0.013 -26"><span class='ocrx_word' id='word_1_538' title='bbox 1945 940 2075 987; x_wconf 88' lang='lat' dir='ltr'><strong>trem</strong></span> <span class='ocrx_word' id='word_1_539' title='bbox 2108 951 2263 1006; x_wconf 87' lang='lat' dir='ltr'><strong>quem</strong></span> <span class='ocrx_word' id='word_1_540' title='bbox 2306 941 2473 994; x_wconf 87' lang='lat' dir='ltr'><strong>sensit</strong></span> <span class='ocrx_word' id='word_1_541' title='bbox 2516 940 2723 997; x_wconf 88' lang='lat' dir='ltr'><strong>hostem</strong></span> <span class='ocrx_word' id='word_1_542' title='bbox 2767 947 2967 1013; x_wconf 86' lang='lat' dir='ltr'><strong>peccati</strong></span> <span class='ocrx_word' id='word_1_543' title='bbox 3007 949 3109 1002; x_wconf 89' lang='lat' dir='ltr'><strong>sui.</strong></span> <span class='ocrx_word' id='word_1_544' title='bbox 3157 952 3211 1004; x_wconf 87' lang='lat' dir='ltr'><strong>Si</strong></span> <span class='ocrx_word' id='word_1_545' title='bbox 3253 962 3428 1007; x_wconf 86' lang='lat' dir='ltr'><strong>autem</strong></span> <span class='ocrx_word' id='word_1_546' title='bbox 3457 954 3522 1008; x_wconf 90' lang='lat' dir='ltr'><strong>de</strong></span> 
     </span>
    </p>
   </div>
   <div class='ocr_carea' id='block_1_70' title="bbox 1944 1024 3521 1113">
    <p class='ocr_par' dir='ltr' id='par_1_70' title="bbox 1944 1024 3521 1113">
     <span class='ocr_line' id='line_1_70' title="bbox 1944 1024 3521 1113; baseline 0.014 -36"><span class='ocrx_word' id='word_1_547' title='bbox 1944 1024 2034 1078; x_wconf 89' lang='lat' dir='ltr'><strong>illo</strong></span> <span class='ocrx_word' id='word_1_548' title='bbox 2063 1043 2282 1082; x_wconf 87' lang='lat' dir='ltr'><strong>numero</strong></span> <span class='ocrx_word' id='word_1_549' title='bbox 2310 1039 2419 1098; x_wconf 88' lang='lat' dir='ltr'><strong>est,</strong></span> <span class='ocrx_word' id='word_1_550' title='bbox 2446 1032 2513 1086; x_wconf 90' lang='lat' dir='ltr'><strong>de</strong></span> <span class='ocrx_word' id='word_1_551' title='bbox 2551 1048 2655 1104; x_wconf 90' lang='lat' dir='ltr'><strong>quo</strong></span> <span class='ocrx_word' id='word_1_552' title='bbox 2681 1036 2876 1091; x_wconf 92' lang='lat' dir='ltr'><strong>dictum</strong></span> <span class='ocrx_word' id='word_1_553' title='bbox 2907 1048 3017 1105; x_wconf 88' lang='lat' dir='ltr'><strong>est,</strong></span> <span class='ocrx_word' id='word_1_554' title='bbox 3058 1040 3266 1113; x_wconf 84' lang='lat' dir='ltr'><strong>Corripe</strong></span> <span class='ocrx_word' id='word_1_555' title='bbox 3293 1047 3521 1111; x_wconf 84' lang='lat' dir='ltr'><strong>stultum,</strong></span> 
     </span>
    </p>
   </div>
   <div class='ocr_carea' id='block_1_71' title="bbox 1942 1117 3525 1201">
    <p class='ocr_par' dir='ltr' id='par_1_71' title="bbox 1942 1117 3525 1201">
     <span class='ocr_line' id='line_1_71' title="bbox 1942 1117 3525 1201; baseline 0.015 -33"><span class='ocrx_word' id='word_1_556' title='bbox 1942 1125 1986 1168; x_wconf 80' lang='lat' dir='ltr'><strong>et</strong></span> <span class='ocrx_word' id='word_1_557' title='bbox 2020 1117 2226 1186; x_wconf 86' lang='lat' dir='ltr'><strong>adjiciet</strong></span> <span class='ocrx_word' id='word_1_558' title='bbox 2254 1132 2306 1174; x_wconf 90' lang='lat' dir='ltr'><strong>ut</strong></span> <span class='ocrx_word' id='word_1_559' title='bbox 2337 1123 2494 1176; x_wconf 84' lang='lat' dir='ltr'><strong>oderit</strong></span> <span class='ocrx_word' id='word_1_560' title='bbox 2534 1134 2581 1179; x_wconf 88' lang='lat' dir='ltr'><strong>te</strong></span> <span class='ocrx_word' id='word_1_561' title='bbox 2610 1125 2789 1198; x_wconf 84' lang='lat' dir='ltr'><strong>(Prov.</strong></span> <span class='ocrx_word' id='word_1_562' title='bbox 2821 1145 2898 1194; x_wconf 82' lang='lat' dir='ltr'><strong>ix,</strong></span> <span class='ocrx_word' id='word_1_563' title='bbox 2927 1130 3014 1201; x_wconf 88' lang='lat'><strong>8);</strong></span> <span class='ocrx_word' id='word_1_564' title='bbox 3046 1147 3150 1186; x_wconf 93' lang='lat' dir='ltr'><strong>non</strong></span> <span class='ocrx_word' id='word_1_565' title='bbox 3176 1134 3242 1188; x_wconf 88' lang='lat' dir='ltr'><strong>de</strong></span> <span class='ocrx_word' id='word_1_566' title='bbox 3269 1136 3525 1192; x_wconf 85' lang='lat' dir='ltr'><strong>charitato</strong></span> 
     </span>
    </p>
   </div>
   <div class='ocr_carea' id='block_1_72' title="bbox 1945 1207 3526 1296">
    <p class='ocr_par' dir='ltr' id='par_1_72' title="bbox 1945 1207 3526 1296">
     <span class='ocr_line' id='line_1_72' title="bbox 1945 1207 3526 1296; baseline 0.015 -38"><span class='ocrx_word' id='word_1_567' title='bbox 1945 1207 2081 1261; x_wconf 87' lang='lat' dir='ltr'><strong>illius</strong></span> <span class='ocrx_word' id='word_1_568' title='bbox 2107 1209 2368 1267; x_wconf 60' lang='lat' dir='ltr'><strong>dissensio</strong></span> <span class='ocrx_word' id='word_1_569' title='bbox 2398 1216 2649 1282; x_wconf 89' lang='lat' dir='ltr'><strong>nascitur,</strong></span> <span class='ocrx_word' id='word_1_570' title='bbox 2679 1220 2771 1272; x_wconf 88' lang='lat' dir='ltr'><strong>sed</strong></span> <span class='ocrx_word' id='word_1_571' title='bbox 2795 1229 2969 1275; x_wconf 85' lang='lat' dir='ltr'><strong>tamen</strong></span> <span class='ocrx_word' id='word_1_572' title='bbox 3000 1224 3307 1279; x_wconf 74' lang='lat' dir='ltr'><strong>rharitatcm</strong></span> <span class='ocrx_word' id='word_1_573' title='bbox 3344 1244 3526 1296; x_wconf 82' lang='lat' dir='ltr'><strong>repre—</strong></span> 
     </span>
    </p>
   </div>
   <div class='ocr_carea' id='block_1_73' title="bbox 1945 1298 3520 1387">
    <p class='ocr_par' dir='ltr' id='par_1_73' title="bbox 1945 1298 3520 1387">
     <span class='ocr_line' id='line_1_73' title="bbox 1945 1298 3520 1387; baseline 0.013 -35"><span class='ocrx_word' id='word_1_574' title='bbox 1945 1298 2184 1363; x_wconf 78' lang='lat' dir='ltr'><strong>hensoris</strong></span> <span class='ocrx_word' id='word_1_575' title='bbox 2209 1304 2288 1356; x_wconf 89' lang='lat' dir='ltr'><strong>sui</strong></span> <span class='ocrx_word' id='word_1_576' title='bbox 2316 1316 2527 1359; x_wconf 77' lang='lat' dir='ltr'><strong>exercet</strong></span> <span class='ocrx_word' id='word_1_577' title='bbox 2555 1317 2607 1362; x_wconf 86' lang='lat' dir='ltr'><strong>et</strong></span> <span class='ocrx_word' id='word_1_578' title='bbox 2640 1312 2823 1377; x_wconf 88' lang='lat' dir='ltr'><strong>probat</strong></span> <span class='ocrx_word' id='word_1_579' title='bbox 2857 1330 2869 1365; x_wconf 90' lang='lat'><strong>:</strong></span> <span class='ocrx_word' id='word_1_580' title='bbox 2902 1314 3021 1382; x_wconf 91' lang='lat' dir='ltr'><strong>quia</strong></span> <span class='ocrx_word' id='word_1_581' title='bbox 3051 1330 3153 1367; x_wconf 92' lang='lat' dir='ltr'><strong>non</strong></span> <span class='ocrx_word' id='word_1_582' title='bbox 3194 1316 3242 1369; x_wconf 90' lang='lat' dir='ltr'><strong>ci</strong></span> <span class='ocrx_word' id='word_1_583' title='bbox 3271 1318 3520 1387; x_wconf 83' lang='lat' dir='ltr'><strong>rependi—</strong></span> 
     </span>
    </p>
   </div>
   <div class='ocr_carea' id='block_1_74' title="bbox 1944 1394 3523 1475">
    <p class='ocr_par' dir='ltr' id='par_1_74' title="bbox 1944 1394 3523 1475">
     <span class='ocr_line' id='line_1_74' title="bbox 1944 1394 3523 1475; baseline 0.011 -30"><span class='ocrx_word' id='word_1_584' title='bbox 1944 1400 2026 1446; x_wconf 91' lang='lat' dir='ltr'><strong>tur</strong></span> <span class='ocrx_word' id='word_1_585' title='bbox 2047 1394 2221 1447; x_wconf 88' lang='lat' dir='ltr'><strong>odium</strong></span> <span class='ocrx_word' id='word_1_586' title='bbox 2248 1412 2261 1459; x_wconf 88' lang='lat'><strong>;</strong></span> <span class='ocrx_word' id='word_1_587' title='bbox 2304 1396 2398 1451; x_wconf 90' lang='lat' dir='ltr'><strong>sed</strong></span> <span class='ocrx_word' id='word_1_588' title='bbox 2420 1398 2634 1454; x_wconf 87' lang='lat' dir='ltr'><strong>dilectio</strong></span> <span class='ocrx_word' id='word_1_589' title='bbox 2663 1417 2779 1471; x_wconf 73' lang='lat' dir='ltr'><strong>quze</strong></span> <span class='ocrx_word' id='word_1_590' title='bbox 2806 1406 2945 1473; x_wconf 81' lang='lat' dir='ltr'><strong>cogit</strong></span> <span class='ocrx_word' id='word_1_591' title='bbox 2972 1406 3360 1475; x_wconf 77' lang='lat' dir='ltr'><strong>reprehendere</strong></span> <span class='ocrx_word' id='word_1_592' title='bbox 3378 1450 3390 1473; x_wconf 92' lang='lat'><strong>,</strong></span> <span class='ocrx_word' id='word_1_593' title='bbox 3418 1408 3523 1462; x_wconf 86' lang='lat' dir='ltr'><strong>im-</strong></span> 
     </span>
    </p>
   </div>
   <div class='ocr_carea' id='block_1_75' title="bbox 1943 1486 3523 1567">
    <p class='ocr_par' dir='ltr' id='par_1_75' title="bbox 1943 1486 3523 1567">
     <span class='ocr_line' id='line_1_75' title="bbox 1943 1486 3523 1567; baseline 0.011 -29"><span class='ocrx_word' id='word_1_594' title='bbox 1943 1486 2243 1552; x_wconf 86' lang='lat' dir='ltr'><strong>perturbata</strong></span> <span class='ocrx_word' id='word_1_595' title='bbox 2285 1490 2572 1557; x_wconf 85' lang='lat' dir='ltr'><strong>perdurat,</strong></span> <span class='ocrx_word' id='word_1_596' title='bbox 2602 1494 2758 1546; x_wconf 86' lang='lat' dir='ltr'><strong>etiam</strong></span> <span class='ocrx_word' id='word_1_597' title='bbox 2791 1510 2909 1548; x_wconf 87' lang='lat' dir='ltr'><strong>cum</strong></span> <span class='ocrx_word' id='word_1_598' title='bbox 2943 1496 3028 1549; x_wconf 86' lang='lat' dir='ltr'><strong>ille</strong></span> <span class='ocrx_word' id='word_1_599' title='bbox 3054 1498 3140 1567; x_wconf 87' lang='lat' dir='ltr'><strong>qui</strong></span> <span class='ocrx_word' id='word_1_600' title='bbox 3172 1499 3523 1567; x_wconf 88' lang='lat' dir='ltr'><strong>reprehensus</strong></span> 
     </span>
    </p>
   </div>
   <div class='ocr_carea' id='block_1_76' title="bbox 1940 1577 3523 1655">
    <p class='ocr_par' dir='ltr' id='par_1_76' title="bbox 1940 1577 3523 1655">
     <span class='ocr_line' id='line_1_76' title="bbox 1940 1577 3523 1655; baseline 0.009 -25"><span class='ocrx_word' id='word_1_601' title='bbox 1940 1588 2043 1642; x_wconf 81' lang='lat' dir='ltr'><strong>est,</strong></span> <span class='ocrx_word' id='word_1_602' title='bbox 2070 1577 2198 1631; x_wconf 88' lang='lat' dir='ltr'><strong>odit.</strong></span> <span class='ocrx_word' id='word_1_603' title='bbox 2248 1578 2300 1633; x_wconf 89' lang='lat' dir='ltr'><strong>Si</strong></span> <span class='ocrx_word' id='word_1_604' title='bbox 2330 1590 2505 1635; x_wconf 85' lang='lat' dir='ltr'><strong>autem</strong></span> <span class='ocrx_word' id='word_1_605' title='bbox 2537 1583 2627 1638; x_wconf 90' lang='lat' dir='ltr'><strong>ille</strong></span> <span class='ocrx_word' id='word_1_606' title='bbox 2648 1585 2735 1654; x_wconf 88' lang='lat' dir='ltr'><strong>qui</strong></span> <span class='ocrx_word' id='word_1_607' title='bbox 2763 1587 2998 1655; x_wconf 86' lang='lat' dir='ltr'><strong>corripit,</strong></span> <span class='ocrx_word' id='word_1_608' title='bbox 3031 1588 3251 1641; x_wconf 81' lang='lat' dir='ltr'><strong>reddere</strong></span> <span class='ocrx_word' id='word_1_609' title='bbox 3274 1591 3382 1644; x_wconf 87' lang='lat' dir='ltr'><strong>vult</strong></span> <span class='ocrx_word' id='word_1_610' title='bbox 3410 1606 3523 1644; x_wconf 89' lang='lat' dir='ltr'><strong>ma-</strong></span> 
     </span>
    </p>
   </div>
   <div class='ocr_carea' id='block_1_77' title="bbox 1942 1667 3516 1748">
    <p class='ocr_par' dir='ltr' id='par_1_77' title="bbox 1942 1667 3516 1748">
     <span class='ocr_line' id='line_1_77' title="bbox 1942 1667 3516 1748; baseline 0.012 -29"><span class='ocrx_word' id='word_1_611' title='bbox 1942 1667 2048 1721; x_wconf 93' lang='lat' dir='ltr'><strong>lum</strong></span> <span class='ocrx_word' id='word_1_612' title='bbox 2084 1684 2178 1737; x_wconf 90' lang='lat' dir='ltr'><strong>pro</strong></span> <span class='ocrx_word' id='word_1_613' title='bbox 2203 1673 2343 1725; x_wconf 83' lang='lat' dir='ltr'><strong>malo</strong></span> <span class='ocrx_word' id='word_1_614' title='bbox 2370 1673 2419 1728; x_wconf 90' lang='lat' dir='ltr'><strong>ei</strong></span> <span class='ocrx_word' id='word_1_615' title='bbox 2446 1675 2533 1743; x_wconf 91' lang='lat' dir='ltr'><strong>qui</strong></span> <span class='ocrx_word' id='word_1_616' title='bbox 2560 1678 2867 1747; x_wconf 87' lang='lat' dir='ltr'><strong>corripienti</strong></span> <span class='ocrx_word' id='word_1_617' title='bbox 2914 1679 3247 1748; x_wconf 79' lang='lat' dir='ltr'><strong>indignatur,</strong></span> <span class='ocrx_word' id='word_1_618' title='bbox 3292 1698 3395 1735; x_wconf 91' lang='lat' dir='ltr'><strong>nou</strong></span> <span class='ocrx_word' id='word_1_619' title='bbox 3426 1682 3516 1738; x_wconf 84' lang='lat' dir='ltr'><strong>fuit</strong></span> 
     </span>
    </p>
   </div>
   <div class='ocr_carea' id='block_1_78' title="bbox 1940 1759 3524 1844">
    <p class='ocr_par' dir='ltr' id='par_1_78' title="bbox 1940 1759 3524 1844">
     <span class='ocr_line' id='line_1_78' title="bbox 1940 1759 3524 1844; baseline 0.011 -33"><span class='ocrx_word' id='word_1_620' title='bbox 1940 1759 2127 1828; x_wconf 67' lang='lat' dir='ltr'><strong>dignus</strong></span> <span class='ocrx_word' id='word_1_621' title='bbox 2150 1763 2236 1831; x_wconf 90' lang='lat' dir='ltr'><strong>qui</strong></span> <span class='ocrx_word' id='word_1_622' title='bbox 2265 1766 2574 1830; x_wconf 74' lang='lat' dir='ltr'><strong>corriperet,</strong></span> <span class='ocrx_word' id='word_1_623' title='bbox 2608 1768 2699 1820; x_wconf 89' lang='lat' dir='ltr'><strong>sed</strong></span> <span class='ocrx_word' id='word_1_624' title='bbox 2731 1768 2920 1838; x_wconf 81' lang='lat' dir='ltr'><strong>dignus</strong></span> <span class='ocrx_word' id='word_1_625' title='bbox 2944 1771 3095 1839; x_wconf 86' lang='lat' dir='ltr'><strong>plane</strong></span> <span class='ocrx_word' id='word_1_626' title='bbox 3115 1773 3201 1841; x_wconf 90' lang='lat' dir='ltr'><strong>qui</strong></span> <span class='ocrx_word' id='word_1_627' title='bbox 3228 1774 3385 1826; x_wconf 86' lang='lat' dir='ltr'><strong>etiam</strong></span> <span class='ocrx_word' id='word_1_628' title='bbox 3415 1775 3524 1844; x_wconf 86' lang='lat' dir='ltr'><strong>ipse</strong></span> 
     </span>
    </p>
   </div>
   <div class='ocr_carea' id='block_1_79' title="bbox 1916 1854 3524 1929">
    <p class='ocr_par' dir='ltr' id='par_1_79' title="bbox 1916 1854 3524 1929">
     <span class='ocr_line' id='line_1_79' title="bbox 1916 1854 3524 1929; baseline 0.009 -25"><span class='ocrx_word' id='word_1_629' title='bbox 1916 1854 2134 1922; x_wconf 75' lang='lat' dir='ltr'><strong>’COI&#39;t‘ipi</strong></span> <span class='ocrx_word' id='word_1_630' title='bbox 2163 1855 2402 1910; x_wconf 90' lang='lat' dir='ltr'><strong>deberet.</strong></span> <span class='ocrx_word' id='word_1_631' title='bbox 2450 1858 2573 1912; x_wconf 65' lang='lat' dir='ltr'><strong>“1LT</strong></span> <span class='ocrx_word' id='word_1_632' title='bbox 2600 1861 2737 1929; x_wconf 82' lang='lat' dir='ltr'><strong>agite</strong></span> <span class='ocrx_word' id='word_1_633' title='bbox 2764 1870 2818 1914; x_wconf 93' lang='lat' dir='ltr'><strong>ut</strong></span> <span class='ocrx_word' id='word_1_634' title='bbox 2858 1863 2993 1916; x_wconf 88' lang='lat' dir='ltr'><strong>inter</strong></span> <span class='ocrx_word' id='word_1_635' title='bbox 3018 1879 3113 1918; x_wconf 89' lang='lat' dir='ltr'><strong>vos</strong></span> <span class='ocrx_word' id='word_1_636' title='bbox 3137 1872 3227 1918; x_wconf 89' lang='lat' dir='ltr'><strong>aut</strong></span> <span class='ocrx_word' id='word_1_637' title='bbox 3255 1882 3356 1919; x_wconf 91' lang='lat' dir='ltr'><strong>non</strong></span> <span class='ocrx_word' id='word_1_638' title='bbox 3386 1868 3524 1920; x_wconf 81' lang='lat' dir='ltr'><strong>exsi-</strong></span> 
     </span>
    </p>
   </div>
   <div class='ocr_carea' id='block_1_80' title="bbox 1938 1945 3522 2027">
    <p class='ocr_par' dir='ltr' id='par_1_80' title="bbox 1938 1945 3522 2027">
     <span class='ocr_line' id='line_1_80' title="bbox 1938 1945 3522 2027; baseline 0.011 -32"><span class='ocrx_word' id='word_1_639' title='bbox 1938 1952 2080 1997; x_wconf 80' lang='lat' dir='ltr'><strong>stant</strong></span> <span class='ocrx_word' id='word_1_640' title='bbox 2104 1945 2512 2016; x_wconf 83' lang='lat' dir='ltr'><strong>indignationes,</strong></span> <span class='ocrx_word' id='word_1_641' title='bbox 2549 1960 2641 2003; x_wconf 88' lang='lat' dir='ltr'><strong>aut</strong></span> <span class='ocrx_word' id='word_1_642' title='bbox 2668 1962 2866 2006; x_wconf 72' lang='lat' dir='ltr'><strong>exortze</strong></span> <span class='ocrx_word' id='word_1_643' title='bbox 2893 1956 3070 2007; x_wconf 87' lang='lat' dir='ltr'><strong>statim</strong></span> <span class='ocrx_word' id='word_1_644' title='bbox 3095 1957 3369 2010; x_wconf 88' lang='lat' dir='ltr'><strong>celerrima</strong></span> <span class='ocrx_word' id='word_1_645' title='bbox 3395 1974 3522 2027; x_wconf 87' lang='lat' dir='ltr'><strong>pace</strong></span> 
     </span>
    </p>
   </div>
   <div class='ocr_carea' id='block_1_81' title="bbox 1940 2036 3524 2112">
    <p class='ocr_par' dir='ltr' id='par_1_81' title="bbox 1940 2036 3524 2112">
     <span class='ocr_line' id='line_1_81' title="bbox 1940 2036 3524 2112; baseline 0.008 -24"><span class='ocrx_word' id='word_1_646' title='bbox 1940 2036 2282 2103; x_wconf 84' lang='lat' dir='ltr'><strong>perimantur.</strong></span> <span class='ocrx_word' id='word_1_647' title='bbox 2312 2039 2561 2109; x_wconf 78' lang='lat' dir='ltr'><strong>Majorcm</strong></span> <span class='ocrx_word' id='word_1_648' title='bbox 2584 2041 2706 2097; x_wconf 86' lang='lat' dir='ltr'><strong>date</strong></span> <span class='ocrx_word' id='word_1_649' title='bbox 2728 2060 2941 2112; x_wconf 89' lang='lat' dir='ltr'><strong>operam</strong></span> <span class='ocrx_word' id='word_1_650' title='bbox 2964 2048 3349 2101; x_wconf 74' lang='lat' dir='ltr'><strong>concordandis</strong></span> <span class='ocrx_word' id='word_1_651' title='bbox 3375 2050 3524 2103; x_wconf 82' lang='lat' dir='ltr'><strong>vobis</strong></span> 
     </span>
    </p>
   </div>
   <div class='ocr_carea' id='block_1_82' title="bbox 1937 2131 3521 2209">
    <p class='ocr_par' dir='ltr' id='par_1_82' title="bbox 1937 2131 3521 2209">
     <span class='ocr_line' id='line_1_82' title="bbox 1937 2131 3521 2209; baseline 0.009 -29"><span class='ocrx_word' id='word_1_652' title='bbox 1937 2143 2093 2197; x_wconf 89' lang='lat' dir='ltr'><strong>quam</strong></span> <span class='ocrx_word' id='word_1_653' title='bbox 2126 2131 2524 2201; x_wconf 83' lang='lat' dir='ltr'><strong>redarguendis.</strong></span> <span class='ocrx_word' id='word_1_654' title='bbox 2560 2135 2688 2201; x_wconf 87' lang='lat' dir='ltr'><strong>Quia</strong></span> <span class='ocrx_word' id='word_1_655' title='bbox 2716 2136 2851 2189; x_wconf 87' lang='lat' dir='ltr'><strong>sicut</strong></span> <span class='ocrx_word' id='word_1_656' title='bbox 2875 2148 3080 2192; x_wconf 88' lang='lat' dir='ltr'><strong>acetum</strong></span> <span class='ocrx_word' id='word_1_657' title='bbox 3105 2142 3521 2209; x_wconf 85' lang='lat' dir='ltr'><strong>corrumpitvas,</strong></span> 
     </span>
    </p>
   </div>
   <div class='ocr_carea' id='block_1_83' title="bbox 1939 2222 3522 2299">
    <p class='ocr_par' dir='ltr' id='par_1_83' title="bbox 1939 2222 3522 2299">
     <span class='ocr_line' id='line_1_83' title="bbox 1939 2222 3522 2299; baseline 0.007 -25"><span class='ocrx_word' id='word_1_658' title='bbox 1939 2222 1983 2275; x_wconf 89' lang='lat' dir='ltr'><strong>si</strong></span> <span class='ocrx_word' id='word_1_659' title='bbox 2015 2222 2213 2277; x_wconf 87' lang='lat' dir='ltr'><strong>diutius</strong></span> <span class='ocrx_word' id='word_1_660' title='bbox 2243 2226 2313 2279; x_wconf 90' lang='lat' dir='ltr'><strong>ibi</strong></span> <span class='ocrx_word' id='word_1_661' title='bbox 2340 2227 2527 2291; x_wconf 90' lang='lat' dir='ltr'><strong>fuerit;</strong></span> <span class='ocrx_word' id='word_1_662' title='bbox 2558 2227 2633 2281; x_wconf 89' lang='lat' dir='ltr'><strong>sic</strong></span> <span class='ocrx_word' id='word_1_663' title='bbox 2662 2230 2737 2282; x_wconf 87' lang='lat' dir='ltr'><strong>ira</strong></span> <span class='ocrx_word' id='word_1_664' title='bbox 2762 2232 3057 2299; x_wconf 88' lang='lat' dir='ltr'><strong>corrumpit</strong></span> <span class='ocrx_word' id='word_1_665' title='bbox 3077 2248 3188 2298; x_wconf 91' lang='lat' dir='ltr'><strong>cor,</strong></span> <span class='ocrx_word' id='word_1_666' title='bbox 3214 2234 3257 2285; x_wconf 89' lang='lat' dir='ltr'><strong>si</strong></span> <span class='ocrx_word' id='word_1_667' title='bbox 3284 2233 3335 2285; x_wconf 89' lang='lat' dir='ltr'><strong>in</strong></span> <span class='ocrx_word' id='word_1_668' title='bbox 3358 2233 3522 2286; x_wconf 89' lang='lat' dir='ltr'><strong>alium</strong></span> 
     </span>
    </p>
   </div>
   <div class='ocr_carea' id='block_1_84' title="bbox 1937 2314 3525 2394">
    <p class='ocr_par' dir='ltr' id='par_1_84' title="bbox 1937 2314 3525 2394">
     <span class='ocr_line' id='line_1_84' title="bbox 1937 2314 3525 2394; baseline 0.006 -26"><span class='ocrx_word' id='word_1_669' title='bbox 1937 2314 2077 2369; x_wconf 87' lang='lat' dir='ltr'><strong>diem</strong></span> <span class='ocrx_word' id='word_1_670' title='bbox 2120 2317 2407 2373; x_wconf 86' lang='lat' dir='ltr'><strong>duraverit.</strong></span> <span class='ocrx_word' id='word_1_671' title='bbox 2459 2320 2583 2375; x_wconf 64' lang='lat' dir='ltr'><strong>Haec</strong></span> <span class='ocrx_word' id='word_1_672' title='bbox 2609 2336 2735 2390; x_wconf 89' lang='lat' dir='ltr'><strong>ergo</strong></span> <span class='ocrx_word' id='word_1_673' title='bbox 2773 2324 2911 2391; x_wconf 86' lang='lat' dir='ltr'><strong>agite</strong></span> <span class='ocrx_word' id='word_1_674' title='bbox 2936 2366 2949 2388; x_wconf 97' lang='lat'><strong>,</strong></span> <span class='ocrx_word' id='word_1_675' title='bbox 2992 2333 3045 2377; x_wconf 90' lang='lat' dir='ltr'><strong>ct</strong></span> <span class='ocrx_word' id='word_1_676' title='bbox 3088 2326 3226 2379; x_wconf 87' lang='lat' dir='ltr'><strong>Deus</strong></span> <span class='ocrx_word' id='word_1_677' title='bbox 3255 2326 3398 2394; x_wconf 86' lang='lat' dir='ltr'><strong>pacis</strong></span> <span class='ocrx_word' id='word_1_678' title='bbox 3425 2324 3525 2379; x_wconf 87' lang='lat' dir='ltr'><strong>erit</strong></span> 
     </span>
    </p>
   </div>
   <div class='ocr_carea' id='block_1_85' title="bbox 1939 2408 3525 2488">
    <p class='ocr_par' dir='ltr' id='par_1_85' title="bbox 1939 2408 3525 2488">
     <span class='ocr_line' id='line_1_85' title="bbox 1939 2408 3525 2488; baseline 0.008 -29"><span class='ocrx_word' id='word_1_679' title='bbox 1939 2408 2232 2474; x_wconf 90' lang='lat' dir='ltr'><strong>vobiscum,</strong></span> <span class='ocrx_word' id='word_1_680' title='bbox 2265 2421 2478 2465; x_wconf 87' lang='lat' dir='ltr'><strong>orantes</strong></span> <span class='ocrx_word' id='word_1_681' title='bbox 2508 2414 2663 2467; x_wconf 89' lang='lat' dir='ltr'><strong>simul</strong></span> <span class='ocrx_word' id='word_1_682' title='bbox 2696 2424 2749 2468; x_wconf 88' lang='lat' dir='ltr'><strong>et</strong></span> <span class='ocrx_word' id='word_1_683' title='bbox 2776 2430 2871 2484; x_wconf 91' lang='lat' dir='ltr'><strong>pro</strong></span> <span class='ocrx_word' id='word_1_684' title='bbox 2894 2417 3064 2480; x_wconf 87' lang='lat' dir='ltr'><strong>nobis,</strong></span> <span class='ocrx_word' id='word_1_685' title='bbox 3091 2425 3147 2475; x_wconf 87' lang='lat' dir='ltr'><strong>ut</strong></span> <span class='ocrx_word' id='word_1_686' title='bbox 3170 2434 3229 2472; x_wconf 86' lang='lat' dir='ltr'><strong>ea</strong></span> <span class='ocrx_word' id='word_1_687' title='bbox 3253 2433 3368 2488; x_wconf 83' lang='lat' dir='ltr'><strong>quae</strong></span> <span class='ocrx_word' id='word_1_688' title='bbox 3392 2419 3525 2472; x_wconf 87' lang='lat' dir='ltr'><strong>bene</strong></span> 
     </span>
    </p>
   </div>
   <div class='ocr_carea' id='block_1_86' title="bbox 1937 2504 2888 2575">
    <p class='ocr_par' dir='ltr' id='par_1_86' title="bbox 1937 2504 2888 2575">
     <span class='ocr_line' id='line_1_86' title="bbox 1937 2504 2888 2575; baseline 0.005 -20"><span class='ocrx_word' id='word_1_689' title='bbox 1937 2516 2246 2568; x_wconf 84' lang='lat' dir='ltr'><strong>monemus,</strong></span> <span class='ocrx_word' id='word_1_690' title='bbox 2279 2504 2525 2559; x_wconf 86' lang='lat' dir='ltr'><strong>alacriter</strong></span> <span class='ocrx_word' id='word_1_691' title='bbox 2556 2506 2888 2575; x_wconf 80' lang='lat' dir='ltr'><strong>impleamus.</strong></span> 
     </span>
    </p>
   </div>
   <div class='ocr_carea' id='block_1_87' title="bbox 2386 2596 3074 2668">
    <p class='ocr_par' dir='ltr' id='par_1_87' title="bbox 2386 2596 3074 2668">
     <span class='ocr_line' id='line_1_87' title="bbox 2386 2596 3074 2668; baseline 0.004 -18"><span class='ocrx_word' id='word_1_692' title='bbox 2386 2596 2712 2652; x_wconf 79' lang='lat' dir='ltr'><strong>EPISTULA</strong></span> <span class='ocrx_word' id='word_1_693' title='bbox 2745 2598 2898 2653; x_wconf 70' lang='lat' dir='ltr'><strong>cex:</strong></span> <span class='ocrx_word' id='word_1_694' title='bbox 2932 2604 2947 2623; x_wconf 83' lang='grc'><strong>·</strong></span> <span class='ocrx_word' id='word_1_695' title='bbox 2979 2600 3074 2668; x_wconf 85' lang='grc' dir='ltr'><strong>(α).</strong></span> 
     </span>
    </p>
   </div>
   <div class='ocr_carea' id='block_1_88' title="bbox 1937 2686 3525 2763">
    <p class='ocr_par' dir='ltr' id='par_1_88' title="bbox 1937 2686 3525 2763">
     <span class='ocr_line' id='line_1_88' title="bbox 1937 2686 3525 2763; baseline 0.004 -24"><span class='ocrx_word' id='word_1_696' title='bbox 1937 2686 2256 2755; x_wconf 84' lang='lat' dir='ltr'><strong>Augustinus</strong></span> <span class='ocrx_word' id='word_1_697' title='bbox 2298 2689 2573 2741; x_wconf 82' lang='lat' dir='ltr'><strong>monac/tas</strong></span> <span class='ocrx_word' id='word_1_698' title='bbox 2597 2706 2710 2757; x_wconf 75' lang='lat' dir='ltr'><strong>qua:</strong></span> <span class='ocrx_word' id='word_1_699' title='bbox 2744 2690 2863 2742; x_wconf 86' lang='lat' dir='ltr'><strong>dum</strong></span> <span class='ocrx_word' id='word_1_700' title='bbox 2888 2692 3088 2744; x_wconf 86' lang='lat' dir='ltr'><strong>student</strong></span> <span class='ocrx_word' id='word_1_701' title='bbox 3112 2701 3305 2745; x_wconf 88' lang='lat' dir='ltr'><strong>mutare</strong></span> <span class='ocrx_word' id='word_1_702' title='bbox 3330 2709 3525 2763; x_wconf 70' lang='lat' dir='ltr'><strong>priapo-</strong></span> 
     </span>
    </p>
   </div>
   <div class='ocr_carea' id='block_1_89' title="bbox 2006 2777 3524 2849">
    <p class='ocr_par' dir='ltr' id='par_1_89' title="bbox 2006 2777 3524 2849">
     <span class='ocr_line' id='line_1_89' title="bbox 2006 2777 3524 2849; baseline 0.005 -20"><span class='ocrx_word' id='word_1_703' title='bbox 2006 2777 2187 2840; x_wconf 80' lang='lat' dir='ltr'><strong>sitam,</strong></span> <span class='ocrx_word' id='word_1_704' title='bbox 2237 2778 2520 2831; x_wconf 84' lang='lat' dir='ltr'><strong>indecenter</strong></span> <span class='ocrx_word' id='word_1_705' title='bbox 2567 2783 2767 2849; x_wconf 82' lang='lat' dir='ltr'><strong>fuerant</strong></span> <span class='ocrx_word' id='word_1_706' title='bbox 2823 2780 3171 2848; x_wconf 83' lang='lat' dir='ltr'><strong>tumultuatw,</strong></span> <span class='ocrx_word' id='word_1_707' title='bbox 3219 2794 3414 2836; x_wconf 75' lang='lat' dir='ltr'><strong>revocat</strong></span> <span class='ocrx_word' id='word_1_708' title='bbox 3458 2785 3524 2837; x_wconf 84' lang='lat' dir='ltr'><strong>ad</strong></span> 
     </span>
    </p>
   </div>
   <div class='ocr_carea' id='block_1_90' title="bbox 2007 2866 3309 2943">
    <p class='ocr_par' dir='ltr' id='par_1_90' title="bbox 2007 2866 3309 2943">
     <span class='ocr_line' id='line_1_90' title="bbox 2007 2866 3309 2943; baseline 0.007 -25"><span class='ocrx_word' id='word_1_709' title='bbox 2007 2866 2325 2920; x_wconf 78' lang='lat' dir='ltr'><strong>concordiam</strong></span> <span class='ocrx_word' id='word_1_710' title='bbox 2347 2909 2360 2933; x_wconf 91' lang='lat'><strong>,</strong></span> <span class='ocrx_word' id='word_1_711' title='bbox 2390 2877 2437 2921; x_wconf 86' lang='lat' dir='ltr'><strong>et</strong></span> <span class='ocrx_word' id='word_1_712' title='bbox 2465 2871 2739 2938; x_wconf 82' lang='lat' dir='ltr'><strong>prwscribit</strong></span> <span class='ocrx_word' id='word_1_713' title='bbox 2759 2872 2861 2923; x_wconf 83' lang='lat' dir='ltr'><strong>illis</strong></span> <span class='ocrx_word' id='word_1_714' title='bbox 2890 2873 3003 2925; x_wconf 79' lang='lat' dir='ltr'><strong>vita:</strong></span> <span class='ocrx_word' id='word_1_715' title='bbox 3026 2872 3309 2943; x_wconf 74' lang='lat' dir='ltr'><strong>regulam‘.</strong></span> 
     </span>
    </p>
   </div>
   <div class='ocr_carea' id='block_1_91' title="bbox 2012 2979 3524 3052">
    <p class='ocr_par' dir='ltr' id='par_1_91' title="bbox 2012 2979 3524 3052">
     <span class='ocr_line' id='line_1_91' title="bbox 2012 2979 3524 3052; baseline 0.005 -20"><span class='ocrx_word' id='word_1_716' title='bbox 2012 2979 2059 3032; x_wconf 84' lang='lat' dir='ltr'><strong>l.</strong></span> <span class='ocrx_word' id='word_1_717' title='bbox 2110 2979 2259 3033; x_wconf 86' lang='lat' dir='ltr'><strong>Sicut</strong></span> <span class='ocrx_word' id='word_1_718' title='bbox 2286 2989 2466 3048; x_wconf 89' lang='lat' dir='ltr'><strong>parata</strong></span> <span class='ocrx_word' id='word_1_719' title='bbox 2497 2990 2577 3034; x_wconf 87' lang='lat' dir='ltr'><strong>est</strong></span> <span class='ocrx_word' id='word_1_720' title='bbox 2604 2982 2859 3035; x_wconf 86' lang='lat' dir='ltr'><strong>severitas</strong></span> <span class='ocrx_word' id='word_1_721' title='bbox 2882 2992 3095 3052; x_wconf 73' lang='lat' dir='ltr'><strong>pet-cata</strong></span> <span class='ocrx_word' id='word_1_722' title='bbox 3118 3000 3235 3052; x_wconf 84' lang='lat' dir='ltr'><strong>quae</strong></span> <span class='ocrx_word' id='word_1_723' title='bbox 3262 2985 3524 3041; x_wconf 88' lang='lat' dir='ltr'><strong>invenerit</strong></span> 
     </span>
    </p>
   </div>
   <div class='ocr_carea' id='block_1_92' title="bbox 1937 3070 3521 3143">
    <p class='ocr_par' dir='ltr' id='par_1_92' title="bbox 1937 3070 3521 3143">
     <span class='ocr_line' id='line_1_92' title="bbox 1937 3070 3521 3143; baseline 0.003 -19"><span class='ocrx_word' id='word_1_724' title='bbox 1937 3070 2237 3137; x_wconf 87' lang='lat' dir='ltr'><strong>vindicare;</strong></span> <span class='ocrx_word' id='word_1_725' title='bbox 2263 3072 2331 3125; x_wconf 89' lang='lat' dir='ltr'><strong>ita</strong></span> <span class='ocrx_word' id='word_1_726' title='bbox 2356 3086 2458 3125; x_wconf 92' lang='lat' dir='ltr'><strong>non</strong></span> <span class='ocrx_word' id='word_1_727' title='bbox 2483 3073 2591 3124; x_wconf 89' lang='lat' dir='ltr'><strong>vult</strong></span> <span class='ocrx_word' id='word_1_728' title='bbox 2607 3071 2838 3126; x_wconf 87' lang='lat' dir='ltr'><strong>charitas</strong></span> <span class='ocrx_word' id='word_1_729' title='bbox 2855 3075 2993 3143; x_wconf 90' lang='lat' dir='ltr'><strong>quod</strong></span> <span class='ocrx_word' id='word_1_730' title='bbox 3018 3075 3247 3129; x_wconf 82' lang='lat' dir='ltr'><strong>vindicet</strong></span> <span class='ocrx_word' id='word_1_731' title='bbox 3264 3076 3521 3130; x_wconf 90' lang='lat' dir='ltr'><strong>invenire.</strong></span> 
     </span>
    </p>
   </div>
   <div class='ocr_carea' id='block_1_93' title="bbox 1939 3160 3517 3233">
    <p class='ocr_par' dir='ltr' id='par_1_93' title="bbox 1939 3160 3517 3233">
     <span class='ocr_line' id='line_1_93' title="bbox 1939 3160 3517 3233; baseline 0.005 -19"><span class='ocrx_word' id='word_1_732' title='bbox 1939 3160 2063 3214; x_wconf 68' lang='lat' dir='ltr'><strong>Haec</strong></span> <span class='ocrx_word' id='word_1_733' title='bbox 2090 3178 2247 3215; x_wconf 87' lang='lat' dir='ltr'><strong>causa</strong></span> <span class='ocrx_word' id='word_1_734' title='bbox 2279 3164 2397 3216; x_wconf 73' lang='lat' dir='ltr'><strong>fecit</strong></span> <span class='ocrx_word' id='word_1_735' title='bbox 2425 3173 2480 3216; x_wconf 95' lang='lat' dir='ltr'><strong>ut</strong></span> <span class='ocrx_word' id='word_1_736' title='bbox 2510 3165 2574 3217; x_wconf 86' lang='lat' dir='ltr'><strong>ad</strong></span> <span class='ocrx_word' id='word_1_737' title='bbox 2608 3179 2699 3217; x_wconf 88' lang='lat' dir='ltr'><strong>vos</strong></span> <span class='ocrx_word' id='word_1_738' title='bbox 2734 3181 2837 3218; x_wconf 88' lang='lat' dir='ltr'><strong>non</strong></span> <span class='ocrx_word' id='word_1_739' title='bbox 2880 3167 3151 3233; x_wconf 90' lang='lat' dir='ltr'><strong>venirem,</strong></span> <span class='ocrx_word' id='word_1_740' title='bbox 3194 3182 3313 3221; x_wconf 87' lang='lat' dir='ltr'><strong>cum</strong></span> <span class='ocrx_word' id='word_1_741' title='bbox 3345 3183 3517 3222; x_wconf 87' lang='lat' dir='ltr'><strong>meam</strong></span> 
     </span>
    </p>
   </div>
   <div class='ocr_carea' id='block_1_94' title="bbox 1936 3254 3521 3328">
    <p class='ocr_par' dir='ltr' id='par_1_94' title="bbox 1936 3254 3521 3328">
     <span class='ocr_line' id='line_1_94' title="bbox 1936 3254 3521 3328; baseline 0.004 -22"><span class='ocrx_word' id='word_1_742' title='bbox 1936 3254 2273 3323; x_wconf 61' lang='lat' dir='ltr'><strong>praesentiam</strong></span> <span class='ocrx_word' id='word_1_743' title='bbox 2303 3256 2632 3323; x_wconf 76' lang='lat' dir='ltr'><strong>qtnereretis,</strong></span> <span class='ocrx_word' id='word_1_744' title='bbox 2662 3270 2764 3308; x_wconf 92' lang='lat' dir='ltr'><strong>non</strong></span> <span class='ocrx_word' id='word_1_745' title='bbox 2793 3256 2856 3310; x_wconf 88' lang='lat' dir='ltr'><strong>ad</strong></span> <span class='ocrx_word' id='word_1_746' title='bbox 2882 3257 3023 3325; x_wconf 87' lang='lat' dir='ltr'><strong>pacis</strong></span> <span class='ocrx_word' id='word_1_747' title='bbox 3043 3268 3234 3313; x_wconf 73' lang='lat' dir='ltr'><strong>vestra:</strong></span> <span class='ocrx_word' id='word_1_748' title='bbox 3251 3260 3521 3328; x_wconf 86' lang='lat' dir='ltr'><strong>gaudium,</strong></span> 
     </span>
    </p>
   </div>
   <div class='ocr_carea' id='block_1_95' title="bbox 1936 3346 3523 3420">
    <p class='ocr_par' dir='ltr' id='par_1_95' title="bbox 1936 3346 3523 3420">
     <span class='ocr_line' id='line_1_95' title="bbox 1936 3346 3523 3420; baseline 0.004 -19"><span class='ocrx_word' id='word_1_749' title='bbox 1936 3346 2034 3401; x_wconf 89' lang='lat' dir='ltr'><strong>sed</strong></span> <span class='ocrx_word' id='word_1_750' title='bbox 2075 3346 2140 3399; x_wconf 89' lang='lat' dir='ltr'><strong>ad</strong></span> <span class='ocrx_word' id='word_1_751' title='bbox 2194 3347 2542 3401; x_wconf 86' lang='lat' dir='ltr'><strong>dissensionis</strong></span> <span class='ocrx_word' id='word_1_752' title='bbox 2587 3359 2777 3402; x_wconf 75' lang='lat' dir='ltr'><strong>vestrm</strong></span> <span class='ocrx_word' id='word_1_753' title='bbox 2826 3362 3188 3420; x_wconf 75' lang='lat' dir='ltr'><strong>augmentum.</strong></span> <span class='ocrx_word' id='word_1_754' title='bbox 3244 3353 3523 3420; x_wconf 83' lang='lat' dir='ltr'><strong>Quomodo</strong></span> 
     </span>
    </p>
   </div>
   <div class='ocr_carea' id='block_1_96' title="bbox 1936 3439 3524 3513">
    <p class='ocr_par' dir='ltr' id='par_1_96' title="bbox 1936 3439 3524 3513">
     <span class='ocr_line' id='line_1_96' title="bbox 1936 3439 3524 3513; baseline 0.005 -21"><span class='ocrx_word' id='word_1_755' title='bbox 1936 3439 2076 3492; x_wconf 90' lang='lat' dir='ltr'><strong>enim</strong></span> <span class='ocrx_word' id='word_1_756' title='bbox 2118 3448 2546 3504; x_wconf 88' lang='lat' dir='ltr'><strong>contemnerem,</strong></span> <span class='ocrx_word' id='word_1_757' title='bbox 2599 3450 2652 3493; x_wconf 89' lang='lat' dir='ltr'><strong>et</strong></span> <span class='ocrx_word' id='word_1_758' title='bbox 2697 3441 3010 3509; x_wconf 89' lang='lat' dir='ltr'><strong>impunitum</strong></span> <span class='ocrx_word' id='word_1_759' title='bbox 3041 3444 3393 3513; x_wconf 79' lang='lat' dir='ltr'><strong>relinquerem</strong></span> <span class='ocrx_word' id='word_1_760' title='bbox 3419 3485 3433 3511; x_wconf 90' lang='lat'><strong>,</strong></span> <span class='ocrx_word' id='word_1_761' title='bbox 3480 3445 3524 3500; x_wconf 89' lang='lat' dir='ltr'><strong>si</strong></span> 
     </span>
    </p>
   </div>
   <div class='ocr_carea' id='block_1_97' title="bbox 1935 3536 3522 3604">
    <p class='ocr_par' dir='ltr' id='par_1_97' title="bbox 1935 3536 3522 3604">
     <span class='ocr_line' id='line_1_97' title="bbox 1935 3536 3522 3604; baseline 0.004 -19"><span class='ocrx_word' id='word_1_762' title='bbox 1935 3540 1989 3585; x_wconf 88' lang='lat' dir='ltr'><strong>et</strong></span> <span class='ocrx_word' id='word_1_763' title='bbox 2034 3547 2117 3585; x_wconf 91' lang='lat' dir='ltr'><strong>me</strong></span> <span class='ocrx_word' id='word_1_764' title='bbox 2160 3541 2424 3601; x_wconf 65' lang='lat' dir='ltr'><strong>prasente</strong></span> <span class='ocrx_word' id='word_1_765' title='bbox 2473 3541 2648 3587; x_wconf 88' lang='lat' dir='ltr'><strong>tantus</strong></span> <span class='ocrx_word' id='word_1_766' title='bbox 2692 3543 2868 3588; x_wconf 87' lang='lat' dir='ltr'><strong>vester</strong></span> <span class='ocrx_word' id='word_1_767' title='bbox 2917 3536 3171 3589; x_wconf 89' lang='lat' dir='ltr'><strong>tumultus</strong></span> <span class='ocrx_word' id='word_1_768' title='bbox 3221 3538 3522 3604; x_wconf 79' lang='lat' dir='ltr'><strong>exsisteret,</strong></span> 
     </span>
    </p>
   </div>
   <div class='ocr_carea' id='block_1_98' title="bbox 1936 3626 3523 3695">
    <p class='ocr_par' dir='ltr' id='par_1_98' title="bbox 1936 3626 3523 3695">
     <span class='ocr_line' id='line_1_98' title="bbox 1936 3626 3523 3695; baseline 0.006 -20"><span class='ocrx_word' id='word_1_769' title='bbox 1936 3633 2163 3693; x_wconf 88' lang='lat' dir='ltr'><strong>quantus</strong></span> <span class='ocrx_word' id='word_1_770' title='bbox 2197 3640 2278 3679; x_wconf 86' lang='lat' dir='ltr'><strong>me</strong></span> <span class='ocrx_word' id='word_1_771' title='bbox 2316 3626 2534 3679; x_wconf 87' lang='lat' dir='ltr'><strong>absente</strong></span> <span class='ocrx_word' id='word_1_772' title='bbox 2562 3670 2575 3691; x_wconf 87' lang='lat'><strong>,</strong></span> <span class='ocrx_word' id='word_1_773' title='bbox 2621 3627 2718 3680; x_wconf 87' lang='lat' dir='ltr'><strong>etsi</strong></span> <span class='ocrx_word' id='word_1_774' title='bbox 2747 3628 2927 3681; x_wconf 88' lang='lat' dir='ltr'><strong>oculos</strong></span> <span class='ocrx_word' id='word_1_775' title='bbox 2960 3644 3105 3681; x_wconf 83' lang='lat' dir='ltr'><strong>meos</strong></span> <span class='ocrx_word' id='word_1_776' title='bbox 3130 3630 3308 3695; x_wconf 71' lang='lat' dir='ltr'><strong>latuit,</strong></span> <span class='ocrx_word' id='word_1_777' title='bbox 3351 3640 3523 3685; x_wconf 90' lang='lat' dir='ltr'><strong>tamen</strong></span> 
     </span>
    </p>
   </div>
   <div class='ocr_carea' id='block_1_99' title="bbox 1937 3711 3525 3777">
    <p class='ocr_par' dir='ltr' id='par_1_99' title="bbox 1937 3711 3525 3777">
     <span class='ocr_line' id='line_1_99' title="bbox 1937 3711 3525 3777; baseline 0.006 -10"><span class='ocrx_word' id='word_1_778' title='bbox 1937 3711 2096 3768; x_wconf 57' lang='lat' dir='ltr'><strong>a’ures</strong></span> <span class='ocrx_word' id='word_1_779' title='bbox 2125 3732 2269 3769; x_wconf 82' lang='lat' dir='ltr'><strong>meas</strong></span> <span class='ocrx_word' id='word_1_780' title='bbox 2306 3718 2498 3771; x_wconf 87' lang='lat' dir='ltr'><strong>vestris</strong></span> <span class='ocrx_word' id='word_1_781' title='bbox 2524 3719 2741 3772; x_wconf 87' lang='lat' dir='ltr'><strong>vocibus</strong></span> <span class='ocrx_word' id='word_1_782' title='bbox 2771 3718 3103 3774; x_wconf 81' lang='lat' dir='ltr'><strong>verberavit?</strong></span> <span class='ocrx_word' id='word_1_783' title='bbox 3130 3722 3256 3775; x_wconf 79' lang='lat' dir='ltr'><strong>Nam</strong></span> <span class='ocrx_word' id='word_1_784' title='bbox 3288 3722 3525 3777; x_wconf 76' lang='lat' dir='ltr'><strong>fortassis</strong></span> 
     </span>
    </p>
   </div>
   <div class='ocr_carea' id='block_1_100' title="bbox 1936 3805 3522 3883">
    <p class='ocr_par' dir='ltr' id='par_1_100' title="bbox 1936 3805 3522 3883">
     <span class='ocr_line' id='line_1_100' title="bbox 1936 3805 3522 3883; baseline 0.006 -25"><span class='ocrx_word' id='word_1_785' title='bbox 1936 3805 2094 3859; x_wconf 88' lang='lat' dir='ltr'><strong>etiam</strong></span> <span class='ocrx_word' id='word_1_786' title='bbox 2138 3808 2305 3875; x_wconf 86' lang='lat' dir='ltr'><strong>major</strong></span> <span class='ocrx_word' id='word_1_787' title='bbox 2341 3820 2482 3863; x_wconf 89' lang='lat' dir='ltr'><strong>esset</strong></span> <span class='ocrx_word' id='word_1_788' title='bbox 2525 3819 2701 3863; x_wconf 62' lang='lat' dir='ltr'><strong>vestra</strong></span> <span class='ocrx_word' id='word_1_789' title='bbox 2737 3811 2926 3865; x_wconf 76' lang='lat' dir='ltr'><strong>seditio</strong></span> <span class='ocrx_word' id='word_1_790' title='bbox 2958 3812 3009 3865; x_wconf 91' lang='lat' dir='ltr'><strong>in</strong></span> <span class='ocrx_word' id='word_1_791' title='bbox 3057 3816 3336 3883; x_wconf 66' lang='lat' dir='ltr'><strong>prmsentia</strong></span> <span class='ocrx_word' id='word_1_792' title='bbox 3386 3832 3522 3879; x_wconf 84' lang='lat' dir='ltr'><strong>mea,</strong></span> 
     </span>
    </p>
   </div>
   <div class='ocr_carea' id='block_1_101' title="bbox 1934 3902 3523 3975">
    <p class='ocr_par' dir='ltr' id='par_1_101' title="bbox 1934 3902 3523 3975">
     <span class='ocr_line' id='line_1_101' title="bbox 1934 3902 3523 3975; baseline 0.004 -22"><span class='ocrx_word' id='word_1_793' title='bbox 1934 3912 2055 3953; x_wconf 84' lang='lat' dir='ltr'><strong>Cum</strong></span> <span class='ocrx_word' id='word_1_794' title='bbox 2089 3915 2309 3955; x_wconf 81' lang='lat' dir='ltr'><strong>necesse</strong></span> <span class='ocrx_word' id='word_1_795' title='bbox 2336 3912 2479 3955; x_wconf 88' lang='lat' dir='ltr'><strong>esset</strong></span> <span class='ocrx_word' id='word_1_796' title='bbox 2508 3902 2658 3955; x_wconf 90' lang='lat' dir='ltr'><strong>vobis</strong></span> <span class='ocrx_word' id='word_1_797' title='bbox 2687 3919 2788 3957; x_wconf 88' lang='lat' dir='ltr'><strong>non</strong></span> <span class='ocrx_word' id='word_1_798' title='bbox 2818 3906 3032 3957; x_wconf 84' lang='lat' dir='ltr'><strong>eonccdi</strong></span> <span class='ocrx_word' id='word_1_799' title='bbox 3056 3948 3067 3960; x_wconf 83' lang='lat'><strong>.</strong></span> <span class='ocrx_word' id='word_1_800' title='bbox 3114 3922 3229 3975; x_wconf 68' lang='lat' dir='ltr'><strong>quae</strong></span> <span class='ocrx_word' id='word_1_801' title='bbox 3260 3907 3310 3960; x_wconf 91' lang='lat' dir='ltr'><strong>in</strong></span> <span class='ocrx_word' id='word_1_802' title='bbox 3346 3906 3523 3974; x_wconf 62' lang='lat' dir='ltr'><strong>perni~</strong></span> 
     </span>
    </p>
   </div>
   <div class='ocr_carea' id='block_1_102' title="bbox 1934 3991 3519 4067">
    <p class='ocr_par' dir='ltr' id='par_1_102' title="bbox 1934 3991 3519 4067">
     <span class='ocr_line' id='line_1_102' title="bbox 1934 3991 3519 4067; baseline 0.004 -23"><span class='ocrx_word' id='word_1_803' title='bbox 1934 3991 2289 4045; x_wconf 83' lang='lat' dir='ltr'><strong>ciosissimum</strong></span> <span class='ocrx_word' id='word_1_804' title='bbox 2344 3994 2650 4061; x_wconf 81' lang='lat' dir='ltr'><strong>exemplum</strong></span> <span class='ocrx_word' id='word_1_805' title='bbox 2704 4005 2886 4067; x_wconf 81' lang='lat' dir='ltr'><strong>contra</strong></span> <span class='ocrx_word' id='word_1_806' title='bbox 2940 4012 3120 4048; x_wconf 87' lang='lat' dir='ltr'><strong>sanam</strong></span> <span class='ocrx_word' id='word_1_807' title='bbox 3168 3997 3519 4065; x_wconf 83' lang='lat' dir='ltr'><strong>disciplinam,</strong></span> 
     </span>
    </p>
   </div>
   <div class='ocr_carea' id='block_1_103' title="bbox 1934 4082 3516 4157">
    <p class='ocr_par' dir='ltr' id='par_1_103' title="bbox 1934 4082 3516 4157">
     <span class='ocr_line' id='line_1_103' title="bbox 1934 4082 3516 4157; baseline 0.004 -22"><span class='ocrx_word' id='word_1_808' title='bbox 1934 4082 2073 4151; x_wconf 89' lang='lat' dir='ltr'><strong>quod</strong></span> <span class='ocrx_word' id='word_1_809' title='bbox 2106 4083 2253 4134; x_wconf 88' lang='lat' dir='ltr'><strong>vobis</strong></span> <span class='ocrx_word' id='word_1_810' title='bbox 2280 4100 2383 4136; x_wconf 87' lang='lat' dir='ltr'><strong>non</strong></span> <span class='ocrx_word' id='word_1_811' title='bbox 2414 4085 2645 4151; x_wconf 74' lang='lat' dir='ltr'><strong>expedit,</strong></span> <span class='ocrx_word' id='word_1_812' title='bbox 2692 4085 2983 4152; x_wconf 84' lang='lat' dir='ltr'><strong>petebatis;</strong></span> <span class='ocrx_word' id='word_1_813' title='bbox 3014 4102 3075 4140; x_wconf 91' lang='lat' dir='ltr'><strong>ac</strong></span> <span class='ocrx_word' id='word_1_814' title='bbox 3100 4088 3176 4140; x_wconf 88' lang='lat' dir='ltr'><strong>sic</strong></span> <span class='ocrx_word' id='word_1_815' title='bbox 3204 4087 3387 4157; x_wconf 88' lang='lat' dir='ltr'><strong>quales</strong></span> <span class='ocrx_word' id='word_1_816' title='bbox 3415 4106 3516 4142; x_wconf 92' lang='lat' dir='ltr'><strong>non</strong></span> 
     </span>
    </p>
   </div>
   <div class='ocr_carea' id='block_1_104' title="bbox 1934 4173 3517 4248">
    <p class='ocr_par' dir='ltr' id='par_1_104' title="bbox 1934 4173 3517 4248">
     <span class='ocr_line' id='line_1_104' title="bbox 1934 4173 3517 4248; baseline 0.004 -22"><span class='ocrx_word' id='word_1_817' title='bbox 1934 4173 2076 4240; x_wconf 83' lang='lat' dir='ltr'><strong>volo,</strong></span> <span class='ocrx_word' id='word_1_818' title='bbox 2104 4173 2396 4227; x_wconf 68' lang='lat' dir='ltr'><strong>inVCllll‘t&#39;lll</strong></span> <span class='ocrx_word' id='word_1_819' title='bbox 2424 4189 2533 4238; x_wconf 87' lang='lat' dir='ltr'><strong>vos,</strong></span> <span class='ocrx_word' id='word_1_820' title='bbox 2565 4185 2617 4229; x_wconf 89' lang='lat' dir='ltr'><strong>et</strong></span> <span class='ocrx_word' id='word_1_821' title='bbox 2644 4177 2753 4244; x_wconf 87' lang='lat' dir='ltr'><strong>ipse</strong></span> <span class='ocrx_word' id='word_1_822' title='bbox 2786 4177 3053 4231; x_wconf 87' lang='lat' dir='ltr'><strong>invenirer</strong></span> <span class='ocrx_word' id='word_1_823' title='bbox 3081 4195 3108 4230; x_wconf 89' lang='lat' dir='ltr'><strong>a</strong></span> <span class='ocrx_word' id='word_1_824' title='bbox 3137 4180 3283 4231; x_wconf 54' lang='grc' dir='ltr'><strong>νυΙιίη</strong></span> <span class='ocrx_word' id='word_1_825' title='bbox 3309 4195 3376 4248; x_wconf 87' lang='lat' dir='ltr'><strong>qu</strong></span> <span class='ocrx_word' id='word_1_826' title='bbox 3400 4181 3517 4234; x_wconf 90' lang='lat' dir='ltr'><strong>.lem</strong></span> 
     </span>
    </p>
   </div>
   <div class='ocr_carea' id='block_1_105' title="bbox 1934 4265 2342 4319">
    <p class='ocr_par' dir='ltr' id='par_1_105' title="bbox 1934 4265 2342 4319">
     <span class='ocr_line' id='line_1_105' title="bbox 1934 4265 2342 4319; baseline -0.002 -2"><span class='ocrx_word' id='word_1_827' title='bbox 1934 4281 2037 4317; x_wconf 87' lang='lat' dir='ltr'><strong>non</strong></span> <span class='ocrx_word' id='word_1_828' title='bbox 2068 4265 2342 4319; x_wconf 85' lang='lat' dir='ltr'><strong>volebatis.</strong></span> 
     </span>
    </p>
   </div>
   <div class='ocr_carea' id='block_1_106' title="bbox 2002 4355 3519 4426">
    <p class='ocr_par' dir='ltr' id='par_1_106' title="bbox 2002 4355 3519 4426">
     <span class='ocr_line' id='line_1_106' title="bbox 2002 4355 3519 4426; baseline 0.006 -17"><span class='ocrx_word' id='word_1_829' title='bbox 2002 4356 2056 4409; x_wconf 75' lang='grc'><strong>2.</strong></span> <span class='ocrx_word' id='word_1_830' title='bbox 2086 4355 2217 4409; x_wconf 90' lang='lat' dir='ltr'><strong>Cum</strong></span> <span class='ocrx_word' id='word_1_831' title='bbox 2246 4369 2376 4423; x_wconf 87' lang='lat' dir='ltr'><strong>ergo</strong></span> <span class='ocrx_word' id='word_1_832' title='bbox 2403 4355 2599 4408; x_wconf 88' lang='lat' dir='ltr'><strong>scribat</strong></span> <span class='ocrx_word' id='word_1_833' title='bbox 2629 4356 2912 4423; x_wconf 71' lang='lat' dir='ltr'><strong>Apostolus</strong></span> <span class='ocrx_word' id='word_1_834' title='bbox 2944 4359 3006 4411; x_wconf 91' lang='lat' dir='ltr'><strong>ad</strong></span> <span class='ocrx_word' id='word_1_835' title='bbox 3052 4358 3356 4415; x_wconf 85' lang='lat' dir='ltr'><strong>Corinthios</strong></span> <span class='ocrx_word' id='word_1_836' title='bbox 3376 4405 3389 4426; x_wconf 96' lang='lat'><strong>,</strong></span> <span class='ocrx_word' id='word_1_837' title='bbox 3435 4364 3519 4418; x_wconf 75' lang='lat' dir='ltr'><strong>di~</strong></span> 
     </span>
    </p>
   </div>
   <div class='ocr_carea' id='block_1_107' title="bbox 1932 4447 3522 4525">
    <p class='ocr_par' dir='ltr' id='par_1_107' title="bbox 1932 4447 3522 4525">
     <span class='ocr_line' id='line_1_107' title="bbox 1932 4447 3522 4525; baseline 0.002 -25"><span class='ocrx_word' id='word_1_838' title='bbox 1932 4464 2060 4502; x_wconf 79' lang='lat' dir='ltr'><strong>rens</strong></span> <span class='ocrx_word' id='word_1_839' title='bbox 2082 4491 2093 4509; x_wconf 88' lang='lat'><strong>,</strong></span> <span class='ocrx_word' id='word_1_840' title='bbox 2144 4447 2335 4500; x_wconf 86' lang='lat' dir='ltr'><strong>Testem</strong></span> <span class='ocrx_word' id='word_1_841' title='bbox 2370 4447 2529 4501; x_wconf 86' lang='lat' dir='ltr'><strong>Deum</strong></span> <span class='ocrx_word' id='word_1_842' title='bbox 2560 4449 2692 4520; x_wconf 86' lang='lat' dir='ltr'><strong>facio</strong></span> <span class='ocrx_word' id='word_1_843' title='bbox 2726 4465 2877 4520; x_wconf 85' lang='lat' dir='ltr'><strong>super</strong></span> <span class='ocrx_word' id='word_1_844' title='bbox 2906 4452 3126 4504; x_wconf 86' lang='lat' dir='ltr'><strong>animam</strong></span> <span class='ocrx_word' id='word_1_845' title='bbox 3163 4469 3356 4519; x_wconf 64' lang='lat' dir='ltr'><strong>inermi,</strong></span> <span class='ocrx_word' id='word_1_846' title='bbox 3406 4458 3522 4525; x_wconf 83' lang='lat' dir='ltr'><strong>quia</strong></span> 
     </span>
    </p>
   </div>
   <div class='ocr_carea' id='block_1_108' title="bbox 1934 4539 3522 4631">
    <p class='ocr_par' dir='ltr' id='par_1_108' title="bbox 1934 4539 3522 4631">
     <span class='ocr_line' id='line_1_108' title="bbox 1934 4539 3522 4631; baseline 0.006 -40"><span class='ocrx_word' id='word_1_847' title='bbox 1934 4556 2143 4609; x_wconf 84' lang='lat' dir='ltr'><strong>parcens</strong></span> <span class='ocrx_word' id='word_1_848' title='bbox 2167 4539 2300 4594; x_wconf 83' lang='lat' dir='ltr'><strong>vobis</strong></span> <span class='ocrx_word' id='word_1_849' title='bbox 2329 4540 2550 4592; x_wconf 86' lang='lat' dir='ltr'><strong>nondum</strong></span> <span class='ocrx_word' id='word_1_850' title='bbox 2588 4540 2696 4594; x_wconf 82' lang='lat' dir='ltr'><strong>veni</strong></span> <span class='ocrx_word' id='word_1_851' title='bbox 2724 4539 3021 4595; x_wconf 82' lang='lat' dir='ltr'><strong>Corinthum</strong></span> <span class='ocrx_word' id='word_1_852' title='bbox 3044 4560 3062 4607; x_wconf 91' lang='lat'><em>;</em></span> <span class='ocrx_word' id='word_1_853' title='bbox 3090 4561 3187 4597; x_wconf 89' lang='lat' dir='ltr'><strong>non</strong></span> <span class='ocrx_word' id='word_1_854' title='bbox 3215 4547 3334 4631; x_wconf 67' lang='lat' dir='ltr'><strong>quia</strong></span> <span class='ocrx_word' id='word_1_855' title='bbox 3361 4548 3522 4601; x_wconf 87' lang='lat' dir='ltr'><strong>domi-</strong></span> 
     </span>
    </p>
   </div>
   <div class='ocr_carea' id='block_1_109' title="bbox 1933 4634 3524 4709">
    <p class='ocr_par' dir='ltr' id='par_1_109' title="bbox 1933 4634 3524 4709">
     <span class='ocr_line' id='line_1_109' title="bbox 1933 4634 3524 4709; baseline 0.005 -23"><span class='ocrx_word' id='word_1_856' title='bbox 1933 4649 2114 4686; x_wconf 85' lang='lat' dir='ltr'><strong>namur</strong></span> <span class='ocrx_word' id='word_1_857' title='bbox 2143 4634 2261 4702; x_wconf 82' lang='lat' dir='ltr'><strong>ﬁdei</strong></span> <span class='ocrx_word' id='word_1_858' title='bbox 2292 4644 2480 4695; x_wconf 67' lang='lat' dir='ltr'><strong>vestrm,</strong></span> <span class='ocrx_word' id='word_1_859' title='bbox 2511 4634 2598 4686; x_wconf 86' lang='lat' dir='ltr'><strong>sed</strong></span> <span class='ocrx_word' id='word_1_860' title='bbox 2619 4645 2963 4703; x_wconf 74' lang='lat' dir='ltr'><strong>cooperatores</strong></span> <span class='ocrx_word' id='word_1_861' title='bbox 2986 4655 3159 4691; x_wconf 84' lang='lat' dir='ltr'><strong>sumus</strong></span> <span class='ocrx_word' id='word_1_862' title='bbox 3180 4640 3354 4709; x_wconf 84' lang='lat' dir='ltr'><strong>gaudii</strong></span> <span class='ocrx_word' id='word_1_863' title='bbox 3376 4643 3524 4695; x_wconf 72' lang='lat' dir='ltr'><strong>vestri</strong></span> 
     </span>
    </p>
   </div>
   <div class='ocr_carea' id='block_1_110' title="bbox 1935 4724 3519 4801">
    <p class='ocr_par' dir='ltr' id='par_1_110' title="bbox 1935 4724 3519 4801">
     <span class='ocr_line' id='line_1_110' title="bbox 1935 4724 3519 4801; baseline 0.009 -27"><span class='ocrx_word' id='word_1_864' title='bbox 1935 4724 1998 4795; x_wconf 92' lang='lat' dir='ltr'><strong>(ll</strong></span> <span class='ocrx_word' id='word_1_865' title='bbox 2026 4725 2141 4779; x_wconf 88' lang='lat' dir='ltr'><strong>Cor.</strong></span> <span class='ocrx_word' id='word_1_866' title='bbox 2173 4742 2207 4787; x_wconf 82' lang='grc' dir='ltr'><strong><em>ι.</em></strong></span> <span class='ocrx_word' id='word_1_867' title='bbox 2240 4725 2331 4797; x_wconf 71' lang='grc'>25)</span> <span class='ocrx_word' id='word_1_868' title='bbox 2354 4741 2369 4789; x_wconf 87' lang='grc'>;</span> <span class='ocrx_word' id='word_1_869' title='bbox 2403 4725 2503 4779; x_wconf 88' lang='lat' dir='ltr'><strong>hoc</strong></span> <span class='ocrx_word' id='word_1_870' title='bbox 2523 4742 2620 4795; x_wconf 82' lang='lat' dir='ltr'><strong>ego</strong></span> <span class='ocrx_word' id='word_1_871' title='bbox 2647 4728 2802 4780; x_wconf 88' lang='lat' dir='ltr'><strong>etiam</strong></span> <span class='ocrx_word' id='word_1_872' title='bbox 2826 4728 2944 4782; x_wconf 92' lang='lat' dir='ltr'><strong>dico</strong></span> <span class='ocrx_word' id='word_1_873' title='bbox 2964 4731 3130 4795; x_wconf 84' lang='lat' dir='ltr'><strong>vobis,</strong></span> <span class='ocrx_word' id='word_1_874' title='bbox 3155 4734 3272 4801; x_wconf 89' lang='lat' dir='ltr'><strong>quia</strong></span> <span class='ocrx_word' id='word_1_875' title='bbox 3298 4750 3519 4801; x_wconf 78' lang='lat' dir='ltr'><strong>parcens</strong></span> 
     </span>
    </p>
   </div>
   <div class='ocr_carea' id='block_1_111' title="bbox 1934 4818 3521 4891">
    <p class='ocr_par' dir='ltr' id='par_1_111' title="bbox 1934 4818 3521 4891">
     <span class='ocr_line' id='line_1_111' title="bbox 1934 4818 3521 4891; baseline 0.005 -19"><span class='ocrx_word' id='word_1_876' title='bbox 1934 4819 2083 4872; x_wconf 77' lang='lat' dir='ltr'><strong>Vobis</strong></span> <span class='ocrx_word' id='word_1_877' title='bbox 2112 4834 2214 4871; x_wconf 90' lang='lat' dir='ltr'><strong>non</strong></span> <span class='ocrx_word' id='word_1_878' title='bbox 2242 4818 2307 4871; x_wconf 88' lang='lat' dir='ltr'><strong>ad</strong></span> <span class='ocrx_word' id='word_1_879' title='bbox 2336 4834 2429 4872; x_wconf 89' lang='lat' dir='ltr'><strong>vos</strong></span> <span class='ocrx_word' id='word_1_880' title='bbox 2458 4818 2598 4871; x_wconf 87' lang='lat' dir='ltr'><strong>veni.</strong></span> <span class='ocrx_word' id='word_1_881' title='bbox 2650 4820 2863 4888; x_wconf 81' lang='lat' dir='ltr'><strong>Peperci</strong></span> <span class='ocrx_word' id='word_1_882' title='bbox 2889 4825 3046 4876; x_wconf 89' lang='lat' dir='ltr'><strong>etiam</strong></span> <span class='ocrx_word' id='word_1_883' title='bbox 3082 4824 3227 4891; x_wconf 89' lang='lat' dir='ltr'><strong>mihi,</strong></span> <span class='ocrx_word' id='word_1_884' title='bbox 3264 4842 3328 4877; x_wconf 87' lang='lat' dir='ltr'><strong>ne</strong></span> <span class='ocrx_word' id='word_1_885' title='bbox 3359 4828 3521 4880; x_wconf 85' lang='lat' dir='ltr'><strong>tristi-</strong></span> 
     </span>
    </p>
   </div>
   <div class='ocr_carea' id='block_1_112' title="bbox 1934 4908 3521 4981">
    <p class='ocr_par' dir='ltr' id='par_1_112' title="bbox 1934 4908 3521 4981">
     <span class='ocr_line' id='line_1_112' title="bbox 1934 4908 3521 4981; baseline 0.006 -20"><span class='ocrx_word' id='word_1_886' title='bbox 1934 4910 2058 4961; x_wconf 86' lang='lat' dir='ltr'><strong>tiam</strong></span> <span class='ocrx_word' id='word_1_887' title='bbox 2091 4923 2251 4976; x_wconf 89' lang='lat' dir='ltr'><strong>supcr</strong></span> <span class='ocrx_word' id='word_1_888' title='bbox 2279 4908 2543 4960; x_wconf 87' lang='lat' dir='ltr'><strong>tristitiam</strong></span> <span class='ocrx_word' id='word_1_889' title='bbox 2578 4909 2857 4973; x_wconf 86' lang='lat' dir='ltr'><strong>haberem;</strong></span> <span class='ocrx_word' id='word_1_890' title='bbox 2897 4922 2948 4965; x_wconf 90' lang='lat' dir='ltr'><strong>et</strong></span> <span class='ocrx_word' id='word_1_891' title='bbox 2981 4915 3113 4981; x_wconf 74' lang='lat' dir='ltr'><strong>elegi</strong></span> <span class='ocrx_word' id='word_1_892' title='bbox 3151 4932 3253 4967; x_wconf 74' lang='lat' dir='ltr'><strong>non</strong></span> <span class='ocrx_word' id='word_1_893' title='bbox 3284 4924 3337 4967; x_wconf 94' lang='lat' dir='ltr'><strong>ut</strong></span> <span class='ocrx_word' id='word_1_894' title='bbox 3368 4916 3521 4970; x_wconf 75' lang='lat' dir='ltr'><strong>exhi—</strong></span> 
     </span>
    </p>
   </div>
   <div class='ocr_carea' id='block_1_113' title="bbox 1934 4994 3516 5067">
    <p class='ocr_par' dir='ltr' id='par_1_113' title="bbox 1934 4994 3516 5067">
     <span class='ocr_line' id='line_1_113' title="bbox 1934 4994 3516 5067; baseline 0.004 -13"><span class='ocrx_word' id='word_1_895' title='bbox 1934 4998 2115 5054; x_wconf 87' lang='lat' dir='ltr'><strong>berem</strong></span> <span class='ocrx_word' id='word_1_896' title='bbox 2147 4998 2332 5052; x_wconf 79' lang='lat' dir='ltr'><strong>faciem</strong></span> <span class='ocrx_word' id='word_1_897' title='bbox 2356 5014 2526 5052; x_wconf 89' lang='lat' dir='ltr'><strong>meam</strong></span> <span class='ocrx_word' id='word_1_898' title='bbox 2557 5000 2727 5067; x_wconf 85' lang='lat' dir='ltr'><strong>vobis,</strong></span> <span class='ocrx_word' id='word_1_899' title='bbox 2761 5002 2851 5055; x_wconf 77' lang='lat' dir='ltr'><strong>sed</strong></span> <span class='ocrx_word' id='word_1_900' title='bbox 2877 5003 3197 5059; x_wconf 71' lang='lat' dir='ltr'><strong>effunderem</strong></span> <span class='ocrx_word' id='word_1_901' title='bbox 3226 5022 3317 5059; x_wconf 91' lang='lat' dir='ltr'><strong>cor</strong></span> <span class='ocrx_word' id='word_1_902' title='bbox 3344 4994 3516 5061; x_wconf 86' lang='lat' dir='ltr'><strong>meum</strong></span> 
     </span>
    </p>
   </div>
   <div class='ocr_carea' id='block_1_114' title="bbox 1935 5092 3517 5167">
    <p class='ocr_par' dir='ltr' id='par_1_114' title="bbox 1935 5092 3517 5167">
     <span class='ocr_line' id='line_1_114' title="bbox 1935 5092 3517 5167; baseline 0.006 -21"><span class='ocrx_word' id='word_1_903' title='bbox 1935 5093 2045 5150; x_wconf 87' lang='lat' dir='ltr'><strong>Deo</strong></span> <span class='ocrx_word' id='word_1_904' title='bbox 2076 5108 2170 5163; x_wconf 86' lang='lat' dir='ltr'><strong>pro</strong></span> <span class='ocrx_word' id='word_1_905' title='bbox 2203 5092 2385 5158; x_wconf 86' lang='lat' dir='ltr'><strong>vobis,</strong></span> <span class='ocrx_word' id='word_1_906' title='bbox 2418 5102 2471 5146; x_wconf 88' lang='lat' dir='ltr'><strong>et</strong></span> <span class='ocrx_word' id='word_1_907' title='bbox 2496 5108 2706 5147; x_wconf 83' lang='lat' dir='ltr'><strong>causam</strong></span> <span class='ocrx_word' id='word_1_908' title='bbox 2743 5097 2916 5165; x_wconf 83' lang='lat' dir='ltr'><strong>magni</strong></span> <span class='ocrx_word' id='word_1_909' title='bbox 2952 5098 3168 5164; x_wconf 79' lang='lat' dir='ltr'><strong>periculi</strong></span> <span class='ocrx_word' id='word_1_910' title='bbox 3202 5102 3380 5167; x_wconf 81' lang='lat' dir='ltr'><strong>vestri,</strong></span> <span class='ocrx_word' id='word_1_911' title='bbox 3416 5120 3517 5156; x_wconf 91' lang='lat' dir='ltr'><strong>non</strong></span> 
     </span>
    </p>
   </div>
   <div class='ocr_carea' id='block_1_115' title="bbox 1935 5188 3519 5263">
    <p class='ocr_par' dir='ltr' id='par_1_115' title="bbox 1935 5188 3519 5263">
     <span class='ocr_line' id='line_1_115' title="bbox 1935 5188 3519 5263; baseline 0.003 -19"><span class='ocrx_word' id='word_1_912' title='bbox 1935 5189 2072 5259; x_wconf 87' lang='lat' dir='ltr'><strong>apud</strong></span> <span class='ocrx_word' id='word_1_913' title='bbox 2098 5203 2190 5243; x_wconf 88' lang='lat' dir='ltr'><strong>vos</strong></span> <span class='ocrx_word' id='word_1_914' title='bbox 2217 5188 2410 5251; x_wconf 83' lang='lat' dir='ltr'><strong>verbis,</strong></span> <span class='ocrx_word' id='word_1_915' title='bbox 2443 5188 2533 5243; x_wconf 90' lang='lat' dir='ltr'><strong>sed</strong></span> <span class='ocrx_word' id='word_1_916' title='bbox 2558 5189 2693 5258; x_wconf 87' lang='lat' dir='ltr'><strong>apud</strong></span> <span class='ocrx_word' id='word_1_917' title='bbox 2726 5190 2888 5243; x_wconf 86' lang='lat' dir='ltr'><strong>Deum</strong></span> <span class='ocrx_word' id='word_1_918' title='bbox 2914 5192 3045 5260; x_wconf 41' lang='lat' dir='ltr'><strong>lacr,</strong></span> <span class='ocrx_word' id='word_1_919' title='bbox 3063 5193 3158 5244; x_wconf 88' lang='lat' dir='ltr'><strong>mis</strong></span> <span class='ocrx_word' id='word_1_920' title='bbox 3189 5208 3420 5263; x_wconf 83' lang='lat' dir='ltr'><strong>agerem,</strong></span> <span class='ocrx_word' id='word_1_921' title='bbox 3456 5212 3519 5249; x_wconf 85' lang='lat' dir='ltr'><strong>ne</strong></span> 
     </span>
    </p>
   </div>
   <div class='ocr_carea' id='block_1_116' title="bbox 2003 5303 3522 5368">
    <p class='ocr_par' dir='ltr' id='par_1_116' title="bbox 2003 5303 3522 5368">
     <span class='ocr_line' id='line_1_116' title="bbox 2003 5303 3522 5368; baseline 0.006 -17"><span class='ocrx_word' id='word_1_922' title='bbox 2003 5308 2017 5335; x_wconf 76' lang='grc' dir='ltr'><strong>ι</strong></span> <span class='ocrx_word' id='word_1_923' title='bbox 2046 5312 2092 5365; x_wconf 82' lang='lat' dir='ltr'><strong>tn</strong></span> <span class='ocrx_word' id='word_1_924' title='bbox 2122 5311 2221 5367; x_wconf 63' lang='lat' dir='ltr'><strong>uss.</strong></span> <span class='ocrx_word' id='word_1_925' title='bbox 2256 5304 2535 5368; x_wconf 77' lang='lat' dir='ltr'><strong>inscribitur</strong></span> <span class='ocrx_word' id='word_1_926' title='bbox 2562 5318 2576 5368; x_wconf 65' lang='grc' dir='ltr'>ε</span> <span class='ocrx_word' id='word_1_927' title='bbox 2602 5303 2875 5368; x_wconf 64' lang='lat' dir='ltr'><strong>obiurgatio</strong></span> <span class='ocrx_word' id='word_1_928' title='bbox 2907 5310 3073 5355; x_wconf 83' lang='lat' dir='ltr'><strong>contra</strong></span> <span class='ocrx_word' id='word_1_929' title='bbox 3090 5305 3522 5360; x_wconf 79' lang='lat' dir='ltr'><strong>sanctimonialium</strong></span> 
     </span>
    </p>
   </div>
   <div class='ocr_carea' id='block_1_117' title="bbox 1938 5362 3522 5435">
    <p class='ocr_par' dir='ltr' id='par_1_117' title="bbox 1938 5362 3522 5435">
     <span class='ocr_line' id='line_1_117' title="bbox 1938 5362 3522 5435; baseline 0.003 -20"><span class='ocrx_word' id='word_1_930' title='bbox 1938 5362 2295 5421; x_wconf 73' lang='lat' dir='ltr'><strong>dissensionem,</strong></span> <span class='ocrx_word' id='word_1_931' title='bbox 2324 5362 2612 5435; x_wconf 69' lang='lat' dir='ltr'><strong>additurqde</strong></span> <span class='ocrx_word' id='word_1_932' title='bbox 2634 5362 2678 5413; x_wconf 88' lang='lat' dir='ltr'><strong>in</strong></span> <span class='ocrx_word' id='word_1_933' title='bbox 2704 5362 2986 5435; x_wconf 69' lang='lat' dir='ltr'><strong>quibusdam</strong></span> <span class='ocrx_word' id='word_1_934' title='bbox 3007 5382 3018 5414; x_wconf 88' lang='lat'><strong>:</strong></span> <span class='ocrx_word' id='word_1_935' title='bbox 3040 5376 3091 5417; x_wconf 62' lang='lat' dir='ltr'><strong>Ir‘t</strong></span> <span class='ocrx_word' id='word_1_936' title='bbox 3116 5372 3214 5435; x_wconf 58' lang='lat' dir='ltr'><strong>post</strong></span> <span class='ocrx_word' id='word_1_937' title='bbox 3238 5368 3522 5435; x_wconf 68' lang='lat' dir='ltr'><strong>increpatio-</strong></span> 
     </span>
    </p>
   </div>
   <div class='ocr_carea' id='block_1_118' title="bbox 1938 5424 3521 5490">
    <p class='ocr_par' dir='ltr' id='par_1_118' title="bbox 1938 5424 3521 5490">
     <span class='ocr_line' id='line_1_118' title="bbox 1938 5424 3521 5490; baseline 0.003 -14"><span class='ocrx_word' id='word_1_938' title='bbox 1938 5441 2044 5490; x_wconf 79' lang='lat' dir='ltr'><strong>nem</strong></span> <span class='ocrx_word' id='word_1_939' title='bbox 2068 5439 2235 5490; x_wconf 76' lang='lat' dir='ltr'><strong>caram</strong></span> <span class='ocrx_word' id='word_1_940' title='bbox 2276 5424 2511 5490; x_wconf 74' lang='lat' dir='ltr'><strong>regularis</strong></span> <span class='ocrx_word' id='word_1_941' title='bbox 2533 5424 2820 5488; x_wconf 65' lang='lat' dir='ltr'><strong>informatio.</strong></span> <span class='ocrx_word' id='word_1_942' title='bbox 2848 5437 2893 5489; x_wconf 55' lang='lat' dir='ltr'><strong>At</strong></span> <span class='ocrx_word' id='word_1_943' title='bbox 2916 5428 2978 5476; x_wconf 88' lang='lat' dir='ltr'><strong>ttd</strong></span> <span class='ocrx_word' id='word_1_944' title='bbox 3018 5424 3274 5478; x_wconf 67' lang='lat' dir='ltr'><strong>l‘osSidittm</strong></span> <span class='ocrx_word' id='word_1_945' title='bbox 3300 5424 3441 5479; x_wconf 72' lang='lat' dir='ltr'><strong>etiun</strong></span> <span class='ocrx_word' id='word_1_946' title='bbox 3477 5436 3521 5481; x_wconf 83' lang='lat' dir='ltr'><strong>in</strong></span> 
     </span>
    </p>
   </div>
   <div class='ocr_carea' id='block_1_119' title="bbox 1939 5486 3523 5553">
    <p class='ocr_par' dir='ltr' id='par_1_119' title="bbox 1939 5486 3523 5553">
     <span class='ocr_line' id='line_1_119' title="bbox 1939 5486 3523 5553; baseline 0.004 -16"><span class='ocrx_word' id='word_1_947' title='bbox 1939 5488 2147 5553; x_wconf 81' lang='lat' dir='ltr'><strong>iudiculo</strong></span> <span class='ocrx_word' id='word_1_948' title='bbox 2170 5486 2361 5553; x_wconf 64' lang='lat' dir='ltr'><strong>Joannis</strong></span> <span class='ocrx_word' id='word_1_949' title='bbox 2384 5497 2393 5532; x_wconf 94' lang='lat' dir='ltr'><strong>t</strong></span> <span class='ocrx_word' id='word_1_950' title='bbox 2417 5486 2737 5553; x_wconf 27' lang='lat' dir='ltr'><strong>liminei-ii‘tct</strong></span> <span class='ocrx_word' id='word_1_951' title='bbox 2764 5486 3014 5553; x_wconf 70' lang='lat' dir='ltr'><strong>ministro,</strong></span> <span class='ocrx_word' id='word_1_952' title='bbox 3038 5506 3140 5553; x_wconf 85' lang='lat' dir='ltr'><strong>cap.</strong></span> <span class='ocrx_word' id='word_1_953' title='bbox 3169 5494 3215 5551; x_wconf 86' lang='grc'><strong>7,</strong></span> <span class='ocrx_word' id='word_1_954' title='bbox 3239 5506 3523 5553; x_wconf 74' lang='lat' dir='ltr'><strong>receusetur</strong></span> 
     </span>
    </p>
   </div>
   <div class='ocr_carea' id='block_1_120' title="bbox 1942 5548 3407 5617">
    <p class='ocr_par' dir='ltr' id='par_1_120' title="bbox 1942 5548 3407 5617">
     <span class='ocr_line' id='line_1_120' title="bbox 1942 5548 3407 5617; baseline 0.002 -17"><span class='ocrx_word' id='word_1_955' title='bbox 1942 5552 2074 5600; x_wconf 86' lang='lat' dir='ltr'><strong>hisce</strong></span> <span class='ocrx_word' id='word_1_956' title='bbox 2102 5550 2290 5599; x_wconf 79' lang='lat' dir='ltr'><strong>verbis:</strong></span> <span class='ocrx_word' id='word_1_957' title='bbox 2314 5548 2755 5600; x_wconf 61' lang='lat' dir='ltr'><strong>‘s‘anctinwuiulilm‘s</strong></span> <span class='ocrx_word' id='word_1_958' title='bbox 2778 5548 3043 5615; x_wconf 56' lang='lat' dir='ltr'><strong>objurgatio</strong></span> <span class='ocrx_word' id='word_1_959' title='bbox 3063 5548 3108 5601; x_wconf 79' lang='lat' dir='ltr'><strong>ei</strong></span> <span class='ocrx_word' id='word_1_960' title='bbox 3133 5548 3313 5617; x_wconf 71' lang='lat' dir='ltr'><strong>regula.</strong></span> <span class='ocrx_word' id='word_1_961' title='bbox 3402 5550 3407 5557; x_wconf 78' lang='grc'><em>’</em></span> 
     </span>
    </p>
   </div>
   <div class='ocr_carea' id='block_1_121' title="bbox 1941 5632 3521 5745">
    <p class='ocr_par' dir='ltr' id='par_1_121' title="bbox 1941 5632 3521 5745">
     <span class='ocr_line' id='line_1_121' title="bbox 1941 5632 3521 5745; baseline 0.004 -63"><span class='ocrx_word' id='word_1_962' title='bbox 1941 5636 2019 5744; x_wconf 63' lang='lat' dir='ltr'><strong>Er’</strong></span> <span class='ocrx_word' id='word_1_963' title='bbox 2042 5643 2263 5745; x_wconf 46' lang='lat' dir='ltr'><strong>{ﬁnem</strong></span> <span class='ocrx_word' id='word_1_964' title='bbox 2294 5632 2353 5683; x_wconf 73' lang='lat' dir='ltr'><strong>ad</strong></span> <span class='ocrx_word' id='word_1_965' title='bbox 2392 5642 2492 5683; x_wconf 70' lang='lat' dir='ltr'><strong>Mss.</strong></span> <span class='ocrx_word' id='word_1_966' title='bbox 2515 5632 2759 5694; x_wconf 66' lang='lat' dir='ltr'><strong>Sulpitian.</strong></span> <span class='ocrx_word' id='word_1_967' title='bbox 2795 5634 2861 5681; x_wconf 89' lang='lat' dir='ltr'><strong>bl.</strong></span> <span class='ocrx_word' id='word_1_968' title='bbox 2890 5633 2937 5682; x_wconf 62' lang='lat' dir='ltr'><strong>ﬂ”.</strong></span> <span class='ocrx_word' id='word_1_969' title='bbox 2977 5649 3048 5685; x_wconf 90' lang='lat' dir='ltr'><strong>vc.</strong></span> <span class='ocrx_word' id='word_1_970' title='bbox 3074 5636 3196 5686; x_wconf 89' lang='lat' dir='ltr'><strong>duos</strong></span> <span class='ocrx_word' id='word_1_971' title='bbox 3220 5653 3264 5687; x_wconf 92' lang='lat' dir='ltr'><strong>v.</strong></span> <span class='ocrx_word' id='word_1_972' title='bbox 3290 5649 3387 5688; x_wconf 77' lang='lat' dir='ltr'><strong>All].</strong></span> <span class='ocrx_word' id='word_1_973' title='bbox 3416 5642 3521 5689; x_wconf 77' lang='lat' dir='ltr'><strong>Bad.</strong></span> 
     </span>
     <span class='ocr_line' id='line_1_122' title="bbox 2003 5710 2149 5745; baseline 0 0"><span class='ocrx_word' id='word_1_974' title='bbox 2003 5734 2012 5745; x_wconf 84' lang='lat'><strong>.</strong></span> <span class='ocrx_word' id='word_1_975' title='bbox 2090 5710 2149 5745; x_wconf 69' lang='lat' dir='ltr'><strong>‘v.</strong></span> 
     </span>
    </p>
   </div>
   <div class='ocr_carea' id='block_1_122' title="bbox 2003 5710 2149 5745">
    <p class='ocr_par' dir='ltr' id='par_1_122' title="bbox 2003 5710 2149 5745">
     <span class='ocr_line' id='line_1_123' title="bbox 2003 5710 2149 5745; baseline 0 0"><span class='ocrx_word' id='word_1_976' title='bbox 2003 5734 2012 5745; x_wconf 82' lang='lat'><strong>.</strong></span> <span class='ocrx_word' id='word_1_977' title='bbox 2042 5710 2149 5745; x_wconf 79' lang='grc' dir='ltr'><strong>ων.</strong></span> 
     </span>
    </p>
   </div>
   <div class='ocr_carea' id='block_1_123' title="bbox 1943 5776 3526 5894">
    <p class='ocr_par' dir='ltr' id='par_1_123' title="bbox 1943 5776 3526 5894">
     <span class='ocr_line' id='line_1_124' title="bbox 1943 5776 3526 5894; baseline 0.008 -68"><span class='ocrx_word' id='word_1_978' title='bbox 1943 5779 2079 5894; x_wconf 51' lang='lat' dir='ltr'><strong>an(a1</strong></span> <span class='ocrx_word' id='word_1_979' title='bbox 2080 5778 2223 5892; x_wconf 51' lang='lat' dir='ltr'><strong>2rgias</strong></span> <span class='ocrx_word' id='word_1_980' title='bbox 2246 5777 2335 5827; x_wconf 74' lang='grc'><strong>109</strong></span> <span class='ocrx_word' id='word_1_981' title='bbox 2351 5791 2363 5827; x_wconf 90' lang='lat'><strong>:</strong></span> <span class='ocrx_word' id='word_1_982' title='bbox 2380 5791 2491 5842; x_wconf 61' lang='lat' dir='ltr'><strong>quae</strong></span> <span class='ocrx_word' id='word_1_983' title='bbox 2511 5784 2677 5827; x_wconf 88' lang='lat' dir='ltr'><strong>autem</strong></span> <span class='ocrx_word' id='word_1_984' title='bbox 2694 5776 2778 5828; x_wconf 73' lang='lat' dir='ltr'><strong>2H</strong></span> <span class='ocrx_word' id='word_1_985' title='bbox 2800 5786 2924 5842; x_wconf 84' lang='lat' dir='ltr'><strong>erat,</strong></span> <span class='ocrx_word' id='word_1_986' title='bbox 2942 5792 3070 5831; x_wconf 85' lang='lat' dir='ltr'><strong>nunc</strong></span> <span class='ocrx_word' id='word_1_987' title='bbox 3084 5780 3192 5831; x_wconf 78' lang='grc'><strong>247.</strong></span> <span class='ocrx_word' id='word_1_988' title='bbox 3210 5785 3388 5849; x_wconf 80' lang='lat' dir='ltr'><strong>Scripta</strong></span> <span class='ocrx_word' id='word_1_989' title='bbox 3403 5789 3526 5838; x_wconf 83' lang='lat' dir='ltr'><strong>circa</strong></span> 
     </span>
    </p>
   </div>
  </div>
