4120 6358
597 360 702 418 939

596 482 871 533 convertat
913 474 966 529 in
995 473 1193 530 luctum
1230 472 1475 544 gaudium
1505 486 1679 525 meum
1709 485 1814 541 quo
1843 470 1990 524 soleo
2033 485 2163 540 gau-

595 569 723 624 dere
747 567 815 622 de
839 566 1007 631 vobis,
1035 573 1090 620 et
1130 566 1264 618 inter
1300 572 1445 617 tanta
1478 561 1727 618 scandala
1755 561 1944 630 quibus
1973 561 2164 631 ubique

595 661 826 716 abundat
867 658 952 713 hic
995 656 1220 712 mundus
1261 654 1544 725 aliquando
1580 654 1841 709 consolari
1866 695 1881 720 ,
1929 655 2164 724 cogitans

595 755 859 825 copiosam
885 748 1377 820 congregationem,
1423 757 1485 821 et
1499 757 1697 802 castam
1725 746 2082 812 dilectionem,
2109 753 2165 801 et

593 856 828 903 sanctam
866 845 1318 900 conversationem
1354 851 1610 904 vestram,
1656 850 1710 895 et
1735 841 2011 911 largiorem
2038 854 2160 909 gra-

593 941 717 993 tiam
752 937 871 1000 Dei,
901 950 1019 1005 qua:
1045 933 1164 988 data
1188 944 1268 989 cst
1295 933 1470 996 vobis,
1511 942 1566 985 ut
1593 946 1695 986 non
1727 931 1896 986 solum
1924 931 2163 984 carnales

591 1029 798 1097 nuptias
818 1026 1246 1089 contemneretis,
1270 1041 1451 1078 verum
1474 1023 1632 1078 etiam
1650 1023 1908 1092 eligeretis
1937 1023 1986 1075 in
2003 1021 2162 1076 domo

591 1119 894 1173 societatem
943 1117 1217 1170 unanimes
1258 1115 1563 1180 habitandi,
1609 1122 1665 1168 ut
1705 1115 1774 1168 sit
1813 1112 1962 1166 vobis
1987 1113 2161 1167 anima

589 1225 692 1264 una
721 1218 776 1264 et
804 1225 899 1263 cor
927 1224 1085 1263 unum
1115 1209 1165 1262 in
1200 1210 1383 1263 Deum.

659 1302 712 1355 5.
747 1301 872 1356 Haec
898 1302 947 1354 in
985 1300 1133 1354 vobis
1159 1301 1294 1355 bona
1318 1341 1334 1367 ,
1365 1299 1479 1354 haec
1505 1299 1594 1354 Dei
1635 1298 1772 1353 dona
1797 1298 2156 1365 considerans,

588 1394 727 1449 inter
753 1394 944 1448 multas
975 1401 1315 1462 tempestates
1341 1392 1530 1462 quibus
1557 1408 1620 1446 ex
1647 1391 1762 1443 aliis
1807 1391 1958 1443 malis
1985 1390 2160 1458 quati-

595 1495 680 1540 tur
719 1499 811 1539 cor
837 1500 1034 1550 meum,
1058 1483 1192 1538 solet
1214 1494 1499 1552 utcumque
1527 1482 1878 1550 requiescere.
1913 1481 2160 1534 Curreba-

587 1574 650 1627 tis
670 1575 823 1639 bene;
849 1575 957 1638 quis
979 1590 1065 1627 vos
1096 1574 1395 1646 fascimwit?
1427 1572 1610 1627 Suasio
1634 1572 1722 1625 illa
1751 1589 1851 1625 non
1874 1583 1941 1625 est
1970 1589 2031 1625 ea:
2054 1571 2160 1626 Deo

587 1669 668 1740 qui
689 1667 876 1723 vocavit
899 1683 981 1722 vos
1020 1664 1213 1739 (Galat.
1251 1680 1306 1729 v,
1331 1662 1405 1736 7).
1442 1663 1701 1716 Modicum
1727 1665 1955 1734 fer-luenti
1981 1662 2156 1735 (lCar.

586 1775 651 1825 v,
679 1758 734 1832 6)
770 1777 784 1813 :
814 1760 936 1812 nolo
965 1758 1141 1812 dicere
1182 1755 1320 1825 quod
1361 1756 1630 1824 sequitur;
1686 1755 1783 1808 hoc
1824 1755 1962 1808 enim
1994 1757 2158 1826 magis

587 1855 770 1924 cupio,
801 1863 854 1908 et
883 1869 1008 1919 oro,
1041 1863 1094 1907 et
1125 1853 1340 1916 hortor,
1387 1863 1442 1904 ut
1474 1851 1640 1920 ipsum
1681 1853 1992 1907 fermentum
2026 1867 2157 1906 eon-

588 1954 822 1999 vertatur
867 1946 917 2001 iu
950 1944 1175 2007 melius,
1210 1959 1276 1997 ne
1319 1951 1425 1997 tota
1463 1959 1668 2010 massa,
1717 1944 1842 1998 sicut
1880 1960 2011 2013 pene
2049 1945 2157 2010 jam

586 2034 814 2100 fecerat,
859 2043 1196 2088 convertatur
1236 2034 1286 2086 in
1331 2033 1495 2106 pejus.
1554 2034 1608 2087 Si
1638 2050 1763 2104 ergo
1808 2036 2159 2104 repullulastis

585 2140 768 2180 sanum
814 2140 1000 2194 sapere
1025 2165 1039 2190 ,
1085 2135 1230 2178 orate
1263 2141 1326 2178 ne
1357 2126 1562 2179 intretis
1593 2126 1642 2178 in
1671 2127 2010 2180 teutationem
2036 2167 2050 2190 ,
2092 2142 2158 2183 ne

585 2216 773 2271 iterum
815 2217 866 2270 in
904 2216 1298 2283 contentiones,
1346 2217 1734 2283 aemulationes,
1777 2219 2155 2286 animositates,

588 2305 971 2373 dissensiones,
998 2307 1370 2372 detractiones,
1403 2308 1717 2372 seditiones,
1747 2311 2154 2365 susurrationes.

590 2398 706 2454 Non
732 2397 873 2452 enim
901 2399 974 2453 sic
998 2399 1349 2468 plantavimus
1376 2409 1425 2454 et
1449 2401 1733 2469 rigavimus
1756 2400 1966 2455 hortum
1990 2402 2160 2458 domi-

589 2490 764 2545 nicum
794 2491 846 2544 in
872 2491 1018 2546 vobis
1039 2534 1053 2557 ,
1083 2501 1139 2546 ut
1167 2493 1344 2562 Spiuas
1371 2502 1630 2548 metamus
1659 2494 1784 2547 istas
1810 2511 1875 2549 ex
1902 2496 2069 2550 vobis.
2101 2496 2158 2552 Si

583 2591 756 2636 autem
785 2581 957 2637 adhuc
981 2592 1155 2639 vestra
1198 2585 1539 2638 tumultuatur
1574 2586 1879 2653 infirmitas,
1928 2597 2076 2642 orate
2102 2596 2160 2643 ut

584 2676 842 2730 eruamini
871 2675 940 2732 de
975 2677 1284 2732 tentatione.
1339 2679 1467 2746 Qua:
1493 2689 1668 2733 autem
1698 2681 2015 2735 conturbant
2037 2697 2153 2748 vos,

584 2767 627 2821 si
663 2766 837 2821 adhuc
867 2768 1183 2822 conturbant
1206 2784 1300 2823 vos
1322 2811 1336 2833 ,
1370 2770 1468 2823 nisi
1501 2771 1829 2825 correxerint
1853 2787 1929 2836 se,
1974 2783 2156 2842 porta-

582 2857 714 2913 bunt
733 2858 1010 2928 judicium,
1043 2875 1386 2930 quaecumque
1413 2861 1516 2914 illm
1544 2861 1752 2915 fuerint.

652 2950 706 3005 4.
736 2951 972 3022 Cogitate
1009 2952 1131 3022 quid
1162 2953 1284 3006 mali
1325 2954 1424 3019 sit,
1469 2963 1524 3007 ut
1553 2969 1670 3008 cum
1700 2954 1765 3009 de
1792 2956 2078 3011 Donatistis
2103 2957 2156 3012 in

583 3042 784 3098 unitate
813 3042 1138 3113 gaudeamus
1157 3085 1171 3109 ,
1205 3043 1408 3099 interna
1444 3044 1726 3099 schismata
1755 3046 1804 3099 in
1833 3048 2155 3103 monasterio

581 3135 875 3205 lugeamus.
925 3135 1268 3191 Perseverate
1314 3138 1364 3190 in
1412 3138 1550 3192 bono
1601 3141 1906 3208 proposito,
1956 3151 2010 3196 et
2047 3158 2153 3197 non

582 3223 950 3280 desiderabitis
981 3236 1184 3280 mutare
1214 3228 1546 3296 praepositam
1570 3271 1584 3293 ,
1619 3245 1721 3298 qua
1753 3230 1802 3284 in
1831 3233 2152 3287 monasterio

580 3313 672 3368 illo
711 3329 803 3384 per
835 3325 938 3368 tam
986 3315 1182 3369 inultos
1229 3332 1394 3371 annos
1440 3329 1808 3386 perseverante
1836 3331 1888 3375 et
1931 3338 2152 3378 numero

582 3412 636 3458 et
673 3414 829 3459 aetate
872 3405 1148 3472 crevistis;
1203 3423 1320 3476 qum
1359 3423 1453 3462 vos
1501 3417 1667 3462 mater
1694 3426 1800 3465 non
1840 3422 1989 3467 utero
2012 3456 2026 3480 ,
2060 3413 2153 3469 sed

581 3497 761 3550 animo
789 3499 1038 3567 suscepit.
1088 3498 1285 3553 Omnes
1325 3501 1464 3554 enim
1493 3516 1608 3570 qure
1642 3502 1764 3556 illuc
1799 3505 2045 3568 venistis,
2079 3505 2153 3560 ibi

581 3603 698 3643 eam
738 3596 826 3642 aut
861 3597 1056 3642 sanctae
1099 3591 1395 3658 praeposita.-
1426 3593 1593 3646 sorori
1638 3608 1770 3648 mea:
1811 3596 2148 3663 servientem,

582 3679 908 3750 placentem,
962 3689 1052 3734 aut
1099 3681 1254 3734 etiam
1301 3682 1466 3750 ipsam
1515 3685 1850 3753 przeposilam
1900 3701 2016 3755 (tute
2059 3701 2153 3741 vos

577 3770 842 3841 suscepit,
877 3770 1149 3826 invenistis
1181 3789 1194 3824 :
1221 3773 1318 3826 sub
1356 3773 1441 3827 illa
1477 3776 1604 3829 estis
1641 3776 1859 3831 erudiue
1885 3821 1897 3842 ,
1941 3780 2039 3833 sub
2065 3781 2150 3834 illa

581 3862 805 3930 velata},
849 3862 952 3916 sub
994 3862 1083 3916 illa
1114 3863 1510 3933 multiplicatae;
1557 3875 1611 3921 et
1636 3868 1710 3920 sic
1738 3871 2148 3940 tumultuamini,

582 3961 640 4006 ut
665 3966 728 4006 ea
768 3951 915 4006 vobis
945 3961 1179 4006 mutetur
1201 3993 1215 4018 ,
1247 3968 1364 4008 cum
1403 3954 1583 4024 lugere
1623 3956 1884 4013 deberetis
1908 4001 1921 4026 ,
1963 3961 2007 4014 si
2034 3977 2150 4017 eam

579 4045 731 4102 vobis
769 4054 972 4101 mutare
1015 4047 1289 4100 vellemus.
1337 4045 1453 4116 Ipsa
1482 4059 1563 4102 est
1588 4051 1727 4104 enim
1762 4068 1917 4122 quam
1963 4058 2147 4124 nostis,

579 4140 692 4210 ipsa
717 4147 798 4194 est
822 4139 886 4193 ad
905 4154 1060 4209 quam
1084 4139 1319 4203 venistis,
1353 4140 1463 4210 ipsa
1491 4152 1750 4212 estquam
1776 4159 1871 4214 per
1893 4155 1968 4201 tot
1986 4163 2151 4204 annos

583 4229 827 4285 habendo
852 4230 1110 4284 crevistis.
1158 4230 1362 4285 Novum
1390 4247 1494 4286 non
1524 4235 1802 4303 accepistis
1831 4279 1842 4300 ,
1885 4238 1983 4290 nisi
2008 4254 2150 4308 pra:-

580 4323 810 4394 positum
844 4338 857 4376 :
889 4330 980 4376 aut
1009 4323 1052 4376 si
1083 4330 1299 4392 propter
1328 4322 1471 4377 illum
1502 4325 1734 4394 qua-ritis
1759 4329 2066 4396 novitatem,
2097 4339 2152 4386 et

580 4413 632 4467 in
661 4413 777 4481 ejus
815 4411 1063 4465 invidiam
1093 4423 1273 4468 contra
1299 4424 1522 4470 matrem
1557 4425 1786 4474 vestram
1814 4421 1892 4476 sic
1927 4423 2151 4479 rebella-

576 4503 694 4569 stis,
725 4517 818 4557 cur
840 4518 942 4556 nou
964 4503 1137 4573 potius
1163 4504 1211 4558 id
1238 4505 1460 4574 petistis,
1489 4516 1545 4560 ut
1569 4507 1680 4577 ipse
1710 4511 1856 4566 vobis
1881 4518 2150 4571 mutetur?

578 4594 638 4650 Si
663 4603 838 4649 autem
861 4593 964 4651 hoc
992 4595 1321 4660 exhorretis;
1351 4598 1471 4666 quia
1503 4600 1624 4653 novi
1655 4605 1920 4671 quomodo
1948 4622 2068 4661 eum
2095 4609 2146 4664 in

578 4683 793 4740 Christo
838 4684 1210 4740 venerabiliter
1235 4685 1484 4756 diligatis,
1515 4705 1609 4743 cur
1639 4708 1742 4745 non
1769 4695 1941 4761 potius
1967 4697 2148 4753 illam?

577 4776 634 4834 In
682 4777 832 4832 vobis
883 4792 1110 4847 namque
1154 4778 1399 4848 regendis
1437 4780 1513 4834 sic
1553 4785 1816 4852 pra-positi
1851 4788 2146 4845 rudimenta

581 4868 883 4933 turbantur,
926 4875 985 4921 ut
1025 4867 1196 4938 magis
1239 4868 1365 4924 velit
1408 4885 1503 4924 vos
1545 4871 1657 4941 ipse
1679 4873 1944 4944 deserere,
1987 4896 2143 4949 quam

576 4959 732 5015 istam
755 4974 820 5014 ex
849 4957 1000 5014 vobis
1030 4958 1221 5013 famam
1249 4967 1305 5015 et
1323 4961 1570 5016 invidiam
1597 4965 1858 5022 sustinere
1877 5011 1890 5032 ,
1920 4981 1979 5024 ut
2001 4971 2145 5028 dica-

574 5061 662 5108 tur
688 5067 795 5106 non
824 5068 917 5106 vos
941 5053 1096 5107 aliam
1126 5054 1437 5123 quaesituras
1459 5055 1618 5111 fuisse
1645 5062 2000 5129 praepositam,
2042 5067 2143 5123 nisi

571 5144 742 5215 ipsum
759 5143 1052 5214 coepissetis
1075 5142 1272 5200 habere
1293 5147 1650 5217 pra-positum.
1677 5148 2002 5222 Tranquillet
2016 5172 2142 5228 ergo

573 5236 712 5291 Deus
742 5243 795 5290 et
818 5242 1102 5304 componat
1122 5236 1327 5290 animos
1349 5247 1588 5304 vestros;
1620 5255 1723 5295 non
1749 5243 1800 5296 in
1832 5244 1980 5300 vobis
2007 5263 2141 5318 pra:-

573 5326 745 5381 valeat
769 5339 903 5396 opus
927 5325 1140 5392 diaboli,
1168 5325 1260 5380 sed
1292 5342 1390 5397 pax
1413 5327 1607 5385 Christi
1622 5333 1795 5389 vincat
1817 5337 1866 5391 in
1892 5340 2140 5398 cordibus

573 5417 763 5472 vestris
797 5435 809 5470 :
839 5432 935 5472 nec
979 5417 1162 5472 dolore
1191 5419 1383 5486 animi,
1430 5422 1549 5490 quia
1578 5439 1681 5480 nou
1709 5427 1764 5482 fit
1791 5431 1931 5499 quod
1957 5435 2134 5503 vultis,

571 5509 657 5565 vel
683 5509 803 5580 quia
831 5507 990 5579 pudet
1018 5509 1244 5564 voluisse
1267 5511 1405 5580 quod
1434 5513 1569 5568 velle
1591 5531 1692 5570 non
1716 5518 1989 5591 debuistis,
2017 5541 2139 5581 eru-

577 5600 844 5658 bescendo
895 5601 1119 5657 curratis
1173 5602 1222 5656 in
1276 5613 1543 5672 mortem;
1599 5609 1691 5664 sed
1741 5614 1913 5682 potius
1961 5609 2134 5686 pinni-

570 5694 731 5750 tendo
782 5695 1063 5752 resumatis
1109 5695 1352 5754 virtutem
1377 5733 1395 5765 ,
1441 5714 1541 5756 nec
1589 5701 1827 5761 habeatis
1872 5712 2134 5779 poeniten-

1861 352 1918 409 S.
1957 352 2321 409 AUGUSTINI
2359 353 2663 412 EPISCOPI

3755 361 3862 418 960

2278 467 2400 521 tiam
2426 467 2576 523 Judae
2605 469 2870 526 traditoris
2893 513 2907 537 ,
2957 471 3052 526 sed
3082 472 3255 542 potius
3285 473 3545 546 lacrymas
3575 475 3717 531 Petri
3751 492 3849 547 pa-

2271 559 2448 613 storis.

2340 651 2392 705 5.
2435 651 2560 706 Haec
2585 662 2707 706 sunt
2735 669 2853 722 qum
2878 661 2937 708 ut
2961 652 3253 710 observetis
3284 658 3616 728 praecipimus
3645 661 3696 714 in
3729 677 3850 715 ino-

2272 743 2502 797 nasterio
2539 745 2860 799 constitutze.
2907 746 3138 800 Primum
3189 758 3403 817 propter
3441 752 3582 821 quod
3627 754 3758 807 estis
3798 759 3851 808 in

2271 851 2428 889 unum
2459 848 2786 907 congregata:
2811 880 2824 902 ,
2854 847 2908 892 ut
2936 840 3209 894 unanimes
3235 841 3479 896 habitetis
3510 844 3559 897 in
3588 844 3767 909 domo,
3799 856 3856 900 et

2268 927 2336 980 sit
2357 928 2503 981 vobis
2532 944 2625 982 cor
2651 945 2810 983 unum
2839 940 2892 983 et
2917 929 3091 985 anima
3123 948 3223 985 una
3255 934 3303 986 in
3329 934 3454 988 Deo.
3483 935 3550 989 Et
3575 953 3677 990 non
3707 938 3853 992 diea-

2271 1017 2335 1071 tis
2357 1019 2549 1088 aliquid
2572 1021 2865 1089 prepritun,
2897 1021 2987 1075 sed
3013 1022 3117 1075 sint
3143 1022 3292 1078 vobis
3317 1025 3488 1078 omnia
3513 1032 3850 1084 Communia:

2267 1117 2319 1162 et
2353 1108 2698 1164 distribuatur
2727 1111 3005 1180 unicuique
3033 1121 3266 1166 vestrum
3295 1130 3324 1166 a
3363 1118 3639 1185 praeposita
3672 1129 3852 1173 vestra

2267 1202 2434 1255 victus
2458 1212 2510 1256 et
2550 1212 2940 1272 tegumentum;
2969 1220 3074 1258 non
3106 1205 3380 1274 aequaliter
3407 1210 3651 1262 omnibus
3675 1252 3688 1271 ,
3726 1211 3850 1280 quia

2265 1307 2368 1346 non
2393 1294 2664 1361 atqu'ililer
2693 1294 2876 1348 valetis
2900 1309 3107 1356 onmes,
3137 1295 3228 1349 sed
3255 1296 3533 1366 unicuique
3556 1300 3693 1352 sicut
3714 1314 3850 1369 Opus

2267 1382 2440 1436 fuerit.
2471 1383 2556 1438 Sic
2581 1385 2721 1438 enim
2751 1385 2919 1453 legitis
2949 1385 3001 1440 in
3031 1387 3248 1440 Actibus
3275 1389 3671 1456 Apostolorum,
3704 1392 3844 1455 Quia

2265 1484 2406 1528 erant
2442 1477 2510 1529 eis
2553 1479 2718 1530 omnia
2761 1479 3076 1542 communia,
3125 1489 3169 1532 et
3206 1480 3596 1535 distribuebatur
3628 1483 3846 1553 singulis

2270 1578 2419 1644 prout
2448 1570 2623 1640 cuique
2651 1588 2774 1640 opus
2801 1582 2906 1624 erat
2938 1571 3072 1639 (Act.
3097 1589 3178 1638 ,
3208 1573 3277 1627 32
3299 1613 3314 1639 ,
3340 1574 3452 1645 '53).
3495 1575 3621 1641 Qua:
3648 1577 3848 1645 aliquid

2265 1660 2530 1715 habebant
2563 1663 2615 1716 in
2641 1664 2833 1716 sarculo
2855 1705 2868 1727 ,
2901 1665 3109 1734 quando
3137 1665 3388 1734 ingressa:
3420 1678 3539 1720 sunt
3581 1678 3853 1721 monaste-

2226 1779 2230 1782 -
2269 1756 2424 1818 rium,
2462 1757 2686 1810 libenter
2710 1758 2872 1810 velint
2895 1757 3019 1812 illud
3047 1773 3164 1811 esse
3189 1773 3486 1814 commune.
3520 1759 3648 1826 Quae
3668 1771 3848 1814 autem

2264 1863 2366 1902 nun
2391 1849 2672 1914 habebant,
2697 1865 2800 1903 non
2822 1865 2883 1902 ea
2905 1858 3144 1919 qumrant
3162 1851 3212 1903 in
3240 1854 3579 1916 monasterio,
3602 1868 3722 1920 qua:
3748 1868 3851 1907 nec

2266 1938 2392 1994 foris
2423 1942 2616 1995 habere
2647 1950 2925 2010 potuerunt
2955 1959 2966 1993 :
3001 1942 3090 1995 sed
3123 1951 3294 1996 tamen
3324 1958 3505 1997 earum
3547 1944 3850 1998 infirmitati

2262 2033 2401 2103 quod
2432 2051 2564 2104 opus
2605 2043 2684 2087 est
2725 2034 3014 2116 tribuatur,
3063 2035 3266 2087 etiamsi
3316 2037 3594 2104 pauperies
3637 2051 3844 2099 earum,

2263 2125 2472 2193 quando
2500 2125 2625 2179 foris
2650 2133 2828 2186 erant,
2855 2141 2951 2181 nec
2980 2126 3091 2195 ipsa
3124 2127 3419 2180 necessaria
3459 2136 3668 2196 poterat
3696 2128 3848 2181 inve.

2265 2217 2409 2282 nire;
2454 2232 2516 2271 ac
2541 2232 2679 2271 nunc
2721 2234 2824 2271 non
2857 2217 2976 2270 ideo
3021 2226 3202 2286 putent
3239 2233 3297 2271 se
3325 2233 3441 2271 esse
3473 2217 3677 2283 felices,
3724 2219 3846 2286 quia

2269 2309 2587 2364 invenerunt
2619 2309 2808 2362 victum
2837 2317 2892 2364 et
2919 2317 3277 2379 tegumentum
3298 2349 3314 2375 ,
3359 2309 3513 2378 quale
3536 2308 3668 2363 foris
3699 2309 3850 2364 inve-

2263 2401 2379 2454 nire
2405 2416 2507 2455 non
2541 2409 2839 2470 potuerunt.

2335 2492 2387 2547 6.
2421 2492 2530 2545 Nec
2556 2492 2764 2562 erigant
2791 2489 3049 2546 cervicem
3066 2491 3188 2561 quia
3208 2491 3474 2544 sociantur
3498 2491 3596 2557 eis,
3620 2491 3686 2544 ad
3713 2506 3848 2562 quas

2262 2583 2388 2638 foris
2404 2583 2660 2639 accedere
2681 2597 2783 2638 non
2811 2582 3105 2649 audebant;
3134 2580 3225 2637 sed
3243 2597 3448 2636 sursum
3476 2598 3569 2635 cur
3590 2582 3841 2647 habeant,

2261 2687 2314 2733 et
2341 2686 2547 2732 terrena
2571 2679 2706 2732 bona
2731 2693 2832 2730 non
2858 2686 3116 2747 quarrant,
3149 2692 3214 2730 ne
3244 2675 3494 2744 incipiant
3520 2677 3846 2730 monasteria

2261 2783 2380 2822 esse
2408 2766 2658 2822 divitibus
2703 2767 2846 2820 utilia
2872 2808 2886 2832 ,
2930 2781 3032 2819 non
3063 2766 3406 2835 pauperibus,
3437 2765 3480 2818 si
3509 2765 3700 2819 divites
3736 2765 3846 2820 illic

2261 2860 2638 2924 humiliantur,
2685 2868 2740 2914 et
2777 2875 3033 2930 pauperes
3072 2859 3178 2913 illic
3205 2858 3473 2912 inflantur.
3517 2857 3622 2913 Sed
3658 2873 3846 2911 rursus

2257 2952 2416 3005 etiam
2467 2951 2571 3006 illa:
2606 2967 2723 3020 quae
2768 2950 2964 3019 aliquid
3007 2965 3124 3004 esse
3163 2949 3476 3005 videbantur
3521 2950 3574 3003 in
3619 2950 3843 3015 saeculo,

2259 3059 2362 3097 non
2405 3043 2632 3097 habeant
2659 3041 2865 3096 fastidio
2895 3057 3105 3096 sorores
3131 3056 3273 3106 suas,
3305 3057 3423 3111 qua:
3447 3039 3512 3095 ad
3541 3040 3681 3093 illam
3709 3055 3847 3119 san-_

2257 3143 2396 3187 ctam
2427 3133 2731 3187 societatem
2759 3149 2823 3186 ex
2855 3142 3160 3202 paupertate
3202 3143 3460 3186 venerunt
3493 3149 3505 3184 :
3539 3134 3708 3199 magis
3734 3147 3835 3185 au-

2259 3235 2364 3281 tem
2395 3225 2640 3280 studeant
2666 3242 2768 3278 non
2800 3225 2866 3279 de
2897 3233 3170 3293 parentum
3193 3225 3412 3278 divitum
3437 3224 3711 3292 dignitate,
3739 3224 3841 3280 sed

2255 3319 2323 3373 de
2357 3335 2647 3389 pauperum
2688 3334 2928 3372 sororum
2967 3320 3220 3372 societate
3256 3319 3485 3386 gloriari.
3524 3319 3630 3372 Nec
3668 3319 3844 3371 extol-

2257 3411 2457 3476 lantur,
2487 3411 2530 3464 si
2559 3411 2826 3462 connnuni
2860 3409 2977 3462 vitae
3017 3409 3081 3462 de
3121 3409 3229 3462 suis
3259 3409 3590 3462 facultatibus
3634 3409 3841 3477 aliquid

2255 3501 2626 3566 contulerunt;
2681 3516 2745 3552 ne
2785 3499 2852 3554 de
2890 3501 3001 3555 suis
3049 3499 3245 3553 divitiis
3290 3500 3458 3568 magis
3501 3499 3835 3568 superbiant,

2255 3594 2375 3664 quia
2399 3607 2490 3647 eas
2509 3592 2830 3647 monasterio
2863 3590 3180 3660 partiuntur,
3208 3607 3363 3660 quam
3393 3591 3437 3644 si
3463 3590 3540 3644 eis
3568 3591 3619 3643 in
3638 3593 3838 3644 sarculo

2257 3682 2578 3737 fruerentur.
2605 3682 2720 3736 Alia
2743 3682 2933 3751 quippe
2956 3697 3300 3752 quaecumque
3331 3681 3575 3751 iniquitas:
3603 3682 3652 3734 in
3683 3683 3838 3734 ni:-.lis

2256 3774 2504 3843 operibus
2528 3781 2806 3827 exercetur
2828 3784 2880 3826 ut
2899 3772 3056 3836 fiant;
3088 3773 3332 3841 superbia
3355 3788 3478 3826 vero
3497 3771 3656 3827 etiam
3683 3773 3838 3825 bonis

2255 3863 2502 3934 operibus
2529 3863 2802 3916 insidiatur
2821 3871 2876 3916 ut
2899 3871 3147 3932 pereant:
3173 3862 3365 3930 etquid
3393 3861 3607 3932 prodest
3627 3861 3837 3930 disper-

2253 3970 2382 4027 gere
2407 3955 2583 4010 dando
2623 3954 2937 4024 pauperibus
2969 3963 3022 4007 et
3047 3969 3333 4023 pauperem
3381 3953 3492 4007 fieri
3517 3996 3529 4016 ,
3578 3954 3619 4006 si
3655 3955 3835 4007 anima

2257 4051 2446 4104 misera
2469 4048 2747 4120 superbior
2767 4047 3025 4103 efficiatur
3048 4048 3452 4110 contemnendo,
3481 4062 3635 4116 quam
3659 4045 3838 4100 fuerat

2255 4141 2611 4212 possidendo?
2657 4142 2853 4196 Omnes
2894 4156 3019 4211 ergo
3059 4141 3376 4196 unanimiter
3416 4150 3466 4194 et
3498 4140 3837 4195 concorditer

2256 4236 2443 4300 vivite;
2485 4245 2539 4289 et
2581 4233 2834 4288 honorate
2871 4234 2922 4288 in
2972 4234 3122 4288 vobis
3161 4233 3382 4289 invicem
3430 4234 3633 4297 Deum,
3677 4234 3832 4302 Cujus

2256 4326 2449 4396 templa
2484 4327 2632 4379 factm
2659 4326 2803 4378 estis.

2323 4420 2376 4472 7.
2403 4418 2742 4474 Orationibus
2782 4418 2972 4474 instate
3005 4417 3153 4473 horis
3186 4426 3239 4472 et
3278 4417 3600 4487 temporibus
3626 4419 3833 4471 consti-

2255 4513 2399 4567 tutis.
2431 4510 2488 4566 ln
2516 4512 2752 4566 oratorio
2780 4528 2936 4565 nemo
2957 4511 3153 4579 aliquid
3183 4521 3331 4581 agat,
3367 4511 3464 4565 nisi
3487 4509 3550 4565 ad
3580 4510 3721 4580 quod
3748 4520 3835 4565 est

2251 4601 2479 4668 factum,
2527 4603 2665 4658 unde
2692 4613 2746 4657 et
2776 4617 2966 4656 nomen
2995 4601 3233 4671 accepit;
3281 4611 3339 4656 ut
3373 4603 3417 4656 si
3449 4603 3637 4671 aliqum
3666 4604 3829 4656 etiam

2251 4702 2442 4765 prmter
2473 4695 2628 4749 boras
2644 4694 2977 4760 constitutas,
3006 4695 3048 4748 si
3063 4695 3141 4749 eis
3161 4704 3331 4754 vacat.
3353 4711 3507 4749 orare
3539 4697 3830 4759 voluerint,

2249 4801 2354 4841 non
2376 4787 2454 4841 eis
2477 4785 2583 4840 sint
2604 4785 2998 4855 impedimento,
3021 4800 3139 4854 quae
3162 4785 3229 4840 ibi
3253 4786 3443 4852 aliquid
3466 4801 3622 4854 agere
3644 4787 3835 4840 voluc-

2248 4879 2371 4933 rint.
2403 4877 2626 4932 Psalmis
2646 4885 2698 4931 et
2726 4877 2934 4948 hymnis
2959 4891 3077 4931 cum
3105 4879 3266 4932 oratis
3293 4879 3486 4944 Deum,
3519 4879 3616 4932 hoc
3645 4897 3828 4936 verse-

2249 4978 2332 5022 tur
2361 4969 2411 5023 in
2442 4967 2602 5023 corde
2637 4965 2779 5037 quod
2820 4967 3083 5037 profertur
3125 4968 3177 5022 in
3204 4984 3334 5022 V006
3367 4987 3378 5021 :
3413 4977 3465 5022 et
3503 4971 3668 5024 nolite
3697 4986 3829 5026 ean-

2248 5067 2381 5123 tare,
2410 5057 2510 5111 nisi
2533 5057 2673 5127 quod
2701 5057 2871 5130 legitis
2945 5072 3064 5112 esse
3092 5060 3406 5112 cantandum
3431 5077 3444 5123 ;
3474 5060 3614 5130 quod
3641 5072 3821 5116 autem

2245 5166 2351 5205 non
2382 5150 2452 5204 ita
2476 5150 2726 5219 scriptum
2753 5161 2835 5206 est
2859 5159 2913 5206 ut
2933 5159 3203 5216 cantetur,
3233 5168 3337 5207 non
3364 5163 3624 5209 cantemr.

2314 5242 2364 5298 8.
2395 5241 2621 5298 Carnem
2660 5252 2885 5298 vestram
2927 5243 3136 5298 domate
3173 5244 3385 5313 jejuniis
3412 5256 3465 5300 et
3501 5247 3826 5304 abstinentia

2243 5349 2376 5388 esca:
2403 5344 2455 5388 et
2486 5342 2656 5403 potus,
2689 5342 2938 5403 quantum
2986 5334 3227 5388 valendo
3272 5337 3545 5405 permittit.
3599 5338 3826 5404 Quando

2241 5434 2416 5480 autem
2457 5425 2628 5495 aliqua
2668 5441 2771 5479 non
2801 5434 2976 5494 potest
3008 5425 3264 5495 jejunare,
3298 5443 3402 5482 non
3443 5438 3618 5484 tamen
3669 5441 3820 5486 extra

2241 5516 2421 5570 horam
2453 5517 2655 5586 prandii
2683 5516 2875 5586 aliquid
2904 5517 3271 5572 alimentorum
3315 5531 3507 5586 sumat,
3555 5523 3654 5576 nisi
3697 5539 3820 5577 cum

2239 5619 2479 5680 aegrotat.
2507 5608 2638 5664 Cum
2663 5609 2908 5664 acceditis
2935 5608 2999 5663 ad
3022 5625 3275 5675 mensam,
3298 5611 3465 5666 donec
3493 5613 3614 5668 inde
3627 5631 3816 5685 surga-

2241 5701 2328 5769 tis,
2349 5700 2488 5770 quod
2517 5700 2665 5754 vobis
2689 5700 2975 5755 secundum
3001 5702 3434 5759 consuetudinem
3470 5706 3678 5776 legitur,
3705 5708 3822 5763 sine

2347 5810 2535 5874 Aliduot
2555 5812 2682 5872 Mss,
