4120 6358
365 433 464 495 961

363 541 593 598 tumultu
620 550 675 596 et
698 540 1122 597 contentionibus
1142 540 1315 594 audite
1342 557 1354 592 :
1387 555 1481 594 nec
1500 541 1625 594 sola:
1654 541 1804 594 vobis
1826 541 1942 594 fau-

366 649 458 690 ces
500 643 712 688 sumant
746 633 940 697 cibum,
969 633 1060 688 sed
1093 641 1146 688 et
1183 648 1336 688 aures
1367 633 1655 702 percipiant
1695 632 1782 685 Dei
1823 646 1942 686 ver-

366 727 488 782 bum
499 767 511 780 .

435 820 487 876 9.
519 821 645 888 Qua:
691 820 911 874 infirma:
953 830 1074 874 sunt
1107 835 1169 874 ex
1211 819 1428 889 pristina
1467 815 1864 880 consuetudine,
1896 815 1943 870 si

361 913 516 968 aliter
544 921 830 967 tractantur
865 911 918 966 in
962 912 1120 978 victu,
1166 926 1270 964 non
1315 910 1472 965 debet
1507 909 1624 964 aliis
1663 908 1940 962 molestum

363 1021 498 1070 esse,
532 1021 628 1061 nec
655 1006 902 1074 injustum
927 1004 1111 1070 videri,
1142 1017 1274 1074 quas
1310 1002 1434 1058 fecit
1474 1002 1574 1055 alia
1619 997 1942 1054 consuetudo

363 1097 626 1152 fortiores.
650 1095 758 1151 Nec
783 1095 899 1150 illas
926 1095 1185 1150 feliciores
1202 1102 1400 1164 putent,
1426 1094 1546 1163 quia
1568 1100 1780 1147 sumunt
1802 1089 1939 1160 quod

362 1205 465 1243 non
506 1198 722 1245 sumunt
764 1187 892 1258 ipsa:
917 1205 930 1241 :
957 1186 1048 1242 sed
1084 1187 1180 1241 sibi
1219 1187 1394 1255 potius
1433 1185 1778 1255 gratulentur,
1819 1182 1938 1250 quia

362 1281 537 1334 valent
568 1279 705 1348 quod
733 1294 836 1332 non
873 1277 1050 1332 valent
1077 1277 1197 1330 illae.
1251 1276 1318 1330 Et
1345 1277 1390 1330 si
1415 1277 1490 1331 eis
1517 1290 1634 1345 qua:
1683 1281 1942 1328 venerunt

361 1388 425 1428 ex
478 1371 713 1426 moribus
759 1369 1152 1426 delicatioribus
1195 1369 1260 1423 ad
1303 1367 1702 1432 monasterium,
1743 1365 1938 1435 aliquid

359 1465 750 1524 alimentorum,
796 1462 1246 1527 vestimentorum,
1297 1468 1726 1521 stramentorum,
1762 1456 1938 1527 operi-

360 1564 656 1609 mentorum
702 1553 874 1617 datur,
922 1551 1060 1623 quod
1097 1552 1214 1605 aliis
1249 1549 1572 1612 fortioribus,
1604 1557 1656 1602 et
1684 1547 1801 1602 ideo
1828 1547 1942 1600 feli-

360 1647 591 1700 cioribus
637 1660 739 1700 non
781 1645 966 1706 datur;
999 1643 1228 1712 cogitare
1270 1641 1463 1696 debent
1502 1640 1692 1708 quibus
1719 1653 1821 1691 non
1848 1637 1942 1692 da-

360 1747 464 1801 tur,
496 1747 744 1807 quantum
788 1736 854 1790 de
894 1751 985 1790 sua
1013 1735 1251 1789 saeculari
1295 1734 1397 1786 vita
1431 1733 1533 1786 ill-.e
1559 1732 1624 1785 ad
1666 1732 1818 1784 istam
1847 1731 1939 1785 de-

359 1830 683 1894 scenderint,
713 1828 956 1897 quamvis
985 1842 1149 1896 usque
1171 1827 1235 1880 ad
1265 1826 1484 1879 aliarum
1511 1841 1628 1895 qua:
1655 1833 1779 1878 sunt
1819 1840 1940 1879 cor-

357 1937 486 1992 pore
534 1922 808 1987 fortiores,
859 1920 1212 1989 frugalitatem
1257 1919 1534 1987 pervenire
1585 1917 1935 1986 nequiverint.

357 2013 464 2067 Nec
495 2014 596 2066 illa:
622 2013 816 2067 debent
840 2011 1163 2072 conturbari,
1191 2009 1329 2080 quod
1353 2023 1444 2063 eas
1467 2007 1645 2062 vident
1690 2008 1936 2077 amplius,

357 2106 596 2176 nonquia
622 2106 964 2167 honorantur,
992 2103 1084 2158 sed
1106 2102 1224 2172 quia
1251 2102 1555 2166 tolerantur,
1572 2101 1840 2170 accipere;
1873 2116 1940 2156 ne

356 2197 622 2265 contingat
668 2196 974 2252 detestanda
1015 2195 1350 2264 perversitas,
1393 2204 1447 2248 ut
1498 2195 1548 2248 in
1590 2194 1933 2260 monasterio,

359 2290 468 2355 ubi,
498 2299 747 2360 quantum
779 2297 1016 2357 possunt,
1063 2287 1196 2340 fiunt
1241 2286 1430 2342 divites
1475 2287 1772 2352 laboriosae,
1813 2286 1938 2340 fiant

358 2397 612 2452 pauperes
653 2381 910 2436 delicato.
963 2380 1104 2435 Sane
1141 2379 1581 2450 quemadmodum
1624 2387 1940 2450 :rgrotantes

357 2487 575 2527 necesse
601 2473 798 2526 habent
823 2472 996 2525 minus
1023 2472 1260 2540 accipere
1287 2487 1353 2524 ne
1379 2481 1692 2540 graventur;
1724 2469 1794 2524 ita
1821 2479 1941 2540 post

356 2564 721 2634 aegritudinem
765 2565 842 2616 sic
885 2562 1168 2617 tractanda}
1197 2571 1317 2616 sunt
1347 2569 1405 2614 ut
1428 2561 1581 2614 citius
1609 2569 1934 2627 recreentur,

356 2655 560 2708 etiamsi
586 2654 652 2708 de
680 2655 966 2707 humillima
996 2653 1172 2708 saeculi
1197 2659 1505 2722 paupertate
1531 2661 1806 2715 venerunt,
1835 2661 1942 2706 tan-

356 2762 513 2815 quam
541 2745 643 2800 hoc
667 2746 767 2799 illis
793 2745 1076 2800 contulerit
1106 2744 1368 2799 recentior
1387 2743 1662 2813 :egritudo,
1687 2744 1826 2814 quod
1861 2744 1939 2798 di-

356 2837 546 2890 vitibus
566 2836 796 2891 anterior
809 2836 1158 2891 consuetudo.
1183 2836 1284 2891 Sed
1297 2852 1416 2890 cum
1429 2838 1570 2890 vires
1584 2836 1832 2906 pristinas
1851 2852 1940 2890 re-

357 2928 674 2996 paraverint,
696 2927 912 2982 redeant
932 2927 997 2981 ad
1016 2927 1299 2981 feliciorem
1314 2927 1749 2982 consuetudinem
1768 2942 1937 2992 suam,

355 3036 473 3093 qua:
511 3018 730 3074 famulas
775 3019 869 3074 Dei
910 3027 1053 3072 tanto
1091 3019 1316 3088 amplius
1351 3018 1522 3083 decet,
1546 3027 1744 3087 quanto
1771 3019 1941 3074 minus

355 3112 591 3182 indigent
620 3131 634 3166 :
662 3126 759 3165 nec
784 3111 853 3165 ibi
877 3126 966 3164 eas
996 3119 1170 3164 teneat
1191 3110 1432 3163 voluntas
1451 3109 1560 3179 jam
1585 3120 1812 3179 vegetas,
1837 3127 1941 3180 quo

358 3205 643 3258 necessitas
671 3204 869 3258 levarat
890 3201 1144 3256 infirmas.
1174 3200 1278 3255 lli-.e
1305 3218 1362 3256 se
1383 3201 1937 3268 existimentditiores,

355 3312 470 3364 qua:
498 3295 692 3350 fuerint
720 3295 770 3348 in
801 3293 1105 3348 sustinenda
1154 3294 1404 3362 parcitate
1453 3293 1717 3370 fortiores.
1749 3294 1940 3350 Melius

354 3397 436 3444 est
451 3390 592 3442 enim
619 3390 794 3442 minus
809 3403 985 3457 cgere,
1009 3401 1164 3456 quam
1198 3387 1314 3456 plus
1335 3385 1550 3440 habere.

425 3483 510 3536 10.
536 3480 650 3536 Non
679 3482 747 3536 sit
784 3481 1026 3534 notabilis
1061 3480 1267 3533 habitus
1301 3489 1504 3543 vester;
1547 3495 1644 3533 nec
1684 3479 1940 3534 affectetis

353 3575 583 3630 vestibus
598 3575 828 3645 placere,
858 3573 950 3628 sed
981 3573 1234 3627 moribus.
1263 3572 1367 3627 Nec
1406 3573 1511 3626 sint
1548 3573 1698 3627 vobis
1725 3583 1826 3628 tam
1860 3583 1939 3628 te-

353 3683 478 3722 nera
517 3668 744 3735 capitum
789 3667 1016 3735 tegmina
1063 3676 1118 3718 ut
1163 3665 1346 3718 retiola
1395 3667 1578 3720 subter
1629 3674 1935 3735 appareant.

353 3757 577 3826 Capillos
607 3774 668 3811 ex
705 3757 843 3810 nulla
889 3766 1033 3826 parte
1066 3756 1233 3810 nudos
1277 3756 1532 3816 habeatis,
1569 3774 1613 3809 n:
1636 3772 1665 3810 c
1703 3759 1826 3810 foris
1857 3759 1938 3811 vel

352 3860 562 3919 Spargat
589 3849 922 3918 negligentia,
970 3849 1048 3901 vel
1081 3858 1362 3917 componat
1405 3847 1676 3901 industria.
1720 3849 1938 3915 Quando

355 3939 663 4009 proceditis,
709 3940 861 3992 simul
900 3938 1165 3991 atnluilate
1199 3955 1210 3991 :
1244 3953 1362 3990 cum
1393 3938 1643 3991 veneritis
1682 3953 1784 4004 quo
1831 3939 1934 4005 itis,

351 4032 505 4086 simul
550 4041 704 4086 state.
734 4029 789 4084 In
825 4031 1050 4093 incessu,
1083 4030 1131 4080 in
1163 4038 1322 4093 statu,
1353 4029 1402 4081 in
1447 4029 1645 4086 habitu.
1673 4029 1721 4081 in
1765 4030 1935 4082 omni-

350 4120 450 4175 bus
479 4121 705 4174 motibns
732 4121 920 4174 vestris
953 4119 1080 4172 nihil
1105 4117 1194 4171 fiat
1223 4118 1360 4186 quod
1403 4119 1580 4172 illiciat
1627 4122 1933 4187 cujuSquam

350 4211 644 4276 libidinem,
670 4209 761 4262 sed
789 4210 924 4277 quod
945 4223 1170 4262 vestram
1196 4209 1377 4261 deceat
1400 4209 1753 4262 sanctitatem.
1790 4210 1935 4264 Oculi

348 4305 513 4358 vestri
536 4303 632 4356 etsi
669 4301 934 4370 jaciuntur
965 4301 1014 4353 in
1045 4301 1294 4368 aliquem,
1323 4300 1548 4368 ligantur
1574 4300 1623 4352 in
1648 4301 1932 4356 neminem.

347 4395 533 4467 Neque
562 4397 700 4450 enim
723 4395 934 4465 quando
960 4393 1265 4465 proceditis,
1296 4393 1435 4445 viros
1471 4391 1646 4446 videre
1688 4394 1936 4462 prohibe-

351 4489 501 4556 mini,
535 4488 627 4542 sed
656 4497 923 4556 appetere,
947 4495 1038 4539 aut
1066 4485 1192 4554 ipsis
1213 4485 1385 4554 appeti
1409 4484 1562 4537 velle.
1593 4483 1700 4537 Nec
1719 4485 1833 4538 solo
1856 4494 1935 4539 ta-

352 4595 461 4648 ctu,
495 4581 587 4636 sed
605 4580 794 4634 affectu
826 4594 1035 4648 quoque
1062 4585 1115 4631 et
1134 4586 1349 4645 aspectu
1379 4575 1663 4644 appetitur,
1693 4584 1745 4628 et
1774 4591 1934 4645 appe-

353 4673 416 4728 tit
439 4671 654 4728 femina.
684 4669 796 4725 Nee
819 4670 1004 4724 dicatis
1032 4683 1125 4722 vos
1162 4668 1355 4721 habere
1389 4667 1594 4720 animos
1623 4668 1860 4737 pudicos,
1891 4659 1935 4721 si

354 4765 587 4818 habeatis
607 4762 786 4817 oculos
810 4761 1098 4830 impudicos
1124 4776 1137 4812 :
1169 4760 1286 4828 quia
1311 4758 1608 4828 impudicus
1626 4761 1808 4812 oculus
1832 4760 1934 4811 im-

351 4859 525 4930 pudici
551 4859 726 4915 cordis
765 4867 844 4912 est
891 4856 1125 4910 nuntius.
1169 4853 1235 4908 Et
1277 4869 1394 4906 cum
1435 4867 1492 4906 se
1538 4852 1761 4906 invicem
1811 4852 1932 4917 sibi,

351 4950 508 5006 etiam
533 4957 736 5004 tacente
759 4949 951 5016 lingua,
982 4955 1268 5013 conspectu
1296 4953 1477 4996 mutuo
1503 4942 1661 4997 corda
1693 4943 1936 4997 nuntiant

353 5041 635 5111 impudica,
672 5050 724 5094 et
748 5038 1036 5094 secundum
1072 5035 1548 5104 concupiscentiam
1571 5034 1749 5087 carnis
1773 5034 1936 5088 alter-

353 5143 472 5188 utro
509 5133 838 5188 delectantur
862 5129 1080 5192 ardore;
1127 5128 1283 5180 etiam
1323 5127 1532 5180 intactis
1561 5126 1628 5180 ab
1667 5127 1932 5181 immunda

355 5227 643 5280 violatione
682 5221 1010 5292 corporibus,
1043 5219 1174 5288 fugit
1197 5218 1410 5272 castitas
1446 5219 1552 5286 ipsa
1575 5217 1642 5272 de
1680 5218 1931 5272 moribus.

351 5316 460 5373 Nec
500 5330 681 5386 putare
723 5315 879 5369 debet
919 5328 1034 5382 qua:
1067 5315 1115 5364 in
1145 5311 1435 5364 masculum
1469 5309 1575 5377 figit
1615 5311 1841 5374 oculum,
1879 5317 1937 5365 et

353 5409 492 5462 illius
519 5409 570 5462 in
601 5407 825 5474 seipsam
853 5403 1016 5472 diligit
1043 5404 1226 5463 fixum,
1251 5416 1354 5453 non
1379 5401 1444 5454 ab
1471 5401 1588 5453 aliis
1609 5401 1790 5465 videri,
1810 5415 1932 5454 cum

354 5498 457 5554 hoc
486 5500 639 5564 facit;
670 5496 874 5550 videtur
907 5493 1120 5546 omnino
1151 5499 1206 5545 et
1233 5505 1261 5544 a
1293 5491 1484 5560 quibus
1514 5489 1675 5544 videri
1708 5506 1809 5544 non
1839 5505 1931 5544 ar-

352 5592 596 5649 bitratur.
639 5589 743 5644 Sed
778 5601 902 5643 ecce
941 5586 1121 5650 lateat,
1161 5592 1214 5638 et
1248 5599 1278 5637 a
1307 5583 1514 5638 nemine
1551 5581 1819 5636 hominum
1855 5583 1936 5636 vi-

355 5686 562 5750 deatur,
600 5682 722 5752 quid
765 5679 921 5735 faciet
944 5677 1010 5733 de
1050 5677 1138 5731 illo
1182 5691 1411 5745 superno
1438 5675 1736 5745 inspectore
1773 5691 1932 5746 quem

356 5779 523 5835 latere
551 5775 682 5831 nihil
714 5773 918 5843 potest?
951 5771 1030 5825 An
1053 5769 1170 5824 ideo
1197 5767 1463 5839 putandus
1485 5776 1567 5822 est
1593 5782 1699 5823 non
1729 5766 1929 5832 videre,

355 5872 476 5942 quia
525 5877 668 5924 tanto
703 5865 846 5921 videt
885 5863 1207 5933 patientius,
1253 5869 1450 5932 quanto
1489 5860 1813 5932 sapientius?
1851 5860 1930 5916 llli

1518 427 1992 484 EPISIOLAHUM
2027 417 2302 485 CLASS'lS
2342 430 2425 484 Ill.

3504 440 3614 494 96%

2047 556 2174 612 ergo
2213 541 2397 596 timeat
2437 550 2618 598 sancta
2657 543 2848 600 femina
2889 545 3188 616 displicere,
3213 563 3297 603 ~ne
3333 550 3459 605 velit
3495 554 3616 609 viro

2048 635 2184 689 male
2196 635 2430 705 placere:
2450 636 2594 690 illum
2608 638 2802 708 cogitet
2815 639 2988 692 omnia
3001 640 3198 706 videre,
3218 656 3284 695 ne
3305 641 3428 696 velit
3443 645 3614 700 virum

2047 728 2185 782 male
2212 727 2408 783 videre.
2443 728 2586 784 Illius
2607 746 2830 800 namque
2857 740 2911 786 et
2933 731 2988 785 in
3019 732 3117 787 hac
3139 747 3296 787 causa
3325 748 3601 789 commen-

2045 817 2199 872 datus
2218 828 2299 873 est
2324 820 2499 886 timor,
2530 821 2622 875 ubi
2650 822 2900 890 scriptum
2929 830 3012 876 est
3039 841 3051 876 :
3082 822 3394 878 Abominatio
3410 834 3483 878 est
3509 825 3616 880 Do-

2045 911 2179 964 mino
2219 911 2437 982 degens
2472 911 2670 966 oculum
2707 911 2898 984 (Prov.
2931 929 3095 980 xxvn,
3139 914 3228 981 20,
3268 932 3368 970 sec.
3412 916 3615 988 LXX).

2043 1003 2264 1070 Quando
2295 1019 2422 1074 ergo
2463 1005 2617 1058 simul
2669 1007 2796 1060 estis
2831 1006 2882 1060 in
2919 1007 3162 1074 ecclesia,
3203 1017 3256 1062 et
3299 1009 3615 1078 ubicumque

2045 1093 2132 1148 tibi
2158 1102 2214 1150 et
2241 1095 2338 1148 viri
2362 1104 2502 1160 sunt,
2527 1096 2748 1150 invicem
2768 1107 2993 1153 vestram
3011 1099 3311 1168 pudicitiam
3331 1101 3615 1158 custodite.

2044 1187 2184 1241 Deus
2215 1188 2354 1242 enim
2383 1189 2472 1258 qui
2501 1188 2701 1244 habitat
2724 1189 2776 1244 in
2801 1191 2966 1256 vobis,
3000 1192 3159 1246 etiam
3189 1191 3291 1247 isto
3316 1191 3474 1248 modo
3516 1207 3613 1248 cu-

2043 1279 2236 1334 stodiet
2264 1295 2356 1333 vos
2387 1296 2448 1333 ex
2479 1281 2645 1336 vobis.

2113 1371 2199 1424 ll.
2230 1370 2296 1424 Et
2323 1373 2367 1425 si
2396 1371 2527 1425 hanc
2552 1371 2620 1426 de
2643 1387 2742 1440 qua
2768 1373 2976 1450 loquor,
3003 1375 3139 1428 oeuli
3172 1376 3516 1446 petulantiam
3556 1377 3606 1432 in

2041 1461 2211 1531 aliqua
2233 1473 2460 1517 vestrum
2474 1455 2824 1528 adverteritis,
2843 1465 3017 1518 statim
3039 1464 3338 1533 admonete,
3357 1482 3421 1521 ne
3437 1475 3606 1536 empta

2041 1554 2463 1624 progrediantur,
2494 1555 2587 1609 sed
2615 1570 2680 1609 ex
2710 1557 2948 1624 proximo
2977 1557 3322 1626 corrigantur.
3351 1556 3405 1612 Si
3434 1566 3612 1612 autem

2041 1652 2095 1698 et
2122 1653 2239 1712 post
2257 1644 2666 1699 admonitionem
2698 1644 2907 1710 iterum,
2941 1645 3020 1699 vel
3040 1647 3144 1700 alio
3173 1663 3502 1718 quocumque
3521 1647 3608 1704 die

2041 1736 2267 1804 idipsum
2297 1752 2412 1792 eam
2459 1737 2634 1791 facere
2671 1736 2926 1800 videritis,
2963 1737 3070 1806 jam
3109 1737 3249 1791 velut
3289 1739 3616 1794 vulneratam

2041 1829 2326 1883 sanandam
2371 1829 2556 1900 prodat
2600 1845 2942 1899 quaecumque
2987 1830 3222 1885 invenire
3267 1831 3435 1900 potuit
3474 1830 3613 1898 hoc,

2041 1922 2187 1992 prius
2209 1932 2380 1978 tamen
2399 1932 2452 1978 et
2479 1923 2631 1978 alteri
2653 1923 2736 1977 vel
2764 1923 2930 1978 tertiae
2947 1922 3383 1989 demonstratam,
3412 1923 3616 1978 utdua-

2041 2029 2156 2068 rum
2189 2015 2266 2068 vel
2301 2015 2456 2068 trium
2493 2015 2652 2085 possit
2680 2029 2773 2069 ore
2801 2015 3036 2068 convinci
3066 2013 3285 2084 (Matth.
3317 2029 3465 2078 xvnt,
3503 2013 3614 2084 l6),

2041 2113 2095 2160 et
2118 2107 2438 2175 competenti
2482 2103 2762 2160 severitate
2807 2105 3061 2160 coerceri.
3112 2105 3220 2160 Nec
3251 2120 3344 2159 vos
3371 2104 3617 2174 judicetis

2041 2211 2159 2252 esse
2197 2199 2498 2262 malevolas,
2547 2198 2757 2268 quando
2784 2198 2882 2252 hoc
2913 2197 3169 2250 indicatis.
3217 2197 3379 2265 Magis
3424 2197 3616 2265 quippe

2043 2289 2349 2344 innocentes
2375 2306 2478 2343 non
2498 2290 2642 2353 estis,
2667 2289 2710 2342 si
2727 2303 2938 2342 sorores
2955 2296 3174 2349 vestras,
3193 2286 3615 2356 quasindicando

2041 2383 2304 2450 corrigere
2331 2381 2569 2450 potestis,
2603 2381 2824 2435 tacendo
2850 2380 3022 2450 perire
3048 2380 3369 2450 permittitis.
3392 2379 3445 2434 Si
3475 2379 3614 2432 enim

2042 2489 2198 2527 soror
2225 2484 2310 2527 tua
2336 2475 2524 2527 vulnus
2555 2473 2771 2526 haberet
2797 2473 2848 2524 in
2871 2487 3115 2542 corpore,
3155 2471 3293 2540 quod
3333 2471 3488 2524 vellet
3525 2486 3617 2524 oc-

2041 2565 2252 2631 cultari,
2290 2564 2413 2618 dum
2458 2565 2670 2618 timeret
2712 2563 2901 2628 secari,
2930 2577 3104 2616 nonne
3145 2562 3426 2616 crudeliter
3445 2562 3538 2617 abs
3569 2571 3620 2616 te

2041 2658 2306 2722 sileretur,
2333 2665 2387 2711 et
2420 2655 2829 2711 misericorditer
2859 2654 3214 2709 indicaretur?
3251 2656 3457 2720 Quanto
3495 2671 3618 2725 ergo

2041 2749 2216 2816 potius
2245 2764 2360 2802 eam
2383 2747 2545 2801 debes
2570 2746 2927 2812 manifestare,
2969 2763 3036 2800 ne
3061 2746 3405 2816 perniciosius
3441 2758 3618 2816 putre-

2042 2849 2154 2894 scat
2180 2841 2230 2892 in
2261 2838 2459 2893 corde?
2489 2838 2590 2892 Sed
2635 2848 2911 2907 antequam
2939 2838 3055 2892 aliis
3091 2837 3498 2901 demonstretur,
3529 2853 3620 2907 per

2041 2946 2172 3000 quas
2211 2929 2567 2984 convincenda
2594 2939 2674 2983 est
2710 2929 2753 2983 si
2798 2927 3082 2997 negaverit,
3131 2929 3423 2998 praeposita:
3461 2927 3622 2982 debet

2042 3020 2273 3086 ostendi,
2305 3020 2348 3072 si
2378 3019 2643 3072 admonita
2665 3018 2951 3088 neglexerit
2975 3018 3186 3088 corrigi,
3213 3034 3279 3072 ne
3297 3019 3430 3072 forte
3456 3020 3621 3087 possit

2043 3113 2298 3168 secretius
2326 3120 2564 3181 correpta
2596 3126 2698 3165 non
2773 3113 3100 3164 innotescere
3121 3110 3344 3163 caeteris.
3370 3109 3618 3164 Siautent

2047 3203 2335 3272 negaverit,
2370 3211 2491 3256 tuuc
2521 3201 2770 3271 neganti
2790 3201 3100 3255 adhibendtn
3127 3211 3247 3254 sunt
3272 3199 3407 3266 aliae,
3437 3211 3489 3253 ut
3510 3200 3618 3268 j.un

2043 3310 2218 3348 coram
2263 3295 2509 3349 omnibus
2538 3294 2720 3362 possit,
2747 3309 2848 3346 non
2875 3293 2940 3345 ab
2971 3307 3070 3345 una
3097 3301 3230 3346 teste
3259 3293 3426 3363 argui,
3469 3291 3562 3346 sed
3590 3308 3616 3344 a

2043 3390 2249 3444 duabus
2280 3388 2510 3442 tribusve
2544 3386 2802 3442 convinci.
2849 3386 3096 3440 Convicta
3147 3401 3289 3449 vero,
3331 3383 3620 3438 secundum

2043 3480 2340 3550 praeposin
2371 3480 2451 3532 vel
2488 3477 2777 3548 presbyteri
2818 3476 3088 3530 arbitrium
3119 3474 3276 3529 debet
3317 3474 3620 3529 emendato-

2043 3572 2173 3624 riam
2201 3571 2462 3624 sustinere
2499 3568 2779 3622 vindictam
2863 3585 2876 3620 :
2906 3583 3063 3636 quam
3093 3567 3137 3621 si
3169 3567 3302 3621 ferre
3348 3581 3619 3622 recusave-

2042 3663 2130 3728 rit,
2161 3670 2214 3716 et
2240 3661 2282 3714 si
2307 3661 2413 3730 ipsa
2447 3675 2550 3713 non
2574 3661 2906 3720 abscesserit,
2931 3658 2996 3712 de
3024 3667 3194 3711 vestra
3222 3658 3473 3712 societate
3495 3673 3617 3726 pro-

2036 3756 2269 3826 jiciatur.
2313 3753 2426 3807 Non
2459 3754 2600 3807 enim
2647 3762 2699 3806 et
2734 3752 2834 3804 hoc
2867 3751 2920 3804 t
2950 3750 3250 3815 crudeliter,
3291 3750 3381 3802 sed
3418 3749 3622 3803 miseri-

2040 3847 2288 3908 corditer,
2315 3863 2380 3899 ne
2412 3845 2722 3914 contagione
2751 3839 2995 3911 pestifera
3039 3842 3286 3911 plurimas
3325 3840 3525 3910 perdat.
3558 3840 3622 3895 Et

2041 3939 2143 3994 hoc
2167 3937 2306 4008 quod
2339 3938 2445 3990 dixi
2475 3937 2540 3990 de
2568 3937 2723 3989 oc.qu
2757 3949 2857 3988 non
2889 3933 3114 4003 figendo,
3143 3935 3301 3987 etiam
3335 3933 3384 3985 in
3415 3931 3622 3986 eat-teris

2041 4030 2398 4093 inveniendis,
2444 4026 2805 4097 prohibendis,
2844 4025 3166 4089 indicandis,
3214 4023 3615 4088 convincendis,

2041 4120 2467 4188 vindicandisque
2520 4117 2750 4187 peccatis
2800 4115 3082 4185 diligenter
3126 4114 3456 4178 observetur,
3498 4129 3614 4166 cum

2040 4216 2324 4269 dilectione
2370 4212 2640 4266 hominum
2686 4219 2738 4262 et
2785 4208 2907 4262 odio
2951 4209 3216 4261 vitiortun.
3267 4207 3619 4274 Quaecumque

2039 4315 2214 4360 autem
2243 4305 2292 4357 in
2325 4311 2522 4356 tantum
2569 4315 2842 4370 progressa
2888 4299 3043 4352 fuerit
3073 4299 3289 4364 tnalmn,
3333 4307 3390 4352 ut
3417 4297 3620 4353 occulte

2041 4398 2106 4452 ab
2131 4397 2308 4466 aliquo
2335 4395 2534 4449 litteras
2561 4394 2644 4446 vel
2687 4393 2929 4460 quadihet
2965 4391 3269 4444 nnmuscnla
3304 4389 3540 4459 accipiat,
3573 4390 3618 4444 si

2041 4489 2142 4543 hoc
2168 4488 2305 4542 ultro
2329 4484 2627 4548 confitetur,
2659 4492 2900 4550 parcatur
2929 4481 3021 4544 illi,
3055 4493 3106 4535 et
3133 4489 3311 4534 oretur
3336 4495 3431 4550 pro
3455 4496 3536 4534 ea.
3561 4479 3618 4535 Si

2038 4589 2212 4634 autem
2259 4576 2668 4647 deprehenditur
2708 4585 2863 4644 atque
2911 4573 3268 4638 convincitur,
3325 4572 3614 4627 secundum

2039 4669 2313 4724 arbitrium
2347 4666 2638 4736 praepositae
2670 4665 2749 4717 vel
2777 4663 3088 4734 presbyteri,
3119 4663 3198 4716 vel
3224 4663 3380 4716 etiam
3409 4663 3617 4732 episco-

2039 4760 2114 4832 pi,
2153 4760 2366 4830 gravius
2411 4755 2740 4810 emendetur.

2114 4850 2199 4904 12.
2234 4849 2418 4904 Vestes
2466 4855 2668 4900 vestras
2714 4844 2764 4898 in
2815 4860 2920 4897 uno
2966 4844 3082 4898 loco
3122 4843 3307 4898 habete
3383 4844 3481 4898 sub
3510 4858 3613 4898 una

2038 4941 2276 5005 custode,
2305 4940 2384 4992 vel
2419 4935 2642 5000 duabus,
2675 4935 2754 4987 vel
2797 4943 2923 5003 quot
2963 4933 3205 4988 sufficere
3239 4934 3509 5003 potuerint
3545 4933 3614 4988 ad

2039 5047 2129 5086 eas
2158 5027 2517 5091 excutiendas,
2548 5041 2616 5079 ne
2643 5043 2669 5078 a
2701 5026 2837 5079 tinea
2868 5024 3125 5078 laedantur
3155 5041 3168 5076 :
3197 5032 3251 5077 et
3275 5023 3409 5077 sicut
3440 5025 3612 5093 pasci-

2039 5125 2167 5179 mini
2196 5139 2257 5175 ex
2288 5137 2391 5174 uno
2433 5119 2671 5181 cellario,
2703 5118 2780 5172 sic
2805 5116 3090 5171 induamini
3119 5131 3182 5170 ex
3212 5131 3316 5170 uno
3343 5116 3612 5171 vestiario.

2042 5217 2108 5269 Et
2132 5216 2174 5269 si
2201 5214 2312 5268 fieri
2341 5220 2529 5280 potest,
2560 5225 2662 5264 non
2694 5209 2762 5264 ad
2793 5224 2885 5263 vos
2911 5209 3168 5278 pertineat
3197 5207 3319 5276 quid
3349 5207 3497 5263 vobis
3528 5208 3612 5262 in-

2038 5306 2304 5360 duendum
2335 5320 2427 5374 pro
2456 5303 2708 5372 temporis
2734 5302 3073 5370 congruentia
3096 5299 3411 5370 proferatur,
3438 5311 3610 5355 utrum

2039 5398 2139 5453 hoc
2163 5397 2378 5466 recipiat
2405 5410 2729 5464 unaquaeque
2755 5403 2986 5448 vestrum
3017 5393 3154 5460 quod
3177 5391 3512 5461 deposuerat.
3541 5407 3608 5446 an

2037 5489 2180 5543 aliud
2225 5487 2364 5558 quod
2403 5488 2564 5541 altera
2609 5485 2880 5549 habuerat,
2928 5483 3052 5539 dum
3102 5492 3277 5538 tamen
3332 5483 3611 5554 unicuique

2143 5621 2255 5671 uid.
2275 5621 2512 5689 carebant
2543 5619 2620 5668 hic
2642 5619 2921 5689 negatione,
2943 5629 3053 5683 qua
3077 5630 3139 5668 ex
3162 5625 3266 5669 Mss.
3290 5615 3578 5666 restituitur.

2144 5692 2246 5732 MSS.
2273 5684 2471 5742 habent,
2495 5686 2610 5742 tunc
2626 5679 2883 5742 mentienti.

2146 5752 2249 5794 Mss.
2274 5739 2465 5800 omnes,
2487 5739 2804 5804 disciplinam.

2237 5808 2285 5854 in
2311 5814 2414 5856 Mss.
2527 5805 2577 5853 in
2611 5800 2790 5866 negata
2813 5803 2928 5852 viris
2959 5809 3118 5864 aptata
3148 5800 3357 5864 legitur.
3377 5800 3429 5853 in
3463 5811 3607 5854 unum

2221 5883 2260 5918 s.

2154 5873 2260 5918 itus.
