4086 6350
505 389 613 447 963

507 502 648 571 quod
675 516 807 572 opus
837 512 916 560 est
940 518 1045 558 non
1080 511 1318 574 negetur.
1368 502 1424 558 Si
1450 509 1624 558 autem
1664 501 1788 558 hinc
1815 505 1952 558 inter
1988 517 2086 557 vos

508 597 875 651 contentiones
891 605 944 651 et
970 611 1234 650 murmura
1255 597 1514 661 oriuntur,
1540 605 1592 651 et
1607 599 1950 665 conqueritur
1979 598 2076 651 ali-

512 703 613 757 qua
639 690 872 744 deterius
889 688 1433 758 aliquidseaccepisse
1461 704 1615 759 quam
1641 690 1785 759 prius
1805 689 2076 755 habuerat,

505 787 560 834 et
599 779 863 848 indignam
899 796 955 834 se
978 777 1179 848 judicat
1207 795 1324 834 esse
1349 796 1466 851 qua:
1493 781 1510 812 ί
1543 781 1614 835 ita
1643 782 1917 848 vestiatur,
1949 782 2086 835 sicut

509 871 611 925 alia
643 885 795 924 soror
814 871 927 941 ejus
948 872 1302 939 vestiebatur;
1327 872 1447 927 hinc
1466 887 1562 926 vos
1588 873 1805 942 probate
1829 883 2084 942 quantum

508 962 661 1017 vobis
689 963 824 1017 desit
852 964 904 1017 in
932 963 1024 1018 illo
1047 965 1295 1020 interiore
1323 976 1507 1020 sancto
1531 965 1710 1021 habitu
1739 968 1932 1032 cordis,
1964 983 2081 1038 quae

508 1069 603 1124 pro
625 1055 802 1110 habitu
827 1058 1066 1126 corporis
1095 1059 1324 1127 litigatis.
1349 1059 1546 1114 Tamen
1564 1059 1609 1113 si
1635 1069 1810 1115 veStra
1831 1057 2085 1116 toleratur

506 1145 807 1212 in’tirniitas,
839 1155 896 1202 ut
925 1149 1027 1205 hoc
1051 1149 1317 1219 recipiatis
1335 1149 1480 1220 quod
1515 1151 1833 1221 posueratis,
1881 1153 1933 1206 in
1976 1169 2082 1207 uno

504 1246 676 1293 tamen
707 1240 821 1293 loco
845 1240 943 1296 sub
971 1242 1338 1297 communibus
1371 1241 1676 1298 custodibus
1717 1244 1906 1299 habete
1943 1245 2083 1314 quod

501 1330 724 1398 ponitis;
771 1332 840 1386 ita
885 1343 1013 1386 sane
1051 1342 1107 1387 ut
1135 1334 1276 1387 nulla
1310 1334 1406 1387 sibi
1437 1333 1630 1416 aliquid
1677 1343 1942 1402 operetur,
1973 1331 2082 1389 Sive

503 1423 644 1477 unde
675 1423 938 1492 induatur,
984 1426 1095 1480 sive
1136 1426 1221 1480 ubi
1264 1431 1458 1494 jaceat,
1505 1426 1615 1480 sive
1649 1427 1786 1481 unde
1823 1427 2079 1495 cingatur,

499 1515 582 1567 Vel
611 1516 898 1584 operiatur,
932 1517 1013 1571 vel
1043 1525 1198 1586 caput
1239 1524 1513 1588 contegat;
1561 1518 1652 1572 sed
1701 1519 1875 1573 omnia
1922 1533 2083 1588 opera

499 1615 675 1660 Vestra
709 1609 758 1660 in
781 1621 1064 1663 commune
1091 1608 1217 1661 fiant
1248 1609 1447 1677 majore
1472 1609 1647 1664 studio
1663 1617 1718 1664 et
1742 1609 2082 1678 frequentiori

496 1699 789 1766 alaeritate,
821 1716 978 1770 quam
1006 1702 1048 1754 si
1088 1701 1237 1754 Vobis
1269 1703 1478 1770 propria
1524 1701 1786 1757 faceretis.
1838 1701 2082 1757 Charitas

495 1787 636 1845 enim
662 1791 727 1846 de
752 1805 854 1862 qua
880 1795 1129 1862 scriptum
1163 1794 1408 1863 estquod
1456 1811 1554 1849 non
1595 1796 1778 1866 quwrit
1827 1811 1941 1865 quae
1990 1812 2082 1849 sua

494 1885 648 1953 sunt(
677 1882 828 1938 lCor.
860 1885 1089 1956 xm,5),
1120 1883 1198 1940 sic
1238 1885 1571 1954 intelligitur,
1619 1887 1740 1956 quia
1779 1888 2082 1943 communia

495 1976 742 2043 propriis,
767 1991 868 2029 non
894 1976 1102 2045 propria
1127 1978 1498 2032 communibus
1546 1980 1837 2048 anteponit.
1877 1980 1940 2034 Et
1963 1979 2081 2036 ideo

465 2115 470 2122 .
493 2077 690 2138 quanto
716 2070 940 2138 amplius
968 2087 1077 2125 rem
1105 2083 1439 2125 communem
1463 2083 1620 2141 quam
1642 2073 1904 2142 prepriam
1927 2089 2077 2127 cura-

493 2163 691 2226 veritis,
727 2173 871 2218 tanto
899 2165 1124 2234 amplius
1157 2177 1250 2219 Vos
1279 2163 1568 2235 profecisse
1618 2167 1901 2232 noveritis;
1942 2177 1998 2221 ut
2023 2163 2079 2221 in

492 2258 736 2312 omnibus
763 2259 952 2329 quibus
976 2261 1143 2313 utitur
1190 2259 1473 2313 transitura
1531 2262 1836 2325 necessitas,
1888 2257 2078 2329 Super-

493 2349 721 2404 emineat
749 2365 863 2420 quae
892 2361 1164 2420 permanet
1187 2351 1436 2407 Charitas.
1466 2352 1805 2423 Conchuens
1845 2367 1970 2421 ergo
1999 2363 2079 2407 est

502 2449 556 2495 ut
586 2443 742 2496 etiam
770 2442 897 2497 illud
941 2443 1081 2513 quod
1110 2445 1218 2498 suis
1248 2441 1329 2499 v'cl
1357 2444 1561 2499 filiabus
1585 2447 1666 2499 vel
1697 2447 1870 2516 aliqua
1898 2451 2081 2501 neces-

491 2532 721 2588 situdine
751 2533 816 2587 ad
847 2549 903 2590 se
933 2533 1317 2604 pertinentibus
1345 2537 1396 2591 in
1429 2538 1750 2592 monasterio
1779 2533 2079 2593 constitutis

489 2624 679 2693 aliquis
705 2624 786 2678 vel
813 2623 988 2695 aliqua
1034 2627 1336 2695 contulerit,
1368 2628 1479 2684 sive
1512 2638 1735 2696 vestem,
1766 2631 1876 2684 'sive
1901 2627 2074 2700 quod:-

487 2713 614 2770 libet
645 2716 783 2770 aliud
813 2716 949 2770 inter
975 2719 1270 2772 necessaria
1318 2718 1694 2788 deputandum,
1740 2735 1841 2774 non
1870 2722 2074 2776 occulte

489 2807 809 2876 aecipiatur;
844 2807 936 2862 sed
968 2809 1034 2862 sit
1056 2809 1106 2861 in
1138 2818 1394 2878 potestate
1425 2814 1742 2881 praeposita»,
1763 2821 1818 2867 ut
1847 2813 1897 2868 in
1929 2829 2076 2868 com-

487 2913 649 2953 mune
679 2898 968 2964 redactum,
1007 2897 1088 2955 cui
1113 2903 1133 2932 '
1157 2904 1512 2957 necessarium
1538 2904 1715 2969 fuerit,
1763 2903 2073 2974 praebeatur.

487 2991 637 3060 Quod
663 2993 706 3046 si
732 2993 903 3064 aliqua
928 3009 1041 3050 rem
1065 2995 1163 3050 sibi
1182 2993 1705 3061 coliatamrelaverit,
1739 2998 1857 3052 furti
1879 2996 2079 3067 judicio

487 3085 867 3138 condemnetur
897 3085 937 3137 ³.
2009 3154 2014 3158 ἰ

561 3178 646 3230 i5.
677 3177 987 3232 indumenta
1016 3189 1190 3233 vestra
1214 3179 1500 3233 secundum
1551 3179 1824 3234 arbitrium
1867 3195 2074 3250 pra‘po-

487 3272 602 3325 sitre
624 3272 882 3338 laventur,
910 3274 1019 3327 sive
1050 3290 1077 3326 a
1102 3273 1270 3343 vobis,
1298 3275 1407 3328 sive
1436 3290 1464 3327 a
1495 3267 1794 3337 rutilantibus,
1824 3292 1891 3330 ne
1936 3276 2075 3330 inte-

487 3364 655 3416 riores
681 3367 869 3417 animae
895 3364 1081 3419 sordes
1109 3366 1383 3418 contrahat
1415 3367 1622 3419 munda!
1667 3367 1830 3420 vestis
1882 3366 2075 3419 nimius

486 3453 772 3525 appetitus.
799 3457 1084 3510 Lavacrum
1104 3457 1259 3510 etiam
1279 3473 1584 3527 corporum,
1607 3474 1837 3527 ususque
1866 3457 2076 3511 balnea-

491 3563 607 3599 rmn
639 3563 739 3601 non
771 3547 838 3600 sit
863 3549 1126 3611 assiduus,
1157 3549 1249 3603 sed
1268 3565 1331 3603 eo
1358 3565 1460 3616 quo
1491 3550 1625 3603 solet
1648 3550 1921 3602 intervallo
1945 3559 2075 3603 tem-

491 3638 633 3706 poris
659 3639 940 3705 tribuatur,
962 3640 1060 3694 hoc
1090 3648 1187 3702 est,
1213 3640 1374 3693 semel
1395 3641 1445 3692 in
1473 3655 1676 3693 mense.
1708 3639 1870 3707 Cujus
1899 3652 2073 3694 autem

489 3726 808 3781 inﬁrmitatis
852 3729 1138 3782 necessitas
1186 3730 1324 3799 cogit
1365 3730 1639 3782 lavandum
1689 3746 1910 3798 Corpus,
1967 3737 2072 3782 non

487 3821 694 3890 iungitis
719 3821 990 3875 dilTeratur
1010 3841 1019 3874 :
1043 3822 1131 3876 fiat
1151 3822 1261 3874 sine
1292 3835 1557 3876 murmure
1581 3821 1646 3876 de
1668 3825 1888 3876 consilio
1913 3819 2079 3877 medi-

489 3912 558 3978 ci,
590 3912 658 3966 ita
689 3923 742 3965 ιιι
770 3913 926 3966 etiam
955 3914 998 3966 Si
1032 3914 1179 3974 Itoiit,
1203 3913 1421 3981 jubetite
1449 3914 1724 3982 pra:p0sila
1759 3913 1912 3968 faciat
1934 3913 2070 3983 quod

488 4005 784 4061 faciendum
815 4015 896 4060 est
924 4021 1016 4076 pro
1037 4006 1222 4060 salute.
1249 4005 1301 4060 Si
1333 4007 1506 4059 autem
1533 4005 1672 4070 vriil,
1706 4015 1755 4060 et
1788 4005 1920 4060 forte
1967 4023 2068 4060 non

489 4099 739 4167 expedit,
796 4113 906 4153 suae
963 4097 1231 4166 cupiditati
1291 4115 1393 4151 non
1451 4095 2074 4166 (iiitNiiallli‘:ﬂiitlllulitio

490 4189 629 4245 enim
660 4191 863 4243 etiamsi
895 4199 1100 4255 noceat,
1127 4189 1377 4258 prodrsse
1405 4189 1633 4242 creditur
1659 4189 1796 4258 quod
1825 4188 2069 4243 delectat.

492 4283 728 4353 Denique
755 4283 797 4336 si
822 4283 988 4336 latens
1007 4291 1086 4336 est
1107 4281 1258 4335 dolor
1288 4282 1336 4333 in
1362 4296 1583 4350 Corpore
1610 4281 1814 4334 i'amul.r
1846 4281 1956 4344 Dei,
1989 4281 2071 4335 di-

489 4375 628 4428 centi
657 4375 779 4444 quid
803 4374 899 4428 sibi
923 4375 1119 4440 doleat,
1149 4372 1262 4427 sine
1295 4373 1619 4428 dubitatione
1658 4373 1905 4427 credatur
1937 4393 1948 4426 :
1979 4354 2081 4428 sed‘

492 4476 666 4520 tamen
691 4475 864 4520 utrum
898 4467 1132 4521 sanando
1163 4467 1233 4520 illi
1256 4466 1444 4532 dolori,
1474 4467 1610 4535 quod
1635 4466 1879 4530 delectat,
1914 4482 2075 4535 expe-

492 4557 617 4619 diat,
644 4557 686 4611 si
710 4575 815 4611 non
843 4566 924 4611 est
953 4567 1174 4623 certum,
1207 4559 1440 4613 medicus
1467 4560 1787 4612 cimsulatur.
1818 4559 1926 4613 Nec
1953 4569 2074 4614 eant

491 4653 554 4706 ad
577 4653 810 4719 balneas,
836 4653 946 4706 sive
973 4668 1304 4722 quocumque
1336 4653 1413 4707 ire
1443 4667 1657 4706 necesse
1681 4651 1859 4717 fuerit,
1897 4653 2076 4708 minus

490 4760 647 4814 quam
671 4752 800 4798 tres.
830 4742 935 4796 Nec
963 4744 1046 4796 illa
1071 4760 1186 4812 quze
1216 4743 1370 4796 habet
1399 4743 1570 4812 aliqua
1606 4744 1761 4796 eundi
1786 4746 2074 4799 necessita-

491 4843 614 4891 tem.
647 4850 764 4888 Cum
787 4833 980 4904 quibus
1003 4835 1108 4902 ipsa
1129 4833 1370 4896 voluerit,
1399 4833 1490 4887 sed
1513 4850 1630 4888 cum
1650 4834 1836 4904 quibus
1865 4851 2077 4905 prmpo-

488 4928 589 4982 sita
615 4927 851 4996 jusserit,
879 4929 955 4997 irp
990 4927 1220 4981 debebit.
1246 4927 1634 4998 A'Zgrotaminm
1666 4944 1789 4982 cura
1817 4929 1926 4982 sive
1957 4939 2074 4999 post

486 5019 853 5086 aegritudinem
899 5019 1319 5085 reﬁciendarum,
1349 5019 1457 5073 sive
1484 5020 1653 5090 aliqua
1715 5021 2072 5076 imbecillitate

486 5113 644 5168 etiam
675 5115 789 5168 sine
819 5115 1046 5169 febribus
1074 5114 1445 5179 labormitinm,
1473 5113 1624 5166 alicui
1648 5099 1806 5168 debet
1849 5114 2069 5185 injungi,

487 5212 544 5258 ut
573 5203 683 5275 ipsa
715 5203 780 5259 de
819 5205 1032 5259 cellario
1060 5213 1202 5275 petat
1230 5205 1366 5274 quod
1391 5207 1579 5274 cuique
1619 5220 1750 5274 opus
1798 5222 1917 5260 esse
1949 5224 2071 5275 per-

485 5280 752 5368 spexerit;
779 5297 890 5352 sive
909 5305 1086 5352 autem
1112 5313 1228 5367 qua:
1254 5297 1488 5364 cellario,
1523 5296 1634 5352 sive
1661 5313 1779 5368 qua:
1811 5295 2065 5364 vestibus,

535 5494 566 5564 ,ί
583 5494 664 5569 ‘sic
682 5499 790 5545 Mss.
814 5495 961 5545 vatic.
993 5501 1051 5544 At
1085 5493 1196 5543 add.
1223 5499 1276 5543 et
1309 5494 1522 5544 virorum
1545 5491 1746 5569 regina,
1781 5507 1876 5545 non
1904 5493 1972 5546 ita
1994 5509 2071 5546 ve-

547 5619 568 5649 ¹
589 5617 722 5676 de.,
735 5630 844 5666 cum
862 5616 1181 5668 necessarimn
1202 5614 1361 5678 fuerit.
1376 5615 1466 5664 Sed
1484 5614 1660 5667 melius
1671 5617 1906 5678 Mss.,cui,
1928 5626 1979 5668 et
2000 5621 2068 5670 sic

485 5679 611 5730 haud
642 5679 790 5729 dubie
831 5678 1030 5741 legebat
1067 5688 1110 5727 s.
1139 5677 1439 5738 Benedictus,
1463 5679 1546 5741 qui
1584 5683 1933 5741 prazceptiones
1957 5682 2068 5732 hinc

486 5755 582 5792 non
615 5740 989 5813 paumsnatque
1015 5741 1150 5813 illam
1187 5743 1338 5813 ipsam
1380 5743 1454 5813 sic
1483 5740 2066 5813 ’traustt‘i‘litliinﬁegulam

484 5801 638 5862 suam,
654 5817 767 5867 cap.
788 5803 879 5852 :
908 5801 1155 5867 irtubbtttis
1178 5801 1239 5853 sit
1261 5808 1500 5864 pateslate,
1522 5802 1600 5867 qui
1619 5802 1742 5853 illud
1750 5801 2062 5867 jubeat'dari.

553 5867 574 5897 ³
591 5865 759 5916 lsduec
779 5866 1027 5914 sententia
1046 5864 1185 5913 abest
1200 5878 1228 5927 a
1245 5872 1348 5913 MSS.
1376 5864 1631 5914 nonnullis.

1737 389 1795 446 S.
1835 375 2200 446 AUGUSTINI
2240 386 2544 445 EPISCOPI

3663 389 3777 461 96a

2193 500 2302 556 sive
2329 517 2444 572 qua:
2473 504 2739 560 codicibus
2769 519 3162 576 praeponuntur,
3199 511 3313 569 sine
3355 507 3630 571 murmure
3663 535 3782 574 ser-

2192 590 2338 646 viant
2355 593 2626 650 sororibus
2647 596 2775 650 suis.
2807 595 3028 653 Codices
3051 607 3187 654 certa
3207 602 3334 656 hora
3350 606 3572 676 singulis
3585 609 3777 666 diebus

2191 694 2468 752 petantur;
2496 696 2641 741 extra
2665 688 2846 743 horam
2867 707 2984 760 qua:
3011 693 3288 761 petiverint
3335 713 3439 751 non
3483 702 3774 771 accipiant.

2191 775 2513 832 Vestimenta
2543 796 2668 834 vero
2692 789 2745 835 et
2781 783 3134 839 calceamenta
3173 788 3386 857 quando
3411 790 3608 847 furrint
3635 795 3772 849 indi-

2187 869 2328 938 genti
2360 873 2673 939 necessaria,
2692 873 2820 929 dare
2841 887 2944 931 non
2966 878 3209 934 diﬂ'eran‘t
3229 884 3326 938 sub
3347 899 3569 954 quarum
3592 898 3756 944 cusm

2189 959 2271 1012 dia
2291 973 2410 1014 sunt
2426 977 2542 1032 qme
2568 974 2873 1033 poscmitur.

2262 1055 2344 1108 14.
2389 1055 2529 1110 Lites
2550 1068 2640 1112 aut
2669 1059 2837 1113 nullas
2867 1059 3130 1130 habeatis,
3163 1072 3253 1119 aut
3288 1065 3444 1138 quam
3475 1071 3769 1131 celerrime

2189 1142 2404 1209 finiatis,
2434 1159 2500 1201 ne
2529 1148 2601 1201 ira
2629 1161 2832 1204 crescat
2857 1151 2910 1205 in
2938 1153 3116 1208 odium
3137 1199 3150 1220 ,
3173 1165 3226 1210 et
3264 1153 3464 1214 trabem
3501 1159 3663 1218 faciat
3708 1167 3780 1222 de

2187 1233 2407 1300 festuca,
2441 1249 2495 1294 et
2524 1242 2750 1297 animam
2783 1243 2938 1299 faciat
2966 1245 3302 1303 homicidam.
3326 1246 3508 1321 Neque
3534 1256 3681 1310 enim
3709 1261 3776 1313 ad

2189 1329 2331 1382 solos
2359 1330 2498 1386 viros
2533 1334 2760 1399 pertinet
2795 1331 2934 1404 quod
2962 1335 3215 1407 Scriptura
3243 1351 3356 1408 est,
3391 1343 3490 1408 Qui
3519 1347 3630 1399 odit
3659 1353 3775 1417 fra-

2189 1429 2310 1472 trem
2353 1438 2533 1490 suum,
2578 1426 2826 1480 homicida
2866 1438 2938 1481 est
2975 1429 3024 1500 (i
3047 1423 3203 1485 Joan.
3235 1449 3317 1498 111,
3345 1435 3431 1508 15)
3460 1456 3470 1490 :
3500 1433 3593 1492 sed
3643 1456 3779 1496 sexu

2187 1511 2497 1577 masculino,
2531 1527 2686 1583 quem
2717 1517 2940 1584 primum
2973 1520 3109 1574 Deus
3143 1517 3298 1586 fecit,
3319 1526 3479 1580 etiam
3506 1527 3778 1586 femineus

2185 1613 2507 1669 praeceptum
2555 1619 2713 1659 sexus
2755 1608 2976 1676 accepit.
3005 1608 3363 1682 Quacumque
3392 1609 3655 1684 cenviCio,
3691 1622 3776 1676 vel

2187 1693 2498 1762 maledicto,
2532 1697 2613 1751 vel
2639 1698 2794 1752 etiam
2823 1695 3058 1756 criminis
3087 1702 3328 1772 objectu,
3360 1707 3583 1762 alteram
3613 1711 3773 1766 laese-

2185 1784 2287 1851 rit,
2322 1787 2618 1841 meminerit
2653 1789 3009 1848 satisfactione
3051 1789 3360 1864 quantocim
3399 1792 3589 1856 curare
3627 1804 3774 1873 quod

2189 1874 2338 1940 fecit,
2370 1884 2424 1932 et
2451 1878 2536 1930 illa
2571 1885 2688 1949 qua:
2717 1881 2839 1935 laesa
2869 1887 2980 1948 est,
3010 1886 3125 1940 sine
3167 1887 3548 1958 di3ceptatione
3593 1894 3778 1950 dimit-

2186 1971 2319 2021 tere.
2347 1967 2401 2023 Si
2429 1981 2604 2024 autem
2635 1971 2855 2027 invicem
2884 1987 2941 2030 se
2967 1976 3248 2046 laeserunt,
3278 1982 3501 2037 invicem
3532 1986 3634 2040 sibi
3677 1987 3775 2043 de-

2184 2055 2292 2110 bita
2335 2059 2574 2116 relaxare
2613 2062 2909 2130 debebunt,
2961 2079 3174 2139 propter
3211 2073 3478 2131 orationes
3525 2088 3770 2148 vestras;

2183 2157 2318 2218 quas
2337 2152 2514 2222 utique
2535 2163 2729 2222 quanto
2750 2157 3045 2214 crebriores
3063 2160 3289 2232 habetis,
3312 2175 3457 2222 tanto
3477 2173 3774 2229 sanctiores

2186 2238 2382 2294 habere
2422 2241 2643 2299 debetis.
2673 2245 2855 2302 Melior
2897 2257 2978 2304 e‘St
3022 2261 3196 2307 autem
3245 2272 3362 2326 quae
3404 2263 3647 2330 quamvis
3694 2265 3774 2320 ira

2183 2345 2328 2401 saepe
2359 2343 2605 2400 tentatur,
2635 2347 2806 2393 tamen
2837 2342 3116 2411 impetrare
3138 2346 3350 2403 i‘esrinat
3374 2357 3430 2406 ut
3458 2353 3557 2408 sibi
3585 2355 3772 2411 dimit-

2183 2433 2260 2478 tat
2284 2427 2366 2480 cui
2397 2443 2455 2482 se
2477 2427 2663 2486 fecisse
2689 2437 2926 2503 agnuscit
2953 2437 3216 2506 iniuriam,
3241 2442 3398 2511 quam
3423 2461 3541 2515 quae
3567 2449 3774 2506 tardius

2185 2513 2449 2584 irascitur,
2481 2531 2534 2575 et
2554 2522 2620 2576 ad
2642 2526 2848 2579 veniam
2873 2531 3150 2596 petendam
3171 2513 3767 2595 difliciliusvinciinatur.

2185 2606 2314 2674 Quin
2347 2611 2457 2664 non
2499 2613 2608 2667 vult
2651 2614 2916 2673 dimittere
2953 2625 3152 2686 sorori,
3179 2631 3286 2678 non
3317 2635 3498 2696 speret
3523 2630 3774 2700 accipere

2189 2701 2444 2756 orationis
2472 2704 2717 2760 eii'cctnm
2741 2724 2753 2760 :
2778 2721 2895 2779 quin
2915 2717 3088 2767 autem
3121 2729 3388 2786 nunquam
3436 2721 3550 2774 vult
3585 2734 3771 2791 petere

2187 2793 2428 2861 veniam,
2457 2807 2548 2850 aut
2574 2803 2680 2852 non
2725 2811 2787 2854 ex
2828 2803 3004 2856 animo
3048 2807 3209 2874 petit,
3240 2809 3356 2864 sine
3400 2825 3556 2865 causa
3595 2823 3678 2868 est
3715 2815 3771 2871 in

2185 2891 2544 2956 monasterio,
2592 2894 2797 2948 etiamsi
2839 2911 2943 2952 non
2986 2897 3110 2953 inde
3153 2901 3482 2971 'projiciatur.
3535 2901 3772 2963 Proinde

2183 2980 2336 3036 vobis
2363 2981 2392 3036 ξι
2420 2984 2598 3038 verbis
2625 2985 2928 3043 durioribus
2957 2992 3183 3059 parcite;
3210 3009 3328 3063 quae
3357 2997 3400 3049 si
3430 2995 3624 3052 emissa
3658 3000 3774 3056 fue-

2181 3072 2290 3125 rint
2310 3083 2375 3128 ex
2390 3089 2483 3129 ore
2497 3084 2694 3142 vestro,
2727 3091 2829 3132 non
2862 3080 3034 3150 pigeat
3049 3096 3115 3137 ex
3146 3084 3259 3152 ipso
3275 3077 3369 3141 ore
3386 3083 3628 3156 proferre
3651 3107 3772 3146 mc-

2181 3163 2499 3246 d‘icamenta,
2529 3183 2592 3222 ex
2621 3184 2726 3240 quo
2753 3171 2886 3226 facta
2915 3182 3038 3228 sunt
3065 3175 3304 3233 vulnera.
3338 3179 3559 3246 Quando
3587 3197 3768 3241 autem

2178 3241 2472 3312 necessitas
2494 3256 2788 3329 disciplinae
2820 3263 3110 3320 minoribus
3133 3265 3448 3325 coercendis
3473 3260 3656 3330 dicere
3677 3293 3771 3331 vos

2182 3350 2342 3403 verba
2382 3351 2510 3405 dura
2541 3355 2828 3423 compellit,
2858 3357 2902 3410 si
2941 3359 3097 3412 etiam
3141 3361 3193 3414 in
3237 3360 3368 3430 ipsis
3409 3365 3628 3421 modum
3672 3385 3769 3424 vos

2181 3437 2474 3496 excessiSse
2505 3445 2710 3498 sentitis
2729 3487 2743 3511 ,
2769 3459 2870 3500 non
2905 3461 2934 3501 a
2964 3451 3113 3504 vobis
3139 3452 3364 3523 exigitur
3390 3465 3447 3510 ut
3479 3457 3548 3512 ab
3573 3459 3653 3514 eis
3678 3477 3771 3515 ve-

2180 3533 2323 3586 niam
2350 3537 2649 3603 postuletis,
2673 3554 2742 3592 ne
2773 3541 2908 3608 apud
2934 3553 3026 3596 eas
3053 3559 3184 3613 quas
3214 3549 3427 3616 Oportet
3467 3565 3587 3606 esse
3633 3555 3764 3609 sub-

2174 3623 2374 3694 jectas,
2407 3626 2532 3680 dum
2567 3627 2723 3682 nimia
2752 3643 2990 3687 :ervatur
3018 3633 3320 3705 humilitas,
3359 3642 3574 3709 regendi
3618 3642 3766 3699 fran-

2181 3725 2333 3786 gatur
2373 3719 2702 3776 auctoritas:
2744 3723 2837 3777 sed
2881 3733 3052 3780 tamen
3101 3730 3321 3797 petenda
3365 3744 3448 3787 est
3495 3737 3649 3792 venia
3697 3739 3767 3794 ab

2181 3810 2415 3862 omnium
2445 3812 2689 3871 Domino.
2722 3817 2806 3882 qui
2842 3819 2984 3871 novit
3009 3823 3165 3874 etiam
3193 3839 3282 3876 eas
3312 3840 3445 3894 quas
3474 3828 3594 3897 plus
3619 3830 3765 3900 justo

2181 3899 2316 3955 forte
2341 3904 2624 3972 corripitis,
2639 3909 2827 3975 quanta
2858 3909 3220 3967 benevolentia
3250 3915 3498 3986 diligatis.
3521 3899 3637 3974 Non
3662 3939 3762 3975 au-

2183 4000 2286 4044 tem
2316 3995 2561 4055 carnalis,
2594 3996 2685 4048 sed
2712 3999 2998 4065 Spiritualis
3025 4002 3162 4056 inter
3190 4019 3283 4058 vos
3307 4006 3465 4061 debet
3508 4025 3631 4065 esse
3674 4012 3762 4065 di-

2180 4081 2336 4136 lectio
2361 4101 2375 4137 :
2399 4095 2517 4138 nam
2557 4101 2674 4155 qua:
2720 4089 2910 4143 faciunt
2943 4093 3157 4159 pudoris
3193 4095 3532 4152 immemores
3554 4142 3568 4166 ,
3597 4104 3763 4158 etiam

2180 4171 2390 4227 feminis
2419 4175 2646 4244 feminum,
2675 4180 2900 4249 jocandu
2932 4186 3152 4253 turpiter
3180 4197 3230 4240 et
3259 4187 3509 4258 ludendo,
3540 4209 3646 4248 non
3678 4210 3766 4249 so-

2180 4265 2286 4318 lum
2319 4279 2346 4317 a
2376 4267 2545 4322 viduis
2574 4281 2626 4323 et
2659 4271 2866 4326 intactis
2892 4276 3096 4328 ancillis
3116 4276 3312 4333 Christi
3340 4280 3389 4334 in
3420 4294 3604 4338 sancto
3632 4302 3762 4356 pro-

2182 4358 2353 4425 pesito
2377 4363 2676 4416 censtitutis
2697 4405 2710 4427 ,
2739 4363 2832 4418 sed
2873 4369 3089 4422 omnino
3119 4383 3219 4424 nec
3245 4386 3274 4423 a
3303 4373 3610 4430 mulieribus
3659 4395 3761 4431 nu-

2181 4450 2304 4516 ptis,
2338 4466 2434 4504 nec
2459 4467 2487 4506 a
2519 4454 2809 4524 virginibus
2831 4468 2950 4510 sunt
2985 4459 3220 4515 facienda
3250 4465 3508 4532 nupturis.

2254 4543 2340 4598 15.
2385 4543 2687 4613 Praepositae
2734 4557 2981 4618 tanquam
3032 4553 3186 4606 matri
3223 4555 3517 4624 obediatur,
3553 4557 3761 4618 honore

2181 4644 2407 4700 servato,
2433 4647 2500 4692 ne
2529 4637 2578 4690 in
2608 4637 2696 4691 ilia
2727 4639 3022 4696 offendatur
3043 4641 3182 4698 Deus
3208 4664 3218 4698 :
3245 4647 3410 4701 n‘mito
3439 4652 3608 4720 magis
3649 4649 3764 4722 pre-

2181 4724 2396 4796 shytcro
2439 4728 2526 4797 qui
2567 4730 2803 4784 omnium
2835 4742 3066 4788 vestrum
3110 4751 3288 4791 curam
3335 4739 3486 4808 gerit.
3523 4742 3591 4797 Ut
3633 4761 3764 4813 ergo

2181 4828 2369 4872 cuncta
2395 4819 2490 4873 ista
2520 4831 2814 4890 serventur,
2845 4833 2898 4878 ct
2926 4823 2968 4880 Si
2994 4828 3118 4897 quid
3148 4843 3410 4884 servatum
3441 4849 3543 4887 non
3579 4835 3760 4902 fuerit,

2182 4923 2283 4962 non
2316 4912 2638 4980 negligenter
2667 4923 3028 4984 prtetereatur,
3057 4919 3148 4973 3rd
3177 4922 3562 4978 emendandum
3594 4927 3764 4982 corri-

2179 5001 2511 5072 gendumque
2527 4999 2756 5070 curetur,
2780 5007 2842 5061 ad
2868 5012 3201 5080 prmpositam
3226 5016 3486 5084 praecipue
3509 5019 3757 5085 pertinet,

2178 5092 2247 5146 ita
2273 5103 2327 5147 ut
2360 5095 2423 5148 ad
2453 5096 2816 5167 presbyterum
2848 5100 2934 5166 qui
2964 5099 3110 5156 vobis
3138 5103 3375 5169 intendit,
3401 5103 3598 5161 referat
3621 5109 3760 5178 quod

2177 5183 2392 5240 modum
2423 5187 2504 5241 vel
2529 5186 2668 5242 vires
2704 5187 2819 5258 ejus
2847 5191 3072 5246 excedit.
3103 5193 3218 5262 ipsa
3244 5210 3372 5249 vero
3399 5212 3503 5251 non
3545 5212 3604 5252 se
3642 5200 3759 5254 exi-

2175 5277 2353 5332 Sthnet
2383 5286 2639 5347 potestate
2678 5278 3020 5348 dominante,
3064 5285 3156 5339 sed
3196 5287 3454 5343 charitate
3492 5291 3760 5356 serviente

2174 5367 2403 5425 felicem.
2439 5369 2650 5426 Ilonore
2676 5386 2852 5428 coram
2881 5374 3183 5431 hominibus
3221 5379 3433 5446 prmlata
3466 5381 3534 5434 sit
3561 5368 3755 5449 vobis;

2177 5462 2365 5517 timore
2414 5464 2426 5494 ¹
2474 5475 2650 5516 coram
2699 5463 2806 5520 Deo
2849 5467 3113 5521 substrata
3162 5469 3232 5522 sit
3273 5469 3494 5538 pedibus
3539 5473 3753 5529 vestris.

2173 5557 2325 5612 Circa
2377 5571 2562 5613 omnes
2614 5572 2672 5612 se
2717 5559 2882 5627 ipsam
2936 5559 3195 5615 bonorum
3254 5575 3472 5631 operum
3520 5561 3757 5632 praebeat

2171 5651 2472 5720 exemplum
2502 5649 2626 5721 (Tit.
2653 5665 2710 5714 11,
2741 5649 2816 5718 7).
2847 5649 3110 5721 Corripiat
3140 5653 3421 5722 inquietas,
3449 5658 3755 5713 consoletur

2237 5807 2254 5838 ί
2270 5807 2380 5856 Fdd.
2399 5809 2640 5865 omittunt,
2655 5807 2838 5858 timore.
2863 5816 3009 5866 Quam
3031 5815 3201 5860 vocem
3223 5811 3318 5862 huc
3336 5819 3674 5868 remeavimus
3690 5828 3748 5871 ct

2171 5881 2272 5919 uno
2293 5882 2323 5919 e
2465 5871 2605 5919 \‘atic.
2634 5878 2683 5920 et
2709 5885 2770 5920 ex
2797 5872 2972 5934 Regula
2989 5873 3101 5922 viris
3118 5876 3484 5928 accommodata.
