4120 6358
342 385 448 442 965

344 500 725 571 pusillanimes,
753 503 1006 573 suscipiat
1029 503 1286 570 infirmas,
1313 503 1515 574 patiens
1545 506 1614 558 sit
1641 504 1708 558 ad
1739 518 1928 559 omnes

342 593 400 662 (Ι
433 591 607 650 Thess.
634 612 690 662 v,
715 587 828 667 14),
855 597 1190 668 disciplinam
1230 599 1400 654 libens
1429 600 1649 662 habeat,
1686 608 1929 654 metuens

340 689 596 759 imponat.
613 691 932 762 thuamvis
960 701 1244 762 utrumque
1265 693 1728 758 situecessarium,
1749 703 1924 748 tamen

339 783 458 853 plus
487 799 518 838 a
545 781 694 836 vobis
733 785 898 838 amari
928 795 1142 855 appetat
1169 802 1326 856 quam
1357 787 1568 852 timeri;
1595 801 1810 855 semper
1833 802 1925 842 co-

337 877 509 946 gitans
539 875 650 932 Deo
687 891 744 930 se
775 893 870 946 pro
909 879 1061 934 vobis
1105 879 1432 935 reddituram
1477 895 1597 936 esse
1641 883 1920 936 rationem.

337 965 489 1021 Unde
512 968 679 1038 magis
705 969 1000 1026 obediendo
1027 987 1130 1026 non
1157 973 1326 1026 solum
1349 973 1532 1041 vestri,
1555 989 1738 1029 verum
1764 974 1922 1029 etiam

335 1057 504 1131 ipsius
533 1061 896 1128 miseremini;
925 1065 1046 1134 quia
1077 1065 1215 1120 inter
1241 1081 1336 1121 vos
1367 1075 1564 1136 quanto
1595 1069 1646 1122 in
1671 1069 1786 1124 loco
1829 1083 1918 1124 su-

337 1153 568 1221 periore,
594 1163 738 1208 tanto
764 1155 818 1209 in
847 1157 1080 1226 periculo
1113 1159 1310 1229 majore
1339 1169 1600 1216 versatur.

409 1247 498 1300 16.
540 1246 710 1302 Donet
745 1248 998 1304 Dominus
1025 1252 1399 1308 ut'observetis
1437 1253 1551 1308 haec
1593 1256 1770 1310 omnia
1801 1267 1920 1310 cum

329 1331 622 1395 dilectione
651 1349 900 1411 tanquam
928 1344 1220 1412 spiritualis
1253 1345 1660 1414 pulchritudinis
1698 1349 1920 1402 amatri-

333 1447 444 1498 ces,
476 1442 528 1487 et
557 1431 696 1488 bono
718 1433 912 1490 Christi
943 1435 1104 1491 odore
1133 1438 1200 1492 de
1226 1437 1364 1492 bona
1391 1441 1794 1496 conversatione
1815 1437 1922 1494 fia-

333 1536 566 1596 grautes,
599 1543 700 1582 non
730 1528 868 1584 sicut
891 1529 1096 1584 ancillae
1123 1530 1222 1585 sub
1247 1531 1366 1601 lege
1387 1573 1400 1596 ,
1427 1532 1522 1586 sed
1559 1531 1698 1587 sicut
1739 1534 1920 1588 liberae

334 1617 432 1672 sub
461 1620 626 1690 gratia
655 1621 974 1675 constitutae.
1005 1621 1073 1676 Ut
1113 1632 1288 1677 autem
1333 1623 1384 1678 in
1431 1623 1532 1678 hoc
1573 1625 1756 1680 libello
1803 1633 1920 1678 tan-

332 1724 490 1780 quam
515 1709 566 1764 iu
590 1712 808 1780 speculo
827 1728 922 1768 vos
937 1714 1150 1782 possitis
1177 1715 1460 1784 inspicere,
1480 1731 1546 1770 ne
1577 1731 1673 1786 per
1699 1715 1922 1772 oblivio-

338 1816 460 1855 nem
490 1803 690 1874 aliquid
713 1804 1026 1876 ncgligatis,
1061 1807 1228 1860 semel
1258 1809 1312 1862 in
1338 1810 1634 1877 septimana
1665 1809 1816 1864 vobis
1843 1811 1920 1864 le-

331 1902 485 1962 gatur
508 1911 520 1946 :
546 1903 601 1950 et
627 1893 716 1950 ubi
745 1912 840 1952 vos
873 1897 1184 1952 inveneritis
1221 1913 1284 1954 ea
1313 1915 1430 1968 quae
1459 1901 1652 1969 scripta
1683 1909 1808 1955 sunt
1837 1899 1912 1954 fa-

332 1987 534 2042 cientes
566 2029 582 2054 ,
641 1989 781 2060 agite
831 1990 1028 2062 gratias
1082 1991 1304 2046 Domino
1375 1992 1634 2047 bonorum
1683 1995 1919 2047 omnium

333 2079 608 2150 largitori;
637 2081 726 2136 ubi
774 2090 950 2137 autem
991 2084 1090 2138 sibi
1129 2099 1478 2154 quascumque
1505 2093 1738 2139 vestrum
1780 2085 1921 2140 Videt

333 2171 520 2227 deesse
544 2171 764 2244 aliquid,
789 2172 968 2228 doleat
994 2174 1063 2230 de
1091 2175 1381 2246 praeterito,
1407 2185 1590 2231 caveat
1615 2176 1682 2231 de
1719 2178 1916 2244 futuro,

333 2281 492 2318 orans
523 2275 577 2320 ut
605 2274 661 2322 et
687 2265 922 2322 debitum
949 2267 1266 2336 dimittatur,
1285 2271 1414 2324 etin
1447 2270 1789 2326 tentatiouem
1813 2281 1918 2324 non

333 2357 628 2414 inducatur.

802 2473 1130 2529 EPISTOLA
1171 2471 1352 2530 ccxu
1391 2477 1411 2498 ί
1450 2473 1549 2548 (α).

335 2587 644 2657 Augustinus
673 2586 1004 2652 Quintiliano,
1029 2589 1340 2642 commendat
1360 2595 1568 2641 matrem
1589 2585 1786 2642 riduain
1808 2607 1922 2657 cum

406 2683 515 2752 ﬁlia
535 2682 746 2754 virgine,
774 2697 886 2753 quae
913 2679 1202 2754 deferebant
1229 2681 1468 2750 reliquias
1495 2681 1744 2748 Stephani
1781 2699 1921 2736 mar-

407 2775 550 2845 tyris.

336 2859 562 2922 Domino
604 2865 940 2930 beatissimo,
970 2875 1024 2921 et
1079 2867 1276 2922 merito
1338 2863 1623 2920 venerabili
1671 2867 1818 2920 fratri
1870 2876 1926 2922 et

407 2959 724 3027 coepiscopo
749 2957 1097 3024 QUINTILIANO
1129 2957 1145 2988 ¹
1165 2999 1180 3024 ,
1216 2955 1549 3012 Aucusrtsus
1569 2999 1584 3023 ,
1617 2959 1666 3010 in
1703 2959 1924 3011 Domino

414 3051 636 3104 salutem
647 3091 660 3105 .

412 3165 760 3224 llonorabiles
779 3165 871 3221 Dei
894 3165 1139 3232 famulas,
1166 3177 1218 3223 et
1243 3168 1474 3236 pretiosa
1495 3168 1515 3198 ¹
1539 3166 1732 3221 Christi
1759 3183 1926 3222 mem-

342 3261 461 3327 bra,
489 3247 696 3316 Gallam
733 3260 943 3314 viduam
982 3260 1148 3314 sancti
1192 3261 1476 3330 prepositi,
1505 3263 1568 3314 'et
1605 3261 1719 3330 ejus
1765 3262 1924 3314 filiam

339 3353 718 3422 Simpliciolam
761 3353 1016 3421 virginem
1063 3368 1301 3416 sacram,
1343 3353 1498 3406 matri
1544 3363 1700 3408 (etate
1743 3354 1926 3408 subdi-

343 3451 484 3510 tam,
514 3443 796 3498 sanctitate
835 3443 1105 3512 praelatum
1129 3485 1143 3508 ,
1176 3459 1304 3513 quas
1346 3445 1511 3498 verbo
1553 3446 1754 3500 Domini
1799 3447 1929 3500 alui-

342 3551 458 3588 mus
483 3543 538 3588 ut
558 3535 846 3603 potuimus,
869 3533 1204 3588 Veneratioui
1230 3545 1332 3590 tuae
1355 3537 1404 3589 in
1422 3535 1618 3590 Christi
1645 3537 1930 3592 dilectione

343 3625 679 3691 commendo,
704 3635 758 3681 et
779 3634 1026 3696 tanquam
1051 3643 1168 3681 mea
1195 3645 1350 3682 manu
1381 3644 1472 3697 per
1493 3628 1626 3682 hanc
1653 3631 1928 3698 epistolam

343 3719 494 3774 trado
523 3719 908 3786 consolandas,
957 3731 1008 3774 et
1053 3721 1104 3774 iu
1137 3720 1382 3776 omnibus
1427 3721 1931 3792 adjuvandas,qu:e

343 3811 542 3867 utilitas
581 3826 763 3867 earum
803 3811 888 3865 vel
930 3813 1221 3866 necessitas
1275 3813 1505 3882 postulat
1534 3830 1546 3865 :
1571 3813 1708 3882 quod
1737 3823 1788 3870 ct
1819 3815 1932 3868 sine

345 3920 460 3958 mea
491 3904 952 3958 cenimendatiouc
995 3904 1176 3972 procul
1219 3903 1381 3959 dubio
1425 3905 1622 3958 faceret
1668 3905 1933 3960 Sanctitas

345 4006 452 4052 tua.
481 3995 536 4052 Si
565 3997 706 4052 enim
747 4013 842 4051 nos
875 4007 1092 4066 prOpter
1119 4013 1400 4066 supernam
1430 3997 1722 4052 Jerusalem
1743 4043 1755 4060 ,
1783 4000 1934 4072 cujus

345 4105 442 4144 nos
471 4105 660 4146 orn-nes
685 4089 829 4144 cives
857 4105 1039 4143 smnus
1060 4129 1075 4156 ,
1109 4098 1160 4142 et
1189 4089 1239 4141 in
1267 4105 1370 4158 qua
1411 4092 1798 4160 concupierunt
1839 4093 1935 4146 ha-

344 4181 473 4236 bere
497 4181 887 4237 excellentioris
912 4179 1208 4234 sanctitatis
1236 4181 1408 4234 locum
1433 4223 1445 4244 ,
1473 4197 1576 4234 non
1605 4182 1776 4236 solum
1807 4183 1936 4236 civi-

345 4289 498 4338 cum,
528 4288 711 4327 verum
743 4273 900 4327 etiam
929 4270 1223 4326 fraternum
1249 4273 1325 4326 eis
1355 4272 1612 4328 debemus
1641 4271 1886 4327 affectum
1915 4290 1930 4326 ε

347 4373 547 4434 quanto
575 4365 743 4438 magis
774 4380 867 4419 vos
889 4408 904 4432 ,
942 4365 1080 4434 apud
1114 4379 1247 4434 quos
1285 4380 1467 4419 carum
1508 4367 1670 4420 etiam
1711 4367 1936 4422 carnalis

347 4467 428 4513 est
459 4458 622 4527 patria
648 4498 661 4522 ,
701 4457 753 4512 in
791 4474 894 4529 qua
925 4459 1234 4512 szecularem
1267 4458 1596 4513 nobilitatem
1622 4477 1714 4528 pro
1740 4461 1938 4516 Christi

347 4565 530 4604 amore
580 4557 932 4604 contemnunt
983 4549 1212 4604 dominae
1263 4550 1406 4606 illa)?
1443 4550 1684 4606 Officium
1725 4569 1938 4625 quoque

353 4642 687 4696 salutationis
717 4658 810 4711 per
837 4641 956 4697 illas
984 4659 1160 4696 meum
1190 4659 1248 4697 ea
1276 4643 1532 4698 charitate
1559 4654 1678 4714 peto
1706 4645 1940 4716 digneris

350 4749 560 4789 sumere
587 4750 687 4804 qua
714 4735 916 4798 direxi,
945 4743 1001 4790 et
1041 4737 1346 4790 meminisse
1387 4737 1556 4790 nostri
1597 4738 1650 4790 in
1687 4739 1941 4794 orationi-

349 4827 450 4882 bus
477 4829 598 4881 tuis.
627 4827 846 4883 Portant
887 4843 1016 4883 sane
1056 4846 1234 4884 secum
1273 4831 1525 4900 reliquias
1567 4831 1856 4886 beatissimi
1887 4843 1942 4887 et

349 4921 716 4990 gloriosissimi
741 4923 988 4993 martyris
1012 4921 1286 4991 Stephani,
1307 4940 1440 4993 quas
1461 4941 1563 4979 non
1587 4927 1790 4996 ignorat
1811 4927 1938 4982 San-

351 5014 503 5068 ctitas
529 5024 724 5081 vestra,
747 5015 881 5068 sicut
902 5023 956 5068 et
979 5029 1074 5068 nos
1101 5013 1343 5083 fecimus,
1371 5033 1530 5087 quam
1554 5021 1941 5076 convenienter

353 5106 618 5161 honorare
644 5105 898 5161 debeatis.

351 5259 508 5370 Ιὰὲὦη
527 5260 660 5322 prius
676 5261 888 5321 excusis,
909 5257 1175 5320 Quintiano.
1209 5269 1264 5312 At
1283 5261 1334 5311 in
1354 5265 1578 5315 omnibus
1597 5273 1726 5330 Mss,
1758 5269 1942 5330 quisui-

265 5451 270 5456 .
399 5383 566 5456 "WBad.
595 5393 693 5433 Am.
733 5390 808 5433 Er.
849 5390 903 5434 et
931 5391 1037 5434 Mss.
1076 5387 1269 5448 optima:
1307 5393 1435 5438 notae
1455 5390 1592 5441 Oorb.
1619 5398 1799 5453 Germ,
1823 5401 1940 5456 etc.,

351 5455 614 5509 pracrpua.

252 5549 268 5559 '
414 5549 518 5598 ’Λα
543 5549 609 5598 bl.
633 5551 710 5600 cb.
735 5549 786 5600 ΒΖ
806 5564 890 5614 gg.
915 5563 957 5600 r.
983 5559 1020 5602 t.
1045 5564 1119 5602 vc.
1141 5559 1244 5602 tres
1275 5567 1324 5604 v.
1351 5561 1403 5605 et
1425 5555 1484 5605 ad
1511 5557 1625 5606 Edd.
1645 5563 1905 5611 recensita.

351 5653 625 5768 im(a1
639 5655 754 5706 103:
775 5670 886 5720 quae
906 5665 1071 5709 autem
1091 5657 1184 5709 212
1206 5667 1330 5723 erat,
1344 5675 1474 5714 nunc
1495 5663 1601 5716 2'51.
1627 5669 1806 5730 scripta
1822 5671 1936 5720 circ.

1537 385 2020 444 EPISTOLARUM
2057 385 2330 444 CLASSIS
2367 387 2453 446 Ill.

3516 397 3619 460 966

2451 504 2632 562 ACTA
2670 507 3199 565 ECCLESIASTICA

2773 639 2868 679 SEU

2443 735 2770 790 EPISTULA
2811 725 3011 794 CCXIII
3051 743 3069 763 ο
3109 739 3206 812 (α).

2032 867 2384 923 Ecclesiastica
2419 869 2568 925 Gesta
2609 889 2640 926 a
2681 873 2748 928 Β.
2798 873 3080 945 Augustino
3118 877 3343 945 cortfecta
3379 878 3432 930 in
3477 879 3611 932 desi-

2098 965 2302 1034 gnanda
2345 966 2578 1023 Enacuo
2612 971 2696 1039 qui
2737 969 2836 1036 ipsi
2873 969 2926 1022 in
2965 971 3252 1042 episcopatu
3287 971 3567 1027 succederet
3593 1013 3606 1036 ,

2098 1069 2248 1128 atque
2299 1061 2497 1112 interim
2541 1077 2708 1115 senem
2754 1060 2926 1132 aliqua
2965 1071 3106 1134 parte
3150 1067 3386 1118 curarunt
3437 1063 3606 1118 suble-

2097 1159 2234 1204 itaret
2240 1189 2254 1204 ο

2103 1281 2153 1333 i.
2193 1275 2569 1336 'G'loriosissimo
2598 1281 2881 1338 Theodosio
2908 1283 3171 1338 duodecies
3192 1295 3236 1340 et
3261 1285 3611 1342 Valentiniano

2025 1374 2250 1445 Augusto
2267 1375 2444 1428 iterum
2471 1375 2788 1440 conisulibus,
2813 1387 2949 1432 sexto
2975 1369 3209 1432 calendas
3234 1378 3476 1445 octobris,
3500 1395 3614 1431 cum

2027 1465 2337 1536 Augustinus
2368 1461 2628 1536 episcopus
2659 1485 2758 1521 una
2794 1486 2904 1522 cum
2933 1467 3199 1538 Religiano
3227 1480 3272 1522 et
3301 1469 3611 1524 Martiniano

2025 1560 2333 1628 coepiscopis
2356 1561 2460 1613 suis
2485 1561 2788 1614 consedisset
2817 1561 2868 1614 in
2895 1562 3099 1615 ecclesia
3127 1561 3279 1618 Pacis
3309 1562 3611 1633 Hipponen-

2025 1653 2154 1706 sium
2186 1653 2456 1724 Regiorum
2479 1695 2492 1716 ,
2528 1653 2852 1724 prwscntibus
2895 1653 3196 1720 Saturnino,
3223 1654 3457 1724 Leporio,
3483 1654 3614 1708 Bar-
3643 1721 3656 1736 _

2027 1745 2175 1812 naba,
2209 1745 2603 1808 Fortunatiano,
2637 1745 2840 1799 Rustico
2863 1788 2875 1808 ,
2901 1744 3126 1812 Lazaro,
3168 1756 3214 1799 et
3253 1745 3459 1799 Eraclio
3499 1763 3612 1816 pre-

2024 1839 2234 1908 sbyteris
2267 1837 2305 1902 ⁸,
2336 1845 2529 1891 astante
2554 1836 2684 1889 clero
2727 1849 2773 1891 et
2802 1837 3046 1912 frequenti
3065 1837 3272 1906 populo,
3301 1836 3613 1906 Augustinus

2026 1930 2287 1998 episcopus
2313 1929 2440 1981 dixit
2466 1945 2483 1982 :
2511 1925 2662 1996 Quod
2707 1929 2955 1983 hesterno
2983 1929 3068 1982 die
3099 1929 3316 1998 promisi
3356 1926 3612 1982 Charitati

2023 2031 2233 2088 vestrae,
2258 2033 2472 2092 pr0pter
2495 2023 2636 2092 quod
2663 2039 2755 2076 vos
2785 2023 2924 2077 volui
2951 2019 3277 2092 frequentius
3298 2022 3606 2088 convenire,

2025 2123 2079 2170 et
2107 2117 2259 2170 video
2291 2115 2614 2186 frequentius
2644 2117 2976 2180 convenisse,
3019 2132 3164 2170 mora
3205 2117 3346 2170 omni
3393 2123 3611 2184 postpo-

2025 2211 2124 2264 sita
2167 2211 2268 2265 hoc
2309 2211 2568 2280 agendum
2597 2221 2694 2262 est.
2725 2209 2776 2264 Si
2807 2209 2948 2262 enim
2979 2207 3120 2262 aliud
3149 2209 3308 2262 velim
3351 2207 3524 2276 loqui,
3557 2207 3610 2260 iu

2025 2305 2154 2360 illud
2183 2303 2426 2372 suspensi
2457 2303 2628 2356 minus
2657 2301 2868 2355 auditis.
2896 2300 3093 2355 Omnes
3119 2301 3172 2354 in
3201 2301 3300 2353 hac
3325 2300 3428 2351 vita
3459 2315 3605 2352 mor-

2027 2398 2162 2452 tales
2191 2411 2394 2462 sumus,
2423 2404 2473 2448 et
2500 2395 2616 2450 dies
2638 2393 2794 2462 hujus
2819 2394 2942 2446 vita:
2971 2392 3208 2458 ultimus,
3241 2390 3386 2446 omni
3413 2389 3613 2444 homini

2028 2499 2110 2543 est
2138 2503 2352 2556 semper
2381 2488 2615 2540 incertus
2642 2503 2652 2536 :
2683 2493 3044 2538 Verumtamen
3068 2482 3118 2534 in
3138 2481 3356 2534 infantia
3375 2489 3616 2549 speratur

2027 2579 2274 2648 pueritia;
2295 2579 2414 2632 etin
2433 2577 2656 2646 puoritia
2671 2585 2913 2646 speratur
2923 2573 3299 2638 adolescentia;
3313 2583 3364 2626 et
3379 2573 3426 2624 iu
3445 2571 3617 2626 adole-

2029 2671 2228 2724 scentia
2241 2685 2392 2738 Spera
2401 2669 2510 2737 turj
2521 2677 2760 2734 uventus;
2775 2675 2828 2721 et
2841 2667 2891 2720 in
2904 2666 3178 2736 juventute
3189 2673 3432 2732 Speratur
3443 2663 3616 2732 gravi-

2031 2773 2140 2829 tas;
2163 2773 2216 2817 et
2239 2763 2288 2816 in
2304 2750 2566 2832 gravitate
2591 2767 2831 2828 speratur
2850 2767 3094 2812 senectus
3113 2773 3128 2808 :
3144 2764 3316 2808 utrum
3348 2757 3618 2822 contingat

2029 2857 2290 2913 incertmn
2318 2863 2426 2920 est;
2457 2865 2538 2909 est
2571 2863 2746 2907 tamen
2773 2849 2914 2922 quod
2942 2857 3202 2919 Speretur.
3233 2849 3492 2902 Senecms
3517 2862 3615 2902 au-

2033 2959 2135 3005 tem
2164 2950 2320 3003 aliam
2353 2957 2562 3002 :etatem
2591 2961 2746 3015 quam
2775 2954 2971 3012 speret,
3001 2957 3106 2996 non
3138 2941 3296 2994 habet
3321 2957 3334 2992 :
3359 2941 3616 2994 incertum

2031 3055 2111 3100 est
2133 3046 2290 3100 etiam
2319 3043 2431 3112 ipsa
2459 3049 2704 3095 senectus
2733 3037 2982 3107 quamdiu
3022 3035 3088 3089 sit
3117 3033 3352 3098 homini;
3379 3032 3506 3086 illud
3537 3041 3618 3085 ta-

2031 3153 2152 3192 men
2183 3144 2388 3190 ccrtum
2418 3145 2527 3198 est,
2558 3131 2755 3186 nullam
2789 3143 3064 3182 remanere
3085 3134 3290 3180 aetatem
3314 3141 3431 3194 qum
3455 3122 3621 3192 possit

2034 3229 2321 3284 succedere
2346 3227 2622 3282 senectuti.
2657 3224 2787 3290 Quia
2822 3222 2984 3274 voluit
3015 3221 3152 3273 Dens
3171 3259 3186 3284 ,
3215 3217 3278 3270 ad
3309 3218 3460 3272 istam
3485 3216 3617 3270 civi-

2035 3331 2194 3378 tatem
2235 3339 2356 3378 cum
2397 3321 2579 3390 vigore
2613 3319 2782 3372 {etatis
2815 3315 3036 3377 adveni;
3067 3311 3158 3366 sed
3189 3319 3363 3366 tamen
3405 3308 3620 3378 juvenis

2037 3415 2111 3470 fui
2133 3460 2146 3482 ,
2178 3419 2230 3469 et
2255 3414 2423 3469 senui.
2454 3413 2577 3466 Scio
2606 3420 2721 3480 post
2749 3409 2924 3462 obitus
2951 3406 3352 3472 episcoporum,
3381 3415 3478 3470 per
3502 3415 3620 3454 am~

2037 3511 2260 3565 biliosus
2290 3517 2379 3562 aut
2407 3503 2768 3561 eontcntiosos
2797 3502 2966 3554 solere
2999 3498 3263 3553 Ecelesias
3289 3493 3617 3564 perturbari;

2038 3611 2092 3659 et
2121 3601 2262 3674 quod
2291 3617 2431 3670 saepe
2455 3607 2703 3668 expertus
2725 3611 2839 3650 sum
2873 3604 2926 3649 et
2955 3593 3097 3647 dolui
3121 3633 3134 3656 ,
3165 3589 3336 3644 debeo
3362 3596 3618 3656 quantum

2037 3697 2102 3750 ad
2136 3713 2221 3749 me
2252 3695 2473 3758 attinet,
2499 3708 2562 3744 ne
2589 3691 2875 3758 contingat,
2907 3685 3028 3739 huic
3059 3682 3364 3752 prospicere
3393 3676 3616 3733 civitati.

2040 3787 2206 3842 Sicuti
2243 3786 2392 3840 novit
2428 3783 2672 3838 Charitas
2711 3789 2918 3840 vestra,
2951 3777 3003 3830 in
3043 3775 3342 3828 Milevitana
3385 3768 3622 3824 Ecclesia

2041 3879 2200 3934 modo
2222 3877 2330 3931 fni:
2360 3877 2623 3946 petierunt
2648 3873 2786 3926 enim
2815 3886 2898 3924 me
2925 3869 3132 3932 fratres,
3160 3875 3212 3920 et
3233 3863 3461 3918 maxime
3483 3861 3620 3916 servi

2046 3971 2136 4025 Dei
2171 3971 2256 4039 qui
2293 3969 2361 4022 ibi
2388 3977 2529 4032 sunt,
2554 3975 2610 4018 ut
2632 3965 2902 4026 venirem;
2931 3961 3052 4030 quia
3081 3967 3198 4028 post
3224 3955 3425 4012 obitum
3456 3954 3624 4008 beata:

2041 4061 2313 4117 inemorite
2357 4059 2532 4113 fratris
2572 4069 2624 4111 et
2659 4055 2956 4124 coepiSCopi
2995 4053 3098 4107 mei
3141 4051 3344 4115 Severi,
3369 4046 3624 4102 nonnulla

2045 4151 2114 4206 ibi
2143 4149 2468 4221 perturbatio
2497 4147 2798 4201 timebatur.
2831 4145 2996 4208 Veni;
3048 4149 3103 4194 et
3143 4139 3412 4208 quomodo
3459 4137 3628 4191 voluit

2045 4245 2330 4311 Dominus,
2359 4241 2560 4311 adjuvit
2605 4255 2702 4293 nos
2747 4227 2841 4308 pro
2875 4251 2965 4290 sua
2996 4229 3356 4286 misericordia
3376 4271 3390 4294 ,
3423 4237 3482 4284 ut
3505 4243 3624 4282 cum

2044 4353 2175 4408 pace
2201 4337 2508 4406 episc0pmn
2538 4325 2866 4400 accipereut,
2896 4341 3052 4397 quem
3091 4325 3241 4378 vivus
3261 4322 3630 4392 designaverat

2039 4419 2326 4500 'episCOpus
2352 4442 2534 4482 eorum
2565 4445 2575 4477 :
2606 4423 2708 4478 hoc
2737 4421 2875 4476 enim
2905 4419 2982 4473 eis
3013 4433 3131 4472 cum
3159 4415 3504 4476 innotuissct,
3532 4426 3627 4464 vo-

2047 4526 2302 4578 luntatem
2351 4517 2698 4592 praecedentis
2738 4525 2790 4569 et
2828 4511 3133 4568 decedentis
3169 4506 3405 4578 episcopi
3444 4506 3522 4558 sui
3569 4503 3632 4555 li-

2047 4618 2234 4672 benter
2278 4611 2511 4682 amplexi
2563 4619 2707 4663 sunt.
2755 4607 2926 4660 Minus
2969 4612 3144 4683 tamen
3190 4598 3384 4668 aliquid
3433 4595 3630 4649 factum
3707 4648 3714 4660 ,

2047 4717 2192 4772 erat,
2235 4705 2376 4760 'unde
2421 4701 2658 4759 nonnulli
2687 4697 3154 4758 contristahantur,
3180 4691 3301 4761 quia
3345 4690 3505 4744 frater
3531 4688 3630 4742 Se-

2048 4816 2204 4855 verus
2249 4795 2672 4863 rredidit‘posse
2710 4789 2952 4844 sufficere
2987 4795 3044 4840 ut
3073 4797 3433 4840 SUCCCSSUI‘CHI
3476 4794 3631 4832 suum

2048 4893 2188 4964 apud
2230 4891 2452 4945 clericos
2495 4885 2816 4955 designaret,
2850 4881 2918 4936 ad
2947 4879 3196 4950 populum
3241 4875 3364 4930 inde
3405 4889 3510 4928 non
3550 4881 3632 4925 est

2048 4987 2284 5048 locutus;
2331 4991 2385 5038 et
2431 4989 2544 5034 erat
2589 4978 2709 5032 inde
2757 4977 3050 5046 aliquorum
3096 4969 3346 5026 nonnulla
3396 4966 3628 5022 tristitia.

2049 5075 2182 5145 Quid
2213 5071 2392 5145 plura?
2415 5071 2522 5125 Deo
2547 5069 2772 5140 placuit;
2805 5067 3014 5121 tristitia
3053 5065 3222 5134 fugata
3248 5069 3350 5126 est,
3377 5059 3628 5129 gaudium

2049 5165 2340 5222 successit:
2365 5163 2640 5218 ordinatus
2681 5171 2766 5215 est
2802 5159 3112 5227 cpiscopus,
3141 5168 3296 5221 quem
3326 5149 3631 5220 praecedens

2049 5259 2334 5328 episcopus
2373 5253 2762 5324 designaverat.
2806 5253 2942 5319 Ergo
2971 5263 3038 5302 ne
3071 5246 3260 5315 aliquis
3284 5244 3350 5298 de
3379 5259 3464 5298 me
3497 5258 3632 5310 que-

2048 5361 2226 5416 ratur,
2271 5349 2594 5404 voluntatem
2636 5361 2844 5411 meam,
2875 5357 3032 5414 quam
3075 5339 3238 5394 credo
3281 5338 3374 5392 Dei
3413 5350 3551 5400 esse,
3577 5334 3632 5390 in

2111 5513 2127 5543 ¹
2153 5510 2288 5564 F.dd..
2307 5506 2498 5558 Eradio.
2513 5513 2570 5556 At
2585 5505 2634 5554 in
2645 5511 2753 5555 Mss.
2769 5497 3267 5564 constanter,Eractio,
3283 5501 3366 5546 aut
3379 5491 3600 5544 Heraclio
3613 5528 3626 5544 .

2047 5587 2160 5623 mox
2187 5559 2294 5622 Mss.
2317 5571 2412 5620 duo
2435 5583 2521 5634 pro
2543 5565 2850 5633 presbyteris,
2875 5559 3058 5614 habent
3077 5559 3368 5626 presbytero.

2111 5655 2128 5672 '
2153 5654 2332 5703 Collata
2366 5667 2474 5702 cum
2501 5653 2550 5701 b.
2584 5649 2652 5700 lil.
2684 5650 2760 5700 ob.
2783 5649 2814 5698 f.
2851 5647 2899 5696 if.
2933 5660 3017 5710 gg.
3041 5659 3108 5694 m.
3135 5656 3176 5693 r.
3201 5655 3276 5694 vc.
3299 5641 3386 5692 ‘25.
3405 5639 3438 5688 2
3471 5645 3506 5689 t.
3527 5636 3560 5686 4
3581 5649 3632 5688 v.

2047 5725 2146 5765 Am.
2172 5721 2279 5766 Bad.
2313 5721 2366 5764 h'r
2401 5723 2511 5764 ιον.

2108 5821 2181 5882 (α)
2203 5817 2325 5867 Alias
2349 5819 2436 5869 Ito
2459 5833 2469 5866 :
2495 5807 2603 5882 φερε
2627 5825 2790 5866 autem
2810 5813 2901 5862 215
2929 5819 3066 5864 erat.
3085 5823 3214 5862 nunc
3237 5809 3283 5860 t.
3307 5803 3636 5860 mulcatath

2045 5878 2372 5944 κώνωψι).
2397 5894 2478 5930 an.
2503 5878 2594 5926 426
