4086 6350
539 319 638 374 967

537 439 772 494 omnium
793 449 1024 495 vestrum
1057 441 1292 494 notitiam
1319 439 1526 509 perfero
1550 457 1561 492 :
1586 440 1956 510 presbyterum
1981 433 2113 487 Era-

536 533 696 588 clium
739 532 863 586 mihi
907 548 1265 600 successorem
1298 535 1434 588 volo.
1473 535 1512 586 A
1552 533 1737 604 populo
1780 532 2113 586 acclamatum

537 635 640 688 est,
673 623 779 678 Deo
799 625 1015 696 gratias,
1048 625 1243 679 Christo
1272 626 1483 691 laudes;
1511 625 1699 679 dictum
1727 635 1796 679 est
1825 625 1970 678 vicies
2009 633 2108 676 ter-

538 715 645 766 tics.
675 713 874 767 Exaudi
901 713 1123 781 Christe,
1152 717 1430 787 Augustino
1459 716 1595 779 uita;
1630 715 1818 768 dictum
1847 724 1920 768 est
1951 713 2111 768 sexies

539 804 715 858 decies.
747 804 814 858 Te
839 815 1052 873 patrem,
1076 816 1120 859 te
1142 807 1462 877 episcopum;
1489 807 1674 861 dictum
1701 818 1772 861 est
1798 808 1967 860 octies.

605 898 658 950 2.
702 897 920 968 Cumque
955 899 1255 965 reticeretur,
1290 899 1596 970 Augustinus
1634 900 1896 968 episcopus
1937 897 2066 951 dixit
2095 911 2114 950 :

540 989 650 1045 Non
673 1006 805 1060 Opus
829 1000 908 1046 est
933 1007 1018 1048 me
1040 992 1108 1047 de
1133 992 1374 1047 laudibus
1388 994 1502 1063 ejus
1519 993 1714 1063 aliquid
1731 993 1937 1055 dicere;
1957 989 2113 1046 faveo

535 1082 823 1150 sapientiae,
839 1092 890 1136 et
905 1083 1401 1152 parcoverecundize
1418 1103 1430 1138 :
1446 1083 1638 1139 sufficit
1654 1084 1774 1154 quia
1790 1083 1957 1137 nostis
1968 1096 2108 1147 cum;

536 1181 588 1225 et
616 1171 714 1226 hoc
735 1188 818 1227 me
841 1173 974 1228 velle
990 1175 1107 1230 dico
1123 1175 1261 1245 quod
1280 1191 1374 1231 vos
1391 1177 1527 1230 velle
1547 1177 1656 1232 scio
1676 1192 1690 1238 ;
1720 1184 1774 1231 et
1793 1175 1837 1230 si
1861 1182 1982 1230 ante
2013 1189 2109 1228 ne-

534 1263 910 1328 scirem,hodie
927 1265 1224 1336 probarem.
1252 1267 1360 1322 lloc
1389 1284 1516 1338 ergo
1547 1267 1666 1322 volo
1691 1285 1703 1322 :
1731 1267 1831 1323 hoc
1845 1283 1872 1321 a
1890 1267 2112 1322 Domino

538 1354 645 1408 Deo
674 1364 873 1418 nostro,
901 1372 1038 1411 nunc
1067 1358 1222 1412 etiam
1253 1357 1308 1412 in
1334 1369 1488 1414 aetate
1506 1356 1713 1430 frigida,
1741 1359 1876 1414 votis
1901 1358 2109 1413 fervcno

536 1445 672 1500 tibus
697 1461 885 1516 posco;
915 1447 1014 1503 hoc
1036 1457 1091 1502 ut.
1117 1465 1322 1504 mecum
1345 1451 1507 1506 oretis
1530 1452 1801 1514 exhortor,
1823 1451 2104 1517 admoneo,

535 1548 744 1608 rogo,ut
757 1540 990 1594 omnium
1009 1541 1058 1594 in
1077 1557 1202 1610 pace
1216 1542 1409 1596 Christi
1423 1544 1627 1599 collatis
1640 1543 1940 1599 etconllatis
1958 1559 2111 1598 men-

535 1629 673 1683 tibus
699 1632 975 1686 contit-met
999 1633 1135 1687 Deus
1155 1635 1291 1703 quod
1312 1645 1561 1704 operatus
1582 1646 1660 1689 est
1691 1637 1743 1690 in
1771 1636 1922 1692 nobis
1939 1635 2108 1705 (Psal.

537 1735 677 1775 van
699 1764 712 1784 ,
739 1721 854 1791 ‘29).
891 1725 988 1790 Qui
1023 1727 1165 1780 misit
1204 1727 1330 1781 mihi
1367 1744 1487 1782 eum
1509 1769 1522 1789 .
1546 1740 1721 1784 servet
1745 1746 1903 1791 eum;
1935 1739 2112 1786 servet

535 1809 874 1878 incolumem,
893 1825 1068 1870 servet
1097 1817 1211 1871 sine
1237 1819 1480 1884 crimine,
1509 1830 1567 1874 ut
1595 1822 1683 1890 qui
1713 1820 1837 1874 facit
1864 1821 2110 1889 gaudium

533 1903 755 1958 viventis
775 1945 790 1970 ,
818 1906 990 1961 locum
1017 1909 1258 1978 Suppleat
1290 1912 1582 1966 morientis.
1614 1915 1655 1966 A
1685 1915 1902 1967 notariis
1931 1915 2114 1969 Eccle-

533 1995 652 2059 siac,
689 1997 824 2050 sicut
852 2000 1101 2066 cernitis,
1143 2002 1476 2070 excipiuntur
1516 2019 1632 2072 (pne
1674 2005 1930 2070 dicimus,
1969 2006 2113 2060 exci-

534 2086 748 2154 piuntur
770 2104 888 2157 qua;
914 2089 1122 2155 dicitis;
1152 2101 1205 2145 et
1233 2108 1381 2148 meus
1411 2109 1619 2161 sermo,
1645 2106 1696 2149 et
1721 2105 1908 2150 vestra:
1935 2099 2111 2152 accla-

535 2179 795 2234 mationes
826 2181 879 2234 in
905 2191 1097 2236 terram
1137 2200 1242 2238 non
1286 2185 1499 2240 cadunt.
1542 2189 1789 2256 Apertius
1820 2199 1876 2242 ut
1904 2189 2108 2254 dicam,

534 2273 887 2329 ecclesiastica
930 2292 1068 2330 nunc
1111 2277 1268 2332 Gesta
1320 2281 1664 2337 conficimus:
1706 2283 1782 2338 sic
1818 2287 1958 2338 enim
2010 2285 2112 2340 hoc

535 2377 654 2417 esse
684 2405 697 2429 ,
753 2377 1005 2434 quantum
1050 2368 1115 2422 ad
1171 2368 1415 2425 homines
1463 2374 1695 2438 attinet,
1739 2377 2108 2429 conﬁrmatum

536 2453 674 2507 volo.
713 2455 757 2508 A
793 2459 980 2526 populo
1019 2461 1352 2514 acclamatum
1390 2472 1460 2516 est
1499 2466 1719 2535 trigesies
1761 2469 1962 2520 sexies:
2004 2468 2112 2522 Deo

533 2548 740 2617 gratias,
769 2549 965 2604 Christo
983 2553 1174 2606 laudes.
1203 2554 1421 2622 Exaudi,
1442 2555 1657 2623 Christe,
1680 2560 1956 2631 Augustino
1979 2564 2113 2627 vita;

536 2640 722 2694 dictum
749 2654 822 2696 est
847 2644 1098 2699 tredecies.
1133 2645 1204 2700 Te
1224 2659 1438 2718 patrem,
1465 2660 1510 2704 te
1539 2653 1823 2723 episcapunt
1851 2672 1870 2720 ;
1925 2656 2114 2709 dictum

540 2745 611 2786 est
639 2736 808 2789 octies.
842 2735 1038 2807 Dignus
1080 2750 1124 2792 et
1150 2741 1324 2810 justas
1349 2752 1452 2809 est;
1481 2745 1665 2798 dictant
1693 2757 1762 2802 est
1786 2749 1950 2802 uicies.
1978 2748 2116 2803 Bene

535 2825 759 2890 meritus,
792 2827 910 2882 bene
939 2830 1156 2900 dignus;
1182 2832 1367 2886 dictant
1405 2845 1475 2889 est
1513 2838 1791 2909 quinquies.
1837 2839 2029 2911 Dignus
2067 2851 2114 2894 et

536 2915 697 2980 iustas
721 2926 823 2981 est;
851 2919 1036 2972 dictum
1057 2931 1128 2976 est
1147 2925 1324 2978 sexies.

606 3009 657 3063 ὅ.
681 3009 905 3081 Cumque
937 3014 1240 3083 reticeretar,
1280 3019 1586 3089 Augustinus
1627 3023 1887 3094 episcopus
1932 3024 2060 3080 dixit
2097 3045 2114 3082 :

538 3096 698 3167 Ergo,
732 3108 788 3153 ut
817 3101 1078 3166 dicebam,
1106 3106 1431 3162 voluntatem
1471 3127 1646 3165 meam
1689 3122 1744 3167 et
1789 3116 2111 3173 voluntatem

536 3200 767 3246 vestram
788 3193 962 3249 Gestis
983 3198 1375 3264 ecclesiasticis.
1396 3215 1646 3272 quantum
1676 3207 1740 3260 ad
1770 3207 2010 3264 homines
2031 3220 2114 3266 at-

536 3283 695 3350 tinet,
726 3286 1092 3343 confirmatam
1122 3291 1240 3344 volo
1265 3310 1277 3345 :
1298 3303 1548 3362 quantum
1591 3313 1718 3353 Vero
1750 3301 1815 3353 ad
1864 3301 2114 3358 latentem

537 3372 928 3444 Omnipotentis
954 3379 1297 3445 voluntatem,
1325 3401 1531 3453 omnes,
1561 3397 1617 3442 ut
1641 3388 1770 3451 dixi,
1803 3406 2016 3447 oremus
2062 3402 2117 3448 ut

536 3468 815 3523 conﬁrmet
841 3471 977 3526 Deus
1008 3474 1146 3542 quod
1179 3488 1428 3544 operatus
1458 3488 1539 3533 est
1567 3481 1616 3533 in
1648 3482 1818 3536 nobis.
1855 3483 1898 3536 Α
1929 3487 2116 3554 papula

536 3557 868 3613 acclamatum
895 3571 963 3614 cst
988 3562 1225 3619 :Judicio
1254 3577 1337 3621 tuo
1361 3570 1550 3639 gratias
1575 3573 1808 3640 agimus;
1830 3576 2020 3629 dictant
2044 3590 2115 3632 est

537 3648 769 3702 sedecies.
801 3649 949 3713 Fiat,
979 3654 1068 3720 ﬁat
1086 3670 1105 3717 ;
1133 3656 1321 3710 dictum
1368 3670 1440 3714 est
1489 3663 1769 3728 duodecies.
1800 3665 1872 3719 Te
1899 3680 2112 3735 patrem,

542 3735 799 3792 Eracliam
828 3742 1150 3813 episcopum;
1179 3747 1367 3802 dictum
1394 3761 1466 3804 est
1497 3759 1674 3809 sexies.

611 3832 662 3884 4.
705 3831 923 3904 Cumque
958 3839 1261 3908 reticeretur,
1299 3845 1606 3916 Augustinus
1641 3853 1905 3925 episcOpus
1940 3857 2066 3910 dixit
2097 3873 2118 3912 :

539 3921 659 3976 Scio
692 3925 834 3994 quod
860 3928 1007 3982 scitis
1033 3940 1086 3986 et
1107 3948 1220 4001 vos,
1254 3935 1347 3989 sed
1376 3939 1496 3991 nolo
1521 3940 1588 3994 de
1610 3941 1700 3997 illo
1729 3921 1840 3998 ﬁeri
1879 3948 2018 4017 quod
2049 3949 2115 4005 de

537 4029 622 4069 me
664 4014 855 4072 factum
891 4029 992 4074 est.
1024 4022 1157 4091 Quid
1195 4036 1368 4081 autem
1408 4031 1600 4086 factum
1643 4035 1711 4088 sit
1741 4014 2112 4109 multiscius;

537 4106 610 4161 illi
642 4110 739 4163 soli
772 4113 1015 4168 nesciunt
1036 4117 1122 4184 qui
1152 4127 1276 4174 tunc
1295 4129 1387 4175 aut
1413 4125 1646 4178 nondum
1679 4129 1786 4182 nati
1813 4142 1994 4200 erant,
2025 4142 2116 4188 aut

538 4199 768 4254 nondum
799 4201 1060 4260 habebant
1086 4217 1293 4265 mtatem
1327 4213 1547 4269 sciendi.
1579 4217 1765 4273 Adhuc
1800 4221 1850 4274 in
1890 4199 2114 4293 corpore

537 4294 704 4359 posito
748 4293 917 4351 beatae
964 4303 1233 4356 memoria:
1276 4315 1424 4374 patre
1466 4315 1521 4362 et
1560 4311 1810 4383 episcopo
1839 4331 1958 4371 meo
1987 4334 2113 4372 sene

541 4381 767 4449 Valerio,
797 4387 1075 4457 episcopus
1101 4392 1374 4449 ordinatus
1400 4411 1515 4451 sum
1537 4440 1552 4464 ,
1597 4411 1650 4455 et
1689 4381 1800 4457 sedi
1829 4422 1948 4460 cum
1978 4407 2071 4463 illo
2095 4427 2109 4464 :

533 4473 671 4541 quod
712 4478 938 4532 concilio
968 4479 1181 4538 Nicteno
1224 4487 1544 4554 prohibitum
1585 4491 1744 4548 fuisse
1786 4499 2106 4567 nesciebam,

534 4576 633 4616 nec
658 4563 770 4632 ipse
791 4566 1010 4622 sciebat.
1034 4571 1185 4638 Quod
1212 4589 1338 4646 ergo
1365 4581 1744 4648 reprehensum
1785 4595 1864 4640 est
1905 4589 1956 4642 in
2003 4563 2108 4660 me,

531 4653 656 4707 nolo
679 4658 991 4724 reprehendi
1014 4661 1067 4714 in
1094 4661 1199 4718 tilio
1222 4681 1359 4721 meo.
1380 4669 1421 4722 A
1441 4673 1626 4741 populo
1650 4676 1979 4733 acclamatum
2007 4653 2112 4736 est}

535 4747 640 4804 Deo
668 4753 890 4822 gratias;
916 4752 1113 4810 Christo
1143 4758 1348 4826 Iaudes;
1377 4765 1562 4819 dictant
1591 4779 1664 4822 est
1696 4771 1950 4826 tredecies.

603 4842 652 4896 5.
695 4841 920 4912 Cumque
946 4849 1252 4919 reticeretur,
1282 4856 1592 4927 Augustinus
1633 4862 1896 4934 episcopus
1934 4868 2063 4923 dixit
2092 4887 2118 4926 .·

531 4931 646 4988 Erit
683 4937 961 5010 presbyter
989 4951 1045 4995 ut
1070 4953 1186 5009 est;
1209 4949 1419 5016 quando
1449 4951 1586 5007 Deus
1617 4931 1870 5021 voluerit,
1904 4961 2108 5020 futurus

528 5026 825 5098 episc0pus.
858 5031 964 5087 Sed
993 5035 1148 5105 plane
1187 5039 1345 5094 modo
1394 5041 1627 5102 facturus
1665 5063 1782 5104 sum
1827 5053 2109 5124 adjuvante

529 5119 887 5176 misericordia
911 5123 1138 5193 Christi,
1167 5131 1306 5200 quod
1332 5133 1504 5190 adlmc
1528 5153 1694 5208 usque
1725 5157 1827 5195 non
1857 5119 1976 5201 feci.
2003 5147 2110 5203 No-

527 5211 621 5264 stis
649 5222 771 5268 ante
797 5216 996 5287 aliquot
1023 5236 1190 5277 annos
1220 5227 1342 5294 quid
1385 5228 1558 5285 facere
1593 5235 1849 5291 voluerim
1871 5281 1886 5305 ,
1917 5252 1969 5295 et
2000 5257 2105 5298 non

529 5306 861 5373 pet-misistis.
889 5310 1090 5368 Placuit
1111 5316 1239 5370 mihi
1267 5329 1317 5372 et
1338 5320 1486 5374 vobis
1516 5335 1729 5393 promer
1753 5343 1934 5384 curam
1958 5331 2104 5389 Scri-

524 5406 816 5466 pturarum,
841 5417 998 5472 quam
1031 5406 1157 5460 mihi
1185 5408 1375 5466 fratres
1399 5421 1452 5467 et
1479 5424 1655 5483 patres
1681 5421 1781 5474 mei
1804 5425 2102 5497 coepisc0pi

525 5487 729 5546 duobus
753 5495 988 5548 conciliis
1011 5496 1268 5556 Numidim
1287 5511 1344 5557 et
1361 5505 1691 5577 Carthaginis
1721 5487 1993 5583 imponere
2018 5487 2100 5573 di-

523 5583 664 5648 gnati
693 5595 815 5636 sunt
835 5626 849 5648 ,
878 5596 935 5639 ut
965 5602 1059 5655 per
1078 5589 1311 5662 quinque
1335 5595 1450 5652 dies
1488 5615 1645 5655 nemo
1674 5604 1802 5658 mibi
1845 5609 2101 5669 molestus

521 5678 681 5722 esset.
706 5670 864 5726 Gesta
889 5675 1131 5733 confecta
1161 5694 1300 5747 sunt,
1330 5687 1548 5756 placuit,
1571 5695 1903 5755 acclamaslis
1927 5720 1938 5754 :
1966 5707 2100 5760 reci-

521 5760 662 5812 tatur
677 5764 924 5830 placitum
937 5780 1196 5839 vestrum,
1213 5786 1264 5829 et
1285 5779 1691 5843 acclamationes
1705 5800 1911 5849 vestrae.
1926 5794 2098 5854 Parvo

1820 3755 1952 3772 Ι.-

1765 318 1820 374 8.
1858 316 2224 375 AUGUSTINI
2261 317 2562 374 EPISCOPI

3709 323 3818 383 968

2222 439 2460 500 tempore
2499 442 2762 487 servatum
2812 441 2886 488 est
2920 433 3058 489 circa
3096 449 3215 499 me;
3244 443 3297 489 et
3324 443 3507 505 postea
3537 437 3812 496 violenter

2223 521 2484 592 irruptum
2510 533 2610 590 cst,
2639 533 2691 578 et
2717 540 2821 579 non
2849 526 3126 595 permittor
3149 525 3215 581 ad
3237 526 3378 596 quod
3407 529 3552 595 volo,
3583 543 3776 585 vacare
3793 548 3812 584 :

2221 623 2345 670 ante
2375 617 2650 672 meridiem
2689 627 2741 673 et
2781 628 2900 687 post
2936 618 3209 675 meridiem
3240 622 3680 691 orcupationibus
3708 622 3813 679 ho-

2219 705 2422 761 minum
2454 707 2716 778 implicor.
2745 707 2979 764 Obsecro
3005 725 3099 765 vos
3124 719 3179 766 et
3205 711 3477 784 obstringo
3517 730 3614 782 per
3650 714 3814 769 Chri-

2217 805 2380 860 stum,
2426 807 2486 852 ut
2533 799 2656 853 huic
2691 799 2893 868 juveni,
2935 800 3034 855 hoc
3079 810 3161 856 est
3199 800 3411 857 Eraclio
3462 805 3808 877 presbytero,

2218 902 2374 957 quem
2399 888 2556 944 hodie
2582 889 2632 944 in
2656 892 2870 946 nomine
2889 892 3083 946 Christi
3104 893 3325 964 designo
3351 895 3662 967 episcopum
3683 913 3813 954 suc-

2218 996 2488 1037 cessorem
2514 982 2663 1049 mibi,
2689 984 2957 1054 patiamini
2987 1002 3070 1041 me
3090 987 3372 1043 retundere
3393 1003 3557 1044 onera
3576 1005 3812 1060 occupa-

2221 1071 2420 1127 tionum
2463 1089 2718 1129 mearum.
2751 1077 2793 1128 A
2819 1078 3008 1146 populo
3051 1079 3383 1132 acclamatum
3431 1095 3504 1134 est
3533 1097 3552 1136 :
3592 1080 3809 1137 Iudicio

2218 1171 2302 1217 tuo
2326 1165 2515 1235 gratias
2540 1167 2767 1237 agimus;
2790 1167 2975 1221 dictum
3001 1181 3070 1223 est
3097 1172 3243 1225 uicies
3263 1173 3440 1226 sexies.

2287 1256 2340 1310 6.
2381 1255 2603 1326 Cumque
2643 1258 2948 1325 reticet-star,
2988 1261 3297 1332 Augustinus
3334 1265 3598 1336 episcopus
3628 1267 3759 1320 dixit
3785 1283 3808 1322 :

2219 1347 2331 1418 Ego
2356 1347 2602 1403 charitati
2643 1358 2698 1404 et
2730 1350 3115 1406 benevolentia:
3135 1363 3325 1407 vestra:
3351 1356 3488 1424 apud
3519 1357 3805 1412 Dominum

2218 1437 2383 1491 Deum
2425 1449 2662 1493 nostrum
2710 1442 2904 1510 gratias
2946 1457 3063 1513 ago,
3108 1443 3213 1498 imo
3251 1445 3318 1499 de
3359 1446 3443 1500 illa
3471 1447 3578 1501 Deo
3606 1450 3808 1516 gratias

2216 1544 2334 1600 ago.
2361 1530 2518 1600 Ergo,
2550 1532 2759 1599 fratres,
2787 1533 3042 1603 quidquid
3069 1545 3150 1590 est
3179 1537 3316 1605 quod
3343 1537 3408 1590 ad
3439 1553 3526 1592 me
3557 1540 3802 1608 perfere-

2217 1620 2394 1688 batur,
2425 1623 2491 1678 ad
2522 1624 2666 1678 illum
2698 1625 2991 1694 perferatur
3020 1645 3032 1680 :
3065 1630 3150 1684 ubi
3180 1632 3533 1684 necessarium
3559 1633 3805 1689 habuerit

2218 1717 2521 1780 consilium,
2551 1734 2727 1774 meum
2757 1737 2859 1773 non
2886 1721 3086 1790 negabo
3107 1723 3394 1788 auxilium;
3423 1725 3558 1778 absit
3588 1735 3644 1779 ut
3671 1727 3801 1780 sub-

2219 1809 2444 1863 traham.
2471 1809 2669 1865 Tamen
2698 1813 2947 1881 quidquid
2979 1813 3104 1868 illud
3145 1823 3228 1869 est
3255 1815 3392 1883 quod
3416 1817 3480 1870 ad
3511 1833 3597 1871 me
3623 1818 3800 1887 perfe-

2217 1887 2452 1968 rebatur,
2483 1903 2547 1958 ad
2575 1904 2718 1956 illum
2749 1904 3062 1974 perferatur.
3087 1906 3201 1975 Ipse
3225 1922 3310 1961 me
3333 1917 3423 1962 aut
3447 1910 3694 1963 consulat
3712 1952 3726 1972 ,
3756 1912 3801 1965 si

2217 1992 2351 2048 forte
2396 2009 2501 2047 non
2547 1994 2808 2049 invenerit
2854 1997 2977 2066 quid
3021 1997 3193 2051 facere
3231 1997 3453 2062 debeat,
3495 2011 3587 2054 aut
3619 2011 3802 2071 poscat

2215 2087 2511 2155 adjutorem
2535 2104 2690 2157 quem
2719 2089 2861 2142 novit
2887 2097 3086 2156 patrem
3115 2109 3127 2145 :
3152 2099 3210 2143 ut
3229 2100 3282 2145 et
3309 2093 3455 2146 vobis
3487 2094 3615 2145 nihil
3639 2093 3798 2158 desit,

2217 2189 2269 2234 et
2304 2196 2402 2251 ego
2436 2181 2648 2236 tandem
2688 2182 2989 2251 aliquando,
3023 2184 3065 2236 si
3097 2187 3637 2255 quantulumcumque
3679 2202 3803 2255 Spa-

2219 2272 2346 2326 tium
2397 2271 2522 2326 mibi
2568 2272 2724 2341 hujus
2766 2274 2886 2328 vita:
2925 2275 3199 2330 donaverit
3230 2277 3387 2343 Deus,
3419 2279 3586 2347 ipsam
3627 2296 3800 2334 n‘team

2221 2366 2754 2435 quantulumcumque
2772 2369 2929 2421 vitam
2953 2384 3054 2422 non
3074 2370 3192 2423 dem
3211 2371 3471 2440 segnitiei,
3493 2388 3592 2427 nec
3607 2373 3804 2428 d0nem

2218 2455 2442 2522 inertiae,
2474 2455 2566 2510 sed
2599 2458 2650 2510 in
2687 2459 2881 2512 sanctis
2907 2458 3216 2528 Scripturis,
3246 2471 3498 2530 quantum
3530 2464 3646 2532 ipse
3679 2480 3802 2531 per-

2217 2546 2377 2600 tnittit
2408 2555 2461 2600 et
2489 2548 2740 2616 largitur,
2774 2565 3084 2616 exerceam;
3117 2551 3218 2607 hoc
3245 2564 3295 2606 et
3327 2555 3422 2622 ipsi
3454 2555 3726 2625 proderit,
3750 2565 3805 2612 et

2219 2656 2312 2710 per
2339 2641 2508 2709 ipsum
2535 2641 2694 2694 etiam
2720 2643 2887 2698 vobis.
2912 2643 3079 2698 Nemo
3105 2661 3232 2715 ergo
3261 2646 3494 2700 invideat
3519 2650 3630 2701 otio
3657 2665 3800 2716 meo,

2218 2731 2337 2800 quia
2367 2747 2540 2785 meum
2565 2733 2730 2786 otium
2755 2750 3003 2804 magnum
3025 2735 3184 2791 habet
3212 2739 3502 2807 negotium.
3527 2739 3698 2795 Video
3719 2757 3804 2797 me

2218 2823 2284 2878 de
2315 2826 2410 2879 hac
2432 2841 2488 2880 re
2517 2836 2731 2896 pr0pter
2757 2844 2912 2898 quam
2937 2845 3028 2883 vos
3055 2829 3291 2894 invitavi,
3317 2833 3494 2890 omnia
3526 2833 3802 2888 vobiscum

2218 2914 2389 2986 egisse
2430 2931 2548 2986 quae
2585 2916 2741 2972 debui
2775 2937 2786 2972 :
2821 2919 2920 2973 hoc
2949 2920 3013 2972 ad
3043 2911 3289 2976 ultimum
3329 2939 3493 2994 rogo,
3532 2934 3590 2979 ut
3628 2925 3802 2982 Gestis

2218 3005 2332 3058 istis
2361 3006 2648 3075 dignemini
2679 3009 3012 3065 subscribere
3039 3013 3126 3083 qui
3154 3016 3397 3085 potestis.
3428 3016 3523 3070 Hic
3554 3019 3682 3071 mibi
3717 3035 3803 3074 re-

2219 3100 2506 3168 sponsione
2551 3111 2724 3156 vestra
2777 3119 2910 3173 opus
2957 3116 3039 3160 est
3080 3123 3092 3158 :
3138 3116 3344 3162 teneam
3399 3112 3800 3179 responsionem

2220 3204 2480 3258 vestram;
2513 3194 2581 3249 de
2613 3195 2712 3250 hac
2741 3199 3050 3254 assensione
3075 3201 3268 3270 aliquid
3295 3203 3604 3257 acclamate.
3638 3207 3681 3256 Α
3711 3223 3801 3272 μου·

2221 3289 2340 3357 pulo
2364 3289 2693 3342 acclamatum
2718 3302 2789 3344 est
2813 3308 2830 3344 :
2851 3291 2986 3357 Fiat,
3010 3296 3128 3359 ﬁat;
3150 3295 3333 3348 dictum
3357 3298 3502 3351 ricics
3522 3299 3800 3370 quinquies.

2221 3378 2444 3450 Dignum
2476 3391 2564 3445 est,
2584 3384 2778 3452 justum
2801 3395 2903 3446 est;
2926 3386 3112 3438 dictum
3137 3389 3279 3441 vicies
3306 3392 3458 3443 octies
3513 3389 3652 3454 Fiat,
3678 3392 3800 3458 ﬁat;

2221 3472 2407 3525 dictum
2428 3488 2606 3545 quater
2629 3475 2806 3530 decies.
2826 3477 2960 3530 Olim
2981 3479 3181 3546 dignus,
3207 3480 3326 3533 olim
3355 3481 3559 3535 meritus
3579 3498 3596 3542 .'
3619 3482 3802 3536 dictum

2220 3563 2366 3617 vicies
2389 3565 2666 3634 quinquies.
2688 3565 2893 3620 Iudicio
2917 3579 3001 3622 tuo
3019 3572 3209 3640 gratias
3232 3574 3465 3642 agimus;
3491 3575 3685 3628 dictum
3710 3585 3802 3630 tre-

2219 3655 2395 3710 decics.
2419 3655 2646 3721 Exaudi,
2658 3656 2869 3727 Christe,
2893 3661 3146 3716 Eracliam
3167 3681 3400 3720 conserva
3417 3685 3434 3731 ;
3453 3669 3641 3721 dictum
3656 3680 3805 3724 octies

2221 3746 2400 3802 decies.

2291 3839 2343 3891 7.
2383 3837 2604 3909 Cumque
2646 3844 2950 3905 reticeretur,
2977 3845 3284 3917 Augustinus
3331 3851 3595 3918 episcopus
3631 3855 3805 3909 dixit:

2221 3931 2363 3986 Bene
2391 3933 2546 3988 habet
2579 3944 2634 3989 ut
2663 3952 2724 3990 ea
2751 3954 2868 4008 quae
2893 3940 2981 3993 Dei
3011 3954 3151 4006 sunt,
3177 3942 3314 3997 circa
3341 3947 3662 4000 sacrificium
3693 3951 3805 4019 ejus

2220 4036 2377 4091 agere
2421 4025 2719 4088 valeamus;
2752 4028 2800 4080 in
2842 4044 2943 4098 qua
2987 4030 3111 4084 hora
3158 4034 3559 4103 supplicationis
3610 4054 3804 4095 nostra:

2218 4113 2447 4168 maxime
2470 4117 2783 4171 commendo
2809 4118 3061 4174 Chai-itali
3089 4135 3274 4176 vestrm
3306 4137 3354 4179 ut
3389 4145 3574 4182 otnnes
3602 4115 3805 4185 vestras

2217 4219 2407 4261 causas
2445 4216 2498 4261 et
2535 4211 2741 4278 negotia
2784 4210 3176 4276 inlcrmillalis,
3204 4228 3257 4272 et
3288 4235 3381 4287 pro
3413 4222 3506 4274 ἰδίη
3543 4222 3800 4288 Ειρτνςίε,

2217 4307 2269 4354 et
2293 4315 2392 4370 pro
2418 4317 2522 4370 me,
2545 4312 2598 4356 et
2624 4319 2720 4374 pro
2751 4307 3064 4379 presbytero
3087 4310 3310 4378 Eraclio,
3347 4316 3566 4369 Domino
3591 4334 3802 4385 precem

2217 4391 2466 4448 fundatis.

2632 4465 2960 4523 EPISTOLA
3002 4469 3202 4527 CCXIV
3235 4480 3248 4496 '
3282 4474 3379 4546 (a).

2215 4556 2523 4627 Augustinus
2554 4557 2822 4615 Valentino
2853 4565 3028 4618 Abbati
3055 4577 3100 4619 ct
3139 4568 3402 4624 Monac/tis
3438 4571 3801 4641 Adrumrtiuis,

2285 4649 2455 4703 oborta
2481 4653 2607 4704 inter
2631 4668 2713 4706 eos
2739 4654 3048 4709 dissensione
3072 4658 3132 4710 de
3161 4659 3312 4711 libero
3341 4664 3548 4716 arbitrio
3577 4679 3621 4716 et
3646 4667 3802 4733 justi-

2284 4741 2356 4793 tia
2387 4740 2476 4795 Dei
2495 4783 2510 4805 ,
2539 4759 2600 4796 ea:
2635 4760 2788 4811 prava
2827 4747 3230 4815 interpretatione
3255 4753 3480 4818 epistolte
3513 4757 3802 4820 proliriuris

2281 4830 2351 4883 ad
2389 4831 2620 4892 Sixtum,
2651 4834 2791 4888 docet
2836 4837 2987 4903 ﬁdem
3028 4841 3321 4894 catholicam
3359 4846 3407 4896 in
3455 4846 3545 4898 illa
3589 4850 3803 4912 epistola

2285 4933 2648 4992 propugnatant
2681 4926 2811 4979 hanc
2837 4944 2961 4990 esse,
2984 4947 3096 4999 qua?
3120 4948 3274 5002 neque
3305 4934 3512 4988 liberum
3536 4939 3799 4990 arbitrium

2283 5026 2444 5084 neget,
2473 5033 2632 5086 neque
2663 5028 2855 5072 tantunt
2886 5023 2933 5074 ei
2959 5023 3175 5087 tribuat,
3201 5035 3254 5078 at
3277 5028 3382 5080 sine
3401 5030 3565 5098 gratia
3590 5029 3685 5082 οεὶ
3712 5049 3798 5084 ra-

2283 5105 2381 5158 leat
2405 5107 2680 5179 quidquam
2702 5112 2769 5163 ad
2793 5111 2994 5166 bonum.
3600 5125 3607 5134 '

2213 5197 2438 5264 Domino
2458 5202 2827 5271 dilectissimo,
2846 5216 2898 5260 et
2921 5208 2969 5261 in
2993 5208 3187 5264 Christi
3212 5213 3465 5268 membris
3485 5214 3798 5271 honorando

2281 5293 2429 5349 fratri
2457 5295 2790 5365 VALENTINO,
2823 5311 2874 5353 et
2907 5303 3154 5358 fratribus
3181 5306 3268 5375 qui
3299 5313 3476 5362 tecum
3503 5320 3626 5364 sunt
3645 5352 3660 5377 ,
3687 5312 3790 5365 Ac-

2279 5402 2550 5453 GUSTINUS,
2578 5389 2630 5443 in
2661 5392 2882 5444 Domino
2912 5393 3158 5450 salutem.

2281 5481 2330 5534 1.
2375 5481 2649 5549 Venerunt
2692 5486 2756 5538 ad
2801 5500 2898 5540 nos
2938 5486 3042 5542 duo
3084 5491 3332 5558 juvenes,
3377 5495 3698 5550 Cresconius
3743 5507 3797 5552 et

2270 5572 2286 5590 ‘
2313 5573 2647 5652 Elpistlt.ltgcx1\'
2669 5583 2719 5625 ct
2735 5584 2870 5650 ccxv
2891 5582 3253 5652 emendavimus
3273 5599 3368 5652 ope
3385 5600 3412 5635 a
3427 5601 3474 5636 a.
3488 5587 3547 5652 _b.
3561 5590 3649 5652 bg.
3663 5587 3730 5638 bl.
3749 5604 3793 5639 c.

2203 5646 2276 5683 cc.
2396 5635 2457 5684 cl.
2485 5633 2532 5684 α’.
2560 5651 2610 5700 g.
2632 5652 2713 5700 gv.
2727 5641 2764 5701 j.
2783 5653 2847 5688 m.
2873 5655 2921 5690 n.
2949 5656 2989 5691 r.
3021 5659 3059 5693 ες.
3087 5649 3160 5695 sb.
3187 5633 3223 5697 ιν.
3250 5633 3318 5697 υιῖ
3346 5633 3790 5700 animiEnn—'1};

2203 5707 2295 5744 uua
2353 5710 2407 5744 or
2429 5711 2477 5744 v.

2201 5708 2407 5757 quatuor
2429 5711 2477 5745 v.

2266 5757 2726 5836 (a);_t[u‘£
2744 5771 2908 5836 autem
2928 5765 3020 5836 f2”
3043 5778 3166 5833 erat,
3184 5783 3308 5823 nunc
3327 5772 3374 5821 9..
3396 5774 3576 5836 iiut-ipta
3601 5775 3792 5827 videtnr

2200 5825 2279 5869 an.
2307 5819 2416 5881 426,
2439 5827 2522 5871 aut
2545 5819 2654 5884 427,
2678 5833 2791 5876 aute
2815 5827 3003 5880 Pascha.
