4086 6350
340 333 445 392 θδθ

343 452 487 505 Felix
507 492 521 515 ,
552 448 619 503 de
650 456 819 502 vestra
848 446 1252 515 congregatione
1285 460 1341 499 se
1379 462 1495 499 esse
1528 446 1793 508 dicentes.
1823 451 1910 519 qui

340 544 496 596 nobis
525 541 813 594 retulerunt
860 538 1237 591 monasterium
1267 547 1493 591 vestrum
1527 541 1774 592 nonnulla
1804 541 1912 595 dis-

339 636 586 689 sensione
610 634 903 697 turbatum,
935 646 1000 685 eo
1028 629 1166 699 quod
1189 628 1400 699 quidam
1430 630 1481 683 in
1510 630 1658 711 vobis
1693 631 1768 684 sic
1790 648 1909 700 gra-

341 726 466 778 tiam
498 724 799 791 prmdiccnt,
829 731 884 774 ut
914 728 1106 789 negent
1134 719 1361 773 hominis
1387 733 1503 772 esse
1526 718 1746 799 liberum
1772 722 1911 775 arhi-

337 820 529 882 trium;
557 825 629 878 et.
652 815 790 883 quod
816 824 899 869 est
923 814 1153 883 gravius,
1181 813 1358 866 dicant
1382 810 1523 881 quod
1551 812 1599 864 in
1626 804 1710 866 die
1726 813 1910 881 judicii

336 928 441 964 non
482 909 551 962 sit
590 902 892 960 redditurus
930 905 1066 958 Deus
1095 903 1377 971 unicuique
1416 902 1706 957 secundum
1747 918 1910 972 Opera

333 999 449 1070 ejus
476 996 685 1070 (.llattlt.
712 1010 821 1061 xvr,
842 994 932 1059 27,
960 1004 1003 1046 et
1032 984 1183 1046 Rom.
1206 1008 1263 1057 ιι,
1294 992 1373 1059 6).
1404 991 1575 1044 Etiam
1605 990 1705 1045 hoc
1734 1002 1907 1046 tamen

332 1088 725 1152 indicaverunt,
760 1086 899 1155 quod
936 1085 1115 1163 plures
1140 1092 1374 1138 vestrum
1406 1098 1513 1136 non
1539 1082 1608 1136 ita
1639 1084 1905 1180 sentiant,

332 1183 428 1238 sed
457 1181 680 1235 liberum
710 1176 983 1231 arbitrium
1011 1175 1246 1245 adjuvari
1275 1175 1532 1251 fateantur
1551 1190 1648 1244 per
1669 1175 1759 1229 Dei
1787 1176 1908 1245 gra-

330 1275 489 1337 tiam,
519 1280 575 1323 ut
603 1277 748 1324 recta
786 1268 1052 1338 sapiamus
1077 1275 1235 1334 atque
1266 1264 1550 1329 faciamus;
1581 1274 1635 1341 ut
1672 1280 1790 1319 cum
1819 1283 1905 1321 ve-

328 1362 469 1417 herit
512 1342 767 1414 Dominus
819 1355 1043 1410 reddere
1092 1354 1373 1423 unicuique
1420 1353 1708 1408 secundum
1746 1370 1905 1433 opera

327 1453 466 1520 ejus,
486 1449 715 1503 inveniat
735 1460 895 1515 Opera
918 1454 1097 1498 nostra
1121 1443 1275 1504 bona,
1298 1458 1427 1545 qua).
1439 1445 1750 1545 praeparavit
1770 1445 1907 1545 Deus

331 1553 388 1596 ιιι
417 1544 467 1595 in
500 1541 603 1594 illis
623 1537 957 1592 ambulemus
984 1534 1143 1607 (Eph.
1169 1550 1225 1601 ιι,
1256 1533 1363 1603 10).
1390 1533 1500 1588 lloc
1528 1534 1616 1603 qui
1651 1536 1903 1602 sentiunt,

328 1635 464 1690 bene
492 1633 741 1687 sentiunt.
1426 1706 1457 1713 η
1786 1702 1792 1711 _

398 1725 453 1778 2.
481 1723 696 1777 Obsecro
722 1721 899 1788 itaque
918 1734 1025 1783 vos,
1051 1719 1252 1799 fratres,
1275 1714 1411 1769 sicut
1426 1708 1731 1769 Corinthios
1752 1708 1904 1771 obse-

323 1815 494 1870 cravit
518 1811 823 1882 Apostolus,
854 1813 940 1878 per
964 1823 1143 1861 nomen
1164 1804 1369 1903 Domini
1381 1804 1535 1902 nostri
1549 1804 1677 1904 esu
1697 1802 1901 1904 gltﬁsti,

322 1916 378 1959 ut
408 1906 627 1975 idipsum
653 1901 830 1954 dicatis
856 1913 1026 1951 omnes
1044 1936 1059 1959 ,
1087 1905 1131 1948 et
1156 1911 1255 1947 non
1280 1893 1377 1947 sint
1408 1894 1457 1995 in
1482 1894 1613 1947 vobis
1633 1894 1904 1995 schismata

322 1997 369 2066 (l
398 1996 513 2050 Cor.
543 2010 578 2058 ι,
606 1990 714 2062 10).
749 1988 925 2043 Primo
950 1986 1092 2041 enim
1122 1982 1377 2037 Dominus
1401 1978 1575 2085 Iesus,
1605 1984 1742 2036 sicut
1767 1984 1900 2085 seri-

321 2104 470 2156 ptuni
500 2095 581 2140 est
611 2085 660 2138 in
690 2078 977 2150 Evangelia
1006 2076 1225 2133 Joannis
1263 2074 1523 2143 apostoli,
1562 2091 1662 2128 non
1692 2076 1821 2129 venit
1849 2086 1902 2129 ut

318 2179 568 2243 iudicaret
622 2173 897 2235 mundum,
955 2168 1044 2222 sed
1090 2176 1143 2220 ut
1196 2166 1473 2220 salvaretur
1537 2166 1752 2218 mundus
1812 2184 1901 2237 per

318 2276 485 2341 ipsum
512 2269 530 2339 (
554 2267 710 2321 Joan.
736 2280 814 2327 ιιι,
844 2263 907 2317 l7
932 2261 970 2330 ).
996 2260 1183 2315 Postea
1211 2272 1367 2319 vero,
1398 2257 1534 2311 sicut
1562 2246 1747 2311 scribit
1774 2266 1902 2327 apo-

314 2358 488 2414 stolus
513 2358 708 2413 Paulus
730 2396 744 2420 ,
780 2351 1029 2422 judicabit
1056 2346 1195 2402 Deus
1216 2347 1462 2401 mundum
1491 2346 1510 2415 (
1534 2347 1683 2401 Rom.
1710 2363 1785 2413 ιιι,
1819 2348 1896 2418 6),

317 2450 529 2520 quando
576 2455 808 2500 venturus
860 2452 970 2508 est,
1018 2440 1155 2495 sicut
1206 2446 1311 2491 tota
1354 2436 1590 2491 Ecclesia
1640 2438 1692 2491 in
1738 2436 1896 2508 Sym-
1994 2466 1999 2471 ’

317 2542 442 2597 bolo
483 2537 784 2599 confitetur,
824 2520 1059 2603 judicare
1096 2531 1229 2582 vivos
1270 2526 1314 2582 et
1354 2538 1614 2632 mortuos:
1641 2527 1694 2583 Si
1725 2529 1899 2632 “igitur:

314 2650 423 2687 non
460 2641 543 2685 est
580 2629 674 2685 Dei
718 2625 918 2697 gratia,
946 2621 1212 2694 quomodo
1249 2620 1416 2676 salvat
1458 2619 1747 2673 mundum?
1772 2630 1824 2674 et
1850 2620 1895 2675 si

316 2739 424 2777 non
442 2730 523 2775 est
543 2720 767 2775 liberum
793 2713 1092 2777 arbitrium,
1115 2709 1381 2780 quomodo
1394 2700 1596 2779 judicat
1620 2709 1896 2810 mundum":t

319 2811 545 2868 Proinde
572 2809 763 2864 librum
784 2805 867 2859 vel
893 2799 1168 2873 epistolam
1201 2815 1372 2855 meam
1392 2840 1407 2864 ,
1435 2814 1590 2903 quam
1620 2800 1894 2903 seeumad

318 2922 417 2960 nos
442 2907 456 2936 ¹
479 2900 767 2973 supradicti
791 2896 1106 2959 attulerunt,
1137 2892 1425 2992 secundum
1456 2890 1592 2945 hanc
1624 2890 1776 2992 fidem
1809 2892 1893 2945 in-

316 2996 557 3067 telligite,
578 3001 640 3049 ut
662 3004 834 3060 neque
861 2986 1064 3082 negetis
1083 2983 1447 3082 Deingratiam,
1473 2996 1642 3050 neque
1668 2981 1891 3082 liberum

312 3086 591 3143 arbitrium
613 3083 689 3138 sic
708 3076 1025 3142 defendatis,
1049 3082 1152 3129 uta
1176 3072 1267 3127 Dei
1292 3072 1457 3142 gratia
1479 3072 1755 3140 separetis,
1778 3081 1893 3127 tan-

310 3192 469 3247 quam
491 3176 607 3230 sine
634 3172 718 3227 illa
740 3170 819 3224 vel
840 3167 1074 3237 cogitare
1097 3161 1399 3261 aliquidp'el
1419 3176 1575 3261 agere
1600 3162 1889 3215 secundum

313 3269 479 3323 Deum
500 3265 606 3320 ulla
630 3261 832 3317 ratione
858 3256 1155 3327 possimus;
1179 3251 1318 3322 quod
1339 3251 1682 3355 omnino’non
1706 3266 1888 3355 possu-

310 3374 451 3412 mus.
482 3357 705 3424 Propter
732 3350 835 3405 hoe
862 3347 1002 3403 enim
1030 3344 1287 3424 Dominus
1309 3357 1429 3443 cupi
1452 3340 1520 3397 de
1546 3340 1716 3443 fructu
1730 3343 1889 3443 justi-

307 3448 396 3502 tiie
429 3448 757 3513 loqueretur,
789 3439 860 3493 ait
890 3435 1164 3518 discipulis
1186 3434 1295 3487 suis
1324 3450 1337 3483 :
1369 3431 1493 3486 Sine
1530 3448 1607 3484 me
1635 3430 1762 3485 niln'l
1793 3449 1888 3504 po-

304 3537 444 3591 :cstis
470 3537 634 3605 facere
662 3531 837 3602 (Joan.
868 3542 958 3593 xv,
983 3525 1058 3597 5)·
1092 3615 1103 3624 ³
1147 3623 1150 3624 ν
1194 3614 1207 3624 _
1371 3613 1382 3624 _
1408 3612 1461 3624 ω
1511 3616 1529 3624 _

376 3628 431 3682 5.
464 3623 616 3681 Unde
642 3620 995 3691 supradictam
1021 3614 1296 3685 epistolam
1320 3613 1383 3666 ad
1408 3612 1611 3667 Sixtum
1636 3614 1886 3671 Romanae

308 3714 563 3773 Ecclesia:
585 3712 947 3783 presbyterum
964 3707 1059 3778 (a),
1073 3710 1258 3762 centra
1272 3718 1435 3805 novos
1452 3705 1726 3806 Inereticos
1747 3705 1885 3806 Pela-

304 3808 491 3876 gianos
520 3802 768 3858 noveritis
797 3814 915 3855 esse
945 3796 1319 3865 conscriptam,
1344 3795 1430 3863 qui
1454 3794 1637 3897 dicunt
1660 3796 1882 3897 gratiam

308 3884 400 3952 Dei
441 3894 726 3951 secundum
758 3891 942 3945 merita
970 3896 1154 3943 nostra
1196 3886 1330 3950 dari,
1366 3894 1422 3939 ut
1468 3885 1555 3985 qui
1585 3885 1876 3985 gloriatur,

306 3995 410 4043 non
438 3987 489 4041 in
521 3983 764 4046 Domino,
784 3979 875 4036 sed
902 3980 953 4032 in
975 3978 1150 4047 seipso
1173 3976 1447 4045 glorietur,
1468 3974 1568 4076 hoc
1594 3984 1681 4076 est.
1700 3974 1750 4027 in
1780 3975 1878 4076 ho-

306 4079 467 4143 mine,
500 4091 604 4130 non
646 4074 699 4128 in
729 4070 972 4126 Domino.
1013 4066 1161 4153 Quod
1191 4065 1437 4153 prohibet
1465 4064 1769 4153 Apostolus,
1794 4065 1877 4119 di—

302 4184 451 4232 cens,
504 4165 666 4219 Nemo
704 4161 946 4233 glorietur
973 4159 1024 4211 in
1069 4151 1269 4208 homine
1298 4151 1350 4253 ςι
1380 4151 1616 4253 90min,
1660 4152 1877 4253 2.l).;ci

301 4261 407 4313 alio
444 4260 582 4319 loco,
617 4254 715 4320 Qui
754 4251 1018 4323 gloriatur,
1066 4247 1252 4315 inquit,
1294 4244 1346 4296 in
1377 4241 1593 4343 Domino
1638 4242 1879 4343 :qlerietur

302 4350 422 4417 (Id.
456 4364 493 4413 ι,
526 4346 642 4415 31).
686 4343 761 4397 Illi
790 4356 913 4395 vero
940 4335 1176 4392 haeretici
1204 4334 1466 4434 seipsps-a
1491 4334 1683 4434 seipsis
1704 4334 1878 4434 justos

301 4442 416 4497 fieri
447 4445 711 4509 putantes.
755 4432 904 4504 quasi
932 4430 1035 4525 hoc
1054 4429 1136 4525 eis
1173 4442 1279 4525 non
1325 4424 1530 4525 dedeeit
1576 4424 1873 4525 Deustsed

301 4532 401 4601 ipsi
427 4529 561 4593 sibi;
593 4541 698 4582 non
740 4523 921 4592 utique
956 4519 1008 4574 in
1054 4517 1296 4615 Domino,
1339 4514 1447 4615 sed.
1478 4514 1532 4568 in
1576 4514 1875 4615 semetipsis

298 4622 613 4693 gloriantur.
657 4613 872 4670 Talibus
900 4610 1041 4707 enim
1071 4607 1206 4707 dicit
1234 4605 1517 4707 pppstolus
1546 4622 1559 4657 :
1744 4605 1876 4657 enim

298 4720 346 4768 te
374 4708 648 4765 discernit?
672 4702 824 4772 Quod
845 4701 962 4756 ideo
984 4699 1129 4765 dicit,
1161 4698 1281 4767 quia
1301 4695 1365 4749 de
1387 4708 1558 4797 massa
1590 4694 1729 4797 illius
1750 4709 1873 4795 per-

297 4799 513 4857 ditionis
540 4812 657 4867 quxe
688 4795 820 4849 facta
844 4800 928 4847 est
961 4806 1026 4845 ex
1054 4788 1244 4853 Adam,
1294 4802 1395 4841 non
1422 4785 1675 4888 discernit
1700 4785 1870 4888 homi-

297 4908 438 4957 nem,
468 4900 527 4943 ut
554 4902 673 4944 eum
705 4885 859 4940 faciat
887 4881 1050 4967 vasin
1082 4880 1360 4977 honorem,
1388 4892 1492 4932 non
1520 4880 1572 4931 in
1600 4884 1875 4977 contume-

297 4984 456 5047 liam,
500 4978 605 5034 nisi
658 4977 816 5031 Deus.
873 4966 977 5029 Sed
1029 4969 1277 5072 quoniam
1314 4967 1494 5070 .horno
1540 4968 1771 5072 carnalis

295 5072 524 5127 inaniter
551 5066 762 5122 inﬂatus
782 5078 901 5120 eum
932 5060 1185 5125 audisset,
1228 5058 1351 5124 Quis
1378 5057 1509 5111 enim
1537 5066 1583 5110 te
1605 5059 1874 5113 discernit?

295 5176 478 5238 posset
505 5163 829 5236 respondere
866 5159 947 5214 vel
976 5154 1217 5254 voce-vel
1254 5153 1572 5254 cogitatione
1672 5152 1869 5221 dicere,

295 5257 558 5313 Discernit
599 5269 685 5310 me
726 5252 855 5307 ﬁdes
896 5262 1034 5314 mea,
1081 5244 1333 5300 discernit
1375 5256 1461 5297 me
1505 5244 1674 5346 eratio
1717 5258 1869 5346 mea,

293 5349 549 5406 discernit
586 5360 673 5401 me
706 5341 909 5414 justitia
948 5353 1106 5403 mea;
1154 5352 1277 5390 mox
1320 5333 1602 5435 Apostolus
1636 5335 1873 5435 occurrit

293 5439 700 5511 Cogitationibus
725 5436 840 5505 ejus
859 5441 913 5488 et
936 5430 1068 5526 dixit
1091 5428 1267 5526 {Quid
1280 5428 1414 5526 enim
1438 5426 1590 5526 babes
1613 5428 1747 5526 quod
1770 5444 1870 5480 non

294 5510 530 5602 accepisti
547 5532 573 5584 .9
601 5529 660 5582 Si
690 5535 856 5580 autem
881 5520 1138 5591 accepisti,
1169 5516 1290 5589 quid
1318 5510 1573 5586 gloriaris,
1602 5515 1745 5617 quasi
1770 5530 1870 5570 non

294 5624 541 5692 acceperis
571 5619 680 5694 (Id.
724 5633 795 5682 tv,
824 5614 920 5689 7)?
947 5614 1035 5670 Sic
1058 5621 1233 5666 autem
1258 5609 1550 5679 gloriantur
1582 5609 1730 5677 quasi
1763 5618 1866 5662 non

360 5737 376 5767 ί
403 5735 537 5794 Edd.,
561 5733 626 5781 ad
650 5744 746 5781 vos.
774 5737 829 5781 At
850 5737 954 5778 Mss.
982 5724 1235 5782 tredecim,
1263 5721 1325 5770 ad
1344 5732 1444 5770 nos.

354 5796 425 5860 (α)
450 5794 720 5860 rzpisnist.
863 5856 865 5858 η

572 5858 797 5918 Ssacr.
853 5853 1124 5913 Auausr.
1164 5846 1241 5905 ll.

1511 328 1989 395 EPISTOLARUM
2028 342 2298 403 CL.\SSIS
2336 346 2420 402 ΙΙΙ.

3501 371 3597 426 870

2020 456 2339 529 acceperint,
2368 460 2455 530 qui
2486 476 2543 516 se
2570 478 2600 516 a
2630 465 2817 535 scipsis
2840 468 3113 539 justificari
3158 484 3377 546 putant;
3408 495 3471 535 ae
3501 496 3596 552 per

1998 544 2123 599 hec
2152 548 2203 601 in
2232 553 2548 621 semetipsis,
2582 571 2684 609 non
2728 558 2778 612 in
2813 560 3033 617 Domino
3069 568 3381 636 gloriantur.

2089 640 2142 693 4.
2171 638 2393 719 Propter
2417 647 2554 715 quod
2582 663 2680 717 ego
2701 649 2752 704 in
2773 651 2872 707 hac
2892 656 3112 723 epistola
3135 675 3253 729 qua:
3268 661 3335 716 ad
3357 678 3450 718 vos
3470 680 3592 734 per-

2325 712 2330 719 ,
2434 712 2450 715 -
2618 712 2643 717 ,
2926 712 2941 723 ,
3146 712 3248 729 ,μη
3272 712 3335 716 __
3367 712 3447 718 η-
3472 712 3555 734 τη--

2020 727 2190 792 venit,
2243 732 2457 799 probavi
2496 751 2591 804 per
2636 741 2932 797 testimonia
2969 757 3269 804 sanctarum
3297 751 3596 824 Scriptum-

2019 832 2155 882 rum,
2184 835 2301 888 qua:
2327 822 2397 877 ibi
2430 829 2649 894 potestis
2677 830 2955 903 inspicere,
2979 848 3031 891 et
3050 839 3186 894 bona
3208 856 3368 911 opera
3388 822 3588 911 nostra,

2017 917 2073 961 ct
2096 910 2210 979 pias
2237 916 2518 982 orationes,
2547 930 2603 975 et
2624 934 2817 980 rectam
2843 927 2996 983 ﬁdem
3019 916 3162 988 nullo
3183 936 3341 991 modo
3362 938 3413 992 in
3436 942 3591 996 nobis

2016 1013 2134 1053 esse
2166 1004 2396 1070 potuisse
2414 1048 2428 1070 ,
2459 1008 2554 1063 nisi
2578 1010 2691 1066 hinc
2710 1017 3069 1086 acciperemus
3094 1024 3160 1078 ab
3182 1024 3272 1080 illo
3294 1027 3362 1083 de
3384 1045 3489 1100 quo
3509 1032 3593 1086 di-

2015 1089 2087 1142 cit
2111 1094 2378 1170 apostolus
2406 1096 2632 1155 Jacobus
2652 1143 2664 1164 ,
2697 1103 2856 1159 Omne
2884 1109 3057 1162 datum
3085 1114 3344 1182 optimum,
3372 1089 3419 1171 et
3444 1136 3591 1175 omne

2015 1179 2202 1235 donum
2234 1186 2506 1254 perfectum
2534 1190 2793 1248 desursum
2823 1209 2923 1263 est,
2958 1200 3260 1259 descendens
3288 1224 3321 1260 a
3344 1219 3490 1278 patre
3509 1213 3593 1265 lu-

2015 1273 2206 1327 minum
2228 1274 2433 1343 (Jacobi
2453 1296 2466 1333 ι
2487 1322 2502 1347 ,
2530 1283 2639 1356 l7);
2670 1303 2735 1341 ne
2761 1289 3039 1359 quisquam
3065 1294 3207 1349 dicat
3231 1273 3436 1355 meritis
3459 1317 3590 1371 epe-

2015 1380 2130 1419 rum
2156 1382 2371 1423 suorum
2393 1411 2407 1435 ,
2438 1374 2516 1427 vel
2542 1378 2749 1433 meritis
2778 1383 3074 1439 orationum
3103 1400 3345 1455 suarum,
3377 1393 3457 1447 vel
3480 1410 3591 1449 me-

2013 1455 2129 1511 ritis
2166 1457 2285 1513 fidei
2315 1474 2458 1527 sum,
2490 1464 2586 1517 sibi
2615 1470 2855 1524 traditam
2886 1472 2976 1527 Dei
2997 1477 3261 1545 gratiam,
3293 1492 3344 1535 et
3376 1493 3588 1551 putetur

2013 1561 2193 1600 verum
2221 1564 2342 1605 esse
2367 1553 2507 1621 quod
2539 1555 2611 1609 illi
2642 1557 2875 1615 haeretici
2903 1563 3114 1632 dicunt,
3142 1572 3363 1637 gratiam
3390 1575 3477 1628 Dei
3504 1591 3588 1630 sc-

2010 1637 2238 1692 cundum
2262 1643 2445 1697 merita
2473 1656 2649 1700 nostra
2670 1649 2781 1704 dari
2808 1668 2821 1716 ;
2850 1656 2989 1723 quod
3015 1662 3231 1715 omnino
3252 1663 3587 1722 falsissimum

2011 1737 2094 1781 est
2140 1747 2153 1782 :
2205 1746 2306 1785 non
2336 1736 2455 1803 quia
2489 1738 2685 1793 nullum
2716 1753 2795 1795 est
2823 1746 3099 1815 meritum,
3132 1752 3213 1821 vel
3245 1753 3437 1810 bonum
3469 1759 3587 1827 pio-

2010 1833 2162 1886 rum,
2204 1822 2286 1875 vel
2324 1826 2520 1881 malum
2550 1828 2861 1900 impiorum;
2893 1836 3121 1909 alioquin
3152 1848 3419 1912 quomodo
3443 1849 3586 1918 judi-

2009 1910 2151 1966 cabit
2188 1912 2327 1969 Deus
2364 1920 2663 1974 mundum?
2694 1925 2785 1978 sed
2826 1916 3188 1987 misericordia
3223 1947 3273 1990 et
3300 1940 3463 2006 gratia
3492 1941 3584 1997 Dei

2008 2006 2267 2059 convertit
2291 2006 2580 2078 hominem,
2611 2013 2675 2068 de
2701 2032 2803 2085 qua
2833 2018 3072 2095 Psalmus
3092 2024 3233 2088 dicit,
3261 2027 3397 2082 Dens
3421 2048 3581 2098 meus,

2008 2093 2349 2151 misericordia
2388 2101 2497 2168 ejus
2535 2108 2797 2169 prter-cuia
2824 2126 2900 2163 me
2920 2093 3086 2181 (Psal.
3111 2131 3253 2183 LVI",
3285 2120 3407 2189 li);
3432 2132 3486 2176 ut
3498 2122 3583 2192 ju—

2005 2186 2263 2242 Stilicetur
2289 2190 2498 2262 impius,
2529 2194 2629 2251 hoc
2662 2208 2743 2254 est
2768 2217 2831 2254 ex
2853 2202 3015 2272 impio
3035 2204 3124 2259 ﬁat
3147 2186 3425 2276 justuspet
3452 2215 3581 2269 inci-

2006 2277 2114 2345 piat
2155 2278 2351 2338 habere
2388 2288 2632 2343 meritum
2662 2290 2856 2347 bonum
2873 2335 2888 2361 ,
2914 2297 3056 2365 quod
3082 2299 3336 2359 Dominus
3360 2319 3582 2363 corona-

2003 2366 2107 2432 bit,
2136 2373 2348 2439 quando
2369 2375 2691 2444 judicabitur
2712 2384 2958 2439 mundus.

2073 2459 2126 2515 5.
2156 2459 2314 2517 Multa
2338 2477 2491 2521 erant
2512 2482 2632 2539 qua:
2664 2472 2813 2529 vobis
2839 2475 3049 2532 mittere
3074 2481 3371 2550 cupiebam,
3392 2487 3581 2555 quibus

2002 2547 2185 2618 lectis,
2225 2561 2387 2609 totam
2416 2556 2584 2626 ipsam
2614 2575 2826 2617 causam
2850 2581 2967 2634 qua:
2994 2570 3237 2627 conciliis
3266 2575 3582 2646 episcopali-

1999 2639 2101 2696 bus
2138 2650 2253 2697 acta
2294 2656 2376 2699 est
2411 2647 2667 2705 adversus
2691 2654 2906 2710 eosdem
2932 2656 3239 2729 Pelagianos
3265 2664 3578 2736 luereticos,

2000 2730 2305 2801 diligentius
2340 2738 2396 2791 et
2418 2738 2623 2806 plenius
2646 2757 2803 2798 nosse
2824 2749 3065 2815 possetis;
3088 2750 3183 2805 sed
3203 2752 3582 2816 festinaverunt

2000 2820 2191 2878 fratres
2209 2865 2223 2889 ,
2254 2827 2343 2894 qui
2377 2843 2439 2881 ex
2481 2816 2704 2886 numero
2733 2844 2909 2891 vestro
2930 2838 2995 2915 ad
3023 2856 3123 2895 nos
3150 2857 3446 2913 venerunt,
3480 2858 3575 2918 per

1998 2928 2132 2982 quos
2167 2916 2318 2971 vobis
2356 2932 2461 2973 non
2509 2923 2877 2995 rescripsimus
2924 2928 3053 2993 ista,
3104 2933 3197 2987 sed
3245 2938 3575 3007 scripsimus.

1997 3002 2183 3058 Nullas
2227 3006 2367 3061 enim
2414 3009 2480 3062 ad
2518 3026 2614 3065 nos
2641 3024 2833 3069 vestra:
2858 3016 3141 3075 Charitatis
3167 3002 3369 3080 litteras
3389 3031 3577 3085 attule~

1998 3104 2121 3149 runt
2148 3113 2162 3150 :
2194 3105 2367 3152 tamen
2396 3104 2726 3171 suscepimus
2747 3120 2859 3169 eos,
2883 3112 3129 3177 quoniam
3148 3114 3458 3186 simplicitas
3479 3137 3573 3175 co-

1997 3200 2114 3239 rum
2157 3187 2285 3241 satis
2326 3188 2590 3247 indicabat
2616 3194 2743 3249 nihil
2774 3197 2887 3251 illos
2923 3201 3076 3255 nobis
3106 3207 3338 3272 potuisse
3366 3212 3574 3267 conlin-

1993 3290 2139 3345 gere.
2186 3276 2310 3334 Ideo
2343 3290 2518 3337 autem
2544 3282 2959 3357 festinaverunt,
2993 3301 3049 3345 ut
3072 3296 3210 3363 apud
3234 3312 3330 3353 vos
3354 3312 3576 3371 agerent

1994 3366 2194 3423 Pascha
2216 3412 2231 3437 ,
2271 3386 2375 3441 quo
2399 3374 2594 3442 possit,
2626 3376 2911 3446 adjuvante
2937 3381 3191 3453 Domino,
3220 3394 3326 3443 tam
3355 3366 3574 3449 sanctus

1993 3459 2106 3517 dies
2118 3471 2345 3517 vestram
2360 3480 2542 3533 pacem
2555 3482 2711 3537 quam
2726 3469 3111 3531 dissensionem
3124 3478 3300 3545 potius
3311 3480 3570 3540 invenire.

2063 3552 2116 3607 6.
2145 3552 2329 3608 Melius
2354 3564 2531 3611 autem
2557 3557 2723 3613 facitis
2739 3560 2903 3630 (quod
2918 3563 3138 3620 multum
3150 3570 3322 3640 rogo),
3337 3571 3380 3627 si
3398 3577 3572 3642 ipsum

1990 3660 2019 3698 a
2059 3661 2165 3717 quo
2202 3646 2385 3702 dicunt
2425 3663 2486 3704 se
2521 3648 2686 3706 fuisse
2721 3653 2994 3720 turbatos,
3032 3657 3100 3712 ad
3127 3674 3213 3715 me
3233 3662 3443 3720 mittere
3463 3681 3571 3722 non

1989 3741 2297 3810 gravemini.
2321 3742 2428 3797 Aut
2451 3743 2594 3797 enim
2624 3758 2727 3799 non
2751 3746 2994 3818 intelligit
3017 3749 3209 3806 librum
3238 3769 3444 3825 meum,
3472 3769 3567 3814 aut

1990 3833 2122 3888 forte
2160 3833 2272 3902 ipse
2310 3848 2413 3888 non
2442 3834 2774 3906 intelligitur,
2798 3840 3012 3908 quando
3037 3842 3400 3903 difficillimam
3420 3865 3567 3919 quae-

1985 3926 2210 3979 stionem
2258 3936 2312 3981 et
2328 3928 2530 3995 paucis
2568 3929 2947 3999 intelligihilem
2991 3934 3197 3991 solvere
3234 3948 3397 4009 atque
3433 3958 3564 3997 eno-

1984 4015 2111 4070 dare
2131 4027 2369 4071 conatur.
2393 4018 2508 4087 Ipsa
2530 4028 2611 4074 est
2630 4023 2770 4075 enim
2793 4025 3016 4092 qurestio
3035 4026 3099 4081 de
3118 4030 3287 4097 gratia
3310 4031 3423 4099 Dei,
3448 4050 3567 4102 qua:

1984 4106 2106 4160 fecit
2133 4116 2188 4161 ut
2217 4108 2457 4163 homines
2483 4124 2587 4163 non
2620 4111 2973 4180 intelligentes
3000 4124 3242 4182 putarent
3262 4122 3557 4188 apostolum

1984 4196 2201 4251 Paulum
2231 4199 2409 4253 dicere
2442 4217 2454 4252 :
2485 4198 2756 4253 Faciamus
2780 4204 2933 4269 mala,
2954 4212 3006 4257 ut
3020 4207 3217 4259 veniant
3234 4210 3362 4264 bona
3378 4211 3553 4283 (Rom.

1981 4304 2071 4350 ιιι,
2115 4288 2193 4358 8).
2246 4287 2395 4342 Unde
2435 4291 2703 4357 apostolus
2742 4291 2929 4346 Petrus
2968 4294 3019 4348 in
3059 4296 3290 4353 secunda
3327 4300 3559 4371 Epistola

1981 4393 2077 4433 sua
2099 4421 2113 4447 ,
2149 4380 2467 4451 Quapropter
2489 4423 2503 4448 ,
2534 4382 2730 4451 inquit;
2758 4384 3040 4440 cltarissimi
3057 4429 3072 4455 ,
3096 4388 3203 4442 lucc
3217 4404 3557 4464 exspectantes

1979 4470 2189 4539 satagite
2230 4470 2456 4524 inviolati
2501 4482 2547 4526 et
2586 4472 2893 4528 immaculati
2938 4478 3229 4547 apud'eum
3263 4487 3474 4555 reperiri
3507 4488 3561 4544 in

1980 4574 2138 4628 pace;
2178 4568 2226 4613 et
2266 4558 2468 4614 Domini
2496 4564 2653 4616 nostri
2681 4565 2973 4634 patientiam
2996 4569 3210 4624 salutem
3235 4575 3515 4634 existimate
3540 4597 3560 4635 :

1978 4652 2104 4704 sicut
2125 4660 2170 4705 et
2190 4651 2539 4708 dilectissimus
2558 4654 2714 4725 frater
2733 4666 2897 4711 noster
2920 4658 3112 4717 Paulus
3130 4706 3143 4729 ,
3160 4669 3433 4724 secundum
3448 4684 3559 4728 eam

1976 4760 2093 4816 qua:
2131 4745 2251 4797 data
2274 4755 2345 4799 est
2366 4745 2413 4800 ei
2434 4748 2752 4817 sapientiam,
2783 4751 2983 4821 scripsit
3002 4754 3155 4819 vobis,
3182 4767 3300 4811 utet
3322 4761 3373 4813 in
3394 4766 3558 4817 omni-

1979 4835 2068 4890 bus
2114 4836 2335 4906 epistolis
2371 4836 2579 4905 loquens
2614 4838 2668 4891 in
2690 4839 2760 4893 eis
2784 4838 2845 4893 de
2864 4841 2942 4895 his
2963 4860 2983 4907 ;
3004 4844 3059 4897 in
3078 4845 3255 4914 quibus
3275 4860 3388 4902 sunt
3406 4853 3553 4921 quai-

1979 4928 2097 4980 dam
2126 4927 2347 4997 di/jicilia
2372 4928 2653 4995 intellectu,
2678 4947 2790 4997 qua:
2813 4933 3004 4986 indocti
3032 4946 3077 4987 et
3103 4938 3354 4991 instabiles
3382 4941 3547 4996 homi-

1978 5034 2063 5072 nes
2083 5026 2365 5088 pervertunt
2383 5060 2397 5083 ,
2428 5018 2554 5071 sicut
2582 5029 2626 5074 et
2653 5031 2855 5075 cwteras
2878 5022 3187 5094 Scripturas,
3206 5029 3274 5080 ad
3292 5034 3553 5102 proprium

1976 5124 2123 5165 suum
2149 5111 2401 5165 interitum
2430 5109 2498 5182 (ll
2528 5110 2669 5165 Petr.
2702 5129 2784 5179 ιιι,
2815 5115 3021 5185 Molli.)

2049 5205 2100 5259 7.
2132 5205 2324 5260 Cavete
2343 5218 2470 5273 ergo
2487 5204 2625 5274 quod
2650 5214 2822 5260 tantus
2838 5207 3107 5274 apostolus
3127 5217 3229 5263 tam
3248 5212 3553 5272 terribiliter

1976 5296 2139 5359 dicit;
2172 5303 2225 5349 et
2244 5294 2333 5348 ubi
2360 5294 2565 5349 sentitis
2594 5309 2688 5349 vos
2715 5310 2816 5349 non
2848 5295 3167 5367 intelligere,
3200 5301 3410 5357 interim
3434 5318 3552 5362 cro-

1975 5384 2083 5439 dite
2120 5383 2311 5437 divinis
2340 5383 2591 5454 eloquiis,
2623 5386 2743 5455 quia
2767 5394 2821 5440 et
2845 5385 3068 5441 liberum
3098 5398 3180 5443 est
3206 5388 3437 5448 hominis
3460 5407 3549 5450 art"-

1976 5474 2187 5529 bitrium
2205 5514 2219 5538 ,
2241 5481 2296 5528 et
2312 5475 2478 5544 gratia
2504 5475 2620 5537 Dei,
2647 5476 2763 5529 sine
2782 5476 2930 5545 cujus
2946 5476 3209 5547 adjutorio
3226 5481 3449 5539 liberum
3465 5498 3548 5540 ar:

1973 5565 2187 5620 bitrium
2213 5580 2313 5620 nec
2337 5566 2572 5621 converti
2599 5575 2769 5635 potest
2792 5566 2858 5620 ad
2889 5566 3073 5636 Deum,
3104 5585 3203 5626 nec
3224 5573 3547 5643 prolicereiii

1972 5658 2101 5711 Deo.
2130 5657 2196 5711 Et
2214 5657 2352 5727 quod
2378 5657 2459 5727 pie
2478 5656 2714 5725 creditis,
2742 5666 2797 5711 ut
2816 5658 2975 5712 etiam
2999 5661 3265 5730 sapienter
3285 5664 3547 5740 intelliga:

1975 5750 2041 5806 tis
2066 5758 2232 5805 orate.
2268 5749 2331 5804 Et
2355 5749 2418 5805 ad
2454 5748 2554 5805 hoc
2589 5749 2761 5818 ipsum
2799 5750 2963 5817 enim,
2994 5751 3043 5804 id
3070 5761 3170 5819 est,
3200 5766 3253 5807 ut
3280 5759 3544 5828 sapiente}

2632 5850 2633 5853 ‘
2716 5840 3185 5926 (Tremo-une.)
