4086 6350
511 353 604 406 su
1750 343 1805 389 δ.
1848 335 2097 394 AUGUS'I

2248 339 2545 396 EPlSCOl‘l

512 468 880 536 intelligamus,
929 475 1009 519 est
1037 465 1211 533 utique
1237 463 1457 516 liberum
1487 460 1782 514 arbitrium.
1815 458 1922 512 Nisi
1945 456 2086 512 enim

514 558 680 612 libero
723 556 940 611 arbitrio
979 554 1394 622 intelligeremus
1429 560 1584 620 atque
1609 563 1948 619 saperemus,
1983 560 2086 599 non

513 649 666 704 nobis
696 647 1073 718 praeciperetur
1095 644 1304 698 dicente
1332 642 1599 711 Scriptura
1633 659 1646 695 :
1676 638 1950 711 Intelligite
1971 654 2087 708 ergo

515 740 603 808 qui
642 738 934 807 insipientes
974 736 1090 789 estis
1125 736 1178 787 in
1214 734 1430 805 populo,
1464 741 1510 786 et
1536 731 1677 786 stulti
1701 729 1971 801 aliquando
2000 745 2085 782 sa-

515 837 614 904 pite
635 833 803 905 (Psat.
835 846 957 886 xcut
973 871 988 895 ,
1013 829 1091 898 8).
1124 829 1201 883 Eo
1227 829 1341 898 ipso
1359 827 1552 897 quippe
1572 840 1676 897 quo
1696 832 2016 894 praeceptum
2037 828 2093 875 et

513 928 830 994 imperatum
877 929 959 976 est
996 929 1051 974 ut
1085 919 1438 988 intelligamus
1461 926 1617 986 atque
1641 915 1926 984 sapiamus,
1959 913 2090 966 obc-

513 1016 712 1070 ilientia
745 1020 929 1068 nostra
964 1010 1277 1078 requiritur,
1314 1023 1429 1078 qua:
1462 1006 1604 1060 nulla
1631 1012 1804 1075 potest
1828 1018 1946 1058 esse
1976 1002 2094 1056 sine

515 1106 680 1160 libero
705 1103 942 1158 arbitrio.
967 1101 1073 1156 Sed
1094 1101 1136 1154 si
1164 1108 1341 1169 posset
1368 1097 1470 1154 hoc
1495 1096 1668 1166 ipsum
1695 1095 1810 1148 sine
1831 1092 2092 1162 adjutorio

515 1198 605 1250 Dei
633 1195 816 1266 gratiae
842 1192 953 1248 ﬁeri
979 1207 1071 1263 per
1099 1191 1320 1246 liberum
1349 1187 1622 1243 arbitrium
1643 1229 1656 1250 ,
1689 1195 1745 1240 ut
1771 1185 2092 1254 intelligere-

517 1303 634 1339 mus
679 1293 837 1356 atque
874 1295 1211 1351 saperemus,
1257 1293 1360 1332 non
1400 1278 1668 1332 diceretur
1703 1276 1839 1336 Deo,
1863 1273 1945 1327 Da
1971 1273 2094 1328 mihi

517 1377 838 1441 intellectum,
871 1381 915 1427 et
945 1373 1133 1425 discam
1161 1370 1399 1424 mandata
1424 1375 1510 1420 tua
1538 1365 1704 1437 (Psal.
1731 1380 1885 1420 cxvut
1911 1363 2093 1433 ,125);

516 1482 687 1538 neque
728 1467 778 1520 in
819 1462 1103 1533 Evangelio
1140 1461 1392 1529 scriptum
1414 1467 1550 1514 esset
1574 1500 1587 1520 ,
1615 1456 1760 1510 Tunc
1783 1456 1974 1520 aperuit
1994 1455 2097 1508 illis

515 1576 734 1623 sensum,
761 1569 812 1612 ut
840 1554 1170 1627 intelligerent
1193 1553 1486 1620 Scripturas
1513 1549 1661 1620 (Luc.
1686 1563 1827 1613 xxtv,
1853 1547 1976 1617 45);
2001 1562 2098 1601 nec

516 1650 743 1705 Jacohus
771 1647 1044 1716 apostolus
1069 1643 1298 1710 diceret,
1327 1641 1386 1696 Si
1413 1641 1521 1710 quis
1545 1648 1708 1693 autent
1731 1648 1944 1692 vestrum
1967 1637 2098 1690 indi-

518 1748 596 1810 get
629 1739 875 1809 sapientia
894 1777 908 1802 ,
940 1735 1155 1807 postulet
1179 1750 1211 1786 α
1240 1731 1346 1786 Deo
1365 1772 1380 1797 ,
1408 1732 1492 1801 qui
1517 1730 1604 1783 dat
1626 1729 1852 1783 omnibus
1877 1731 2097 1798 afﬂuen-

526 1841 600 1883 ter
617 1869 631 1892 ,
664 1838 710 1882 et
736 1845 834 1881 non
861 1828 1169 1897 improperat
1191 1841 1210 1890 ;
1237 1832 1282 1878 et
1306 1821 1505 1875 dabitur
1529 1820 1574 1874 ei
1603 1819 1801 1887 (Jacobi
1823 1834 1861 1885 ι,
1886 1820 1960 1889 5).
1996 1819 2097 1871 Po-

518 1931 636 1974 tens
675 1928 760 1973 est
793 1926 967 1971 autem
1003 1913 1258 1969 Dominus
1278 1913 1369 1982 qui
1395 1921 1450 1966 et
1471 1910 1624 1966 vobis
1649 1909 1812 1964 donet
1839 1919 1891 1964 et
1917 1908 2095 1973 nobis,

517 2019 574 2064 ut
599 2010 663 2063 de
687 2017 862 2062 vestra
887 2021 1011 2074 pace
1033 2013 1085 2058 et
1111 2003 1193 2073 pia
1214 2002 1569 2058 consensione
1591 2000 1789 2054 nuntiis
1805 1997 2098 2054 celerrimis

517 2095 1068 2168 gaudeamus..Saluto
1098 2107 1192 2146 vos
1213 2133 1225 2156 ,
1253 2106 1360 2146 non
1386 2090 1559 2145 solum
1589 2104 1710 2144 meo
1732 2088 1946 2142 nomine
1964 2127 1979 2153 ,
2003 2086 2098 2140 sed

515 2191 675 2244 etiam
718 2187 937 2240 fratrum
966 2184 1054 2253 qui
1083 2197 1287 2248 mecum
1317 2191 1476 2246 sunt,
1503 2188 1558 2234 et
1585 2194 1714 2248 rogo
1741 2186 1796 2233 ut
1823 2192 1917 2247 pro
1948 2177 2098 2231 nobis

506 2278 846 2332 concorditer
884 2286 1039 2344 atque
1073 2275 1329 2327 instanter
1368 2271 1550 2327 oretis.
1588 2270 1668 2324 Sit
1691 2269 1963 2325 vobiscum
1996 2269 2096 2322 Do-

519 2369 711 2421 minus.

979 2452 1296 2506 erasrom
1337 2449 1516 2505 ccxv
1544 2448 1638 2518 (τι).

516 2547 822 2618 Augustinus
864 2543 1122 2596 Valentino
1145 2543 1347 2612 ejusque
1401 2541 1659 2592 monachis
1678 2579 1694 2602 ,
1726 2537 1787 2589 de
1811 2541 1980 2589 cadent
2003 2552 2096 2588 ar-

584 2646 848 2707 gumento,
875 2633 1023 2687 simul
1051 2633 1385 2685 transmittens
1412 2629 1532 2700 ipsis
1561 2627 1738 2680 librum
1765 2630 1828 2679 de
1849 2624 2030 2679 Gratia
2048 2634 2096 2679 et

585 2728 765 2780 Libero
791 2723 1031 2777 Arbitrio.
2055 2787 2059 2790 ~

503 2819 739 2872 ltozniuo
767 2814 1127 2876 dilectissimo,
1155 2822 1206 2865 et
1232 2811 1282 2863 iu
1305 2809 1498 2864 Christi
1519 2807 1769 2862 membris
1786 2804 2096 2858 honorando

585 2907 730 2962 iratri
770 2905 1074 2960 Vsuaamo
1093 2945 1108 2964 ,
1137 2913 1191 2957 et
1220 2902 1465 2956 fratribus
1487 2900 1576 2969 qui
1605 2909 1777 2953 tecum
1804 2904 1922 2950 sunt
1941 2936 1955 2959 ,
1985 2897 2094 2952 Αυ-

500 3040 504 3044 -
575 3013 860 3061 GUSTINUS,
896 2999 945 3048 in
977 2995 1199 3050 Domino
1225 2993 1466 3046 salutem.

586 3093 634 3144 1.
667 3087 1008 3144 Cresconium
1028 3127 1041 3150 ,
1077 3085 1304 3140 Felicem
1331 3095 1385 3137 et
1413 3083 1572 3136 alium
1600 3080 1830 3136 Felicem
1862 3079 1955 3133 Dei
1975 3094 2093 3134 scr-

517 3197 644 3244 vos,
688 3180 776 3250 qui
817 3194 880 3233 ex
927 3185 1102 3230 vestra
1139 3172 1548 3244 congregatione
1583 3170 1647 3225 ad
1676 3185 1774 3225 nos
1799 3179 2089 3234 venerunt,

503 3273 787 3328 xta-hiscum
844 3270 1014 3340 egisse
1073 3266 1276 3323 Pascha
1307 3306 1323 3332 ,
1366 3263 1572 3319 noverit
1612 3262 1854 3316 Charitas
1899 3270 2093 3315 vestra.

515 3370 658 3430 Quos
689 3363 807 3417 ideo
837 3360 1104 3416 tenuimus
1133 3357 1400 3427 aliquanto
1419 3354 1635 3420 diutius,
1659 3351 2096 3407 utinstructiores

514 3457 578 3510 ad
607 3470 701 3510 vos
727 3455 960 3510 redirent
984 3451 1237 3506 adversus
1262 3464 1427 3503 novos
1457 3447 1734 3501 harreticos
1757 3447 2094 3515 Pelagianos,

505 3551 568 3601 .in
613 3560 840 3616 quorum
881 3557 1117 3598 errorem
1156 3541 1297 3596 cadit
1324 3540 1413 3609 qui
1443 3546 1590 3608 putat
1611 3535 1899 3591 secundum
1925 3535 2096 3604 aliqua

515 3636 704 3690 merita
747 3636 976 3689 humana
1015 3632 1129 3686 dari
1167 3631 1389 3700 gratiam
1427 3629 1520 3682 Dei
1550 3629 1602 3691 ¹,
1644 3641 1761 3695 quae
1787 3626 1896 3678 sola
1923 3624 2096 3679 homi-

517 3742 639 3780 nem
680 3723 868 3779 liberat
902 3737 996 3792 per
1030 3721 1312 3776 Dominum
1344 3726 1578 3771 nostrum
1602 3715 1781 3770 Jesum
1806 3713 2095 3770 Christum.

521 3815 626 3871 Sed
662 3829 870 3869 rursum
902 3813 990 3881 qui
1020 3817 1168 3881 putat
1187 3850 1204 3876 ,
1231 3808 1442 3878 quando
1469 3806 1537 3861 ad
1561 3803 1814 3876 judicium
1845 3805 2099 3859 Dominus

521 3908 759 3973 venerit,
787 3920 894 3962 non
914 3903 1140 3975 judicari
1171 3902 1440 3957 hominem
1465 3899 1755 3956 secundum
1779 3913 1939 3967 opera
1964 3912 2059 3952 sua
2079 3937 2096 3964 ,

521 3998 610 4068 qui
647 3997 758 4067 jam
799 4011 894 4066 per
920 4002 1130 4050 atatem
1157 3991 1231 4049 uti
1260 3993 1427 4061 potuit
1453 3991 1621 4044 libero
1649 3989 1931 4042 voluntatis
1954 3987 2097 4042 arbi-

525 4090 624 4144 trio
644 4131 662 4155 ,
696 4087 1035 4142 nihilominus
1070 4085 1120 4138 in
1141 4097 1324 4138 errore
1351 4091 1450 4137 est.
1480 4080 1590 4136 Soli
1617 4069 1758 4135 enim
1784 4078 1990 4148 parvuli
2009 4077 2100 4146 qui

523 4181 755 4236 nondum
787 4179 982 4233 habent
1008 4191 1168 4247 opera
1195 4175 1405 4244 propria
1434 4173 1517 4228 vel
1542 4173 1678 4226 bona
1702 4172 1781 4225 vel
1811 4170 1950 4224 mala
1968 4210 1983 4234 ,
2015 4183 2100 4224 se-

521 4274 750 4329 cundum
769 4272 950 4325 solum
977 4268 1232 4338 originale
1259 4275 1530 4335 peccaturo
1560 4262 1968 4325 damnabantur,
1991 4261 2101 4330 qui-

519 4365 620 4418 bus
659 4377 753 4431 per
791 4361 1056 4414 lavacrmn
1093 4355 1509 4426 regenerationis
1535 4368 1638 4408 non
1665 4351 1910 4406 subvenit
1932 4352 2100 4420 gratia

524 4450 832 4508 Salvatoris.
860 4447 1049 4504 Czeteri
1078 4457 1252 4500 autem
1277 4459 1463 4499 omnes
1491 4442 1696 4512 quijam
1713 4449 1918 4495 utentes
1935 4441 2103 4512 libero

519 4541 774 4605 arbitrio,
821 4553 913 4592 sua
954 4537 1164 4606 prapria
1207 4543 1421 4608 peccata
1450 4531 1687 4600 originali
1718 4539 1930 4599 peccato
1956 4531 2101 4584 insu-

528 4647 623 4702 per
633 4627 969 4690 addiderunt,
989 4628 1032 4680 si
1048 4626 1114 4680 dc
1137 4632 1394 4695 potestate
1418 4622 1748 4676 tenebrarum
1774 4635 1866 4689 per
1880 4620 2102 4689 gratiam

426 4713 430 4717 ’
515 4725 623 4780 Dei
676 4735 782 4777 non
833 4726 1088 4774 eruuntur
1117 4759 1130 4782 ,
1188 4731 1284 4771 nec
1334 4713 1722 4770 transferuntur
1767 4713 1833 4766 ad
1884 4723 2102 4781 regnum

521 4814 754 4881 Christi,
794 4827 896 4866 non
937 4810 1108 4865 solum
1135 4807 1425 4863 secundum
1455 4804 1701 4874 originis,
1733 4817 1914 4856 verum
1945 4802 2102 4856 etiam

523 4905 813 4962 secundum
843 4903 1068 4972 pr0pria:
1096 4899 1375 4955 voluntatis
1402 4897 1586 4952 merita
1608 4936 1622 4960 ,
1645 4895 1898 4965 judicium
1920 4906 2104 4963 repor-

519 4999 734 5052 tt-huut.
777 4993 906 5048 Betti
942 5007 1068 5046 vero
1105 4990 1262 5044 etiam
1307 4988 1405 5059 ipsi
1442 4985 1651 5056 quidem
1679 4983 1966 5040 secundum
1995 4999 2106 5054 sua:

528 5065 683 5144 bonae
722 5083 1006 5140 voluntatis
1044 5081 1230 5136 merita
1261 5077 1532 5149 praemium
1560 5083 1983 5157 consequentur,
2011 5075 2106 5142 sed

531 5180 694 5234 etiam
720 5176 888 5246 ipsam
917 5173 1108 5228 bonam
1134 5172 1452 5225 voluntatem
1483 5183 1577 5237 per
1603 5165 1694 5220 Dei
1725 5165 1946 5235 gratiam
1973 5179 2105 5219 con-

530 5267 699 5325 secuti
747 5274 888 5320 suut.
929 5265 1006 5317 Ac
1031 5262 1108 5316 sic
1133 5261 1375 5329 impletur
1399 5257 1539 5327 quod
1567 5256 1825 5325 scriptum
1856 5264 1938 5307 est
1973 5271 1986 5306 :
2016 5251 2106 5307 Ira

521 5371 577 5414 .et
616 5357 930 5429 indignatio,
971 5352 1224 5407 tribulatio
1259 5359 1305 5404 et
1330 5349 1561 5418 angustia
1583 5347 1636 5399 in
1667 5361 1859 5399 onmem
1885 5344 2107 5396 animant

533 5449 746 5503 hominis
788 5446 1039 5517 aperantis
1080 5442 1269 5496 malunt
1289 5481 1304 5507 ,
1340 5438 1510 5492 Judaei
1552 5437 1786 5506 primum,
1820 5445 1865 5487 et
1896 5434 2057 5488 (ἱνα)εὲ
2091 5449 2109 5487 :

595 5586 610 5617 ¹
636 5584 709 5647 sic
730 5590 834 5631 διεδ.
858 5579 1124 5647 sexdecim.
1150 5584 1204 5647 A_t
1224 5575 1405 5647 vulgati
1426 5573 1638 5622 habent:
1668 5577 1804 5622 Putat
1826 5571 1986 5635 aliquo
2013 5584 2109 5622 me-

529 5643 1074 5705 u'wltuntanorgratsmn
1099 5638 1186 5689 Dei
1205 5638 1373 5705 dari.“
1693 5694 1776 5705 w‘
1823 5702 1836 5705 μ
1903 5697 1912 5705 _

596 5694 665 5767 (ἀ)
686 5706 808 5754 Alias
830 5694 892 5752 4⁵7
929 5716 942 5751 :
971 5715 1080 5767 quae
1100 5710 1261 5749 autent
1283 5699 1374 5747 ﬁlii
1399 5705 1519 5756 erat,
1540 5709 1665 5745 nunc
1688 5694 1792 5743 268.
1819 5697 1996 5757 Scripta
2022 5709 2106 5746 co-

533 5762 804 5823 detu'antto,
822 5781 834 5824 ι
853 5771 923 5814 ost
951 5762 1138 5814 Pascha.

3672 345 3780 401 972

2196 454 2356 523 gloria
2397 464 2592 520 autem,
2637 471 2682 510 et
2721 458 2912 525 liOttOl‘,
2946 475 2988 514 et
3015 479 3116 531 pax
3142 480 3274 518 omni
3305 468 3532 536 aperanti
3553 465 3775 531 bonum,

2192 545 2374 600 ludam
2403 549 2640 617 primum,
2669 560 2714 602 et
2742 549 2918 604 (ἔνατα
2934 551 3104 624 (Rom.
3133 571 3190 620 ll,
3214 556 3269 623 9,
3297 556 3407 629 10).

2262 640 2315 694 2.
2351 643 2424 698 De
2452 659 2551 712 qua
2581 641 2893 700 dil‘ticillima
2920 649 3230 717 quaestione,
3262 649 3363 705 hoc
3387 659 3468 705 est
3497 649 3565 704 de
3592 648 3773 703 volun-

2198 739 2302 785 tate
2341 741 2392 785 et
2430 733 2596 801 gratia
2619 775 2634 800 ,
2677 750 2782 789 non
2808 751 2941 805 opus
2971 737 3126 792 habui
3151 742 3307 794 etiam
3338 741 3389 794 in
3417 741 3515 795 hac
3541 740 3774 808 epistula

2197 819 2390 876 diutius
2410 821 2681 891 disputare
2703 839 2718 890 ;
2742 826 2988 894 quoniam
3009 836 3064 881 et
3087 828 3240 881 aliam
3257 829 3365 899 jam
3395 829 3473 884 eis
3493 828 3776 892 dederam,

2198 918 2443 982 tanquam
2487 913 2642 968 citius
2683 915 2948 970 redituris.
2985 918 3052 971 Et
3084 919 3271 988 scripsi
3306 919 3372 972 ad
3400 934 3496 973 vos
3525 919 3689 972 etiam
3717 919 3784 970 li-

2197 1002 2350 1056 hrttm
2384 1003 2488 1075 (a),
2515 1021 2670 1074 quem
2700 1007 2779 1072 si,
2808 1008 3087 1076 adjuvante
3117 1011 3338 1066 Domino
3357 1053 3372 1079 ,
3403 1011 3687 1080 diligenter
3709 1010 3788 1064 le-

2197 1093 2381 1162 geritis
2404 1135 2418 1158 ,
2450 1103 2503 1148 et
2530 1095 2778 1161 vivaciter
2805 1099 3198 1169 intellexeritis,
3229 1103 3400 1157 nullas
3426 1103 3675 1157 existimo
3704 1103 3787 1155 iu-

2199 1191 2282 1237 tcr
2318 1197 2412 1238 vos
2449 1191 2516 1239 de
2558 1185 2655 1240 hac
2694 1203 2751 1242 re
2783 1190 3141 1245 dissensiones
3177 1192 3396 1246 ulterius
3418 1193 3526 1260 jam
3555 1194 3781 1246 futuras.

2201 1272 2419 1328 Portant
2439 1284 2613 1329 autem
2642 1292 2819 1332 secum
2842 1287 2893 1333 ct
2913 1282 3033 1346 alia,
3057 1297 3173 1350 quae
3197 1282 3346 1336 vobis
3366 1282 3639 1352 dirigenda
3661 1297 3782 1336 esse

2200 1361 2522 1417 credidimus
2538 1407 2551 1429 ,
2581 1365 2773 1434 quibus
2792 1371 3120 1438 cognoscatis
3137 1370 3581 1439 quemadmodum
3598 1386 3655 1425 ea
3665 1370 3788 1424 tho-

2202 1450 2298 1506 lica
2329 1453 2562 1508 Ecclesia
2583 1496 2596 1520 ,
2630 1456 2681 1509 in
2711 1458 2801 1512 Dei
2833 1459 3212 1524 misericordia,
3241 1461 3534 1531 Pelagianae
3558 1461 3787 1515 haeresis

2202 1561 2402 1601 venena
2436 1549 2706 1617 repulerit.
2745 1549 2892 1618 Quod
2932 1554 3070 1606 enim
3111 1555 3361 1623 scriptum
3389 1553 3559 1608 estad
3589 1568 3784 1622 papam

2204 1637 2562 1694 Innocentium
2608 1642 2862 1696 Romana:
2909 1647 3053 1699 urbis
3095 1648 3396 1716 episcopum
3423 1688 3438 1713 ,
3464 1647 3529 1701 de
3555 1649 3789 1702 Concilio

2204 1729 2488 1798 provincia:
2521 1732 2950 1803 Carthagineusis
2979 1744 3032 1790 et
3061 1734 3126 1791 de
3153 1738 3377 1792 concilio
3402 1737 3663 1792 Numidia:
3689 1778 3704 1802 ,
3733 1747 3789 1792 ct

2203 1819 2470 1888 aliquanto
2499 1821 2794 1891 diligentius
2820 1839 2848 1877 a
2870 1825 3100 1894 quinque
3120 1827 3379 1896 episcopis
3400 1869 3414 1890 ,
3447 1835 3501 1880 et
3528 1841 3649 1895 qua:
3671 1827 3789 1894 ipse

2204 1909 2266 1961 ad
2314 1911 2409 1962 tria
2453 1910 2551 1964 ista
2593 1913 2898 1982 rescripsit;
2944 1911 3067 1969 item
3105 1915 3246 1985 quod
3291 1931 3439 1985 papie
3476 1914 3694 1969 Zosimo
3721 1916 3790 1970 de

2205 2002 2452 2056 Africano
2475 2005 2698 2059 concilio
2724 2008 2976 2074 scriptum
2998 2015 3108 2072 est,
3136 2007 3354 2076 ejusque
3380 2008 3699 2077 rescriptum
3721 2008 3788 2061 ad

2203 2093 2479 2148 universos
2518 2097 2674 2149 tetius
2699 2095 2842 2150 orbis
2871 2099 3149 2167 episcopos
3175 2086 3393 2151 missum
3427 2098 3536 2168 (b);
3565 2107 3622 2152 et
3646 2095 3789 2168 quod

2204 2186 2483 2254 posteriori
2528 2189 2752 2241 concilio
2797 2188 3140 2261 plenario(c)
3183 2192 3344 2245 totius
3370 2189 3566 2245 Africa:
3596 2201 3786 2245 eontra

2205 2276 2372 2343 ipsum
2399 2291 2634 2330 errorem
2660 2277 2891 2332 breviter
2910 2280 3304 2344 constituimus;
3333 2289 3386 2334 et
3405 2295 3560 2349 supra
3585 2296 3793 2334 memo-

2203 2375 2372 2419 ratum
2400 2367 2589 2422 librum
2622 2385 2794 2422 meum
2814 2409 2832 2436 ,
2855 2386 3008 2438 quem
3033 2370 3190 2424 modo
3214 2371 3278 2424 ad
3301 2387 3394 2424 vos
3421 2372 3649 2441 scripsi:
3675 2371 3792 2426 hmc

2202 2457 2379 2510 omnia
2405 2466 2458 2510 et
2481 2458 2530 2510 in
2553 2461 2799 2528 praesenti
2823 2459 3048 2529 legimus
3068 2476 3186 2514 cum
3217 2461 3364 2530 ipsis,
3387 2469 3440 2515 ct
3459 2475 3554 2530 per
3573 2475 3669 2515 eos
3691 2459 3788 2514 mi-

2204 2549 2366 2602 simus
2392 2548 2558 2603 vobis.

2275 2641 2324 2694 5.
2353 2639 2597 2708 Legimus
2618 2639 2694 2692 eis
2716 2639 2873 2694 etiam
2895 2640 3086 2694 lihrutn
3105 2639 3391 2695 beatissimi
3414 2640 3663 2711 martyris
3681 2639 3791 2710 Cy-

2201 2729 2368 2799 priani
2391 2729 2454 2783 de
2476 2729 2726 2783 Oratione
2757 2731 3023 2784 Dominica
3047 2772 3060 2794 ,
3092 2739 3145 2785 et
3173 2730 3501 2785 OStcndimus
3531 2731 3793 2800 quemad-

2203 2817 2415 2872 modum
2462 2818 2702 2872 docuerit
2742 2820 2917 2872 omnia
2947 2835 3064 2889 quze
3093 2819 3158 2874 ad
3187 2836 3362 2874 mores
3388 2827 3600 2876 nostros
3625 2822 3795 2890 perti-

2205 2916 2361 2974 nent,
2391 2908 2578 2976 quibus
2600 2919 2743 2970 recte
2765 2909 2989 2963 vivimus
3009 2951 3023 2974 ,
3052 2925 3080 2961 a
3111 2909 3267 2964 Patre
3287 2918 3470 2964 nostro
3497 2911 3586 2980 qui
3606 2912 3656 2964 in
3679 2925 3795 2965 etn-

2202 2997 2267 3051 lis
2309 3005 2423 3063 est,
2470 3011 2589 3051 esse
2645 2998 2935 3067 poscenda,
2977 3013 3045 3053 ne
3082 2998 3148 3052 de
3194 2998 3362 3053 libero
3406 3010 3792 3069 prtesttmentes

2201 3087 2419 3143 arbitrio
2442 3109 2462 3151 ;
2483 3102 2511 3140 a
2533 3087 2706 3142 divina
2733 3089 2897 3158 gratia
2922 3089 3244 3144 decidamus.
3271 3089 3368 3145 Ubi
3388 3091 3544 3145 etiam
3567 3091 3793 3146 demon-

2201 3179 2485 3233 stravimus
2526 3178 2790 3247 quomodo
2831 3179 3164 3234 admonuerit
3203 3180 3338 3233 idem
3365 3180 3784 3250 gloriosissimus

2203 3277 2438 3337 martyr,
2485 3267 2644 3323 etiam
2685 3283 2782 3338 pro
2829 3267 3053 3322 inimicis
3081 3270 3305 3333 nostris,
3351 3271 3441 3340 qui
3468 3270 3706 3324 nondum
3735 3272 3789 3325 in

2210 3358 2480 3412 Christum
2519 3359 2892 3425 crediderunt,
2924 3374 3024 3413 nos
3052 3369 3106 3413 ut
3134 3359 3351 3413 credant
3376 3375 3530 3414 orare
3554 3359 3789 3416 debere:

2202 3448 2344 3518 (μιοιι
2393 3449 2575 3518 utique
2627 3451 2853 3504 inaniter
2900 3449 3083 3514 fieret,
3137 3451 3237 3503 nisi
3271 3450 3506 3505 Ecclesia
3537 3450 3785 3506 crederet

2203 3540 2360 3594 etiam
2387 3540 2554 3594 malas
2581 3548 2738 3608 atque
2761 3539 3003 3594 inﬁdeles
3033 3540 3305 3595 hominum
3332 3541 3632 3596 voluntates
3651 3585 3664 3608 ,
3693 3559 3789 3613 per

2206 3630 2298 3685 Dei
2339 3630 2560 3700 gratiam
2605 3631 2654 3684 in
2706 3630 2900 3684 bonum
2937 3645 3093 3701 posse
3129 3633 3387 3688 converti.
3416 3633 3523 3687 Sed
3555 3633 3693 3689 hunc
3723 3635 3788 3688 li-

2204 3721 2356 3775 hrtttn
2397 3721 2565 3776 sancti
2589 3721 2870 3791 Cypriani,
2903 3725 3021 3793 quia
3051 3723 3296 3778 dixerunt
3323 3725 3481 3778 etiam
3515 3725 3625 3781 illic
3651 3727 3784 3795 apud

2203 3827 2300 3866 vos
2341 3825 2491 3875 esse,
2535 3821 2642 3865 non
2685 3812 2942 3866 misimus.
2981 3812 3146 3867 Meam
3182 3828 3388 3883 quoque
3415 3815 3694 3883 epistolam
3723 3816 3783 3869 ad

2205 3902 2410 3957 Sixtum
2456 3902 2708 3956 Romanae
2758 3903 3007 3957 Ecclesia}
3052 3904 3416 3974 presbyterum
3459 3905 3639 3959 datam
3673 3907 3784 3976 (τί),

2205 4007 2363 4063 quam
2407 4006 2585 4046 secum
2626 3991 2694 4046 ad
2735 4007 2830 4047 nos
2851 3993 3168 4058 attulerunt,
3200 3994 3423 4064 legimus
3449 4011 3568 4050 cum
3596 3997 3706 4060 eis;
3735 4007 3786 4050 et

2205 4082 2534 4139 ostendimus
2558 4082 2810 4137 adversus
2834 4098 2927 4137 eos
2943 4098 3062 4138 esse
3084 4085 3436 4154 conscriptam
3459 4127 3472 4151 ,
3496 4087 3586 4156 qui
3605 4085 3784 4141 dicunt
3873 4071 3885 4120 '-

2204 4174 2426 4244 gratiam
2479 4173 2569 4227 Dei
2614 4173 2902 4227 secundum
2949 4173 3138 4229 merita
3180 4185 3361 4230 nostra
3397 4175 3548 4242 dari,
3581 4178 3682 4232 hoc
3708 4187 3785 4231 est

2206 4263 2459 4320 adversus
2487 4263 2699 4317 eosdem
2729 4263 3055 4333 Pelagianos.

2269 4416 2340 4478 (ᾳ)
2360 4414 2547 4478 Librum
2569 4415 2632 4463 de
2651 4416 2804 4478 Gratia
2828 4423 2880 4464 et
2898 4416 3067 4465 Libero
3089 4416 3309 4478 Arbitrio.

2291 4475 2339 4538 b)
2363 4475 2462 4538 vid.
2485 4488 2626 4537 supra
2652 4477 2793 4538 epist.
2821 4477 2927 4536 190,
2939 4490 3050 4538 cap.
3075 4478 3123 4537 6,
3145 4492 3193 4526 n.
3215 4477 3290 4526 ἢ.

2292 4536 2340 4600 c)
2361 4536 2628 4602 I‘Ienar‘ium
2654 4536 2779 4602 is'tud
2800 4536 3050 4602 concilium
3072 4536 3198 4602 apud
3217 4539 3559 4602 Carthaginem
3587 4542 3641 4590 in
3666 4541 3789 4591 basi-

2208 4597 2296 4646 lica
2319 4597 2471 4646 Fausti
2489 4597 2570 4645 die
2591 4599 2613 4645 1
2633 4599 2742 4646 maii
2756 4598 2948 4658 an.M8,
2972 4597 3186 4649 habitum
3205 4601 3293 4648 t‘uit
3313 4603 3374 4648 ab
3393 4597 3587 4653 λιιι-θϋο
3601 4605 3792 4653 Cartha-

2207 4660 2400 4722 giuensi
2439 4665 2491 4708 et
2524 4660 2781 4726 Donatiano
2818 4659 3096 4726 Telettensi
3132 4667 3381 4726 Byzaceuge
3407 4665 3669 4724 provinciae
3699 4666 3793 4726 pri-

2209 4717 2358 4795 t'nate,
2389 4717 2650 4795 cuin-aliis
2681 4721 2904 4795 ducentis
2939 4717 3488 4795 'tribnsme'pisco,‘is:ex
3534 4717 3794 4795 provinciis

2211 4790 2462 4845 ttysacena,
2494 4782 2766 4845 Mauritania
2807 4788 3012 4845 utraque
3051 4782 3258 4833 Sitifensi
3298 4782 3351 4832 et.
3384 4782 3687 4844 thsarieusi,
3727 4800 3787 4835 ev

2210 4841 2511 4912 '_t_i_'ipol_itana,
2532 4841 2746 4912 Numidia
2771 4849 2844 4912 .et
2869 4841 3114 4912 itiispania,
3140 4851 3193 4893 ut
3217 4847 3477 4912 prseteriur
3509 4849 3558 4895 in
3597 4841 3790 4896 vetusto

2212 4904 2333 4952 libro
2353 4904 2645 4951 Gaadavensi
2686 4909 2736 4953 et
2769 4905 2820 4952 in
2858 4904 3026 4954 Codice
3048 4904 3282 4954 canonum
3303 4905 3526 4959 Ecclesia:
3550 4915 3786 4957 nontaua‘.

2210 4966 2293 5022 cui
2318 4965 2444 5022 libri,
2470 4963 2630 5012 eidem
2652 4965 2852 5013 concilio
2873 4966 3116 5022 assignant
3138 4965 3364 5016 celebres
3399 4975 3507 5017 octo
3550 4967 3664 5019 illos
3685 4971 3788 5018 sive

2213 4979 2293 5022 ιςιιι
2318 4979 2444 5022 tturt,
2470 4979 2630 5012 etuem
2652 4979 2852 5013 concute
2873 4979 2962 5014 δεδι
3001 4979 3116 5014 nant
3138 4979 3364 5016 celebres
3399 4979 3507 5017 octo
3550 4979 3664 5019 tuos
3685 4979 3788 5018 stvc

2213 5039 2384 5075 novem
2407 5035 2616 5096 gulones
2645 5025 2878 5093 adversus
2899 4979 3076 5135 Peggii
3099 5027 3323 5077 haeresim
3343 5030 3646 5091 constitutos,
3670 5044 3790 5094 quos

2213 5084 2424 5134 nonnulli
2453 5085 2510 5133 ad
2534 5084 2851 5134 Milevitauwn
2873 5089 2983 5135 anni
3041 5087 3098 5135 16
3121 5101 3373 5135 neruoram
3397 5089 3637 5135 retulere-
3666 5095 3789 5135 Assi-

2212 5084 2424 5150 nonnulli
2453 5085 2510 5133 ad
2534 5084 2851 5150 Milevitauum
2873 5089 2983 5135 anni
3007 5084 3098 5150 liti
3120 5101 3373 5150 perperam
3397 5084 3644 5140 retulere:
3666 5084 3789 5140 A'ssi-

2211 5152 2328 5208 gnat
2347 5147 2494 5195 etiam
2514 5146 2672 5208 Codex
2701 5159 2932 5196 canonum
2955 5146 3134 5198 Bedes:
3156 5146 3296 5199 At'rie.
3319 5162 3504 5199 necnon
3529 5152 3726 5203 Photius
3744 5155 3791 5201 in

2212 5206 2317 5258 cod.
2340 5208 2419 5278 {53,
2446 5213 2494 5256 et
2516 5206 2801 5278 intestinus
2821 5209 2869 5257 in
2887 5209 3153 5278 appendice
3175 5212 3321 5278 Epist.
3345 5210 3408 5260 ad
3423 5210 3789 5278 Gallinariam-

2214 5282 2316 5331 pos.
2341 5271 2472 5316 Enim
2495 5280 2613 5331 vero
2643 5271 2798 5318 tribus
2824 5271 3368 5331 post’r’uniscanonibus
3387 5271 3791 5323 sententia't‘ela-

2213 5328 2462 5439 gianorum
2481 5329 2544 5378 de
2560 5335 2797 5380 Justorum
3148 5334 3489 5410 prosq'ihitur;
3513 5341 3667 5396 atque
3682 5335 3792 5384 hinc

2229 5398 2266 5439 tt
2285 5398 2340 5439 ut
2361 5390 2490 5439 tllam
2513 5404 2681 5439 eorum
2701 5399 2990 5439 sententiam
3012 5392 3262 5439 deumeos.
3288 5394 3335 5439 ul
3359 5402 3436 5439 est
3459 5404 3566 5439 nost
3595 5397 3791 5439 (mi-tim-

2229 5389 2266 5456 it
2285 5398 2340 5440 ut
2361 5389 2490 5439 illam
2513 5404 2681 5456 eorum
2701 5393 2990 5456 sententiam
3012 5389 3262 5456 deinceps,
3288 5394 3335 5442 id
3359 5402 3436 5444 est
3459 5389 3566 5456 post
3581 5389 3791 5446 'Cartha-

2213 5454 2468 5524 ginensem
2490 5452 2743 5524 synodum,
2766 5453 3030 5524 inseetetur
3054 5452 3431 5524 augustinusiyt
3459 5452 3750 5524 :hzcretiaun
3777 5472 3789 5505 :

2213 5512 2296 5576 (qui
2320 5520 2481 5576 tamen
2500 5512 2714 5576 anteain
2730 5512 2918 5576 aliquot
2934 5512 3177 5576 opusculis
3199 5521 3306 5576 post
3326 5515 3648 5566 Milevitanam
3666 5532 3790 5568 eon-

2212 5573 2421 5644 s'a‘iptis,
2443 5574 2627 5644 scilicet
2649 5574 2697 5644 i_n
2717 5573 3049 5644 epistula_q'ute
3071 5575 3151 5644 hic
3171 5573 3250 5626 est
3273 5578 3454 5644 l77,_n.
3484 5577 3716 5644 16_et_l7,
3743 5587 3791 5630 et

2214 5636 2263 5704 in
2288 5634 2371 5684 lib.
2392 5635 2455 5684 de
2478 5636 2632 5684 Gestis
2651 5634 2825 5704 Pelagii
2845 5649 2889 5685 e.
2912 5634 2991 5704 3Q,
3015 5635 3190 5704 denista
3223 5634 3492 5704 quiasilent:
3522 5641 3594 5704 sic
3616 5634 3786 5704 loqite~

2214 5696 2661 5820 δῧῧίιςνέῗξέίὲυῗῧιιά
2669 5683 2825 5746 υίὶιιῖὶει
2851 5683 3070 5747 nondum
3080 5683 3255 5748 inissa
3266 5683 3332 5748 ab

2393 5765 2517 5820 Epist.
2547 5765 2600 5805 tu
2613 5765 2646 5805 ι.
