4120 6358
398 330 500 381 973

468 444 519 495 6.
561 443 825 506 Quantum
869 456 990 505 t‘t'g-t
1042 438 1337 505 potuimus,
1370 436 1571 505 egimus
1595 453 1713 490 cum
1759 436 1872 488 istis
1913 445 1968 489 et

396 533 588 586 vestris
615 542 669 585 et
695 532 891 584 nostris
919 529 1197 595 fratribus,
1246 538 1302 582 ut
1331 528 1383 581 in
1411 528 1512 580 lide
1554 544 1679 582 sana
1710 527 1965 582 catholica

397 633 736 693 perseverent
766 641 778 676 :
812 638 926 691 quae
971 636 1140 690 neque
1191 621 1412 674 liberum
1453 620 1723 673 arbitrium
1774 628 1961 688 negat,

395 718 506 769 sive
534 714 584 767 in
608 714 765 767 vitam
804 713 995 766 malam
1023 712 1133 765 sive
1158 711 1210 764 iu
1239 711 1430 764 bonam
1452 751 1466 775 ,
1496 725 1666 777 neque
1692 718 1892 764 tantum
1916 709 1965 763 ei

398 807 618 870 tribuit,
652 816 708 860 ut
744 805 859 858 sine
882 804 1047 873 gratia
1076 803 1170 857 Dei
1208 803 1379 856 valeat
1407 802 1635 871 aliquid,
1667 800 1778 854 sive
1816 809 1874 853 ut
1901 815 1966 854 ex

394 880 535 951 malo
559 902 897 950 convertatur
923 894 973 947 in
995 893 1189 948 bonum
1210 933 1224 957 ,
1255 892 1367 946 sive
1394 900 1449 945 ut
1474 891 1526 944 in
1552 892 1689 944 bono
1720 904 1966 960 perseve-

392 997 573 1042 rauter
597 985 863 1056 proﬁciat,
898 985 1009 1040 sive
1039 994 1093 1038 ut
1117 984 1185 1038 ad
1214 985 1408 1038 bonum
1439 984 1815 1050 sempiternum
1843 997 1965 1051 per-

394 1080 602 1143 veniat,
634 1078 720 1132 ubi
745 1077 855 1147 jam
886 1092 989 1131 non
1021 1078 1201 1131 timeat
1228 1091 1293 1130 ne
1320 1076 1548 1130 deliciat.
1580 1075 1689 1129 Vos
1715 1091 1961 1146 quoque,

393 1166 716 1235 charissimi,
740 1168 899 1223 etiam
928 1169 979 1221 in
1011 1168 1108 1223 hac
1135 1167 1355 1238 epistola
1381 1167 1635 1223 exhortor
1658 1210 1673 1233 ,
1702 1168 1840 1236 quod
1868 1183 1967 1222 nos

391 1276 578 1316 omnes
615 1259 927 1315 exhortatur
967 1260 1287 1329 Apostolus,
1336 1275 1436 1312 non
1476 1260 1591 1328 plus
1617 1275 1794 1329 sapere
1815 1275 1965 1328 quam

392 1362 583 1424 oportet
607 1369 819 1423 sapere;
850 1353 936 1406 sed
960 1368 1135 1422 sapere
1158 1351 1225 1405 ad
1244 1352 1617 1422 temperantiam
1641 1393 1656 1417 ,
1686 1352 1814 1405 sicut
1851 1351 1965 1405 uni-

391 1448 565 1514 cuique
594 1445 729 1499 Deus
757 1445 970 1514 partitus
996 1451 1068 1498 est
1104 1459 1386 1496 mensuram
1409 1443 1528 1511 fidei
1557 1440 1731 1511 (Rom.
1761 1458 1856 1505 xu,
1886 1438 1961 1513 3).

459 1539 513 1594 5.
553 1536 823 1593 Attendite
848 1535 971 1605 quid
1006 1550 1100 1605 per
1122 1534 1461 1589 Salomonem
1493 1541 1705 1587 moueat
1736 1532 1964 1601 Spiritus

388 1637 603 1684 sanctus
632 1645 647 1683 :
680 1628 862 1683 Rectos
886 1643 1095 1692 cursus,
1139 1625 1341 1695 inquit,
1390 1625 1471 1693 fac
1499 1625 1704 1693 pedibus
1732 1624 1830 1676 tuis
1849 1664 1864 1688 ,
1918 1632 1964 1676 et

388 1723 493 1775 vias
519 1730 633 1774 tuas
674 1718 835 1790 dirige
861 1734 882 1773 :
917 1736 980 1773 ne
1000 1718 1219 1771 declines
1244 1718 1295 1770 in
1321 1717 1611 1781 dexteram,
1635 1731 1789 1784 neque
1810 1716 1861 1767 in
1888 1714 1961 1767 si-

388 1814 633 1876 nistram;
660 1821 824 1865 averte
863 1820 1029 1864 autem
1076 1808 1249 1879 pedem
1279 1817 1417 1860 tuum
1460 1824 1493 1859 a
1518 1807 1597 1860 via
1642 1807 1794 1858 mala.
1847 1804 1964 1859 l’ias

387 1903 519 1956 enim
561 1917 673 1972 qua!
714 1918 744 1954 a
782 1901 969 1955 dextris
1006 1909 1153 1967 sunt,
1200 1899 1332 1952 novit
1379 1897 1628 1951 Dominus
1667 1913 1685 1951 :
1725 1913 1965 1967 perversa:

389 2012 500 2049 vero
525 2004 640 2048 sunt
674 2010 787 2066 qua:
813 2010 846 2047 a
872 1994 1086 2048 sinistris
1121 2000 1252 2047 sunt.
1284 1990 1406 2062 Ipse
1429 2000 1596 2045 autem
1630 1999 1787 2045 rectos
1815 1990 1963 2059 faciet

390 2101 563 2138 cursus
597 2093 741 2149 tuos;
762 2084 946 2137 itinera
972 2091 1137 2136 autem
1162 2092 1249 2135 tua
1276 2082 1330 2135 in
1358 2098 1479 2151 pace
1518 2082 1754 2150 producet
1782 2080 1958 2153 (Prov.

389 2189 468 2241 tv,
498 2173 588 2239 26,
614 2173 729 2244 27).
775 2174 833 2227 ln
862 2173 943 2227 his
974 2173 1154 2228 verbis
1182 2182 1374 2226 sanctae
1403 2171 1689 2240 Scriptura:
1717 2171 1962 2225 conside-

386 2276 536 2331 rate,
568 2265 790 2332 fratres,
835 2265 958 2335 quia
987 2264 1033 2319 si
1079 2280 1181 2318 non
1213 2272 1354 2318 esset
1392 2263 1617 2318 liberum
1656 2262 1960 2327 arbitrium,

387 2369 493 2407 non
519 2353 812 2420 diceretur,
844 2354 1026 2408 Rectos
1054 2370 1227 2407 cursus
1266 2357 1347 2423 fac
1372 2351 1577 2421 pedibus
1600 2351 1697 2405 tuis
1716 2392 1731 2417 ,
1777 2360 1823 2404 et
1859 2352 1964 2405 vias

388 2454 500 2497 tuas
518 2443 713 2513 dirige;
731 2459 792 2496 ne
811 2443 1025 2497 declines
1048 2444 1097 2495 in
1126 2443 1403 2505 dexteram,
1434 2457 1587 2511 neque
1606 2440 1657 2492 in
1686 2441 1957 2494 sinistram.

388 2533 457 2588 Et
478 2543 650 2590 tamen
675 2535 790 2590 sine
813 2534 905 2588 Dei
933 2534 1100 2604 gratia
1117 2575 1132 2599 ,
1159 2534 1202 2587 si
1231 2542 1409 2601 posset
1435 2532 1534 2586 hoc
1558 2530 1668 2585 fieri
1689 2572 1704 2597 ,
1737 2547 1842 2584 non
1865 2546 1963 2599 po-

385 2636 496 2680 stea
518 2626 815 2691 diceretur,
849 2625 969 2695 Ipse
996 2634 1161 2678 autem
1195 2633 1351 2678 rectos
1379 2623 1528 2694 faciet
1552 2639 1729 2677 cursus
1749 2631 1888 2690 tuos,
1916 2631 1962 2677 et

386 2717 566 2769 itinera
587 2726 671 2769 tua
696 2716 746 2769 in
776 2732 898 2786 pace
926 2714 1183 2783 producet.

458 2806 511 2861 6.
536 2805 708 2860 Nolite
733 2820 860 2874 ergo
880 2804 1147 2860 declinare
1176 2805 1227 2857 in
1253 2803 1523 2858 dexteram
1560 2816 1732 2871 neque
1758 2804 1808 2856 in
1835 2804 1962 2857 sini-

388 2908 586 2962 stram;
633 2898 871 2966 quamvis
914 2896 1193 2950 laudentur
1222 2896 1319 2949 via:
1358 2910 1475 2963 quae
1506 2909 1535 2947 a
1561 2894 1763 2947 dextris
1801 2904 1960 2961 sunt,

385 2999 439 3043 et
465 2989 826 3056 vituperentur
867 3002 985 3054 qure
1036 2995 1159 3039 sunt
1200 3001 1229 3039 a
1266 2984 1511 3038 sinistris.
1561 2984 1670 3038 lloc
1712 2993 1793 3038 est
1820 2985 1963 3038 enim

388 3087 605 3147 propter
628 3076 769 3146 quod
799 3075 1036 3141 addidit,
1069 3075 1243 3128 Averte
1270 3085 1434 3126 autem
1461 3074 1637 3143 pedem
1663 3083 1800 3126 tuum
1827 3092 1858 3127 a
1884 3076 1963 3128 via

386 3168 550 3231 mala,
576 3167 677 3221 hoc
704 3176 786 3221 est
810 3182 838 3219 a
868 3167 1077 3221 sinistra
1105 3184 1117 3217 :
1141 3165 1280 3235 quod
1334 3165 1634 3219 manifestat
1678 3167 1728 3219 in
1772 3181 1962 3221 conse-

385 3257 704 3326 quentibus,
748 3255 965 3323 dicens,
1018 3256 1137 3309 Vias
1172 3256 1304 3309 enim
1346 3271 1457 3325 qua:
1494 3272 1523 3307 a
1569 3257 1758 3310 dextris
1804 3267 1960 3325 sunt,

386 3347 519 3399 novit
547 3346 794 3398 Dominus
819 3360 1098 3415 :perrersa:
1126 3361 1237 3398 vero
1260 3356 1374 3399 sunt
1394 3361 1506 3415 quis
1531 3362 1561 3397 a
1583 3347 1799 3400 sinistris
1825 3357 1958 3401 sunt.

387 3437 492 3490 Eas
513 3437 695 3505 utique
719 3436 832 3489 vias
856 3435 1129 3489 ambulare
1149 3435 1419 3498 debemus,
1451 3450 1582 3504 quas
1610 3437 1757 3489 novit
1783 3438 1960 3491 Domi-

387 3541 486 3578 nus
515 3543 527 3577 :
559 3525 628 3580 de
666 3525 855 3594 Quibus
899 3525 949 3577 in
977 3524 1207 3590 ,Psalmo
1246 3525 1431 3593 legitur
1455 3566 1469 3589 ,
1515 3524 1669 3579 Novit
1714 3524 1961 3581 Dominus

386 3619 517 3668 uiam
550 3615 842 3686 justorum,
874 3624 919 3668 et
949 3616 1027 3667 ria
1074 3615 1342 3685 impiorum
1385 3616 1563 3684 peribit
1606 3615 1776 3684 (Psal.
1811 3634 1848 3683 ι,
1881 3618 1957 3689 6).

386 3703 529 3757 llanc
560 3705 697 3756 enim
740 3721 842 3756 non
878 3704 1024 3759 novit
1052 3705 1336 3769 Dominus,
1369 3704 1489 3773 quia
1535 3705 1746 3760 sinistra
1789 3715 1870 3760 est
1894 3709 1908 3737 ¹
1944 3723 1955 3759 :

386 3794 521 3847 sicut
549 3795 789 3848 dicturus
817 3804 901 3848 est
924 3804 1085 3848 etiam
1115 3794 1218 3847 illis
1244 3794 1309 3847 ad
1339 3795 1609 3848 sinistram
1638 3797 1957 3859 constitutis,

388 3882 507 3936 Non
538 3884 647 3937 novi
677 3899 760 3938 eos
789 3881 998 3957 (Matth.
1028 3898 1159 3946 xxv,
1194 3883 1280 3949 l2,
1310 3892 1359 3937 et
1384 3882 1509 3937 Luc.
1541 3900 1654 3947 xm,
1681 3883 1795 3955 27).
1825 3884 1960 3957 Quid

382 3984 467 4037 est
490 3984 666 4037 autem
691 3975 830 4051 quod
853 3975 941 4036 ille
972 3988 1075 4034 non
1097 3984 1263 4046 norit,
1296 3974 1583 4049 quietique
1612 3975 1758 4033 novit
1784 3980 1962 4034 omnia

384 4074 496 4129 sive
530 4076 663 4130 bona
693 4073 965 4126 hominum
984 4114 999 4135 ,
1050 4073 1162 4125 sive
1190 4071 1364 4124 mala?
1393 4070 1497 4125 Sed
1528 4071 1652 4140 quid
1677 4080 1759 4125 est
1778 4112 1794 4137 ,
1840 4070 1962 4123 Non

384 4182 469 4218 vos
495 4165 634 4229 novi,
664 4164 761 4217 nisi
804 4163 932 4216 tales
959 4176 1052 4215 vos
1077 4175 1175 4230 ego
1200 4175 1303 4214 non
1340 4158 1473 4214 feci?
1500 4159 1960 4226 Quemadmodum

382 4253 513 4309 illud
554 4252 695 4322 quod
731 4251 931 4307 dictum
958 4260 1041 4305 est
1065 4251 1132 4305 de
1158 4252 1271 4318 ipso
1303 4250 1526 4303 Domino
1553 4249 1676 4304 Jesu
1708 4246 1919 4303 Christo
1942 4290 1956 4314 ,

382 4344 505 4414 quia
533 4360 633 4397 non
654 4352 854 4396 noverat
873 4352 1128 4413 peccatum
1148 4340 1211 4411 (Il
1234 4340 1349 4395 Cor.
1372 4356 1428 4406 ν,
1458 4339 1574 4411 2i);
1603 4341 1727 4410 quid
1750 4350 1831 4395 est
1856 4356 1959 4394 non

384 4442 586 4488 noverat
606 4476 620 4497 ,
651 4434 755 4489 nisi
779 4433 901 4502 quia
925 4447 1032 4487 non
1059 4431 1292 4487 fecerat?
1336 4434 1413 4486 Ac
1440 4446 1535 4500 per
1564 4431 1665 4485 hoc
1702 4430 1843 4499 quod
1872 4431 1956 4484 di-

384 4534 526 4578 ctum
568 4533 686 4585 est,
744 4522 863 4575 Vias
890 4539 1002 4592 qua:
1028 4540 1060 4575 a
1085 4522 1273 4593 dextris
1300 4530 1449 4587 sunt,
1500 4522 1633 4574 novit
1674 4520 1951 4587 Dominus,

385 4614 650 4684 quomodo
686 4614 1082 4683 intelligendum
1111 4624 1222 4678 est,
1272 4614 1372 4669 nisi
1399 4615 1520 4683 quia
1551 4614 1663 4684 ipse
1702 4612 1826 4668 fecit
1846 4615 1957 4669 vias

384 4703 596 4757 dextras
615 4743 631 4767 ,
662 4703 711 4756 id
741 4712 819 4757 est
844 4704 954 4756 vias
978 4705 1274 4771 justorum,
1307 4719 1423 4772 quze
1448 4714 1570 4756 sunt
1590 4704 1768 4772 utique
1795 4719 1956 4774 opera

383 4793 520 4847 bona
545 4833 560 4858 ,
590 4809 701 4863 qua
724 4795 1022 4864 prceparavit
1048 4793 1185 4848 Deus
1204 4835 1220 4859 ,
1248 4794 1383 4848 sicut
1410 4794 1531 4849 dicit
1560 4794 1871 4863 Apostolus,
1903 4804 1957 4848 ut

356 4885 435 4952 oin
464 4884 564 4937 illis
589 4883 900 4938 ambulemus
927 4884 944 4953 (
966 4883 1104 4953 Eph.
1130 4900 1187 4949 ιι,
1212 4883 1338 4954 10)?
1366 4885 1487 4939 Vias
1508 4893 1684 4939 autem
1714 4886 1955 4939 sinistras

387 4988 661 5041 perversas
680 5014 693 5037 ,
735 4972 787 5027 id
819 4981 902 5029 est
926 4974 1037 5027 vias
1070 4973 1351 5042 impiorum
1373 5013 1389 5039 ,
1431 4989 1534 5027 non
1566 4973 1743 5044 utique
1770 4976 1950 5039 novit,

382 5064 504 5133 quia
531 5079 634 5118 non
661 5078 753 5118 eas
778 5066 891 5133 ipse
932 5062 1055 5118 fecit
1092 5064 1321 5129 homini,
1351 5064 1444 5118 sed
1470 5064 1631 5119 homo
1657 5066 1755 5121 sibi
1786 5083 1798 5118 :
1832 5080 1953 5134 ιιι-ος

383 5163 500 5225 pter
523 5153 663 5222 quod
691 5153 850 5219 dicit,
886 5152 1032 5207 0divi
1056 5162 1222 5207 autem
1247 5169 1337 5225 ego
1374 5170 1627 5223 perversas
1654 5155 1760 5209 vias
1788 5156 1953 5209 mulo-

382 5261 529 5307 rum,
561 5245 686 5314 ipsa:
707 5254 825 5298 sunt
849 5262 879 5296 a
902 5245 1139 5299 sinistris.

453 5337 505 5390 7.
537 5334 644 5391 Sed
681 5336 1031 5405 respondetur
1056 5336 1210 5392 nobis
1232 5378 1247 5402 ,
1278 5337 1384 5392 Cur
1407 5352 1532 5408 ergo
1557 5337 1718 5403 dixit,
1751 5337 1834 5392 Ne
1860 5338 1950 5393 de-

381 5428 536 5481 clines
560 5428 612 5480 in
640 5427 893 5481 dexteram
911 5466 927 5493 ,
955 5443 1108 5497 neque
1130 5428 1185 5481 in
1206 5428 1489 5494 sinistram;
1519 5443 1639 5483 cum
1673 5431 1845 5498 potius
1872 5430 1952 5483 di-

381 5532 504 5568 cere
533 5514 777 5569 debuisse
806 5515 1078 5582 videatur,
1108 5515 1253 5571 Tene
1280 5515 1549 5571 dexteram
1570 5560 1584 5584 ,
1613 5528 1667 5573 et
1696 5533 1762 5572 ne
1787 5519 1951 5573 decli-

387 5620 476 5656 tms
504 5605 556 5655 in
583 5603 881 5667 sinistram;
904 5603 949 5658 si
967 5605 1119 5658 bona:
1136 5612 1257 5658 sunt
1280 5605 1377 5657 viae
1402 5622 1515 5673 quze
1537 5623 1565 5660 a
1588 5607 1785 5662 dextris
1806 5609 1950 5661 sunt?

443 5722 458 5747 ι
495 5724 600 5765 ω.
629 5716 710 5775 cl.,
744 5724 982 5776 nonanus,
1006 5728 1116 5779 quia
1137 5730 1167 5766 a
1189 5714 1380 5767 sinistra
1403 5722 1487 5767 est.

1573 322 2046 379 El’iSTULAllUM
2088 324 2354 383 CLASSIS
2393 331 2477 381 ιιι.

3540 340 3642 393 9ἲῶ

2065 435 2198 501 Cur,
2233 449 2509 509 putamus,
2553 439 2648 494 nisi
2677 440 2795 510 quia
2834 441 2901 495 ita
2952 440 3046 494 vi:e
3088 450 3213 497 sunt
3262 444 3414 500 bona:
3462 462 3577 516 qua:
3602 464 3634 502 a

2071 526 2270 583 dextris
2299 540 2449 592 suut,
2482 540 2537 583 ut
2564 532 2613 583 iu
2644 531 2911 585 dexteram
2943 542 3116 587 tamen
3143 534 3411 591 declinare
3436 553 3541 591 non
3568 539 3637 592 sit

2073 618 2311 674 bonum?
2342 621 2615 677 Decliuare
2659 623 2850 693 quippe
2903 624 2989 679 ille
3029 634 3111 680 est
3159 626 3528 698 intelligendus
3579 630 3633 684 iu

2070 710 2341 766 dexteram
2362 756 2376 779 ,
2403 715 2491 784 qui
2524 716 2657 769 bona
2688 716 2798 784 ipsa
2828 732 2986 786 Opera
3012 761 3026 785 ,
3060 735 3177 787 qua:
3204 719 3270 775 ad
3299 721 3409 776 vias
3448 722 3636 777 dexte-

2071 817 2156 857 ras
2184 806 2475 872 pertineut,
2504 808 2601 861 sibi
2633 809 2742 861 vult
2786 810 3085 880 assignare,
3118 828 3223 866 non
3254 813 3381 868 Deo.
3419 814 3485 868 Et
3519 815 3627 869 ideo

2070 908 2191 947 cum
2218 895 2471 964 dixisset,
2487 896 2604 952 Vias
2625 900 2755 952 enim
2776 917 2887 966 qua:
2914 919 2945 953 a
2977 902 3164 956 dextris
3187 912 3302 957 sunt
3324 945 3340 968 ,
3363 906 3497 958 novit
3522 905 3605 960 Do

2070 985 2233 1038 minus
2265 1001 2281 1038 :
2312 1003 2553 1057 perversae
2586 999 2750 1042 autem
2778 1001 2891 1043 sunt
2916 1008 3027 1061 qua:
3052 1009 3083 1045 a
3104 992 3321 1047 sinistris
3349 1008 3460 1048 sunt
3484 1013 3504 1060 ;
3528 1006 3641 1050 tan-

2069 1090 2223 1145 quam
2268 1078 2531 1133 dlceretur
2556 1080 2602 1134 ei
2622 1122 2636 1144 ,
2681 1083 2957 1147 Quomodo
2988 1099 3113 1153 ergo
3142 1099 3247 1139 non
3276 1085 3354 1140 vis
3380 1095 3437 1140 ut
3475 1086 3639 1144 decli-

2069 1182 2258 1221 nemus
2296 1168 2361 1221 ad
2390 1169 2694 1237 dexteram;
2740 1182 2953 1226 secutus
2994 1174 3259 1243 adjunxit,
3311 1173 3432 1245 Ipse
3472 1187 3640 1232 autem

2068 1267 2228 1311 rectos
2248 1258 2397 1328 faciet
2425 1277 2597 1314 cursus
2623 1271 2769 1326 tuos;
2794 1264 2972 1317 itinera
3001 1275 3164 1319 autem
3190 1275 3275 1319 tua
3294 1266 3345 1320 in
3369 1284 3490 1335 pace
3515 1284 3636 1337 pro-

2069 1347 2233 1401 ducet.
2281 1348 2368 1404 Sic
2398 1366 2523 1421 ergo
2552 1352 2813 1421 intellige,
2846 1354 2984 1423 quod
3026 1355 3115 1409 tibi
3166 1367 3485 1427 praeceptum
3532 1371 3636 1426 est,

2070 1436 2250 1493 Rectos
2283 1456 2457 1494 cursus
2490 1446 2573 1513 fac
2598 1442 2805 1512 pedibus
2838 1445 2965 1518 tuis,
2998 1455 3041 1498 et
3070 1449 3175 1500 uias
3210 1457 3320 1501 tuas
3346 1449 3505 1519 dirige
3528 1492 3541 1513 ,
3581 1461 3638 1504 ut

2069 1529 2314 1596 noveris,
2346 1545 2464 1584 cum
2496 1531 2598 1586 hoc
2632 1531 2793 1600 facis,
2834 1549 2863 1587 a
2892 1535 3114 1590 Domino
3139 1539 3248 1593 Deo
3278 1538 3371 1594 tibi
3402 1543 3639 1609 praestari

2068 1630 2121 1673 ut
2154 1620 2252 1674 hoc
2280 1622 2437 1676 facias
2462 1640 2475 1688 ;
2508 1632 2558 1678 et
2581 1640 2683 1679 non
2712 1625 3000 1682 declinabis
3024 1630 3088 1682 ad
3117 1630 3384 1685 dexteram
3405 1675 3419 1697 ,
3454 1648 3639 1701 quam-

2067 1710 2146 1764 vis
2172 1711 2410 1766 an.bules
2436 1713 2487 1767 in
2515 1715 2611 1768 viis
2639 1714 2838 1771 dextris
2857 1758 2871 1781 ,
2919 1732 3024 1773 non
3054 1721 3324 1776 conlidens
3366 1722 3416 1775 in
3443 1723 3635 1779 virtute

2068 1809 2152 1854 tua
2189 1820 2200 1855 :
2234 1811 2285 1855 et
2317 1803 2427 1871 ipse
2457 1807 2556 1859 erit
2585 1806 2750 1860 virtus
2790 1819 2902 1871 tua,
2948 1810 3035 1879 qui
3078 1820 3237 1864 rectos
3264 1810 3412 1881 faciet
3459 1829 3634 1868 cursus

2064 1900 2176 1945 tuos
2199 1935 2213 1959 ,
2245 1902 2291 1946 et
2316 1893 2492 1948 itinera
2512 1904 2597 1949 tua
2620 1898 2671 1950 in
2695 1914 2818 1967 pace
2852 1901 3109 1969 producet.

2139 1984 2191 2037 8.
2234 1983 2596 2055 Quapropter,
2629 1987 2989 2055 dilectissimi,
3012 1988 3326 2061 quicumque
3351 1994 3497 2057 dicit,
3530 1994 3636 2050 V0-

2066 2073 2244 2127 luutas
2266 2090 2379 2129 mea
2413 2076 2536 2129 mihi
2564 2078 2757 2133 sufficit
2785 2079 2847 2133 ad
2874 2080 3112 2136 facienda
3141 2097 3300 2153 opera
3326 2084 3460 2137 bona
3483 2125 3497 2149 ,
3540 2085 3637 2140 de-

2065 2164 2225 2219 clinat
2251 2166 2301 2218 in
2329 2166 2618 2222 dexteram.
2668 2168 2771 2223 Sed
2798 2184 2978 2224 rursus
3004 2172 3077 2224 illi
3119 2173 3205 2240 qui
3238 2182 3419 2240 putant
3446 2175 3637 2229 bonam

2065 2257 2224 2310 vitam
2255 2272 2372 2311 esse
2412 2259 2757 2313 deserendam
2775 2303 2788 2324 ,
2817 2263 3027 2330 quando
3055 2263 3273 2317 audiunt
3302 2265 3378 2318 sic
3405 2265 3494 2319 Dei
3521 2282 3639 2335 gra-

2067 2348 2190 2401 tiam
2219 2349 2491 2417 praedicari
2514 2392 2525 2414 ,
2558 2361 2613 2404 ut
2639 2352 2886 2406 credatur
2913 2363 2967 2407 et
2998 2354 3321 2423 intelligatur
3343 2357 3637 2411 Voluntates

2065 2436 2337 2490 hominum
2362 2439 2473 2507 ipsa
2501 2454 2564 2493 ex
2591 2442 2742 2494 malis
2768 2442 2929 2495 bonas
2957 2443 3157 2508 facere,
3182 2443 3292 2511 ipsa
3321 2446 3479 2499 etiam
3506 2462 3637 2515 quas

2064 2524 2249 2580 fecerit
2270 2526 2554 2594 custodire,
2583 2538 2632 2583 et
2652 2540 2926 2598 propterea
2957 2531 3154 2596 dicunt,
3180 2530 3449 2589 Faciamus
3476 2534 3634 2604 mala,

2065 2624 2119 2668 ut
2148 2617 2345 2669 veniant
2375 2618 2501 2671 bona
2530 2617 2699 2691 (Rom.
2730 2635 2804 2685 ιιι,
2837 2619 2927 2692 8);
2962 2621 3011 2673 in
3040 2622 3305 2676 sinistram
3347 2624 3634 2683 declinant.

2068 2704 2189 2760 ldeo
2213 2707 2360 2761 vobis
2385 2708 2552 2774 dixit,
2588 2706 2708 2763 Non
2747 2711 2999 2765 declinetis
3024 2712 3075 2764 in
3100 2712 3375 2779 dexteram,
3409 2732 3563 2785 neque
3580 2716 3635 2770 in

2064 2797 2318 2851 sinistram
2343 2838 2356 2861 ,
2391 2798 2491 2852 hoc
2517 2810 2594 2853 est
2622 2841 2635 2863 ,
2668 2814 2770 2854 non
2812 2801 2887 2853 sic
2910 2799 3204 2856 defendatis
3245 2803 3468 2858 liberum
3490 2806 3635 2860 arbi-

2066 2885 2222 2939 trium
2250 2928 2261 2949 ,
2290 2896 2346 2940 ut
2371 2888 2417 2941 ei
2441 2888 2573 2941 bona
2602 2903 2760 2958 opera
2790 2890 2903 2944 sine
2924 2890 3017 2944 Dei
3037 2892 3202 2962 gratia
3237 2892 3510 2959 tribuatis;
3538 2911 3636 2951 nec

2064 2975 2141 3029 sic
2165 2975 2459 3030 defendatis
2497 2979 2717 3047 gratiam
2740 3020 2753 3043 ,
2785 2988 2840 3033 ut
2866 2981 3013 3049 qtiasi
3041 2982 3106 3035 de
3133 2982 3220 3035 illa
3244 2984 3413 3037 securi
3438 3026 3454 3049 ,
3498 2986 3638 3041 mala

2065 3078 2222 3133 Opera
2254 3065 2479 3135 diligatis
2509 3085 2524 3119 :
2557 3067 2693 3136 quod
2727 3070 2835 3137 ipsa
2866 3072 3028 3137 gratia
3064 3072 3153 3127 Dei
3178 3082 3379 3127 avertat
3407 3089 3433 3126 a
3465 3075 3633 3129 vobis.

2066 3154 2267 3208 Talium
2308 3157 2501 3225 quippe
2543 3159 2700 3212 verba
2728 3161 2826 3213 sibi
2869 3176 3172 3231 proponens
3213 3164 3499 3233 Apostolus
3528 3169 3634 3233 a't,

2068 3242 2203 3309 Quid
2225 3262 2344 3314 ergo
2364 3248 2623 3301 dicemus?
2650 3249 3045 3319 permanebimus
3074 3253 3124 3305 in
3146 3263 3365 3324 peccato,
3392 3264 3447 3309 ut
3475 3258 3640 3328 gratia

2064 3337 2320 3392 abundet?
2364 3349 2521 3409 atque
2565 3340 2647 3394 his
2689 3343 2865 3397 verbis
2898 3344 3167 3400 hominum
3221 3347 3544 3414 errantium,
3586 3360 3642 3407 et

2066 3427 2158 3481 Dei
2187 3429 2407 3497 gratiam
2438 3446 2541 3483 non
2569 3430 3002 3502 intelligentiam,
3035 3437 3307 3507 resiiondit
3335 3448 3390 3493 ut
3414 3438 3632 3506 debuit,

2063 3514 2267 3583 dicens,
2298 3518 2457 3571 Absit.
2484 3518 2546 3573 Si
2560 3522 2692 3573 enim
2715 3524 2896 3578 mortui
2922 3541 3096 3580 sumus
3121 3538 3323 3597 peccato
3341 3570 3354 3594 ,
3377 3530 3633 3599 quomodo

2062 3608 2280 3663 vivemus
2308 3609 2360 3666 in
2386 3626 2444 3667 eo
2478 3610 2585 3686 (Id.
2616 3631 2690 3683 vi,
2722 3618 2781 3683 1,
2808 3616 2891 3687 2)?
2914 3616 3054 3671 Nihil
3096 3620 3266 3687 potuit
3293 3618 3397 3674 dici
3424 3620 3638 3675 brevius

2065 3705 2117 3752 et
2143 3700 2354 3757 melius.
2396 3704 2533 3772 Quid
2573 3708 2713 3762 enim
2743 3708 2893 3762 nobis
2919 3710 3086 3778 gratia
3115 3711 3205 3764 Dei
3236 3711 3411 3766 utilius
3435 3712 3642 3767 confert

2065 3792 2117 3849 in
2148 3796 2246 3851 hoc
2276 3800 2521 3867 praesenti
2570 3801 2763 3855 sreculo
2794 3802 3021 3871 maligno
3041 3844 3055 3867 ,
3111 3803 3215 3857 nisi
3264 3812 3320 3857 ut
3348 3805 3639 3861 moriamur

2068 3891 2324 3957 peccato?
2352 3890 2430 3944 Ac
2457 3906 2549 3959 per
2577 3890 2680 3946 hoc
2710 3892 2807 3960 ipsi
2835 3892 3015 3961 gratim
3042 3893 3337 3948 invenietur
3366 3895 3633 3964 ingratus,

2064 3980 2151 4047 qui
2184 3989 2398 4048 propter
2426 3981 2567 4033 illam
2597 3982 2709 4035 vult
2751 3983 2927 4036 vivere
2965 3983 3016 4036 iu
3062 3994 3307 4052 peccato,
3359 4000 3453 4054 per
3477 4002 3635 4055 quam

2066 4056 2322 4122 morimur
2347 4078 2580 4137 peccato.
2616 4071 2753 4125 Deus
2790 4080 2965 4125 autem
3008 4073 3099 4141 qui
3127 4073 3272 4127 dives
3299 4084 3377 4128 est
3403 4076 3451 4128 in
3477 4074 3638 4129 mise-

2066 4158 2326 4225 ricordia,
2356 4160 2448 4214 det
2467 4159 2615 4215 vobis
2657 4170 2710 4213 et
2731 4176 2916 4214 sanum
2942 4176 3161 4230 sapere,
3197 4172 3250 4217 et
3276 4179 3441 4233 usque
3482 4166 3532 4218 in
3566 4164 3632 4218 li-

2014 4246 2019 4253 ”
2063 4261 2189 4301 nem
2210 4278 2211 4281 η
2234 4248 2567 4316 prolicienter
2603 4249 2655 4302 in
2686 4248 2823 4302 bono
2851 4250 3120 4318 proposito
3150 4268 3479 4321 permanere.
3520 4254 3633 4309 Hoc

2064 4353 2161 4406 pro
2185 4337 2332 4393 vobis
2355 4378 2372 4406 ,
2404 4339 2505 4393 hoc
2537 4355 2630 4408 pro
2672 4340 2822 4394 nobis
2841 4382 2856 4406 ,
2902 4340 3001 4394 hoc
3030 4358 3124 4410 pro
3150 4343 3393 4399 omnibus
3421 4345 3509 4413 qui
3536 4359 3630 4398 vos

2062 4426 2317 4497 diligunt,
2346 4434 2399 4482 et
2426 4443 2520 4497 pro
2546 4428 2624 4484 eis
2640 4429 2728 4497 qui
2748 4444 2843 4482 vos
2864 4429 3109 4497 oderunt,
3144 4432 3400 4487 instanter
3421 4432 3472 4487 in
3499 4449 3628 4503 pace

2063 4515 2292 4571 fraterna
2326 4527 2379 4571 et
2405 4518 2679 4588 vigilanter
2706 4528 2871 4573 orate.
2916 4521 3026 4575 Deo
3056 4522 3262 4576 vivatis.
3308 4522 3363 4579 Si
3408 4526 3533 4594 quid
3562 4525 3631 4581 de

2060 4606 2209 4661 vobis
2237 4621 2478 4674 mereor,
2506 4608 2680 4662 veniat
2704 4608 2770 4662 ad
2795 4625 2879 4663 me
2907 4610 3069 4665 frater
3094 4611 3301 4665 Florus.

2467 4697 2789 4771 El’lS'l‘OLA
2831 4697 3052 4771 ccxvr.
3090 4705 3104 4721 ·
3137 4699 3234 4771 (a).

2074 4764 2362 4818 Valentinus
2396 4766 2675 4836 Augustino
2696 4809 2709 4829 ,
2748 4769 3039 4821 renuntiatis
3068 4764 3446 4838 quaa'exstiterit
3474 4789 3627 4827 causa

2130 4854 2325 4907 dissidii
2344 4896 2358 4919 ,
2388 4857 2530 4924 quive
2551 4866 2775 4909 auctores
2795 4858 3035 4911 tumultus
3052 4860 3103 4912 in
3130 4875 3221 4912 suo
3246 4863 3499 4923 cwnobio;
3522 4874 3625 4916 tum

2129 4944 2391 4998 declarans
2414 4945 2565 5013 [idem
2593 4961 2737 4999 suam
2762 4946 2824 5000 de
2848 4946 3000 5000 libero
3035 4948 3238 5003 arbitrio
3262 4958 3309 5003 et
3341 4952 3404 5004 de
3423 4952 3628 5021 justitia

2129 5031 2224 5085 Dei
2249 5034 2642 5097 remunerantis;
2685 5050 2744 5087 ac
2789 5037 2998 5106 denique
3043 5036 3291 5104 Florum,
3340 5056 3484 5108 quem
3530 5042 3629 5112 ipsi

2130 5123 2308 5187 mittit,
2340 5123 2401 5176 ab
2425 5124 2607 5177 erroris
2628 5126 2909 5195 suspicione
2928 5127 3163 5180 liberans.

2058 5212 2284 5267 Domino
2327 5228 2452 5267 vere
2491 5223 2703 5280 sancto,
2748 5230 2810 5269 ac
2858 5216 3011 5271 nobis
3053 5218 3425 5274 venerabiliter
3462 5234 3621 5290 super

2128 5304 2301 5355 omnia
2356 5304 2709 5372 prmferendo,
2758 5315 2813 5360 et
2866 5307 2951 5376 pia
2998 5307 3346 5363 exsultatione
3394 5309 3621 5365 colendo

2128 5393 2434 5448 beatissimo
2479 5410 2625 5463 papa:
2670 5398 3004 5463 Aocusrmo,
3053 5397 3388 5454 VALENTINUS
3434 5416 3619 5455 servus

2128 5491 2234 5537 tua:
2260 5482 2582 5550 Sanetitatis,
2614 5495 2667 5539 et
2691 5487 2863 5541 omnis
2882 5489 3215 5558 congregatio
3239 5506 3357 5559 qua:
3380 5491 3480 5544 tuis
3504 5508 3623 5546 ora-

2119 5596 2137 5658 ‘_
2160 5595 2413 5658 [emendata
2434 5597 2492 5644 ad
2514 5594 2575 5646 el.
2594 5598 2631 5658 j.
2656 5598 2731 5647 sb.
2755 5612 2802 5647 v.
2834 5607 2884 5649 et
2906 5606 3011 5650 ιον.

2118 5656 2191 5728 (a)
2215 5656 2341 5728 Alias
2357 5656 2447 5705 256
2471 5672 2481 5705 :
2500 5656 2609 5722 quae
2625 5667 2785 5708 autem
2803 5659 3035 5721 216mm,
3052 5675 3175 5711 nunc
3191 5662 3267 5710 85.
3283 5670 3461 5725 scripta
3486 5664 3626 5728 [aulo

2057 5725 2162 5778 post
2183 5721 2474 5780 superiores.
