4086 6350
501 321 605 374 9ῗῆ

573 438 802 490 tionibus
825 449 1031 490 mecum
1055 446 1230 504 sperat
1259 436 1307 487 in
1337 435 1579 496 Domino,
1613 427 1859 488 salutem.

570 528 619 579 1.
664 524 976 580 Venerabilia
1004 526 1210 593 scripta,
1245 534 1291 579 et
1322 524 1503 578 librum
1525 536 1624 579 tua:
1649 525 1943 579 Sanctitatis
1965 568 1978 590 ,
2007 526 2078 579 ita

494 616 814 671 tremebunda
843 617 993 670 corde
1036 617 1344 684 suscepimus
1365 658 1378 680 ,
1407 624 1461 668 ut
1499 616 1629 670 sicut
1668 615 1842 670 beatus
1897 616 2036 669 Elius
2057 659 2072 681 ,

493 725 608 762 cum
638 710 686 762 in
709 709 959 778 spelunca:
987 707 1156 761 limine
1181 716 1364 771 staret,
1389 708 1568 777 faciem
1595 725 1740 762 suam
1775 709 1938 779 gloria
1964 707 2074 762 Do-

493 800 616 854 mini
644 809 928 854 transeunte
954 797 1168 862 velavit;
1204 798 1276 850 ita
1302 815 1392 852 nos
1419 798 1712 868 objurgatos
1751 799 1921 852 oculos
1948 799 2074 851 texi-

492 905 601 942 mus
619 928 635 955 ,
662 889 779 958 quia
801 904 886 958 per
913 887 1236 942 rusticitatem
1262 891 1477 958 fratrum
1498 897 1780 941 nostrorum
1803 897 1971 942 nostro
1983 888 2076 957 ju-

489 981 619 1034 dicio
643 979 962 1045 erubuimus,
994 995 1206 1050 quorum
1251 978 1543 1032 inordinata
1588 979 1896 1048 profectione
1934 987 2071 1031 tuam

490 1071 755 1124 meruimus
779 1069 1142 1124 Beatitudinem
1171 1070 1428 1134 salutare;
1453 1071 1571 1138 quia
1594 1081 1786 1140 tempus
1816 1071 2070 1140 loquendi,

487 1171 531 1213 ct
560 1171 754 1229 tempus
785 1159 1014 1224 tacendi,
1058 1176 1118 1212 ne
1147 1161 1264 1213 dum
1294 1176 1381 1229 per
1401 1161 1686 1214 dubitantes
1713 1172 1757 1213 et
1779 1161 1840 1214 de
1872 1161 2074 1215 veritate

449 1281 459 1289 -
484 1257 784 1323 ﬂuctuantes
806 1251 1148 1317 scriberemus,
1181 1255 1243 1306 de
1267 1253 1411 1307 dictis
1436 1254 1696 1322 sapientia:
1722 1265 1838 1318 ltttL’,
1862 1269 1973 1323 qucc
2001 1265 2072 1309 est

483 1347 610 1399 sicut
641 1347 805 1415 angeli
828 1344 958 1409 Dei,
993 1343 1220 1398 dubitare
1247 1361 1360 1398 cum
1389 1344 1730 1398 dubitantibus
1767 1344 2068 1402 videremur.

487 1439 604 1493 Non
623 1440 755 1493 enim
783 1447 889 1490 erat
907 1439 1045 1492 nobis
1073 1439 1407 1492 necessarium
1436 1440 1745 1508 interrogare
1774 1440 1836 1492 de
1857 1440 2069 1494 beatitu-

481 1535 625 1602 dine,
661 1548 704 1589 et
749 1536 810 1589 de
840 1534 1090 1605 sapientia
1121 1545 1239 1596 tua,
1272 1550 1384 1605 qua:
1424 1546 1494 1590 est
1533 1535 1670 1589 nobis
1712 1549 1829 1590 nota
1858 1553 1944 1606 per
1975 1537 2069 1591 Dei

480 1627 714 1696 gratiam.
764 1626 901 1680 Nam
945 1627 1011 1680 ad
1053 1628 1235 1681 librum
1264 1627 1610 1680 dulcissimum
1643 1628 1939 1682 Sanctitatis
1970 1639 2070 1683 tua:

480 1716 552 1770 ita
592 1735 765 1771 sumus
803 1719 1036 1772 alacriter
1051 1718 1325 1787 jucundati
1345 1759 1358 1783 ,
1389 1719 1592 1770 utsicut
1622 1719 1848 1786 Apostoli
1891 1719 2066 1772 Domi-

481 1823 598 1862 num
624 1819 734 1880 post
769 1810 1181 1863 resurrectionem
1225 1808 1550 1876 prandentem
1579 1824 1745 1860 secum
1793 1825 1889 1861 non
1913 1809 2068 1863 aude-

481 1901 597 1954 bant
638 1906 951 1971 interroqare
984 1901 1096 1972 quis
1145 1910 1302 1963 esset;
1345 1900 1564 1954 sciebant
1600 1901 1730 1953 enim
1758 1902 1875 1970 quia
1916 1902 2067 1956 Jesus
2136 1957 2146 1964 ,

479 1991 550 2044 est
573 1990 745 2059 (Joan.
776 2006 891 2056 xxn,
935 1991 1025 2060 i2)
1054 2009 1063 2042 :
1106 1991 1177 2043 ita
1208 1999 1252 2042 et
1281 2006 1370 2043 nos
1400 2007 1490 2042 nec
1517 1989 1763 2043 voluimus
1785 2033 1797 2052 ,
1839 2009 1928 2045 nec
1955 1993 2065 2046 ausi

478 2099 649 2137 sumus
674 2084 981 2154 interrogare
997 2083 1058 2137 de
1085 2084 1210 2136 libro
1228 2123 1243 2146 ,
1268 2092 1432 2134 utrum
1456 2092 1554 2134 tua:
1579 2081 1876 2135 Sunctitatis
1903 2092 2065 2148 esset;

478 2182 590 2226 cum
613 2178 722 2243 ipsa
761 2175 983 2240 fidelium
1009 2174 1172 2243 gratia
1197 2174 1339 2241 qutv'
1376 2173 1426 2224 in
1451 2188 1509 2225 eo
1527 2172 1794 2226 liberaliter
1815 2190 2067 2227 commen-

479 2267 656 2328 datur,
691 2265 830 2318 nobis
867 2274 1036 2330 tuum,
1070 2263 1268 2316 domine
1294 2275 1464 2316 saneto
1497 2280 1632 2332 papa
1657 2303 1669 2328 ,
1697 2265 1903 2333 eloquiis
1926 2266 2061 2317 viva-

491 2357 688 2408 :issimis
715 2365 1032 2410 contestetur.

549 2449 599 2501 2.
638 2446 950 2519 Incipiamus
975 2458 1172 2513 autem,
1204 2450 1401 2503 domine
1426 2449 1707 2502 beatissime
1723 2466 1873 2519 papa,
1905 2450 2064 2520 ipsius

478 2539 704 2592 Ordinem
726 2538 1112 2608 perturbationis
1135 2556 1401 2609 exponere.
1433 2537 1771 2608 Charissimus
1797 2545 1951 2611 frater
1976 2558 2062 2595 no-

476 2641 578 2685 ster
606 2630 652 2684 F
654 2632 791 2684 lorus
813 2648 980 2685 servus
1008 2630 1332 2685 Paternitatis
1358 2638 1458 2686 tua:
1476 2671 1490 2696 ,
1525 2648 1639 2684 cum
1661 2631 1727 2684 ad
1763 2630 2062 2686 L’zalensem

461 2721 692 2788 patriam
730 2721 902 2788 fuisset
950 2722 1190 2774 suadente
1231 2711 1476 2773 charitate
1501 2724 1792 2791 profectus,
1839 2722 2063 2792 eulogias

477 2811 765 2865 monasterii
793 2812 812 2842 ²
851 2811 979 2866 inter
1004 2828 1109 2865 sua:
1134 2811 1347 2865 civitatis
1369 2827 1534 2864 uterus
1557 2852 1570 2876 ,
1597 2811 1659 2864 de
1683 2813 1937 2882 opusculis
1968 2829 2060 2866 no-

476 2902 548 2956 bis
590 2910 688 2956 tua:
728 2902 893 2955 attulit
939 2901 1239 2956 Sanctitatis
1260 2943 1272 2962 .
1308 2918 1408 2955 uno
1438 2903 1598 2972 fratre
1644 2901 1814 2956 Felice
1837 2945 1851 2970 ,
1883 2903 1968 2975 qui
1996 2904 2063 2957 ad

476 3005 613 3048 tuam
641 2993 971 3050 Sanctitatem
997 2993 1138 3047 tarde
1159 3002 1269 3065 post
1294 2992 1496 3046 comites
1518 3009 1635 3047 suos
1664 2993 1852 3048 venisse
1879 2995 2061 3066 digno-

474 3088 631 3140 scitur
651 3128 666 3152 ,
711 3087 935 3142 eumdem
965 3086 1148 3140 librum
1177 3087 1349 3138 devote
1368 3086 1618 3151 dictante;
1664 3099 1864 3140 ventum
1899 3098 1969 3142 est
1996 3089 2062 3141 ad

476 3178 830 3231 monasterium
852 3193 965 3230 cum
996 3177 1168 3230 eodem
1207 3176 1404 3238 libello.
1441 3178 1597 3247 fratre
1626 3175 1783 3230 Floro
1833 3179 1900 3231 ad
1937 3178 2062 3232 Car-

475 3269 729 3338 thaginem
759 3267 822 3322 de
853 3265 1090 3323 Uzalensi
1118 3267 1317 3320 civitate
1359 3269 1600 3337 profecto.
1635 3266 1764 3320 Mihi
1791 3286 1890 3322 non
1920 3287 2062 3323 mon-

468 3365 630 3414 strato
657 3357 783 3412 libro
805 3400 818 3425 ,
861 3357 1104 3426 imperitis
1134 3356 1376 3426 fratribus
1411 3357 1620 3410 recitare
1649 3367 1901 3429 catperunt
1928 3377 1946 3423 ;
1976 3361 2061 3429 qui

472 3449 804 3518 quorumdam
842 3465 942 3502 non
981 3447 1366 3518 intelligentiam
1414 3446 1570 3500 corda
1599 3450 1894 3515 commovit,
1942 3451 2061 3519 quia

472 3529 589 3592 cum
615 3539 796 3593 diceret
824 3533 1070 3592 Dominus
1099 3557 1115 3589 ι
1155 3537 1252 3603 Qui
1294 3554 1394 3591 non
1434 3538 1812 3593 manducauerit
1859 3559 2060 3595 carnem

471 3629 567 3699 filii
597 3631 832 3693 hominis,
862 3647 1019 3701 neque
1043 3631 1215 3684 biberit
1242 3630 1538 3700 sanguinem
1563 3633 1703 3700 ejus,
1735 3648 1832 3685 non
1864 3633 2060 3688 habebit

472 3722 624 3774 vitam
641 3722 689 3774 in
705 3723 971 3791 semetipso
1007 3742 1024 3774 ι
1058 3719 1165 3792 (Id.
1188 3736 1261 3783 Vl,
1286 3720 1399 3791 54),
1425 3720 1754 3776 discesserunt
1773 3724 2060 3793 quiaimpie

473 3810 854 3875 intellexerunt,
895 3827 995 3864 non
1023 3810 1173 3881 culpa
1211 3808 1417 3864 Domini
1457 3810 1697 3876 dicentis,
1738 3813 1826 3864 sed
1870 3813 2058 3868 duritia

471 3903 756 3972 impiissimi
791 3901 976 3956 cordis.

541 3993 592 4048 '5.
623 3990 888 4062 Coeperunt
940 3994 1195 4046 memorati
1239 3993 1446 4062 fratres,
1487 3994 1572 4061 qui
1606 3994 1773 4047 omnia
1809 3996 2058 4051 subverte-

469 4094 617 4146 runt,
657 4084 977 4138 innocentum
1021 4086 1215 4138 animas
1265 4100 1601 4149 commovere,
1656 4105 1764 4141 mea
1810 4091 2056 4158 parvitate

469 4175 665 4244 penitus
695 4175 993 4246 ignorante;
1022 4177 1073 4228 in
1097 4185 1290 4229 tantum
1315 4186 1581 4229 conventus
1610 4178 1812 4231 illorum
1831 4198 2056 4234 murmu-

468 4268 640 4321 rantis.
656 4268 810 4320 nescii
831 4308 845 4332 ,
877 4276 933 4321 ut
959 4268 1056 4322 nisi
1083 4267 1238 4336 frater
1271 4261 1456 4322 Florus
1486 4268 1548 4322 de
1577 4269 1879 4341 Carthagine
1908 4290 2052 4344 repe-

425 4401 428 4406 .
469 4356 594 4411 dans
606 4356 648 4424 ⁵,
663 4373 832 4411 eorum
844 4357 1237 4428 perturbationes
1249 4375 1542 4429 agnoscens,
1562 4360 1686 4414 mihi
1703 4362 1914 4417 sollicite
1926 4381 2055 4420 mm-

469 4448 655 4513 tiasset,
688 4449 873 4519 furtiva
898 4459 942 4502 et
970 4459 1206 4520 tanquam
1227 4448 1422 4502 servilis
1451 4459 1555 4503 erat
1581 4451 1710 4505 inter
1738 4470 1820 4507 eos
1867 4456 1929 4508 de
1953 4473 2054 4510 non

469 4539 793 4610 intelligenda
830 4541 1033 4593 veritate
1060 4540 1322 4593 contentio.
1365 4539 1616 4610 Draposui
1644 4544 1711 4596 ad
1752 4545 2053 4614 auferendus

383 4637 389 4640 ’
468 4631 650 4702 impias
671 4630 987 4701 queestiones,
1018 4639 1071 4683 ut
1090 4630 1157 4683 ad
1172 4630 1429 4684 dominum
1455 4643 1681 4688 sanctum
1706 4646 1896 4707 patrem
1921 4640 2053 4694 Evo-

467 4723 609 4777 dium
629 4723 929 4777 mitteremus
946 4764 958 4786 ,
986 4731 1038 4774 ut
1067 4723 1174 4792 ipse
1201 4723 1341 4777 nobis
1373 4725 1435 4777 de
1459 4726 1552 4780 hoc
1578 4742 1897 4786 sacrosancto
1927 4733 2052 4789 libro

468 4826 672 4885 propter
688 4817 890 4886 ignaros
916 4815 1111 4885 aliquid
1140 4816 1319 4869 certius
1346 4819 1675 4889 rescripsisset
1699 4821 1797 4895 (ιι).
1823 4823 1932 4879 Nec
1958 4828 2051 4883 hoc

467 4907 737 4979 patientius
756 4906 980 4976 accipere
1009 4905 1269 4960 voluerunt
1291 4924 1309 4972 ;
1337 4909 1426 4961 sed
1444 4911 1762 4982 arripuerunt
1786 4919 2051 4986 profectio-

467 5017 580 5054 nem
606 4998 744 5053 nobis
770 4997 935 5051 taliter
955 5013 1053 5050 non
1079 5006 1301 5067 optatam
1327 5014 1344 5049 :
1369 4998 1529 5067 fratre
1553 5001 1712 5058 Floro
1741 5008 1914 5074 furore
1937 5011 2049 5065 illo-

464 5109 575 5146 rum
594 5089 958 5163 propemodum
983 5088 1273 5143 conturbato
1295 5089 1336 5156 ⁸,
1366 5090 1417 5143 in
1445 5108 1590 5162 quem
1612 5098 1904 5166 saeviebant,
1933 5107 2050 5173 quia

527 5226 644 5301 1.5m
672 5222 840 5301 .Galtic.
871 5228 979 5294 tuss.
1020 5228 1071 5301 tt
1108 5221 1255 5272 editio
1290 5229 1399 5273 ιον.
1433 5226 1625 5289 omittit,
1650 5244 1776 5294 qua,
1811 5243 1861 5286 et
1885 5237 2046 5301 habet,

464 5286 594 5337 nobis
616 5284 726 5346 tuis,
753 5283 956 5343 domine,
988 5292 1082 5333 etc.

527 5369 650 5434 ’_Ms_.
674 5363 1225 5434 Jplianns,_n_iomtsterio.
1247 5370 1301 5432 ﬁt
1323 5381 1432 5416 mox
1451 5369 1578 5418 idem
1600 5375 1752 5423 mdes
1777 5391 1883 5427 cum
1910 5396 2002 5430 tum
2019 5400 2048 5434 ρ

466 5430 610 5478 \‘utic.
636 5428 799 5484 habet,
825 5427 994 5476 nostris
1018 5432 1114 5475 tta!
1137 5425 1305 5482 attulit,
1338 5437 1430 5478 etc.

529 5491 550 5521 ³
571 5491 644 5538 sic
667 5497 744 5537 Ms.
768 5487 829 5536 cl.
857 5488 1139 5550 [quoniam].

529 5552 551 5621 ξ
575 5559 705 5621 I._ov.,
731 5551 972 5621 repetitus,
997 5551 1085 5599 sed
1109 5552 1283 5621 melius
1305 5552 1464 5621 milia.
1490 5561 1615 5617 trss.,
1635 5560 1888 5621 repedans.

524 5615 548 5646 ⁵
569 5614 640 5662 sic
661 5620 740 5661 Ms.
765 5610 826 5661 el.
863 5610 1072 5672 [illorum
1094 5616 1405 5677 conturbata].

526 5696 875 5767 (a).ne.seri;.sit
908 5695 1280 5767 sanedisodius;
1309 5698 1694 5767 ejust'luesuper
1734 5703 1822 5753 bac
1856 5708 1952 5767 Sim
1991 5723 2044 5759 re

464 5758 520 5806 ad
551 5756 843 5805 ‘~-.ilnn:';;..um
871 5771 914 5815 ir;
934 5756 1066 5804 idola
1093 5757 1138 5803 iu
1163 5756 1391 5808 cortices.
1419 5756 1935 5817 ﬁnitimi"!rerureuSis
1964 5756 2042 5821 re:

1731 317 1786 371 S.
1831 317 2093 374 AUGUST
2106 316 2190 371 [Nl
2236 319 2535 376 El’iSCOPl

3679 328 3785 382 9'76

2191 432 2297 502 ipse
2325 434 2425 488 illis
2444 476 2456 498 ,
2491 444 2545 488 ut
2571 437 2811 508 putabant
2833 480 2845 502 ,
2881 438 3084 494 vulnera
3104 441 3218 495 libri
3243 441 3395 512 hujus
3419 443 3698 506 attulisset;
3730 445 3784 497 in

2186 540 2285 593 quo
2313 542 2414 579 non
2445 537 2673 596 poterant
2717 529 3014 584 medicinam
3053 532 3242 600 inﬁrmi
3280 549 3594 604 cognoscere.
3629 533 3781 590 Unde

2185 625 2232 666 et
2260 627 2486 671 sanctum
2511 619 2850 691 presbyterum
2871 621 3115 676 Sabinum
3137 624 3204 676 ad
3228 626 3474 694 majorem
3499 628 3780 680 auctorita-

2184 713 2281 758 tem
2309 710 2594 778 rogavimus
2614 752 2626 772 ,
2655 721 2699 763 et
2740 712 2896 780 ipsius
2927 712 3184 768 Sanctitas
3211 713 3394 768 librum
3424 732 3538 768 cum
3569 717 3779 789 liquidis

2181 796 2675 866 interpretationibus
2714 804 2870 874 legit;
2915 821 3004 859 nec
3044 807 3117 860 sic
3141 807 3314 861 anima
3349 811 3575 862 sauciata
3600 821 3782 865 curata

2175 899 2272 943 est.
2308 891 2501 956 Quibus
2537 904 2744 964 propter
2785 897 2947 966 ipsam
2974 899 3207 969 pietatem
3234 893 3464 970 sumptus
3503 903 3741 960 dedimus
3764 950 3778 972 ,

2171 993 2244 1034 ‘ne
2279 983 2486 1037 vulnera
2513 986 2738 1055 ipsorum
2767 991 3172 1054 cumularemus,
3225 1008 3340 1062 qua:
3379 1003 3546 1063 posset
3589 1013 3780 1050 sanare

2175 1073 2296 1127 libri
2323 1075 2474 1145 hujus
2501 1081 2685 1147 gratia,
2714 1081 2766 1133 in
2795 1098 2895 1151 qua
2923 1083 3139 1154 refulget
3165 1093 3252 1138 tua
3275 1096 3451 1138 sancta
3479 1090 3773 1155 praesentia.

2183 1164 2373 1230 Quibus
2401 1170 2637 1238 profectis
2656 1211 2670 1234 ,
2705 1170 2844 1239 quies
2881 1181 2927 1225 et
2947 1185 3055 1243 ‘paa:
3081 1190 3171 1242 per
3189 1191 3368 1229 omnes
3388 1178 3574 1246 fratres
3596 1182 3774 1237 exsul.-

2184 1255 2309 1308 tavit
2350 1256 2405 1309 in
2429 1256 2669 1312 Domino.
2706 1261 2938 1332 Quinque
2973 1263 3136 1328 enim,
3180 1265 3256 1318 vel
3284 1266 3505 1335 amplius
3549 1271 3774 1337 fratrum

2175 1347 2495 1402 animositate
2522 1349 2621 1402 ista
2649 1361 2720 1403 est
2746 1352 2920 1404 innata
2944 1355 3212 1408 contentio.

2245 1437 2299 1492 4.
2343 1439 2448 1492 Sed
2470 1440 2588 1509 quia
2616 1441 2889 1504 interdum,
2919 1443 3120 1498 domine
3149 1462 3284 1516 papa
3312 1448 3349 1511 ί,
3384 1449 3607 1517 provenit
3636 1467 3772 1520 gan-

2175 1527 2314 1581 dium
2340 1545 2404 1583 ea:
2425 1531 2648 1598 tristitia,
2678 1549 2777 1586 non
2807 1535 2931 1586 adeo
2951 1535 3349 1604 'mcvstiﬁcamur,
3373 1539 3491 1607 quia
3519 1556 3606 1608 per
3627 1541 3775 1610 igna-

2173 1633 2257 1672 ros
2290 1630 2336 1673 et
2367 1621 2594 1676 cariosos
2629 1624 2936 1678 suavissimis
2961 1626 3312 1681 monitionibus
3343 1637 3442 1681 tua:
3471 1629 3773 1684 Sanctitatis

2174 1711 2454 1767 illuminari
2495 1717 2784 1770 meruimus.
2830 1716 2966 1770 Nam
3008 1727 3055 1772 et
3095 1718 3338 1772 dubitatio
3387 1721 3513 1774 beati
3559 1721 3774 1776 Thema:

2172 1805 2389 1872 apostoli
2425 1806 2677 1876 foramina
2714 1809 2966 1861 clavorum
2995 1812 3263 1878 qurereutis
3293 1809 3479 1882 (Idem.
3512 1828 3612 1878 xx,
3647 1814 3769 1882 25),

2171 1895 2486 1962 conﬁrmatio
2521 1896 2616 1965 fuit
2655 1897 2894 1952 Ecclesia:
2922 1899 3233 1955 universalis.
3265 1902 3562 1971 Accepimus
3592 1903 3766 1973 igitur,

2174 1985 2378 2038 domine
2399 2003 2552 2055 papa,
2579 1988 2991 2042 medicamentum
3019 1990 3099 2059 pie
3121 1993 3405 2045 curantium
3425 2002 3628 2045 tuarum
3653 2009 3772 2048 cum

2169 2076 2334 2146 gratia
2352 2077 2651 2142 litterarum,
2677 2089 2724 2132 et
2745 2080 3062 2134 contudimus
3088 2090 3288 2151 pectora
3313 2091 3485 2136 nostra
3507 2085 3551 2149 ³,
3580 2095 3637 2136 ut
3661 2084 3771 2137 sal-

2171 2176 2267 2220 tem
2292 2167 2364 2220 sic
2387 2178 2593 2222 sanetur
2616 2171 2918 2225 conscientia
2941 2181 3136 2239 nostra,
3156 2191 3306 2243 quam
3333 2192 3422 2244 per
3445 2176 3658 2230 liberum
3681 2194 3772 2229 ar-

2169 2256 2373 2310 bitrium
2419 2268 2677 2326 nostrum,
2717 2261 2853 2331 quod
2906 2261 3061 2315 donat
3103 2265 3473 2331 misericordia,
3529 2276 3676 2320 curat
3721 2278 3770 2320 et

2168 2349 2384 2413 vivi/icat
2415 2351 2617 2419 gratia;
2644 2352 2732 2404 sed
2763 2355 2816 2406 in
2841 2354 2934 2406 hoc
2965 2364 3214 2424 tempore,
3242 2357 3444 2426 quando
3471 2349 3643 2411 adhuc
3669 2360 3769 2411 mi-

2170 2438 2496 2492 sericordiam
2523 2457 2635 2494 cum
2662 2443 2907 2498 dilatione
2934 2454 3215 2499 cantamus.
3244 2445 3382 2498 Nam
3411 2463 3523 2499 cum
3549 2449 3767 2517 creperi-

2169 2546 2278 2582 mus
2293 2530 2548 2600 judicium
2574 2543 2780 2588 cantare
2804 2534 3051 2604 Domino,
3082 2538 3388 2606 reportaturi
3412 2552 3588 2591 sumus
3628 2557 3766 2593 mer-

2169 2620 2338 2673 cedem
2389 2639 2480 2691 pro
2536 2638 2686 2692 opere
2739 2635 2941 2693 nostra,
2995 2627 3112 2697 quia
3165 2628 3448 2682 misericors
3501 2639 3548 2682 et
3587 2632 3765 2701 justus

2170 2709 2440 2776 Dominus,
2471 2715 2732 2769 miserator
2759 2725 2802 2770 et
2833 2727 2996 2771 rectus
3017 2717 3187 2788 (Psal.
3217 2733 3328 2784 cru,
3359 2717 3436 2790 4).
3471 2719 3604 2785 Quia
3633 2722 3764 2775 sicut

2169 2805 2310 2856 docet
2343 2820 2434 2859 nos
2465 2803 2724 2861 Sanctitas
2749 2817 2836 2861 tua
2858 2850 2872 2873 ,
2903 2812 3250 2878 repra’sentari
3288 2826 3378 2863 nos
3407 2820 3600 2880 Oportet
3646 2822 3764 2866 ante

2172 2893 2396 2949 tribunal
2414 2894 2622 2961 Christi,
2645 2906 2699 2949 ut
2721 2899 2927 2967 recipiat
2949 2900 3284 2969 unusquisque
3299 2911 3524 2954 nostrum
3551 2905 3763 2971 pmpria

2167 2988 2409 3056 corporis,
2442 2998 2590 3058 prout
2616 2991 2786 3057 gessit,
2816 2991 2918 3043 sive
2949 2991 3163 3057 bonum,
3195 2992 3297 3046 sive
3327 2992 3516 3046 malum
3540 2994 3603 3061 (ll
3638 2996 3760 3049 Cor.

2165 3085 2220 3140 ν,
2251 3077 2342 3147 10)
2371 3096 2382 3131 :
2411 3079 2528 3149 quia
2551 3081 2705 3133 veniet
2733 3079 2980 3135 Dominus
3004 3123 3017 3145 ,
3050 3091 3096 3134 et
3119 3099 3306 3138 merces
3345 3086 3454 3155 ejus
3493 3103 3608 3138 cum
3649 3089 3762 3156 ipso

2166 3164 2317 3237 (Isai.
2359 3183 2447 3232 η,
2496 3169 2586 3240 10)
2627 3188 2639 3223 :
2681 3170 2798 3239 quia
2849 3170 2996 3223 stabit
3041 3172 3188 3224 homo
3220 3183 3266 3225 et
3301 3190 3429 3244 Opus
3459 3175 3480 3205 ³
3506 3178 3616 3246 ejus
3643 3189 3760 3233 ante

2155 3257 2332 3326 ipsum
2363 3274 2381 3312 :
2412 3260 2530 3326 quia
2568 3260 2728 3313 veniet
2757 3261 3006 3314 Dominus
3039 3263 3165 3316 sicut
3195 3262 3423 3319 clibanus
3451 3267 3667 3328 ardens.
3701 3279 3758 3323 ut

2158 3347 2396 3400 incendat
2423 3348 2604 3415 impios
2637 3359 2875 3417 tanquam
2909 3351 3147 3420 stipulam
3179 3351 3352 3421 (Joel.
3382 3370 3448 3418 ιι,
3483 3356 3517 3408 5
3545 3398 3558 3421 ,
3592 3358 3677 3426 5);
3711 3372 3758 3412 ct

2165 3437 2447 3492 timentibus
2487 3455 2665 3493 nomen
2707 3439 2913 3494 Domini
2953 3443 3142 3496 orietur
3183 3444 3261 3497 sol
3276 3445 3512 3515 justititv,
3554 3451 3757 3516 quando

2161 3530 2305 3598 impii
2330 3530 2598 3600 punientur
2621 3531 2811 3599 iudicio
2828 3533 3044 3602 justitia:
3070 3533 3325 3604 (Malae/1.
3361 3554 3433 3602 Iv,
3465 3539 3486 3592 Ι
3530 3540 3608 3610 5).
3647 3539 3756 3593 Hoc

2152 3621 2346 3690 justus,
2371 3623 2516 3692 cujus
2536 3629 2587 3675 tu
2606 3623 2797 3676 amicus
2826 3639 2895 3688 cs,
2929 3623 3128 3678 domine
3157 3643 3312 3694 papa,
3341 3628 3609 3692 exclamat,
3635 3643 3753 3682 con-

2161 3712 2418 3776 tremiscit,
2443 3723 2488 3765 et
2514 3714 2810 3781 suppliciter
2834 3713 2953 3767 dicit
2978 3730 2996 3768 :
3022 3733 3040 3765 ‹
3057 3715 3287 3783 Domine,
3323 3734 3385 3770 ne
3405 3719 3562 3772 intres
3589 3721 3641 3773 in
3663 3722 3754 3790 ju-

2161 3804 2348 3856 dicium
2370 3821 2481 3857 cum
2511 3821 2650 3858 servo
2677 3815 2760 3858 tuo
2785 3824 2803 3856 ι
2835 3805 3006 3876 (Psal.
3038 3822 3201 3874 CXLII,
3225 3807 3303 3879 ‘2).
3338 3809 3399 3864 Si
3437 3812 3606 3881 gratia
3632 3823 3752 3866 esset

2161 3896 2522 3949 remunerantis
2544 3939 2557 3961 ,
2591 3913 2688 3948 non
2731 3897 2922 3950 timeret
2941 3899 3112 3968 justus
3152 3903 3474 3955 secretarium
3495 3904 3751 3973 judicium

2161 3987 2453 4057 majestatis.
2478 3987 2623 4040 Servi
2646 3988 2721 4039 tui
2755 3987 2897 4041 Flori
2924 3989 3031 4041 hcce
3048 3989 3174 4057 fides
3195 4002 3286 4057 est,
3319 4001 3492 4062 pater;
3522 4011 3624 4047 non
3651 3996 3752 4048 sic-

2162 4087 2215 4130 ut
2259 4078 2440 4145 fratres
2481 4078 2563 4131 isti
2597 4087 2710 4131 sunt
2750 4077 2920 4131 locuti.
2957 4077 3019 4131 In
3061 4082 3444 4149 prtvsentiarum
3481 4086 3750 4140 audierunt

2159 4168 2220 4221 ab
2261 4167 2352 4222 illo
2389 4169 2609 4234 dictum,
2651 4185 2749 4221 non
2769 4169 2922 4239 juxta
2966 4171 3143 4223 merita
3186 4181 3358 4225 nostra
3403 4173 3517 4226 dari
3560 4176 3750 4229 donum

2153 4261 2375 4330 pietatis,
2404 4260 2490 4312 sed
2516 4278 2604 4331 per
2627 4261 2843 4330 gratiam
2876 4261 3223 4331 Redemptoris
3247 4278 3265 4316 :
3291 4280 3409 4316 nam
3437 4266 3500 4317 de
3525 4267 3617 4320 illo
3646 4269 3745 4335 die,

2157 4351 2268 4420 quis
2293 4351 2476 4404 dubitet
2507 4351 2652 4421 longe
2676 4367 2781 4404 esse
2804 4351 3039 4421 gratiam,
3064 4369 3177 4405 cum
3201 4355 3403 4424 eruperit
3425 4356 3580 4410 irasci
3595 4359 3746 4427 justi-

2223 4505 2234 4534 ¹
2263 4505 2337 4552 Sic
2359 4511 2437 4552 Ms.
2463 4503 2526 4551 cl.
2544 4502 2760 4625 {domine
2779 4503 3032 4574 provenit].

2223 4567 2239 4594 ⁸
2262 4567 2333 4614 sic
2355 4573 2432 4613 Ms.
2454 4563 2515 4613 el.
2563 4568 2894 4616 contundunus
2915 4574 3032 4625 pecu

2220 4567 2239 4632 ξ
2262 4567 2333 4632 sic
2355 4573 2432 4613 Ms.
2454 4563 2515 4632 ei.
2544 4563 2894 4632 [contundimus
2915 4563 3109 4630 pectora
3130 4569 3333 4632 nostra].

2221 4627 2240 4658 ³
2262 4628 2335 4676 sic
2355 4632 2438 4675 Ms.
2463 4625 2524 4676 cl.
2547 4629 2778 4690 [corpus].

2156 4737 2296 4798 pects
2319 4737 2396 4798 est
2415 4742 2444 4779 a
2465 4731 2638 4798 Jacobo
2659 4731 2921 4798 Sirmondo,
2941 4733 3024 4795 qui
3047 4733 3161 4798 inde
3195 4734 3523 4798 fragmentum
3546 4739 3676 4788 istud
3702 4743 3748 4792 in

2156 4791 2486 4855 Prmdestinat.
2525 4793 2697 4842 Histor.
2731 4806 2837 4855 cap.
2863 4791 2913 4852 1,
2944 4791 3222 4847 transtulit:
3250 4791 3614 4849 «honorabiles
3650 4791 3747 4853 ira?

2162 4870 2186 4899 α
2206 4860 2308 4901 tres
2327 4851 2764 4922 retuleruutnobis
2785 4851 2897 4918 auia
2907 4858 3074 4922 nescio
3089 4871 3200 4922 quin
3216 4860 3284 4922 ibi
3301 4861 3604 4922 quastiones
3620 4851 3749 4915 inter

2163 4932 2185 4959 α
2209 4927 2294 4963 vos
2310 4921 2443 4976 natat,
2457 4921 2570 4964 sunt
2590 4915 2653 4965 de
2675 4915 2832 4966 libero
2853 4918 3051 4967 arbitrio
3074 4915 3126 4968 et
3147 4919 3209 4969 de
3227 4915 3414 4976 jusfitia
3436 4923 3541 4970 Dei.
3567 4927 3749 4976 Lauda-

2145 4992 2185 5020 ιιι
2207 4987 2314 5038 mus
2333 4975 2530 5038 quidem
2550 4977 2761 5026 studium
2782 4985 3026 5038 vestrum,
3050 4981 3137 5029 sed
3162 4975 3384 5032 nolumus
3408 4996 3522 5033 esse
3546 4975 3749 5036 conten-

2163 5054 2184 5081 ι
2209 5037 2381 5105 tit-sum
2396 5051 2412 5105 ,ε
2429 5040 2674 5105 contentio
2696 5045 2828 5105 enim
2867 5037 3281 5105 perturbationem
3296 5046 3507 5105 excitat,
3533 5048 3624 5096 sed
3647 5057 3746 5098 stu-

2162 5113 2184 5142 α
2205 5097 2336 5145 dium
2357 5099 2590 5166 pietatem
2613 5101 2829 5166 requirit.
2854 5097 3008 5150 [liberi
3039 5103 3224 5151 arbitrii
3264 5097 3600 5166 plenissimum
3625 5097 3745 5158 atre-

2161 5175 2183 5204 et
2205 5165 2334 5225 ctum
2357 5161 2524 5209 habuit
2544 5161 2701 5225 homo
2722 5163 2874 5225 primo
2911 5170 3208 5225 procreatus,
3237 5161 3380 5215 [Idam
3401 5168 3526 5218 dico.
3554 5171 3648 5219 Sed
3663 5173 3746 5221 ubi

2161 5237 2184 5265 α
2204 5222 2468 5288 sauciatum
2485 5229 2563 5288 est
2601 5222 2758 5288 ipsum
2793 5222 3002 5288 liberum
3035 5226 3308 5288 arbitrium,
3329 5229 3620 5280 inﬁrmatum
3650 5242 3741 5282 est.

2161 5298 2182 5327 α
2197 5288 2317 5351 ergo
2330 5289 2405 5351 est
2420 5285 2469 5331 in
2485 5283 2679 5333 homine
2697 5298 2822 5351 nunc
2836 5285 3040 5334 liberum
3055 5283 3328 5351 arbitrium,
3339 5291 3426 5340 sed
3457 5295 3740 5342 sauciatum.

2161 5359 2183 5388 α
2207 5343 2319 5417 inde
2340 5343 2519 5417 dictum
2545 5352 2621 5394 est
2643 5359 2655 5393 :
2680 5345 2954 5409 mfirmatus
2973 5348 3112 5417 estin
3137 5343 3344 5417 egestate
3373 5351 3507 5417 vigor
3529 5367 3680 5413 meus,
3699 5361 3744 5405 et

2161 5421 2182 5450 ι
2201 5402 2358 5478 tamen
2381 5405 2626 5455 oculorum
2647 5402 2857 5478 meorum
2872 5421 2971 5478 non
2990 5416 3060 5459 est
3084 5402 3739 5478 ntec'um(Psslf'_xxxvu,t71)2

2162 5482 2182 5511 ι
2206 5466 2269 5515 Ad
2293 5466 2383 5515 hoc
2404 5469 2787 5529 recuperandum
2822 5471 2995 5520 missus
3031 5482 3108 5522 est
3146 5466 3363 5524 medicus
3384 5475 3596 5526 Salvator
3619 5466 3743 5527 tiu-in

2161 5544 2181 5571 ι
2199 5534 2318 5598 stus,
2338 5533 2393 5598 ut
2409 5527 2762 5598 suirzii'etqupd
2788 5533 3016 5592 perierat,
3040 5540 3092 5582 et
3131 5544 3326 5585 curaret
3357 5538 3486 5598 quod
3523 5539 3741 5588 minium

2160 5606 2180 5633 ιι
2204 5590 2378 5662 sperat.
2397 5606 2425 5660 ρ
2452 5591 2744 5662 etpostjiliu
2764 5590 3021 5662 retegunt
3051 5607 3173 5662 ergo
3201 5599 3356 5662 sancti
3373 5590 3473 5662 ‘Dei
3505 5603 3742 5662 majorum

2161 5668 2179 5694 α
2202 5650 2345 5708 dicta,
2367 5651 2491 5700 sicut
2502 5650 2600 5713 jam
2613 5652 2738 5721 dixi,
2759 5657 2839 5721 qui
2859 5650 3039 5721 bibent
3062 5650 3208 5707 dirini
3234 5661 3450 5708 muneris
3473 5650 3607 5721 pium
3626 5662 3742 5713 ίιηὶις

2159 5729 2179 5755 α
2203 5720 2360 5786 ctum;
2388 5721 2441 5786 et
2465 5714 3088 5786 quinidmnmi’intelligunt,
3111 5731 3208 5771 non
3233 5721 3328 5771 cito
3350 5714 3736 5786 reprehendant,

2159 5792 2178 5818 ι(
2203 5774 2288 5822 sed
2309 5781 2448 5822 orent
2473 5781 2522 5827 ut
2543 5775 2828 5838 intelligunt.
2856 5796 2874 5821 υ
