4086 6350
362 417 460 470 937

359 533 464 585 tia?
491 531 602 585 lloe
627 531 920 597 clamamus,
948 539 1106 601 pater,
1139 530 1230 583 hoc
1257 538 1301 582 te
1329 529 1532 583 docente
1563 529 1810 592 canimus,
1835 541 1935 579 non
1975 603 1987 612 .

347 623 552 687 securi,
574 621 660 675 sed
687 621 866 691 trepidi
896 637 912 674 :
944 639 960 672 ι
987 619 1201 674 Domine
1219 661 1232 686 ,
1266 635 1326 672 ne
1352 618 1404 671 in
1439 622 1610 688 furore
1640 626 1724 669 tuo
1749 630 1934 685 arguas

357 730 455 780 me,
481 729 635 783 neque
655 714 706 766 in
725 714 803 766 ira
823 721 909 766 tua
928 712 1179 780 corripias
1199 727 1302 764 mei
1329 710 1346 779 (
1359 707 1499 762 Psal.
1519 724 1591 773 vr,
1613 705 1690 779 Ξ).
1719 705 1826 758 lioc
1850 705 1928 758 di-

355 806 514 857 cimus
538 820 556 858 .'
583 805 790 858 emenda
823 820 932 867 nos,
975 801 1206 867 Domine,
1247 811 1294 854 et
1326 801 1386 854 de
1416 801 1521 870 lege
1547 808 1632 851 tua
1653 798 1794 850 crudi
1821 813 1930 860 nos,

354 905 408 948 ut
429 896 622 971 mitiges
649 911 738 949 nos
763 912 793 947 a
819 894 990 948 diebus
1017 893 1163 946 malis
1185 891 1357 962 (Psal.
1392 907 1534 957 XCIII,
1567 889 1652 953 1'2,
1682 889 1788 957 l5).
1826 886 1934 939 Hoc

354 989 605 1044 credimus
631 989 836 1042 docente
863 997 927 1052 te,
954 986 1245 1040 uenerabilis
1276 995 1448 1055 pater,
1477 984 1592 1052 quia
1623 981 1755 1034 Deus
1783 981 1932 1033 inter-

353 1091 496 1152 rogat
527 1082 723 1150 justum
753 1089 798 1135 et
836 1080 1076 1149 impium,
1121 1079 1238 1147 quia
1273 1095 1306 1130 a
1343 1076 1557 1131 dexteris
1587 1083 1632 1128 et
1659 1090 1690 1126 a
1717 1072 1931 1126 sinistris

353 1176 530 1244 positis
552 1174 696 1228 bonis
719 1183 763 1228 et
787 1174 934 1226 malis
954 1214 967 1236 ,
998 1173 1212 1241 imputat
1249 1166 1614 1224 remunerando
1641 1182 1792 1235 opera
1821 1165 1929 1234 pie—

351 1266 497 1328 tatis,
531 1273 787 1318 enumerat
824 1262 1128 1332 puniendam
1160 1261 1472 1315 tenacitatem
1512 1256 1798 1328 impietatis.
1833 1254 1929 1310 Ubi

349 1355 443 1408 erit
471 1355 657 1425 gratia,
682 1353 883 1424 quando
905 1370 996 1422 pro
1015 1353 1093 1406 sui
1116 1351 1354 1422 qualitate
1373 1350 1733 1418 dispungentur
1754 1362 1926 1416 Opera,

348 1448 449 1500 sive
473 1446 622 1511 bona,
655 1446 754 1500 sive
782 1444 956 1499 mala?

507 1538 613 1594 Sed
641 1556 730 1592 cur
759 1555 857 1592 non
883 1537 1124 1590 directum
1157 1553 1256 1590 non
1293 1536 1428 1588 timet
1459 1534 1673 1604 proferri
1718 1532 1926 1586 menda-

346 1633 522 1686 cium?
553 1631 783 1684 Liberum
810 1630 1069 1684 arbitrium
1101 1627 1194 1681 Dei
1233 1628 1395 1698 gratia
1418 1637 1646 1680 curatum
1672 1627 1687 1657 ¹
1707 1642 1806 1679 non
1835 1641 1926 1678 ne-

345 1739 556 1792 gamus;
597 1723 683 1777 sed
727 1739 814 1792 per
843 1722 1025 1776 Christi
1061 1721 1406 1790 quotidianam
1437 1720 1651 1789 gratiam
1687 1719 1928 1789 pro/icere

344 1815 614 1876 credimus,
636 1824 683 1868 et
706 1814 939 1883 adjuvari
971 1812 1293 1881 confidimus.
1320 1812 1453 1875 Quid
1478 1810 1702 1863 homines
1731 1810 1922 1874 dicunt,

345 1909 414 1961 ,ln
440 1924 549 1961 mea
569 1917 644 1960 est
663 1916 901 1975 potestate
927 1915 980 1958 ut
1005 1905 1191 1969 faciam
1213 1905 1394 1957 bonum
1409 1905 1433 1957 .9
1450 1903 1496 1956 si
1514 1912 1678 1956 tamen
1703 1903 1925 1955 homines

345 2004 562 2069 facerent
587 1999 788 2054 bonum.
817 1998 860 2053 0
886 1999 1051 2052 inanis
1080 1998 1312 2069 gloriatio
1347 1996 1674 2050 miserorum!
1710 1995 1926 2063 quotidie

345 2100 550 2161 peccata
576 2101 826 2161 arguunt,
851 2100 893 2144 et
924 2091 1019 2160 ipsi
1056 2090 1150 2143 sibi
1183 2097 1443 2143 assumunt
1483 2088 1674 2141 nudum
1716 2087 1924 2140 liberum

343 2185 588 2253 iactantes
643 2184 950 2247 arbitrium;
1012 2199 1113 2237 non
1191 2182 1510 2236 discutientes
1569 2181 1923 2234 conscientiam

343 2291 486 2328 suam
506 2315 519 2339 ,
542 2289 654 2344 qua:
675 2291 775 2328 non
797 2283 954 2344 potest
977 2274 1144 2328 curari
1166 2273 1263 2326 nisi
1301 2289 1391 2342 per
1424 2273 1672 2343 gratiam,
1701 2282 1755 2324 ut
1783 2273 1922 2326 dice-

342 2374 455 2416 rent
479 2380 497 2417 :
524 2381 542 2414 t
572 2363 809 2423 Miserere
839 2364 972 2432 mei;
993 2380 1118 2416 sana
1137 2363 1356 2416 animam
1380 2379 1560 2425 meam,
1588 2363 1706 2430 quia
1728 2360 1924 2428 peccavi

342 2454 429 2507 tibi
453 2473 474 2505 ι
509 2452 674 2524 (l’sal.
707 2470 794 2519 XL,
821 2453 898 2524 5).
930 2455 1063 2518 Quid
1091 2457 1308 2525 facerent
1327 2455 1410 2524 qui
1437 2453 1499 2506 de
1523 2453 1678 2506 libero
1698 2453 1790 2505 sibi
1813 2455 1922 2524 glo-

341 2544 536 2596 riantur
564 2543 769 2596 arbitrio
801 2542 954 2614 (quod
977 2560 1077 2596 non
1110 2551 1319 2614 negatur
1347 2544 1367 2573 ²
1395 2559 1509 2595 eum
1543 2541 1639 2596 Dei
1675 2543 1922 2596 duntth

340 2631 639 2704 adjutorio),
663 2634 705 2686 si
722 2636 836 2704 jam
873 2633 1109 2704 absorpta
1132 2642 1258 2688 esset
1285 2650 1420 2688 mors
1460 2634 1512 2687 in
1551 2634 1840 2699 victoriam,
1878 2634 1923 2688 si

339 2726 445 2794 iam
489 2725 699 2780 mortale
741 2736 966 2780 nostrum
993 2725 1216 2779 indueret
1253 2724 1712 2790 immortalitatem,
1737 2736 1782 2779 et
1811 2742 1922 2779 cor-

339 2816 574 2884 ruptibile
617 2828 842 2872 nostrum
882 2816 1109 2870 indueret
1156 2816 1577 2885 incorruptionem
1608 2816 1655 2887 (Ι
1683 2816 1800 2871 Cor.
1830 2832 1917 2881 xv,

340 2909 430 2972 55,
461 2909 589 2976 fixi)?
615 2909 739 2962 Ecce
764 2912 936 2974 faztent
961 2909 1167 2962 vulnera
1185 2950 1198 2973 ,
1229 2919 1274 2964 et
1303 2909 1512 2977 superbe
1551 2910 1733 2976 petitur
1760 2909 1917 2960 medi-

337 3001 470 3053 cina.
512 2999 623 3054 Non
653 3001 824 3054 dicunt
852 3001 977 3053 sicut
999 3001 1192 3067 iustus,
1227 3019 1245 3052 ι
1271 2999 1387 3052 Nisi
1423 2999 1670 3052 Dominus
1695 2999 1920 3068 adjuviso

339 3100 410 3142 set
437 3108 530 3152 me,
557 3091 893 3160 paulogninus
921 3091 1188 3144 habitasset
1225 3091 1276 3143 in
1313 3091 1511 3157 inferno
1552 3090 1722 3142 anima
1761 3106 1868 3141 utea
1893 3107 1914 3143 ι

338 3177 510 3244 (Psul.
569 3197 728 3243 scut,
774 3178 901 3251 17):
947 3197 1048 3234 non
1089 3180 1264 3233 dicunt
1306 3181 1432 3233 sicut
1477 3188 1715 3240 sanctus,
1758 3197 1774 3228 ι
1805 3177 1919 3232 Nisi

336 3270 588 3328 Dominus
616 3273 900 3326 custodierit
920 3272 1166 3326 civitatem
1185 3311 1201 3336 ,
1232 3273 1417 3342 frustra
1444 3270 1615 3340 vigilat
1640 3272 1726 3339 qui
1748 3279 1916 3324 custo-

336 3364 409 3414 dit
434 3380 542 3415 eam
571 3381 588 3412 ι
609 3361 966 3431 (Psal.cxxvt,
994 3363 1068 3432 l).

407 3455 458 3506 (3.
505 3453 609 3507 Sed
635 3469 745 3517 ora,
781 3453 1000 3522 piissime
1034 3461 1191 3522 pater,
1227 3462 1279 3506 ut
1303 3454 1409 3520 iam
1439 3470 1536 3506 non
1567 3470 1738 3506 curam
1774 3470 1916 3522 gera-

333 3562 465 3610 mus,
499 3545 596 3598 nisi
626 3562 716 3612 pro
740 3557 937 3614 peccato
967 3555 1135 3599 nostra
1170 3546 1404 3616 lacrymis
1446 3547 1717 3616 expianda,
1750 3558 1794 3600 et
1823 3527 1918 3602 Dei

334 3641 501 3710 gratia
537 3639 954 3693 commendanda.
999 3638 1130 3706 Ora,
1157 3639 1356 3693 domine
1394 3650 1556 3708 pater,
1596 3651 1649 3692 ut
1691 3657 1788 3694 non
1828 3656 1914 3693 ur-

333 3743 445 3804 geat
483 3749 634 3802 super
676 3749 766 3786 nos
799 3742 1068 3800 puteusos
1107 3749 1251 3786 suum
1282 3731 1450 3800 (Psal.
1497 3748 1675 3792 wau,
1713 3733 1821 3796 ιδ),
1865 3744 1916 3786 ut

333 3825 586 3879 salvemur
619 3842 650 3878 a
676 3823 1089 3878 descendentibus
1115 3825 1166 3877 in
1190 3825 1355 3877 lacum
1382 3823 1548 3892 (Psal.
1582 3838 1727 3885 XXIX,
1758 3821 1834 3893 Α),
1863 3833 1917 3876 ut

334 3933 435 3968 non
467 3924 635 3984 pereat
660 3931 772 3968 cum
802 3914 970 3984 impiis
994 3914 1176 3966 animae
1194 3923 1365 3967 nostra
1400 3912 1570 3981 (Psal.
1596 3929 1720 3971 xxv.
1751 3914 1806 3982 9)
1831 3931 1918 3981 per

334 4007 623 4076 superbiam
655 4015 896 4068 nostram,
936 4004 1022 4059 sed
1066 4015 1272 4058 sanetur
1312 4021 1398 4073 per
1435 4004 1636 4056 Domini
1678 4004 1912 4072 gratiam.

336 4102 482 4156 Sicut
509 4116 624 4170 ergo
655 4098 956 4169 prcecepisti,
999 4097 1199 4150 domine
1224 4113 1376 4164 papa,
1415 4100 1569 4165 frater
1601 4107 1766 4148 noster
1793 4095 1917 4148 Flo-

333 4209 442 4255 rus,
473 4207 641 4244 servus
669 4189 966 4244 Sanctitatis
991 4198 1108 4253 tuae,
1134 4189 1270 4241 omni
1293 4189 1550 4240 alacritate
1579 4189 1812 4255 perrexit,
1835 4187 1916 4239 cui

333 4300 435 4336 non
463 4281 690 4351 impedit,
718 4280 804 4333 sed
837 4280 1034 4349 proﬁcit
1065 4279 1315 4350 fatigatio,
1349 4288 1403 4331 ut
1432 4278 1632 4331 accedat
1666 4278 1710 4330 ei
1734 4278 1916 4331 diluci-

331 4378 452 4427 data
481 4373 646 4427 cordis
674 4372 964 4436 instructio;
992 4388 1135 4442 quem
1163 4381 1260 4424 tua:
1287 4370 1647 4424 Sanctimonite
1669 4370 1914 4438 supplici-

332 4475 406 4518 ter
435 4464 858 4525 commendamus,
894 4463 1178 4533 pariterque
1200 4463 1534 4531 deposcimus,
1563 4472 1616 4514 ut
1642 4471 1687 4514 et
1713 4463 1917 4532 ignaros

333 4554 434 4607 tuis
456 4553 764 4606 orationibus
786 4551 1005 4606 Domine
1030 4552 1345 4606 commendes
1364 4551 1760 4605 mansuetissime
1779 4568 1913 4604 com-

332 4647 609 4717 ponendas.
658 4646 784 4710 Ora,
824 4646 1024 4699 domine
1057 4653 1101 4700 et
1143 4643 1429 4698 dulcissime
1468 4654 1627 4713 pater,
1673 4655 1724 4698 ut
1754 4645 1916 4713 fugiat

331 4739 560 4791 diabolus
589 4737 650 4792 de
678 4738 1057 4807 congregatione
1082 4745 1269 4802 nostra,
1295 4745 1340 4789 et
1361 4747 1531 4789 amota
1558 4736 1693 4788 omni
1721 4736 1914 4788 aliena-

329 4846 443 4883 runt
475 4830 802 4898 qucestioumn
834 4827 1072 4897 procella,
1104 4831 1242 4881 nauis
1282 4828 1523 4898 prepositi
1553 4828 1711 4881 nostri
1747 4828 1917 4897 epiba—

332 4920 393 4974 tis
415 4919 492 4990 (a)
518 4920 694 4992 quietis
724 4930 902 4973 onusta
926 4920 1057 4971 intra
1081 4920 1346 4971 stationem
1375 4919 1608 4972 tutissimi
1635 4930 1810 4989 portus
1833 4935 1913 4972 se-

329 5028 448 5066 cure
485 5012 742 5077 consistat,
780 5011 901 5063 dum
935 5012 1134 5080 navigat
1163 5027 1260 5080 per
1289 5011 1382 5063 hoc
1420 5027 1558 5064 mare
1595 5029 1829 5082 magnum
1870 5026 1915 5069 ct

330 5104 650 5166 immensum,
683 5110 726 5154 et
749 5102 798 5154 in
819 5100 908 5154 illo
929 5111 1094 5170 portu,
1124 5102 1256 5154 intra
1277 5118 1422 5170 quem
1438 5103 1550 5173 jam
1571 5121 1670 5157 non
1701 5107 1792 5157 erit
1815 5122 1914 5158 me-

334 5195 574 5248 tuendum
606 5194 720 5247 vita:
757 5194 1029 5262 navigium,
1058 5193 1294 5246 mercium
1331 5194 1675 5264 indiscrepans
1700 5197 1913 5266 accipiat

333 5289 546 5357 pretium
581 5287 898 5355 placiturum.
941 5283 1052 5338 Hoc
1095 5295 1194 5338 tute
1233 5286 1525 5341 Sanctitatis
1563 5289 1914 5358 impetraturos

333 5393 423 5431 nos
443 5377 743 5446 conﬁdimus
769 5375 1044 5446 adjutorio,
1073 5391 1159 5443 per
1189 5376 1405 5444 gratiam
1430 5392 1542 5443 qua:
1581 5388 1650 5431 est
1678 5381 1733 5432 in
1763 5380 1911 5435 Chri-

395 5556 410 5586 ¹
438 5561 547 5603 Lov.
572 5554 766 5611 omittit,
789 5558 1006 5602 curatum
1029 5562 1206 5611 :q'uam
1238 5563 1404 5600 vocem
1428 5551 1609 5604 habent
1629 5554 1788 5604 (:allic.
1809 5567 1908 5607 vss.

395 5619 413 5644 π
439 5623 503 5680 [ix
527 5623 607 5665 Ms.
633 5617 884 5664 Sorboruco
907 5613 1207 5665 restituimus
1238 5613 1331 5671 hic,
1356 5622 1554 5678 negatur
1577 5629 1592 5664 :
1617 5619 1741 5680 quod
1771 5620 1911 5670 deest

331 5693 372 5741 at
391 5678 452 5727 nd
477 5685 583 5727 Lov.

393 5763 466 5823 (ιι)
493 5758 702 5824 I-tpibatai
722 5760 943 5808 dicuntur
968 5759 1144 5808 milites
1166 5758 1412 5816 classiarii,
1428 5761 1505 5822 qui
1523 5762 1568 5807 in
1592 5764 1790 5811 navibus
1809 5778 1901 5812 me-

330 5831 517 5873 rentur.
1911 5831 1922 5840 ’

1519 412 1989 470 liPlSTOLAllUM
2031 413 2300 472 CLASSIS
2342 415 2422 471 Ill.

3516 428 3617 481 97R

2041 537 2115 580 sto
2153 526 2277 581 .lesu
2322 527 2537 604 Domino
2577 543 2762 586 ttOsll‘O.
2809 535 2993 590 (iantes
3023 537 3160 604 filios
3201 540 3510 607 apostolatus
3539 551 3615 593 tu:

2041 620 2268 676 dominos
2308 634 2500 680 nostros
2541 629 2764 694 clericos,
2813 645 2874 682 ac
2910 640 3106 684 sanctos
3146 631 3198 684 in
3235 624 3616 702 congregatione

2040 718 2283 786 prepositi
2308 719 2571 774 servientes
2602 719 2925 785 deprecamur
2961 730 3014 775 ut
3051 719 3272 791 digneris
3308 729 3475 775 nostro
3509 723 3617 790 om-

2039 805 2114 858 cio
2149 808 2407 874 salutare,
2429 819 2483 862 ut
2522 825 2636 862 eum
2674 818 2760 862 tua
2798 809 3113 864 Ileatitudine
3153 827 3321 866 omnes
3349 829 3438 882 pro
3477 813 3618 866 nobis

2039 911 2182 950 orare
2205 897 2487 967 dignentur.
2532 898 2885 967 lndiscrepans
2921 898 3139 954 Trinitas
3165 898 3371 954 Domini
3399 899 3497 954 Dei
3525 918 3614 953 no-

2037 988 2128 1039 stri
2151 988 2487 1055 apostolatum
2537 998 2698 1054 tuum,
2726 1006 2869 1059 quem
2911 990 3077 1060 elegit.
3090 1007 3178 1059 per
3223 991 3458 1060 gratiam,
3490 1007 3607 1043 con-

2035 1087 2190 1130 servet
2218 1078 2357 1132 nobis
2393 1081 2444 1132 in
2475 1079 2699 1134 Ecclesia
2722 1097 2833 1144 sua,
2873 1090 2920 1134 et
2948 1083 3102 1134 nostri
3128 1098 3394 1136 memorem
3413 1095 3610 1136 coronet

2036 1168 2087 1221 in
2114 1168 2341 1224 Ecclesia
2366 1188 2582 1241 magna;
2607 1174 2741 1242 quod
2772 1183 3025 1242 optamus,
3047 1173 3262 1228 domine.
3298 1173 3358 1229 Si
3379 1174 3497 1245 quid
3522 1193 3583 1226 au
3600 1204 3613 1211 -

2036 1267 2132 1312 tem
2167 1260 2388 1329 famulus
2422 1271 2522 1316 tua:
2560 1262 2854 1318 Sanctitatis
2890 1264 3044 1333 frater
3077 1265 3372 1335 suggesscrit
3406 1263 3451 1316 F
3453 1265 3608 1321 lorus.

2035 1367 2128 1421 pro
2156 1355 2329 1423 regula
2364 1356 2669 1419 monasterii,
2699 1356 2920 1426 digneris
2952 1366 3110 1426 pater,
3149 1359 3376 1426 petimus,
3408 1356 3611 1412 libenter
3640 1351 3650 1360 ’

2033 1442 2276 1510 accipere,
2305 1452 2348 1496 et
2379 1460 2466 1512 per
2487 1444 2655 1497 omnia
2685 1461 2773 1498 nos
2798 1445 3024 1514 infirmos
3045 1448 3307 1501 instruere.

2443 1570 2766 1627 Episrom
2807 1573 3064 1628 ccxvrr
3097 1574 3194 1644 (a).

2031 1682 2342 1754 Augustinus
2395 1683 2546 1737 Vitali
2584 1684 2984 1755 Carthagiuensi,
3033 1686 3196 1738 delato
3240 1687 3371 1756 quod
3415 1687 3608 1742 doceret

2103 1774 2297 1827 initium
2330 1774 2449 1841 ﬁdei
2489 1791 2589 1828 non
2627 1791 2731 1828 esse
2755 1775 2941 1829 donum
2973 1775 3084 1841 Dei,
3126 1777 3362 1830 reclamat
3391 1779 3604 1847 fortiter,

2102 1862 2362 1931 ipsumque
2383 1879 2445 1916 ex
2467 1862 2692 1934 precibus
2716 1862 2955 1919 Ecclesia:
2973 1867 3194 1935 confutet
3216 1883 3234 1930 ;
3264 1882 3322 1917 ac
3347 1866 3607 1919 duodecim

2101 1956 2300 2024 regulas
2337 1957 2569 2026 proponit
2593 1957 2661 2010 ad
2686 1957 2837 2025 fidem
2873 1956 3111 2011 Eeclesice
3148 1959 3442 2025 pertinentes
3473 1959 3606 2011 circa
3650 1971 3655 1976 '

2100 2048 2419 2113 qucustionem
2445 2049 2506 2102 de
2529 2049 2690 2120 gratia
2722 2048 2834 2102 Dei.

2030 2161 2360 2216 Aueusrisus
2377 2162 2656 2233 cpiscopus
2677 2177 2860 2217 servus
2880 2161 3097 2220 Christi.
3116 2173 3169 2218 et
3187 2178 3278 2232 per
3294 2164 3463 2233 ipsum
3489 2180 3600 2219 scr-

2030 2264 2126 2304 vus
2167 2266 2440 2306 Serrorum
2484 2253 2666 2322 ipsius,
2707 2252 2891 2308 VITALI
2921 2252 3090 2320 fratri,
3125 2254 3175 2306 in
3217 2254 3329 2322 ipso
3359 2254 3602 2307 salutem.

2100 2359 2324 2416 CAPUT
2362 2362 2640 2418 PRIMUM.
2682 2392 2753 2402 —
2786 2365 2836 2416 -l.
2875 2360 3006 2418 Cum
3050 2362 3117 2417 de
3158 2372 3208 2416 te
3255 2361 3382 2415 mihi
3429 2371 3608 2416 essent

2030 2454 2275 2509 nuntiata
2293 2469 2396 2508 non
2420 2456 2578 2520 bona,
2600 2464 2654 2510 et
2680 2456 2856 2526 rogavi
2883 2456 3184 2521 Dominum,
3208 2464 3254 2509 et
3282 2454 3453 2510 donec
3480 2455 3605 2508 milii

2029 2543 2167 2598 bona
2209 2545 2538 2612 nuntientur,
2587 2543 2760 2599 adhuc
2802 2561 2931 2615 rogo
2973 2559 3031 2598 ut
3069 2545 3272 2600 litteras
3318 2560 3462 2598 meas
3511 2559 3607 2600 noc

2027 2643 2373 2704 aspernanter
2401 2650 2600 2701 sumas,
2633 2645 2686 2690 et
2711 2637 2990 2691 salubriter
3016 2637 3180 2706 legas.
3211 2636 3263 2691 Si
3289 2636 3422 2688 lianc
3447 2651 3610 2691 exau-

2027 2728 2104 2783 dit
2133 2743 2226 2796 pro
2273 2735 2324 2782 te
2357 2727 2652 2802 orationem
2685 2742 2879 2792 meam,
2924 2727 3082 2781 etiam
3122 2725 3188 2780 de
3234 2734 3287 2780 to
3319 2725 3606 2795 gratiarum

2026 2821 2287 2876 actionem
2315 2819 2475 2874 donat
2509 2827 2569 2874 ut
2600 2817 2839 2873 oﬂ‘cram.
2865 2818 3016 2885 Quod
3047 2817 3092 2873 si
3135 2817 3379 2886 impetro,
3419 2815 3608 2886 procul

2026 2910 2188 2965 dubio
2232 2925 2336 2964 non
2379 2909 2710 2964 contradices
2755 2909 2877 2964 huic
2918 2910 3016 2978 ipsi
3067 2909 3327 2978 principio
3368 2908 3606 2977 Cpislolu:

2030 3017 2182 3054 metu.
2213 3000 2325 3055 lloc
2353 2999 2494 3054 enim
2527 3014 2624 3068 pro
2651 3009 2703 3053 te
2729 3015 2844 3065 oro,
2891 3009 2946 3052 ut
2975 2998 3048 3054 sis
3075 3009 3232 3053 recta:
3260 2997 3401 3052 lidci.
3428 2997 3481 3052 Si
3506 2997 3605 3050 hoc

2027 3108 2162 3162 ergo.
2191 3107 2286 3162 pro
2319 3093 2492 3146 charis
2522 3092 2719 3146 nostris
2750 3108 2852 3145 nou
2882 3091 2974 3146 tibi
2999 3091 3244 3160 displicet
3272 3098 3328 3143 ut
3365 3104 3601 3148 oremus.

2028 3185 2070 3238 si
2097 3186 2231 3238 hanc.
2251 3183 2541 3238 orationem
2574 3183 2912 3252 recognoscis
2935 3196 3053 3237 csse
3081 3181 3445 3246 christianum,
3479 3181 3520 3234 si
3550 3194 3602 3236 et

2027 3286 2081 3329 tu
2108 3291 2204 3345 pro
2233 3275 2408 3330 cliaris
2433 3275 2539 3345 tuis
2565 3275 2684 3328 talia
2716 3276 2796 3328 vel
2825 3289 2978 3329 orare
3009 3283 3060 3328 te
3089 3274 3298 3338 recolis,
3343 3275 3420 3327 vel
3449 3287 3604 3326 orare

2029 3379 2079 3423 te.
2104 3369 2298 3425 debere
2318 3367 2624 3436 cognoscis;
2656 3365 2921 3436 quomodo
2947 3366 3080 3420 dicis
3105 3365 3244 3434 quod
3274 3375 3324 3420 te
3343 3365 3500 3419 audio
3525 3365 3604 3421 di-

2027 3473 2169 3526 cere,
2201 3458 2267 3513 Ut
2297 3468 2425 3520 recte
2449 3457 2713 3512 credamus
2741 3458 2793 3510 in
2820 3456 2983 3510 Deum
3012 3468 3058 3510 et
3095 3456 3369 3526 Evangelia
3399 3473 3605 3510 consen-

2028 3551 2234 3616 tiamus,
2264 3567 2363 3603 non
2394 3565 2498 3603 esse
2517 3550 2706 3603 donum
2731 3548 2846 3614 Dei,
2875 3549 2960 3604 sed
2981 3551 3074 3604 hoc
3094 3549 3236 3604 nobis
3260 3565 3365 3602 esse
3391 3565 3422 3601 a
3442 3547 3604 3611 trabis,

2023 3642 2076 3694 id
2117 3650 2190 3694 est
2215 3657 2276 3694 ex
2303 3641 2509 3710 propria
2534 3639 2804 3706 voluntate,
2837 3657 2989 3710 quam
3015 3641 3158 3696 nobis
3185 3641 3236 3694 in
3267 3649 3434 3692 nostro
3459 3639 3606 3692 corde

2026 3751 2122 3787 non
2160 3743 2392 3804 aperatus
2422 3742 2494 3787 est
2517 3734 2661 3803 ipse?
2691 3733 2756 3788 Et
2788 3732 2856 3788 ad
2883 3733 3002 3798 hoc,
3031 3748 3150 3787 cum
3188 3733 3441 3796 audieris,
3468 3731 3602 3798 Quid

2024 3835 2105 3878 cst
2129 3839 2255 3894 ergo
2283 3822 2429 3893 quod
2450 3824 2523 3877 ait
2551 3824 2857 3893 Apostolus,
2891 3822 3025 3877 Deus
3049 3825 3101 3878 in
3132 3825 3265 3877 vobis
3295 3833 3532 3893 operatur
3559 3834 3604 3876 et

2025 3916 2168 3981 velle,
2199 3926 2245 3968 et
2267 3915 2504 3984 per/icere
2539 3913 2794 3985 (Philipp.
2824 3931 2881 3978 ιι,
2911 3913 3033 3985 l5)?
3069 3915 3378 3984 t'cspm-dcs,
3408 3913 3509 3968 Per
3529 3914 3602 3968 le-

2023 4021 2134 4075 gem
2163 4021 2330 4071 suam,
2363 4022 2451 4074 per
2477 4005 2772 4074 Scripturas
2806 4022 2944 4067 suas,
2973 4005 3134 4058 Deum
3163 4004 3363 4073 operari
3398 4014 3451 4056 ut
3481 4003 3602 4056 ueli-

2023 4111 2152 4157 mus,
2180 4112 2302 4164 quas
2337 4094 2414 4158 uel
2447 4095 2657 4165 legimus
2694 4096 2769 4148 vel
2798 4096 3032 4148 audimus
3060 4109 3076 4146 :
3102 4094 3190 4147 sed
3218 4095 3287 4146 eis
3326 4094 3604 4146 consentire

2023 4188 2099 4240 vel
2125 4204 2223 4240 non
2253 4187 2532 4241 consentire
2560 4188 2628 4240 ita
2659 4197 2883 4240 nostrum
2909 4195 3000 4249 est,
3038 4194 3112 4249 ut,
3152 4186 3194 4238 si
3221 4185 3445 4248 velimus,
3475 4186 3601 4252 fiat;

2023 4279 2064 4332 si
2094 4289 2262 4332 autem
2289 4277 2523 4343 nolimus,
2552 4278 2679 4332 nihil
2706 4279 2757 4331 in
2784 4278 2925 4331 nobis
2953 4279 3293 4347 operationem
3323 4275 3420 4330 Dei
3444 4277 3605 4330 ualere

2023 4371 2287 4439 faciamus.
2324 4366 2575 4438 Operatur
2607 4369 2788 4438 quippe
2827 4369 2932 4434 ille,
2964 4367 3116 4433 dicis,
3151 4375 3394 4436 quantum
3417 4368 3468 4421 in
3496 4367 3604 4438 ipso

2023 4471 2095 4514 est
2123 4471 2174 4514 ut
2194 4461 2422 4527 velimus,
2452 4478 2564 4514 cum
2589 4461 2730 4515 nobis
2754 4471 2871 4514 nota
2895 4462 3022 4530 ﬁunt
3052 4463 3159 4532 ejus
3179 4461 3376 4532 eloquia
3401 4478 3417 4515 :
3447 4461 3534 4516 sed
3557 4465 3604 4516 si

2023 4557 2094 4608 eis
2128 4556 2440 4624 acquiescere
2483 4555 2732 4619 nolumus,
2777 4571 2867 4608 nos
2904 4565 2957 4607 ut
2986 4556 3209 4625 Operatio
3246 4556 3354 4626 ejus
3389 4555 3516 4608 nihil
3551 4555 3603 4607 in

2023 4646 2163 4699 nobis
2208 4646 2362 4714 prosit
2399 4646 2655 4715 efﬁcimus.
2684 4647 2812 4713 Qua:
2841 4647 2884 4701 si
2925 4645 3092 4714 dicis,
3130 4645 3368 4717 profecto
3406 4647 3603 4702 nostris

2024 4737 2348 4792 orationibus
2373 4738 2716 4793 contradicis.

2092 4828 2146 4881 2.
2191 4828 2283 4882 Dic
2328 4842 2456 4898 ergo
2502 4829 2838 4894 apertissime
2865 4845 2963 4884 nos
2992 4843 3086 4897 pro
3111 4829 3176 4883 iis
3204 4828 3397 4898 quibus
3427 4827 3600 4882 Eran-

2021 4921 2614 4991 geliompruedicunms,
2645 4937 2746 4975 non
2770 4921 2963 4976 debere
2985 4935 3140 4976 orare
3165 4929 3220 4973 ut
3246 4918 3483 4981 credant,
3507 4919 3601 4972 sed

2022 5017 2100 5070 eis
2132 5013 2496 5070 tantummodo
2525 5014 2830 5082 pricdicarc.
2864 5015 3063 5068 Exsere
3083 5013 3096 5043 ί
3120 5021 3305 5067 contra
3335 5011 3604 5065 orationes

2026 5103 2274 5158 Ecclesia:
2301 5103 2683 5171 disputationes
2717 5112 2927 5157 tun5'ct
2954 5101 3164 5171 quando
3185 5099 3336 5154 audis
3349 5100 3601 5154 sacerdo-

2025 5205 2131 5250 tcm
2149 5197 2238 5250 Dci
2267 5194 2331 5248 ad
2359 5196 2522 5249 altare
2541 5196 2905 5250 exhortantem
2939 5195 3186 5262 populum
3209 5194 3295 5248 llci
3324 5209 3478 5248 orare
3509 5210 3600 5261 pro

2025 5285 2330 5347 incredulis,
2361 5295 2416 5338 ut
2445 5300 2538 5338 cos
2561 5286 2698 5340 Deus
2717 5284 3071 5339 convcrtatad
3102 5283 3278 5346 tidem,
3312 5293 3364 5337 ct
3391 5299 3482 5352 pro
3507 5303 3600 5334 rit--

2024 5379 2372 5441 tecbumcuis,
2398 5387 2452 5431 ut
2477 5377 2556 5432 eis
2578 5378 2896 5432 desiderium
2921 5375 3336 5444 regenerationis
3359 5375 3386 5426 i:
3413 5375 3598 5444 spi:cl,

2089 5539 2112 5566 ιι
2131 5534 2262 5592 add,
2288 5547 2479 5584 exerce.
2509 5542 2559 5582 At
2585 5541 2688 5582 Mss.
2707 5532 3083 5594 [-l‘Il‘SlIlllllOI‘CS,
3107 5544 3292 5582 ea‘scre.

2085 5620 2100 5633 ‘
2128 5625 2250 5664 ttauc
2272 5621 2569 5665 correximus
2591 5617 2646 5663 nil
2666 5628 2710 5664 a.
2739 5613 2802 5662 bl.
2830 5614 2878 5662 ll.
2904 5615 2976 5662 sl).
2998 5614 3028 5662 Ξ
3052 5628 3123 5662 vc.
3150 5615 3180 5662 3
3205 5628 3247 5661 v.
3277 5625 3376 5662 Am.
3398 5614 3505 5662 Bai}.
3527 5620 3598 5663 γε.

2020 5686 2129 5726 [ων.

2081 5763 2296 5856 (a);\lias
2323 5766 2400 5812 107
2453 5778 2560 5825 ιιιηι
2584 5770 2743 5810 autem
2764 5761 2851 5810 2|?
2873 5768 2968 5809 erat
2990 5795 3002 5819 ,
3031 5774 3154 5808 nunc
3177 5762 3251 5807 lii).
3276 5762 3452 5822 Scripta
3478 5763 3599 5809 circa

2087 5862 2094 5872 .
2135 5829 2227 5872 1;.7.
2277 5835 2280 5839 '

2021 5839 2094 5873 an.
2135 5829 2227 5874 t27.
2277 5835 2280 5839 '
