4070 6332
497 443 600 498 979

498 570 555 613 et
585 573 679 628 pro
709 556 969 618 ﬁdelibus,
1000 563 1055 608 ut
1089 553 1142 606 iu
1167 565 1235 605 eo
1261 546 1397 618 quod
1436 559 1554 600 esse
1595 549 1869 611 coeperunt
1889 581 1903 604 ,
1953 537 2068 605 ejus

503 665 723 706 munere
753 653 1126 720 perseverent;
1156 643 1417 698 subsanua
1444 639 1553 707 pias
1582 650 1759 700 voces,
1800 641 1853 686 ct
1893 632 1976 684 die
2019 639 2081 685 te.

505 758 611 797 non
643 739 818 794 facere
847 736 985 807 quod
1014 737 1271 800 hortatur,
1309 730 1360 786 id
1390 739 1488 793 est,
1519 728 1683 782 Deum
1715 739 1812 796 pro
1841 720 2068 776 inﬁdeli-

503 833 625 897 bus,
651 838 713 885 ut
739 842 832 884 eos
869 826 1054 881 ﬁdeles
1083 823 1240 878 faciat
1260 863 1276 890 ,
1317 837 1420 876 non
1461 833 1645 889 rogare
1665 859 1679 883 ,
1711 830 1776 870 eo
1799 813 1937 884 quod
1967 827 2069 864 non

509 922 616 976 sint
639 920 739 974 ista
766 917 959 974 divinas
988 913 1342 970 miserationis
1368 908 1622 966 beneﬁcia
1646 948 1662 974 ,
1705 903 1798 960 sed
1829 904 2072 956 humana:

508 1011 682 1067 ofﬁcia
709 1007 1011 1065 voluntatis.
1044 1006 1108 1062 Et
1136 1005 1298 1060 homo
1325 1004 1374 1058 in
1413 997 1811 1068 Carthaginensi
1839 994 2072 1049 eruditus

507 1104 765 1169 Ecclesia,
795 1101 955 1158 etiam
995 1096 1286 1155 beatissimi
1318 1093 1563 1166 Cypriani
1589 1092 1778 1144 librum
1801 1087 1868 1143 de
1890 1084 2075 1140 Domi-

507 1196 624 1251 nica
649 1194 899 1250 Oratione
917 1190 1244 1253 condemno;
1275 1200 1431 1257 quam
1452 1183 1635 1238 doctor
1658 1181 1743 1234 ille
1765 1193 1885 1232 cum
1913 1189 2076 1246 expo-

508 1299 688 1354 nerct,
736 1301 797 1342 ea
835 1284 1062 1356 petenda
1087 1297 1205 1338 esse
1232 1279 1461 1335 ostendit
1488 1292 1516 1330 a
1547 1275 1656 1330 Deo
1679 1281 1846 1343 patre,
1875 1286 1993 1341 quae
2021 1278 2074 1323 tu

506 1378 640 1434 dicis
664 1391 782 1432 esse
809 1374 1008 1430 homini
1035 1373 1101 1428 ab
1120 1372 1351 1434 homine,
1385 1370 1481 1421 hoc
1511 1375 1594 1420 cst
1617 1381 1645 1419 a
1664 1364 1861 1432 seipso.

582 1469 634 1522 ’5.
676 1465 824 1533 Quod
867 1465 910 1520 si
955 1464 1024 1519 de
1063 1462 1307 1533 precibus
1347 1458 1596 1512 Ecclesiae
1641 1463 1697 1509 et
1737 1455 1803 1507 de
1846 1457 2077 1520 martyre

507 1561 772 1633 Cypriauo
799 1574 980 1629 parum
1009 1565 1160 1627 putas
1189 1570 1304 1610 esse
1328 1552 1464 1622 quod
1488 1549 1619 1613 dixi,
1650 1547 1783 1602 aude
1812 1548 1824 1578 ¹
1855 1545 2074 1612 majora,

508 1649 837 1720 reprehendo
860 1647 1188 1717 Apostolum,
1221 1644 1305 1713 qui
1333 1642 1462 1696 dixit
1483 1681 1496 1702 ,
1547 1638 1762 1691 Oramus
1791 1637 1856 1687 ad
1894 1633 2074 1693 Deum,

509 1761 575 1800 ne
601 1743 722 1815 quid
749 1742 944 1814 faciatis
973 1739 1094 1793 ntali
1121 1737 1182 1808 (ll
1209 1735 1325 1792 Cor.
1361 1750 1450 1794 χιιι
1472 1775 1484 1798 ,
1516 1733 1591 1801 7).
1621 1730 1798 1798 Neque
1827 1727 1965 1780 enim
1995 1725 2079 1778 di-

509 1844 694 1890 cturus
723 1847 780 1887 es
815 1831 944 1887 nihil
991 1830 1112 1884 mali
1158 1843 1278 1884 eum
1328 1827 1500 1880 facere
1536 1822 1622 1891 qui
1669 1836 1775 1874 non
1818 1817 1986 1873 credit
2029 1817 2078 1869 in

511 1923 776 1981 Christum
799 1963 812 1985 ,
845 1930 935 1976 aut
964 1921 1050 1992 qni
1087 1919 1241 1974 ﬁdem
1279 1916 1474 1972 deserit
1501 1911 1730 1975 Christi;
1763 1925 1825 1965 ac
1862 1924 1954 1979 per
1983 1908 2082 1962 hoc

512 2021 600 2088 qui
621 2016 768 2081 dicit,
797 2031 859 2069 ne
878 2014 998 2084 quid
1024 2013 1221 2085 faciatis
1249 2009 1388 2074 mali,
1415 2021 1516 2062 nec
1541 2005 1637 2059 ista
1673 2003 1786 2056 vult
1813 2001 1926 2055 ﬁeri
1953 2018 1966 2054 :
1991 2014 2079 2053 sa-

511 2111 686 2178 tisque
713 2107 782 2160 illi
810 2121 913 2159 non
939 2113 1018 2159 est
1049 2100 1357 2172 prtecipere,
1386 2095 1483 2154 sed
1512 2094 1791 2149 conﬁtetur
1822 2107 1881 2145 se
1917 2091 2080 2144 Deum

511 2212 699 2268 rogare
731 2212 797 2252 ne
825 2196 978 2261 ﬁant,
1011 2195 1183 2249 sciens
1224 2190 1451 2245 hominis
1493 2187 1818 2242 voluntatem
1859 2183 1925 2235 ab
1968 2183 2082 2251 ipso

512 2289 702 2358 corrigi
733 2303 794 2342 ac
837 2287 1022 2356 dirigi,
1054 2295 1113 2340 ut
1140 2285 1234 2339 ista
1262 2297 1366 2338 non
1398 2280 1569 2358 faciat.
1616 2279 1660 2332 Α
1697 2276 1913 2331 Domino
1941 2275 2082 2328 enim

513 2355 712 2450 gressus
741 2355 960 2431 [muttinis
981 2376 1298 2447 diriguntur,
1343 2382 1388 2426 et
1425 2355 1554 2425 viam
1593 2369 1702 2438 ejus
1743 2367 1870 2421 colet
1910 2362 2080 2437 (Psal.

514 2485 710 2532 χχιιι,
739 2469 829 2539 25)
855 2486 867 2521 :
901 2481 1004 2522 non
1030 2467 1182 2530 dixit,
1206 2465 1268 2519 Et
1287 2465 1420 2518 viam
1445 2461 1559 2532 ejus
1575 2461 1759 2524 discet,
1791 2466 1900 2522 aut,
1935 2466 2084 2512 tene-

514 2560 611 2627 hit,
643 2569 752 2625 aut,
783 2558 1090 2623 ambulabit,
1120 2565 1209 2610 aut
1236 2552 1428 2623 aliquid
1455 2550 1757 2623 hujusmodi
1785 2549 1923 2619 quod
1956 2563 2078 2618 pos-

517 2667 604 2706 ses
649 2651 824 2705 dicere
867 2665 897 2704 a
941 2649 1163 2703 Domino
1207 2647 1417 2716 quidem
1453 2644 1596 2710 dari,
1625 2642 1716 2698 sed
1747 2641 1947 2696 homini
1971 2641 2080 2709 jam

519 2741 748 2804 volenti;
775 2749 830 2794 ut
853 2739 1053 2794 scilicet
1079 2737 1386 2792 beneﬁcium
1423 2735 1512 2790 Dei
1543 2748 1648 2804 quo
1675 2747 1888 2802 gressus
1914 2731 2083 2785 homi-

516 2832 600 2886 nis
627 2831 824 2901 dirigit,
855 2838 912 2884 ut
940 2829 1076 2883 viam
1105 2828 1218 2898 ejus
1242 2827 1428 2890 discat,
1460 2832 1652 2889 teneat,
1677 2823 1966 2892 gradiatur,
1989 2837 2081 2874 sua

521 2923 679 2974 inuno
711 2922 977 2975 voluntate
1003 2918 1282 2988 prmcedat,
1313 2926 1365 2971 et
1394 2915 1495 2969 hoc
1527 2915 1617 2969 Dei
1654 2914 1852 2968 donum
1881 2927 2081 2981 prince-

517 3013 674 3067 dente
695 3027 787 3067 sua
806 3012 1362 3066 volunLatemcreatur.
1382 3007 1485 3063 Sed
1503 3007 1620 3062 ideo
1636 3007 1784 3069 dixit,
1807 3005 1851 3059 Α
1867 3005 2084 3060 Domino

517 3119 716 3172 gressus
742 3103 952 3156 hominis
973 3103 1282 3172 diriguntur,
1311 3110 1356 3154 ct
1387 3101 1513 3153 viam
1529 3101 1634 3170 ejus
1651 3099 1797 3163 uolet,
1827 3106 1883 3152 ut
1902 3097 2088 3153 intelli-

517 3208 762 3263 geremns
789 3193 952 3262 ipsam
979 3191 1296 3246 voluntatem
1325 3191 1513 3244 bonam
1536 3203 1636 3258 qua
1657 3188 1933 3256 incipimus
1950 3188 2086 3242 velle

519 3283 736 3338 credere
765 3283 1034 3353 (quoniam
1067 3281 1158 3337 Dei
1189 3282 1269 3334 via
1297 3279 1420 3350 quid
1443 3288 1553 3346 est,
1595 3279 1694 3332 nisi
1725 3278 1854 3333 ﬁdes
1883 3279 2082 3348 recta?)

520 3374 660 3429 illius
676 3390 793 3430 esse
809 3375 1001 3428 donum
1027 3375 1111 3444 qui
1134 3387 1347 3443 gressus
1375 3381 1584 3426 nostros
1609 3381 1885 3442 pr0pterea
1913 3370 2090 3440 dirigit

519 3467 762 3534 primitus
780 3477 836 3520 ut
857 3467 1093 3521 velimus.
1115 3465 1228 3520 Non
1245 3465 1382 3519 enim
1407 3464 1475 3518 ait
1492 3463 1780 3532 Scriptura,
1806 3463 1844 3518 Α
1875 3461 2089 3516 Domino

521 3574 717 3626 gressus
743 3556 956 3611 hominis
980 3556 1285 3626 diriguntur,
1308 3556 1425 3624 quia
1453 3557 1586 3609 viam
1609 3555 1721 3624 ejus
1746 3555 1943 3620 voluit;
1971 3553 2086 3620 sed,

523 3647 828 3716 diriguntur,
855 3647 1042 3716 inquit,
1070 3655 1117 3699 et
1139 3646 1282 3699 volet.
1307 3646 1417 3699 Non
1441 3646 1598 3715 igitur
1613 3645 1734 3714 quia
1753 3644 1935 3708 voluit,
1958 3644 2089 3698 diri-

522 3744 744 3804 guntur;
770 3735 861 3788 sed
892 3736 1010 3804 quia
1040 3735 1353 3803 diriguntur,
1388 3735 1544 3787 volet.

599 3825 820 3881 CAPUT
847 3825 910 3880 ll.
940 3855 1009 3864 —
1030 3827 1081 3877 Α.
1113 3825 1208 3878 llic
1234 3833 1286 3878 tu
1316 3839 1499 3878 rursus
1523 3823 1742 3878 fortasse
1769 3823 2008 3880 dicturus
2035 3839 2092 3878 es

534 3918 636 3972 hoc
659 3917 770 3972 ﬁeri
800 3932 830 3971 a
850 3915 1094 3979 Domino,
1123 3914 1246 3968 dum
1279 3914 1511 3968 doctrina
1539 3915 1656 3983 ejus
1679 3915 1866 3984 legitur
1892 3915 1973 3969 vel
1996 3930 2092 3968 au-

527 4010 690 4076 ditur,
719 4008 764 4063 si
793 4008 952 4062 homo
975 4007 1182 4062 veritati
1211 4022 1366 4077 quam
1398 4007 1522 4076 legit
1546 4006 1627 4060 vel
1653 4006 1819 4072 audit,
1845 4021 1938 4061 sua
1962 4021 2094 4062 con-

529 4099 722 4154 sentiat
736 4097 1028 4152 voluntate.
1060 4095 1121 4152 Si
1143 4097 1275 4150 enim
1300 4097 1472 4150 lateret
1495 4113 1626 4159 eum,
1648 4096 1840 4165 inquis,
1869 4096 2098 4149 doctrina

530 4189 645 4254 Dei,
673 4206 772 4244 non
801 4189 1130 4259 dirigerentur
1154 4204 1353 4258 gressus
1378 4188 1506 4258 ejus,
1532 4186 1706 4256 quibus
1731 4186 1932 4240 directis
1954 4185 2097 4239 uellet

529 4282 661 4335 siam
707 4279 822 4334 Dei.
861 4280 942 4334 Ac
986 4294 1081 4348 per
1123 4279 1223 4332 hoc
1258 4278 1335 4331 sic
1372 4286 1573 4331 tantum
1615 4285 1769 4346 putas
1810 4290 1840 4328 a
1878 4275 2101 4330 Domino

531 4386 746 4438 gressus
788 4370 1014 4424 hominis
1052 4369 1201 4440 dirigi
1237 4370 1302 4422 ad
1346 4367 1637 4438 eligendam
1665 4370 1802 4422 viam
1833 4368 1949 4436 Dei,
1979 4370 2098 4438 quia

534 4465 650 4517 sine
694 4462 932 4516 doctrina
975 4461 1067 4515 Dei
1107 4474 1208 4515 non
1237 4461 1286 4515 ei
1316 4469 1490 4530 potest
1518 4461 1846 4514 innotescere
1885 4460 2096 4524 veritas,

535 4555 618 4608 cui
657 4555 865 4622 propria
896 4555 1162 4608 voluntate
1187 4552 1505 4608 consentiat.
1535 4552 1628 4606 Cui
1649 4552 1691 4605 si
1720 4552 1982 4619 consentit,
2014 4553 2096 4605 in-

534 4647 654 4711 quis
681 4644 839 4717 (quod
863 4644 915 4698 in
941 4645 1048 4715 ejus
1075 4644 1227 4698 libero
1250 4643 1455 4696 arbitrio
1482 4643 1803 4696 constitutum
1823 4641 1942 4712 est),
1974 4653 2104 4697 recte

534 4737 705 4805 utique
729 4735 963 4788 dicuntur
988 4735 1049 4788 ab
1077 4734 1167 4788 illo
1191 4734 1340 4804 dirigi
1366 4750 1568 4804 gressus
1599 4734 1710 4804 ejus
1744 4742 1796 4786 ut
1831 4734 1962 4786 uiam
1995 4736 2104 4806 ejus

535 4830 670 4891 uelit,
699 4828 844 4898 cujus
863 4827 1158 4890 doctrinam,
1186 4827 1418 4880 suasione
1433 4827 1760 4893 praecedente,
1783 4827 2105 4889 subsequente

535 4921 858 4975 consensione
893 4929 1145 4982 sectatur;
1191 4918 1324 4988 quod
1358 4919 1581 4972 libertate
1621 4919 1873 4984 naturali,
1905 4919 1950 4972 si
1974 4920 2100 4983 vult,

535 5012 677 5082 facit,
698 5011 745 5065 si
770 5027 872 5064 non
899 5012 918 5042 ’
946 5009 1068 5074 vult,
1100 5026 1200 5063 non
1227 5009 1383 5078 facit;
1407 5026 1498 5076 pro
1522 5026 1578 5062 eo
1602 5009 1738 5081 quod
1761 5010 1951 5079 fecerit,
1973 5026 2104 5080 pra:-

535 5103 712 5164 mium,
739 5101 814 5154 uel
835 5101 1136 5172 supplicium
1165 5109 1473 5169 recepturus.
1501 5099 1626 5153 Hinc
1645 5107 1726 5152 est
1754 5099 1841 5153 illa
1873 5097 2104 5168 Pelagia-

536 5209 726 5249 norum
755 5193 913 5254 mala,
947 5193 1084 5248 male
1107 5193 1370 5247 diﬁ‘amata
1399 5193 1691 5262 meritoque
1720 5191 2020 5262 reprobate.
2053 5201 2107 5244 et

533 5286 603 5339 ab
628 5285 744 5354 ipso
761 5283 918 5338 etiam
937 5283 1166 5353 Pelagio,
1186 5283 1403 5336 timente
1431 5281 1670 5335 damnari
1697 5283 1747 5335 in
1775 5281 2103 5336 orientalium

535 5376 904 5444 episcoporum
921 5373 1137 5442 judicio,
1152 5371 1395 5426 damnata
1419 5371 1678 5426 sententia
1694 5370 1791 5441 (α),
1811 5387 1912 5440 qua
1926 5371 2109 5425 dicunt

534 5466 757 5536 gratiam
784 5463 876 5519 Dei
899 5479 1000 5518 non
1028 5463 1092 5516 ad
1121 5463 1353 5532 singulos
1380 5471 1527 5516 actus
1559 5461 1704 5526 dari,
1735 5461 1827 5516 sed
1862 5462 1913 5516 in
1945 5462 2108 5516 libero

534 5553 757 5611 arbitrio
793 5569 942 5620 esse,
982 5554 1062 5607 vel
1105 5553 1155 5606 in
1200 5553 1315 5621 lege
1355 5563 1512 5622 atque
1550 5551 1826 5605 doctrina:
1858 5559 1912 5605 et
1944 5567 2110 5621 usque

607 5691 622 5720 ¹
641 5690 941 5752 antiquiores
957 5687 1090 5752 Edd.,
1116 5687 1261 5737 adde.
1285 5685 1558 5752 lov._,_audi.

605 5752 625 5782 ³
645 5746 871 5801 Μεε.’‹ὶιιο
893 5751 1039 5799 \‘atic.
1058 5746 1112 5798 et
1131 5763 1257 5798 unus
1280 5761 1308 5797 e
1331 5748 1511 5806 Gallic,
1535 5748 1577 5800 si
1602 5746 1713 5807 vult,
1735 5761 1826 5798 non
1846 5749 1978 5812 facit.

603 5831 674 5892 φ)
697 5830 796 5878 vid.
819 5830 904 5880 lib.
926 5830 989 5880 de
1009 5829 1164 5880 costis
1186 5829 1367 5891 Pelag,
1387 5841 1428 5877 c.
1457 5831 1528 5878 H.

1720 425 1773 480 S.
1821 426 1856 477 .-\
1869 423 1949 475 iTt‘.
1962 416 2176 474 l'S'l‘lNl
2217 417 2512 474 EPISCOl‘l

3636 423 3740 478 980

2171 531 2332 596 adeo,
2363 531 2543 600 frater,
2571 533 2767 589 erimus
2792 548 2980 604 graves
3020 535 3179 590 corde
3198 576 3214 602 ,
3243 544 3300 590 ut
3327 535 3394 590 de
3420 537 3589 607 gratia
3621 538 3739 602 Dei,

2173 620 2278 684 imo
2305 622 2556 677 adversus
2583 623 2802 694 gratiam
2846 625 2974 689 Dei,
3007 640 3122 679 eam
3154 626 3479 696 pelagianam
3516 636 3741 682 senten-

2173 710 2298 764 tiam
2321 721 2610 779 teneamus,
2627 729 2782 782 quam
2801 725 3010 784 pectore
3034 715 3244 785 quidem
3269 717 3414 784 ﬁcto,
3437 717 3531 772 sed
3562 728 3738 773 tamen

2172 801 2458 856 catholicos
2477 802 2679 871 judices
2709 805 2898 859 timens
2925 805 3164 875 Pelagius
3192 807 3304 875 ipse
3328 807 3631 863 damnavit!

2245 893 2298 947 5.
2340 894 2404 946 Et
2430 895 2712 963 quomodo,
2737 895 2960 966 inquies,
2995 898 3435 966 respondebitur?
3458 899 3739 965 Quomodo

2175 996 2362 1037 censes
2398 982 2601 1039 facilius
2642 994 2698 1040 et
2735 987 2967 1055 apertius
2989 1027 3005 1051 ,
3050 1003 3206 1057 quam
3235 999 3294 1042 ut
3333 988 3460 1043 illud
3488 989 3632 1058 quod
3673 989 3741 1044 de

2176 1073 2376 1128 orando
2404 1075 2509 1129 Deo
2539 1076 2782 1145 superius
2797 1078 3020 1146 egimus,
3038 1077 3115 1132 sic
3135 1079 3536 1148 amplectamur,
3564 1090 3623 1134 ut
3641 1080 3744 1134 hoc

2177 1165 2339 1219 menti
2365 1176 2558 1220 nostra:
2573 1168 2714 1222 nulla
2735 1168 3009 1222 subtrahat
3026 1169 3310 1225 oblivionis
3330 1172 3572 1240 irreptio,
3599 1172 3743 1224 nulla

2177 1257 2437 1311 calliditas
2459 1259 2926 1326 argumentationis
2955 1261 3304 1329 extorqueat?
3327 1260 3386 1316 Si
3413 1260 3577 1325 enim,
3600 1261 3744 1330 quod

2177 1350 2430 1418 Scriptum
2452 1359 2555 1415 est,
2583 1351 2624 1402 Α
2654 1349 2869 1404 Domino
2892 1368 3087 1422 gressus
3110 1353 3323 1406 hominis
3346 1353 3631 1423 diriguntur
3649 1393 3665 1418 ,
3703 1363 3752 1405 et

2177 1443 2309 1495 viam
2350 1443 2458 1513 ejus
2499 1443 2656 1507 volet;
2689 1453 2772 1509 et,
2819 1443 3150 1514 Prteparatur
3184 1446 3414 1501 voluntas
3449 1463 3483 1500 α
3529 1445 3751 1500 Domino

2181 1529 2360 1600 (Prov.
2399 1547 2518 1598 vnt,
2554 1534 2744 1596 55,sec.
2779 1533 2974 1604 LXX);
2999 1543 3074 1600 et,
3104 1535 3244 1590 Deus
3268 1546 3339 1590 est
3365 1537 3495 1590 enim
3522 1536 3608 1604 qui
3631 1553 3751 1604 ope-

2179 1630 2322 1675 ratur
2351 1622 2404 1676 in
2432 1623 2567 1676 vobis
2594 1635 2638 1676 et
2667 1625 2790 1677 uelle
2822 1640 2840 1677 :
2885 1634 2939 1679 et
2976 1626 3139 1679 multa
3186 1625 3481 1695 hujusmodi
3502 1667 3518 1692 ,
3559 1627 3754 1694 quibus

2181 1713 2580 1766 commendatur
2605 1730 2726 1769 vera
2761 1715 2850 1768 Dei
2877 1716 3073 1784 gratia,
3112 1715 3211 1770 hoc
3249 1724 3351 1780 est,
3375 1731 3494 1786 quae
3522 1731 3630 1770 non
3659 1731 3752 1770 se-

2181 1801 2408 1856 cundum
2432 1805 2614 1856 merita
2639 1812 2817 1858 nostra
2843 1805 3014 1869 datur,
3043 1804 3135 1860 sed
3157 1805 3248 1860 dat
3276 1807 3462 1860 merita
3494 1807 3607 1875 ipsa
3629 1823 3752 1861 cum

2182 1890 2374 1956 datur;
2404 1893 2522 1962 quia
2549 1897 2802 1962 prmvenit
2822 1895 3052 1951 hominis
3071 1897 3393 1952 voluntatem
3413 1896 3631 1964 bonam,
3654 1913 3757 1954 nec

2182 1998 2300 2038 eam
2329 1985 2636 2056 cujusquam
2660 1987 2856 2041 invenit
2881 1989 2932 2042 in
2960 1987 3140 2054 corde,
3166 1988 3262 2044 sed
3285 1988 3447 2045 facit:
3474 1989 3520 2043 si
3535 2005 3664 2060 ergo
3683 1991 3757 2044 ita

2184 2087 2506 2145 praepararet
2533 2089 2690 2148 atque
2715 2079 2785 2133 ita
2813 2087 3121 2148 operaretur
3147 2080 3287 2136 Deus
3312 2079 3544 2134 hominis
3567 2081 3760 2134 volun-

2187 2174 2345 2221 tatem
2371 2208 2386 2232 ,
2415 2177 2468 2222 ut
2500 2169 2864 2224 tantummodo
2888 2169 3058 2239 legem
3088 2185 3238 2224 suam
3265 2180 3425 2240 atque
3452 2169 3755 2224 doctrinam

2185 2256 2356 2312 libero
2378 2256 2493 2328 ejus
2517 2258 2791 2315 adhiberet
2818 2260 3064 2328 arbitrio,
3105 2276 3201 2316 nec
3227 2262 3504 2317 vocatione
3533 2262 3620 2316 illa
3647 2263 3756 2316 alta

2186 2359 2344 2420 atque
2373 2359 2575 2406 secreta
2604 2352 2683 2407 sic
2702 2351 2818 2422 ejus
2841 2361 3020 2423 ageret
3043 2367 3257 2408 sensum
3278 2393 3295 2420 ,
3343 2361 3401 2407 ut
3434 2354 3609 2409 eidem
3653 2354 3758 2422 legi

2184 2451 2346 2513 atque
2371 2443 2627 2498 doctrinae
2640 2444 3060 2500 accommodaret
3072 2460 3345 2502 assensum
3361 2461 3377 2513 ;
3393 2446 3575 2516 procul
3589 2447 3756 2501 dubio

2185 2547 2301 2587 cam
2330 2533 2536 2603 legere,
2568 2534 2649 2588 vel
2681 2533 2978 2605 intelligere
3009 2535 3251 2605 legendo,
3278 2535 3361 2593 vel
3385 2536 3545 2590 etiam
3579 2551 3753 2606 expo-

2186 2640 2314 2680 nere
2343 2640 2405 2679 ac
2435 2626 2722 2694 prmdicare
2748 2626 3037 2694 sufﬁceret,
3067 2643 3164 2682 nec
3191 2642 3327 2698 opus
3355 2637 3497 2683 esset
3521 2643 3678 2684 orare
3699 2639 3757 2683 ut

2188 2716 2325 2772 Deus
2352 2717 2417 2771 ad
2442 2717 2596 2772 ﬁdem
2625 2733 2774 2774 suam
2804 2719 3091 2774 inﬁdelium
3119 2720 3278 2775 corda
3307 2730 3640 2776 converteret
3659 2763 3673 2781 .
3703 2731 3758 2776 et

2187 2807 2457 2861 conversis
2475 2808 2832 2878 proﬁcientem
2855 2809 3295 2878 perseverantiam
3315 2810 3550 2879 ejusdem
3572 2812 3760 2880 gratia:

2187 2912 2297 2967 sua?
2325 2899 2560 2967 largitate
2585 2897 2826 2952 donaret.
2845 2900 2899 2955 Si
2925 2915 3052 2969 ergo
3069 2900 3182 2954 inec
3200 2915 3230 2954 a
3253 2899 3474 2956 Domino
3489 2901 3760 2970 poscenda

2186 3003 2305 3043 esse
2331 3004 2435 3042 non
2462 2989 2660 3051 renuis,
2691 2989 2816 3059 quid
2845 2999 3028 3056 restat,
3057 2989 3220 3044 frater
3249 2991 3453 3057 Vitatis,
3485 2991 3583 3044 nisi
3613 3001 3666 3044 ut
3689 2993 3763 3046 ab

2187 3081 2278 3134 illo
2298 3095 2358 3135 ea
2384 3081 2566 3134 donari
2589 3081 2823 3148 fatearis,
2845 3099 2874 3136 a
2899 3099 3005 3153 quo
3030 3083 3293 3152 poscenda
3313 3099 3432 3140 esse
3451 3086 3724 3139 consentis
3739 3087 3764 3138 ?

2189 3172 2243 3225 Si
2270 3181 2444 3226 autem
2471 3188 2633 3243 negas
2660 3174 2728 3227 ab
2753 3174 2844 3228 illo
2871 3189 2969 3228 nos
2990 3190 3207 3244 poscere
3232 3175 3331 3229 ista
3351 3175 3563 3236 debere,
3583 3175 3761 3230 eidem

2190 3265 2445 3318 doctrina:
2470 3265 2635 3333 ipsius
2662 3265 3012 3330 contradicis;
3035 3267 3155 3336 quia
3185 3275 3236 3320 et
3265 3266 3363 3320 hoc
3392 3267 3443 3319 in
3470 3281 3533 3319 ea
3565 3265 3764 3320 didici-

2192 3370 2328 3417 mus,
2358 3365 2413 3408 ut
2437 3355 2504 3408 ab
2531 3355 2619 3408 illo
2648 3356 2744 3409 ista
2771 3370 3072 3424 poscamus.

2263 3444 2316 3497 6.
2359 3445 2662 3499 Orationem
2694 3446 2927 3502 dominic
2961 3463 3011 3500 m
3043 3447 3202 3508 nosti,
3231 3460 3331 3501 nec
3352 3445 3536 3500 dubito
3567 3454 3619 3500 te
3652 3446 3770 3501 Deo

2192 3533 2368 3590 dicere
2397 3552 2409 3587 :
2443 3533 2600 3590 Pater
2625 3546 2820 3604 noster,
2850 3539 3008 3606 quies
3033 3537 3085 3590 in
3110 3537 3277 3602 caet'is,
3303 3545 3406 3590 etc.
3437 3536 3575 3604 Lege
3600 3552 3772 3604 expc»

2193 3626 2412 3681 sitorem
2436 3613 2554 3694 ejus
2582 3627 2943 3682 beatissimum
2971 3627 3312 3698 Cyprianmn,
3339 3636 3392 3679 et
3421 3627 3772 3694 quemadmo—

2194 3718 2320 3772 dum
2364 3719 2666 3786 exposuerit
2705 3719 2844 3789 quod
2889 3719 2955 3772 ihi
3001 3719 3218 3780 dicitur,
3254 3717 3371 3770 Fiat
3398 3719 3630 3771 voluntas
3658 3731 3769 3782 tua,

2194 3811 2321 3862 sicut
2350 3809 2398 3862 in
2426 3809 2578 3875 caelo,
2609 3818 2655 3860 et
2682 3811 2733 3862 in
2768 3819 2900 3862 terra
2929 3809 3134 3877 (Matth.
3164 3825 3234 3875 vt,
3263 3809 3317 3872 9,
3347 3807 3456 3879 10),
3483 3809 3772 3877 diligenter

2199 3899 2416 3954 attende
2434 3941 2448 3964 ,
2475 3907 2529 3953 et
2552 3901 2864 3956 obedientcr
2892 3903 3121 3969 intelligo
3148 3919 3161 3953 :
3194 3901 3428 3969 profecto
3466 3902 3676 3954 docebit
3719 3910 3773 3954 te

2197 4007 2351 4046 orare
2394 4008 2488 4062 pro
2533 3993 2832 4048 inﬁdelibus
2875 3993 3099 4047 inimicis
3147 3992 3425 4050 Εεριρδὶιυ,
3472 3993 3770 4046 secundum

2201 4093 2518 4153 prmceptum
2550 4083 2776 4150 Domini,
2801 4084 3044 4146 dicentis,
3072 4082 3224 4137 Orate
3247 4099 3338 4153 pro
3357 4083 3572 4135 inimicis
3598 4083 3775 4136 reatris

2201 4175 2308 4243 (1d.
2339 4193 2390 4242 v,
2418 4177 2542 4248 si);
2587 4187 2638 4230 et
2669 4179 2768 4232 hoc
2794 4191 2968 4242 orare,
2997 4185 3055 4230 ut
3080 4175 3169 4228 ﬁat
3194 4176 3433 4228 voluntas
3460 4175 3589 4237 Dei,
3636 4175 3775 4226 sicut

2205 4269 2255 4322 in
2283 4268 2361 4322 eis
2384 4269 2471 4337 qui
2494 4269 2602 4338 jam
2635 4268 2816 4323 ﬁdeles
2839 4276 2964 4323 sunt
2986 4276 3040 4322 et
3069 4273 3276 4336 portant
3303 4267 3582 4335 imaginem
3605 4266 3773 4320 eade-

2204 4361 2300 4416 stis
2329 4360 2574 4425 hominis,
2599 4369 2654 4417 et
2675 4369 2949 4429 propterea
2967 4360 3088 4415 ρωιί
3113 4361 3322 4414 nomine
3348 4359 3488 4428 digni
3513 4368 3634 4412 sunt
3660 4375 3675 4420 ;
3707 4361 3774 4410 ita

2205 4461 2259 4506 ct
2288 4452 2339 4505 in
2375 4451 2454 4506 eis
2482 4451 2569 4519 qui
2599 4465 2696 4518 per
2721 4449 3080 4503 inﬁdelitatem
3114 4449 3320 4501 nonnisi
3353 4448 3634 4516 imaginem
3666 4458 3775 4500 ter-

2206 4543 2318 4596 reni
2365 4543 2589 4596 hominis
2625 4550 2834 4610 portant
2869 4540 2912 4610 (Ι
2939 4539 3054 4595 Cor.
3087 4555 3174 4601 xv,
3201 4537 3423 4611 4749),
3470 4549 3520 4590 ct
3561 4539 3630 4590 ob
3679 4540 3778 4589 hoc

2209 4642 2346 4688 terra
2372 4631 2562 4686 merito
2590 4639 2976 4700 nuncupantur.
3002 4629 3201 4698 Nempe
3219 4629 3320 4692 isti,
3354 4643 3448 4697 pro
3469 4629 3663 4696 quilms
3682 4628 3779 4679 ini-

2207 4725 2359 4780 micis
2401 4723 2656 4777 Dominus
2697 4737 2796 4776 nos
2815 4721 2983 4791 jussit
3021 4734 3214 4785 orare,
3269 4729 3324 4774 et
3363 4719 3780 4787 gloriosissimos

2209 4824 2408 4884 martyr
2437 4814 2514 4868 sic
2550 4813 2788 4882 exposuit
2815 4812 2955 4881 quod
2995 4812 3046 4864 in
3081 4813 3319 4864 oratione
3359 4811 3617 4872 dicimus,
3665 4807 3778 4860 Fiat

2209 4907 2437 4960 calantes
2475 4914 2559 4957 tua
2581 4944 2596 4967 ,
2638 4904 2765 4957 sicut
2792 4905 2843 4957 in
2875 4903 3026 4967 ca’lo,
3051 4910 3097 4956 ct
3121 4907 3171 4955 in
3198 4911 3350 4965 terra,
3377 4909 3432 4953 ut
3465 4899 3594 4968 ipsis
3621 4901 3776 4951 etiam

2213 5011 2492 5066 poscamus
2530 4995 2685 5050 ﬁdem
2731 5010 2886 5065 quam
2927 4978 3109 5049 ﬁdeles
3150 4993 3338 5046 habent
3381 5011 3391 5046 :
3434 5007 3627 5059 neinpe
3659 5007 3786 5057 ergo

2212 5089 2296 5144 isti
2330 5087 2630 5142 christiana:
2660 5087 2872 5157 pietatis
2910 5085 3106 5140 inimici
3128 5127 3140 5148 ,
3173 5085 3340 5154 legem
3375 5084 3464 5136 Dei
3492 5094 3653 5151 atque
3684 5083 3716 5135 d
3742 5103 3783 5130 i-

2211 5181 2433 5234 ctriuam
2464 5195 2564 5248 qua
2593 5179 2783 5233 Christi
2817 5178 3129 5247 prardieatur
3152 5174 3304 5233 ﬁdes.
3333 5174 3419 5227 vel
3447 5175 3667 5226 ontinno
3691 5190 3780 5223 an-

2214 5273 2326 5325 tlire
2353 5273 2559 5338 nolunt,
2585 5271 2669 5326 vel
2707 5269 2772 5324 ad
2799 5269 2899 5323 hoc
2926 5267 3147 5324 audiunt
3172 5267 3285 5320 sive
3313 5264 3471 5320 etiam
3505 5264 3689 5333 legunt
3733 5272 3789 5315 nt

2216 5365 2467 5419 irrideant
2491 5372 2545 5418 et
2579 5363 2907 5418 detestentur
2925 5403 2941 5426 ,
2967 5369 3022 5415 et
3048 5367 3240 5427 quanta
3269 5366 3487 5427 possunt
3511 5356 3787 5410 contradi—

2215 5457 2389 5511 ctione
2432 5455 2816 5524 hlasphement.
2863 5453 3091 5507 Iuaniter
3128 5451 3286 5520 igitur
3329 5460 3381 5503 ct
3423 5447 3789 5516 perfunctorie

2220 5551 2390 5619 potius
2417 5563 2572 5618 quam
2598 5547 2856 5602 veraciter
2879 5560 2974 5614 pro
2993 5545 3092 5609 eis,
3118 5552 3175 5595 ut
3201 5541 3459 5596 doctrinm
3483 5540 3567 5593 cui
3598 5539 3788 5592 adver-

2217 5649 2423 5707 santur,
2452 5637 2718 5696 credendo
2743 5637 3092 5699 consentiant,
3125 5633 3234 5688 Deo
3268 5631 3537 5687 fundimus
3577 5642 3786 5698 preces,

2220 5734 2274 5803 si,
2303 5731 2366 5782 ad
2410 5730 2524 5798 ejus
2564 5745 2666 5783 non
2707 5730 2928 5797 pertinet
2950 5726 3169 5795 gratiam
3188 5731 3503 5780 convertere
3526 5720 3594 5775 ad
3625 5719 3786 5773 fidem

2225 5837 2371 5875 suam
2406 5820 2500 5890 ipsi
2547 5821 2660 5871 ﬁdei
2699 5822 2986 5872 eomrnrias
3016 5819 3280 5870 immittunt
3313 5815 3625 5871 voluntates.
3665 5811 3784 5864 lna-
