4070 6332
501 349 606 406 983

503 463 782 531 vivi/icore,
807 461 1015 513 omnino
1035 473 1096 511 ex
1116 457 1223 527 lege
1243 463 1370 509 esset
1375 453 1586 523 justitia
1614 449 1821 520 (Galat.
1849 465 1930 514 ιιι,
1963 452 2078 520 2|).

505 553 651 620 Opus
673 559 755 604 cst
790 549 891 602 hoc
933 548 1136 614 gratiae,
1167 560 1334 614 quam
1365 544 1457 612 qui
1490 541 1782 610 accipiunt,
1826 542 2086 595 doctrina:

506 641 729 696 salutari
743 639 1140 707 Scripturarum
1164 644 1490 697 sanctarum,
1506 634 1608 688 etsi
1632 633 1826 687 fuerint
1855 633 2081 693 inimici,

507 737 643 790 ﬁunt
665 734 856 796 amici;
889 748 994 786 non
1033 746 1169 799 opus
1195 728 1433 797 ejusdem
1469 729 1748 792 doctrinm,
1789 743 1950 796 quam
1990 727 2086 794 qui

507 825 731 880 audiunt
751 833 804 878 et
822 823 1128 894 leguntsine
1140 821 1310 891 gratia
1342 821 1448 879 Dei,
1466 817 1678 888 pejores
1705 816 1824 886 ejus
1847 817 2088 872 efﬁciun-

508 926 596 972 tur
631 914 858 970 inimici.
1141 971 1152 980 ε

577 1006 802 1062 CAPUT
841 1006 929 1060 ιν.
954 1036 1026 1045 -
1056 1006 1140 1059 12.
1172 1005 1285 1059 Non
1313 1013 1397 1061 est
1425 1005 1589 1074 igitur
1616 1004 1789 1073 gratia
1807 1003 1904 1058 Dei
1928 1002 1982 1056 in
1997 1016 2078 1055 na-

509 1109 628 1154 tura
657 1099 811 1153 liberi
833 1097 1043 1152 arbitrii
1060 1105 1114 1151 et
1142 1096 1193 1150 in
1224 1095 1336 1165 lege
1365 1104 1531 1163 atque
1544 1095 1812 1158 doctrina,
1833 1093 1972 1148 sicut
1995 1107 2070 1160 pe

508 1189 718 1257 iagiana
760 1189 1088 1258 perversitas
1121 1187 1344 1256 desipit;
1375 1187 1466 1241 sed
1512 1187 1580 1241 ad
1638 1185 1876 1255 singulos
1934 1193 2086 1237 actus

506 1281 667 1335 datur
703 1281 845 1336 illius
867 1281 1158 1343 voluntate,
1188 1281 1252 1333 de
1275 1295 1382 1348 quo
1414 1279 1672 1346 scriptum
1709 1284 1811 1340 est,
1845 1275 2083 1328 Pieriam

507 1372 860 1426 voluntariam
889 1373 1199 1442 segregabis,
1247 1370 1407 1434 Deus,
1438 1369 1730 1422 hwreditati
1757 1377 1862 1421 tua:
1907 1365 2082 1437 (Psnl.

507 1479 674 1528 vau,
702 1463 788 1534 10)
815 1482 826 1515 :
855 1465 979 1533 quia
1015 1471 1070 1517 et
1097 1463 1326 1518 liberant
1351 1460 1634 1514 arbitrium
1663 1460 1730 1515 ad
1755 1458 2085 1528 diiigcndum

509 1556 675 1610 Deum
690 1556 847 1626 primi
871 1555 1076 1625 peccati
1101 1548 1401 1624 granditate
1428 1551 1778 1620 perdidimus,
1805 1559 1859 1603 et
1879 1550 1962 1603 lex
1997 1548 2087 1600 Dei

509 1655 674 1716 atque
695 1647 956 1710 doctrina,
982 1645 1228 1715 quamvis
1249 1651 1432 1698 sancta
1448 1641 1658 1708 etjusta
1683 1649 1736 1695 et
1750 1642 1886 1694 bona
1906 1638 2088 1707 (Rom.

510 1754 608 1802 vn,
647 1737 759 1807 19.),
796 1747 973 1792 ttunen
1006 1737 1220 1801 occidit,
1255 1737 1300 1790 si
1335 1751 1440 1788 non
1491 1733 1725 1787 viviﬁcet
1753 1731 1987 1800 Spiritus
2023 1728 2086 1801 (ll

511 1828 632 1882 Cor.
665 1846 746 1892 ιιι,
785 1829 860 1901 6),
893 1843 991 1896 per
1029 1843 1187 1897 quem
1218 1827 1297 1888 fit,
1330 1842 1437 1880 non
1482 1833 1544 1878 ut
1580 1823 1867 1885 audiendo,
1899 1821 1993 1875 sed
2032 1828 2090 1874 ut

509 1920 828 1982 obedieudo,
878 1935 1048 1986 neque
1081 1926 1139 1971 ut
1157 1918 1405 1978 lectione,
1435 1916 1528 1969 sed
1577 1923 1636 1967 ut
1683 1913 1970 1968 dilectione
2012 1919 2092 1964 te-

509 2020 720 2066 neatur.
751 2010 1087 2080 Quapropter
1124 2017 1182 2063 ut
1217 2010 1268 2062 in
1304 2009 1470 2061 Deum
1493 2007 1798 2067 credamus,
1819 2011 1872 2057 et
1898 2004 1984 2072 pie
2013 2001 2092 2054 vi-

509 2121 719 2167 vamus,
759 2119 862 2157 non
905 2103 1132 2156 volentis
1174 2115 1348 2170 neque
1392 2099 1678 2161 currentis,
1709 2096 1802 2152 sed
1830 2096 2091 2148 miseren-

511 2196 580 2249 tis
605 2202 686 2249 est
717 2195 810 2247 Dei
834 2192 1010 2258 (Rom.
1041 2208 1117 2257 is,
1144 2191 1231 2259 16)
1263 2208 1274 2242 :
1314 2205 1420 2243 non
1457 2188 1583 2257 quia
1609 2186 1745 2241 velle
1778 2201 1883 2239 non
1931 2182 2093 2237 debe-

512 2290 629 2328 mus
650 2283 706 2328 et
730 2289 973 2339 currere;
998 2275 1088 2329 sed
1131 2276 1249 2343 quia
1277 2276 1387 2343 ipse
1414 2276 1468 2328 in
1495 2275 1642 2330 nobis
1681 2285 1731 2330 et
1777 2276 1912 2331 velle
1952 2289 2082 2344 ope-

518 2375 666 2420 ratur
693 2375 749 2421 et-
775 2381 1008 2420 currere.
1040 2365 1191 2421 Unde
1233 2377 1288 2421 et
1333 2368 1444 2434 ipse
1483 2367 1734 2420 Dominus
1770 2367 1923 2421 hsns
1968 2381 2085 2420 cre-

501 2455 701 2509 dentes
749 2470 782 2509 a
827 2471 928 2508 non
973 2456 1345 2519 credentibus,
1407 2455 1468 2509 id
1501 2465 1581 2509 est
1613 2497 1625 2516 ,
1685 2457 1752 2510 ab
1803 2458 1893 2509 irze
1945 2458 2084 2511 vasis

523 2560 649 2598 vasa
692 2544 1068 2599 miscr'coulim
1108 2545 1448 2610 discernens,
1487 2545 1676 2610 Nemo,
1715 2547 1916 2615 inquit,
1956 2548 2085 2599 venit

512 2637 577 2689 ad
620 2653 722 2702 me,
767 2637 864 2690 nisi
905 2638 1054 2707 fuerit
1095 2637 1136 2690 ei
1181 2639 1354 2692 datum
1391 2654 1422 2689 a
1461 2637 1612 2690 Putre
1662 2653 1768 2690 meo
1808 2639 1984 2703 (Jonu.
2007 2653 2082 2703 vr,

511 2725 603 2795 65)
627 2741 639 2777 :
663 2735 716 2780 et
741 2727 920 2795 utique
941 2767 953 2786 ,
985 2736 1041 2780 ut
1073 2728 1170 2780 hoc
1203 2722 1434 2790 diceret,
1466 2728 1514 2778 in
1541 2726 1654 2792 ejus
1693 2726 1931 2781 doctrina
1974 2725 2087 2786 fne-

512 2826 632 2870 rant
655 2817 991 2872 scandalizati
1019 2817 1259 2886 discipuli
1286 2818 1401 2885 ejus
1421 2858 1434 2877 ,
1465 2817 1554 2886 qui
1593 2833 1714 2871 eum
1759 2827 1939 2886 postea
1979 2834 2086 2872 non

511 2917 634 2960 sunt
677 2909 863 2960 secuti.
908 2907 1022 2961 Non
1062 2923 1187 2977 ergo
1221 2909 1441 2977 gratiam
1485 2909 1719 2962 dicamus
1747 2923 1866 2962 esse
1893 2908 2087 2963 doctri-

512 3011 670 3061 nam,
703 2996 795 3051 sed
835 3011 1182 3066 agnoscamus
1221 2999 1479 3066 gratiam,
1512 3014 1627 3065 qua:
1672 2997 1793 3052 facit
1835 2999 2087 3068 prodesse

513 3085 808 3144 doctrinam
831 3105 842 3140 :
863 3104 979 3157 qum
1004 3089 1169 3158 gratia
1192 3089 1234 3142 si
1264 3089 1421 3152 de.~it,
1455 3089 1693 3143 videmus
1719 3089 1876 3144 etiam
1897 3091 2088 3145 obesse

514 3176 830 3236 doctrinam.

586 3271 672 3322 15.
716 3271 1000 3340 Propterea
1032 3271 1169 3325 Deus
1202 3279 1254 3325 ut
1281 3271 1464 3324 omnia
1491 3270 1658 3332 fauttra
1700 3287 1860 3342 opera
1899 3288 1989 3327 sua
2037 3275 2086 3327 in

516 3360 977 3428 prmdestimuionc
1000 3361 1340 3430 praesciverit,
1364 3362 1441 3416 sic
1462 3362 1545 3414 iila
1567 3361 1842 3429 disposuit,
1863 3372 1918 3416 ut
1942 3379 2091 3432 quos-

517 3450 637 3508 dam
668 3468 769 3506 non
792 3452 1068 3507 credentes
1097 3452 1161 3504 ad
1191 3451 1346 3507 ﬁdem
1373 3466 1519 3505 suam
1537 3494 1551 3515 ,
1580 3455 1846 3508 orationes
1873 3455 2092 3508 creden-

520 3545 647 3600 tium
664 3560 757 3611 pro
771 3544 846 3598 eis
861 3544 1215 3609 exattdicndo,
1227 3545 1673 3609 convert-munde
1691 3545 1773 3600 ref
1773 3555 2002 3614 utentur,
2014 3557 2087 3614 et,

519 3633 567 3686 si
589 3632 677 3688 ille
700 3643 781 3690 est
805 3633 884 3687 eis
912 3633 1534 3702 propitius,corrigantur
1557 3635 1644 3703 qui
1665 3643 1844 3702 putant
1870 3637 2089 3704 gratiam

524 3721 615 3780 Dei
639 3738 758 3778 esse
789 3730 1028 3777 naturam
1051 3723 1201 3778 liberi
1227 3723 1457 3786 arbitrii,
1494 3737 1613 3777 cum
1653 3739 1755 3792 qua
1793 3727 2087 3788 nascimur;

521 3824 610 3868 aut
635 3815 856 3884 gratiam
885 3814 977 3868 Dei
1004 3829 1119 3868 esse
1148 3812 1469 3877 doctrinam,
1486 3815 1724 3883 quamvis
1753 3816 1953 3880 utilem,
1976 3832 2094 3886 qua:

523 3921 617 3973 per
641 3904 844 3973 linguas
868 3910 922 3958 ct
949 3903 1152 3957 litteras
1182 3902 1514 3972 praedicatur.
1541 3902 1656 3966 Non
1686 3904 1824 3958 enim
1853 3907 1953 3959 hoc
1975 3920 2096 3960 ora-

523 4007 640 4048 mus
673 4010 766 4064 pro
795 3993 1113 4059 inﬁdelibus,
1148 4002 1202 4047 ut
1235 3993 1326 4046 tiat
1351 4008 1534 4048 eorum
1575 4005 1790 4060 natura,
1821 3994 1872 4048 id
1913 4005 1995 4051 est
2039 4004 2096 4050 ut

524 4085 764 4144 homines
796 4085 931 4149 sint;
967 4091 1059 4137 aut
1104 4092 1161 4138 ut
1196 4083 1430 4139 doctrina
1457 4084 1533 4138 eis
1565 4083 1897 4153 praedicetur,
1936 4100 2094 4155 quam

525 4177 666 4237 malo
692 4192 790 4232 suo
817 4176 1068 4243 audiunt,
1093 4175 1139 4239 si
1163 4189 1270 4239 non
1304 4175 1555 4241 credunt;
1577 4183 1633 4240 et
1662 4176 1969 4248 plerumque
2000 4194 2097 4248 pro

524 4267 603 4328 eis
631 4281 845 4322 oramus
864 4306 879 4333 ,
920 4266 1010 4336 qui
1038 4281 1158 4324 cum
1187 4265 1365 4336 legant
1392 4265 1479 4324 vel
1503 4265 1743 4333 audiant,
1772 4267 1957 4331 nolunt
1980 4282 2098 4324 cre-

525 4358 652 4420 dere
677 4377 687 4409 :
712 4356 806 4412 sed
851 4371 1063 4420 oramus
1102 4365 1159 4411 ut
1200 4358 1440 4413 voluntas
1483 4358 1802 4428 «irrigatur,
1840 4359 2094 4422 doctrina:

527 4450 909 4513 consentiatur,
943 4456 1127 4514 natura
1158 4457 1392 4516 sanetur.

602 4538 686 4593 Ui.
719 4536 963 4591 Jamvero
992 4545 1049 4589 ut
1079 4546 1416 4605 perseverent
1441 4537 1491 4589 in
1514 4551 1579 4590 eo
1607 4537 1752 4606 quod
1772 4552 1889 4592 esse
1917 4553 2096 4606 cmpe-

530 4636 674 4691 runt,
697 4627 850 4679 etiam
882 4641 975 4696 pro
1005 4641 1063 4680 se
1093 4625 1220 4694 ipsis
1243 4634 1395 4678 orant
1423 4625 1624 4680 lideles.
1650 4625 1788 4682 Utile
1807 4637 1888 4682 est
1907 4628 2100 4698 quippe

530 4717 776 4776 ontnibus
800 4716 879 4770 vel
910 4731 1042 4784 pene
1072 4716 1316 4770 omnibus
1348 4724 1560 4784 propter
1585 4715 1930 4771 humilitatem
1962 4717 2100 4770 salu-

532 4807 815 4860 berrimam
837 4845 852 4870 ,
897 4817 953 4858 ut
989 4806 1169 4873 quales
1209 4806 1368 4859 futnti
1408 4806 1541 4872 sint,
1570 4806 1706 4862 scire
1739 4821 1847 4861 non
1874 4808 2095 4875 possint.

530 4899 611 4970 Ad
653 4898 752 4954 hoc
778 4897 1002 4952 dicitur:
1033 4896 1131 4966 Qui
1158 4897 1352 4949 videtur
1377 4908 1539 4964 stare,
1570 4896 1731 4950 videat
1769 4913 1832 4951 ne
1866 4897 2013 4952 cadat
2040 4898 2100 4970 (Ι

528 4993 651 5062 (lor.
686 5010 738 5054 κ,
773 4994 876 5062 i2).
903 4993 1129 5059 Propter
1153 4990 1310 5059 hujus
1340 4990 1548 5044 timoris
1578 4989 1882 5053 utilitatem,
1920 5004 1986 5042 ne
2019 5004 2102 5043 re-

527 5085 768 5155 generati
799 5091 852 5140 ct
864 5083 950 5152 pie
975 5085 1156 5149 vivere
1180 5081 1516 5153 incipientes,
1535 5089 1787 5149 tanqu-im
1805 5079 1977 5134 securi
1995 5079 2100 5134 alta

528 5173 828 5246 sapiamus,
851 5173 1071 5245 quidam
1106 5187 1210 5239 non
1242 5169 1636 5240 perseveraturi
1675 5169 2100 5238 perseveratur-is

528 5263 622 5334 Dei
648 5262 1000 5330 permissione
1024 5261 1114 5331 vel
1150 5262 1458 5332 provisione
1498 5276 1562 5313 ac
1611 5257 1959 5327 dispositione
1999 5257 2102 5326 mi-

529 5357 780 5421 scentur;
805 5349 998 5421 quibus
1023 5347 1340 5414 cadentibus
1359 5347 1530 5402 territi
1557 5361 1680 5400 cum
1704 5346 1896 5400 timore
1923 5353 1977 5398 et
1995 5353 2102 5399 tre-

528 5455 680 5513 more
733 5439 1040 5513 gradiantur
1074 5437 1217 5508 viam
1266 5437 1488 5506 justam,
1521 5437 1689 5490 donec
1729 5450 1795 5508 ex
1821 5434 1923 5489 hac
1965 5442 2094 5506 Vita,

529 5548 647 5600 qua:
670 5531 891 5585 tentatio
929 5539 1009 5587 est
1037 5544 1199 5598 super
1237 5537 1436 5584 terram
1463 5526 1604 5598 (Job.
1627 5542 1725 5590 vn,
1757 5524 1833 5595 1),
1860 5533 2102 5580 transea-

533 5639 649 5676 Inus
676 5624 740 5678 ad
755 5622 934 5687 aliam,
953 5621 1043 5677 ubi
1053 5620 1164 5689 jam
1184 5635 1286 5675 non
1301 5619 1370 5674 sit
1384 5617 1545 5673 elatio
1559 5616 1979 5685 comprimenda,
1999 5630 2098 5685 nec

532 5724 714 5768 contra
755 5716 869 5782 ejus
905 5714 1274 5784 suggestioncs
1299 5711 1729 5778 tentationesque
1761 5709 2097 5784 luctandum.

1768 349 1824 404 s.
1866 341 2222 402 AUGUSTI)“
2261 301 2559 398 EPISCOPI

3659 337 3766 394 986

2262 458 2345 511 15.
2371 456 2476 511 Sed
2502 456 2569 511 de
2597 453 2695 510 hac
2721 468 2799 522 re,
2829 453 2880 509 id
2905 461 3007 520 est,
3033 467 3128 508 cur
3150 451 3358 524 quidam
3383 467 3488 508 non
3513 457 3764 524 perman—

2189 548 2296 600 snri
2335 549 2386 602 in
2423 547 2527 602 [ide
2551 555 2604 601 et
2629 547 2906 600 sanctitate
2932 545 3249 612 christiana,
3283 554 3460 598 tamen
3499 544 3768 612 accipiant

2188 637 2253 690 ad
2286 647 2490 707 tempus
2526 636 2663 690 hanc
2686 637 2939 706 gratiam,
2981 644 3034 689 et
3069 634 3399 689 dimittantur
3442 632 3530 688 hic
3576 633 3764 688 vivere

2187 725 2359 780 donec
2383 726 2600 792 cadant,
2628 740 2746 780 cum
2783 725 2989 804 possint
3016 725 3127 794 rapi
3155 724 3223 778 de
3256 724 3354 777 hac
3385 724 3517 787 vita,
3540 738 3612 776 ne
3640 736 3760 775 ma-

2189 816 2300 871 lilia
2319 825 2486 880 mutet
2513 817 2832 871 inteliectum
2863 829 3068 877 eorum,
3096 813 3237 884 quod
3265 814 3333 868 de
3359 822 3546 869 sancto
3572 813 3760 866 imma-

2188 915 2305 960 tura
2342 917 2496 963 {etate
2523 908 2774 964 defuncto
2806 906 3058 975 scriptum
3088 914 3169 960 est
3211 906 3263 959 in
3304 907 3437 960 libro
3473 905 3759 975 Sapientia;

2189 996 2434 1068 (Snp.tv,
2466 997 2588 1071 Ii);
2619 1004 2821 1068 quaerat
2842 997 3062 1067 quisque
3078 1005 3136 1051 ut
3159 996 3421 1065 potuerit,
3449 995 3574 1050 etsi
3602 996 3757 1050 inve~

2189 1089 2324 1141 nerit
2355 1096 2543 1156 prmter
2571 1087 2706 1141 hanc
2732 1102 2852 1156 qua:
2875 1101 2906 1138 a
2931 1102 3015 1140 me
3034 1085 3236 1140 reddita
3251 1093 3354 1152 est,
3375 1084 3532 1138 aliam
3563 1084 3761 1154 proba-

2188 1176 2346 1231 bilem
2373 1178 2628 1232 rationem
2652 1218 2666 1241 ,
2697 1192 2725 1229 a
2759 1163 2926 1231 recta:
2955 1175 3076 1230 ﬁdei
3108 1175 3286 1245 reguia
3324 1190 3430 1230 non
3467 1175 3725 1230 recedens
3744 1217 3758 1239 ,

2189 1275 2364 1321 teneat
2391 1283 2507 1322 eam
2531 1308 2545 1334 ,
2578 1276 2634 1322 et
2659 1281 2757 1336 ego
2781 1281 2901 1321 cum
2927 1265 3038 1330 illo,
3070 1266 3113 1320 si
3149 1280 3235 1320 me
3261 1280 3365 1319 non
3391 1265 3638 1319 latuerit:
3666 1280 3759 1320 ve-

2187 1366 2486 1411 rumtamen
2514 1357 2564 1409 in
2591 1356 2734 1426 quod
2761 1355 3117 1424 pervenimus,
3147 1355 3202 1408 in
3224 1369 3290 1409 eo
3308 1353 3639 1410 ambulemus
3665 1354 3764 1408 do»

2191 1461 2289 1500 nec
2328 1446 2479 1501 nobis
2505 1446 2645 1500 Deus
2683 1445 2912 1510 revelet,
2941 1445 2983 1499 si
3005 1443 3130 1514 quid
3154 1445 3307 1498 aliter
3329 1443 3562 1512 sapimus
3581 1483 3597 1508 ,
3625 1443 3766 1497 sicut

2187 1537 2488 1605 apostolicis
2517 1536 2731 1591 Litteris
2758 1535 3104 1590 admonemur
3125 1533 3379 1604 (Philipp.
3404 1549 3494 1596 ιιι,
3525 1534 3615 1600 15,
3646 1533 3762 1605 16).

2187 1627 2737 1682 Pervenimus‘autem
2779 1626 2833 1680 in
2867 1641 2928 1680 ea
2959 1641 3076 1695 quae
3104 1624 3170 1679 ad
3197 1624 3354 1679 [idem
3382 1639 3561 1680 veram
3587 1631 3644 1679 et
3670 1639 3764 1679 ea.

2188 1721 2435 1775 tholieam
2474 1720 2741 1789 pertinere
2787 1717 3086 1772 ﬁrmissime
3115 1717 3344 1780 scimus,
3379 1716 3432 1770 in
3455 1714 3652 1785 quibus
3691 1716 3764 1769 ita

2187 1811 2340 1866 nobis
2382 1810 2758 1866 ambulandum
2801 1818 2917 1869 est,
2957 1807 3244 1877 adjuvante
3285 1807 3376 1868 illo
3402 1814 3560 1876 atque
3602 1806 3767 1861 miser

2188 1911 2360 1967 rante,
2389 1901 2472 1956 cui
2496 1899 2742 1965 dicimus,
2775 1897 2950 1952 Deduc
2975 1913 3088 1963 me,
3116 1896 3358 1962 Domine,
3383 1897 3435 1950 in
3462 1897 3541 1950 οἱα
3566 1905 3654 1949 tua
3672 1936 3689 1960 ,
3720 1904 3767 1948 α

2187 1991 2451 2044 ambulabo
2478 1991 2532 2044 in
2560 1990 2764 2043 veritate
2788 1998 2873 2042 tua
2899 1986 3083 2056 (Psal.
3125 1981 3320 2053 pinv,
3355 1984 3475 2056 il),
3509 1995 3568 2041 ut
3595 1986 3663 2040 ab
3688 1987 3769 2040 eis

2189 2080 2333 2135 nullo
2353 2080 2512 2136 modo
2535 2079 2828 2133 deviemus.

2431 2194 2668 2231 πωπω
2701 2193 2968 2230 smmum
2997 2192 3183 2229 οοιιιτιιΔ
3214 2191 3516 2228 “Lm.

2258 2267 2485 2322 CAPUT
2518 2265 2780 2319 V.—i6.
2818 2263 3075 2329 Quoniam
3119 2277 3252 2331 ergo
3291 2263 3516 2332 propitio
3553 2262 3788 2317 Christo

2189 2357 2472 2413 Christiani
2509 2356 2751 2411 catholici
2777 2369 2962 2410 sumus
2989 2372 3001 2406 :
3032 2354 3086 2408 1⁸
3117 2352 3329 2408 Scimus
3352 2353 3590 2408 nondum
3614 2363 3770 2408 natos

2189 2449 2319 2502 nihil
2348 2448 2519 2517 egisse
2545 2447 2596 2500 in
2621 2446 2722 2499 vita
2754 2445 2966 2514 propria
2996 2442 3118 2498 boni
3145 2457 3240 2498 seu
3263 2443 3416 2508 mali,
3445 2457 3544 2496 nec
3571 2457 3769 2497 secun-

2189 2539 2320 2592 dum
2344 2539 2530 2592 marita
2563 2536 2754 2605 prioris
2784 2535 3008 2605 alicujus
3035 2533 3188 2598 vitae,
3218 2549 3374 2603 quam
3406 2533 3600 2588 nullam
3642 2550 3770 2603 pro-

2192 2631 2356 2700 priam
2380 2630 2396 2660 ί
2424 2628 2615 2699 singuli
2637 2626 2833 2682 habere
2853 2633 3159 2696 potuerunt,
3189 2625 3240 2680 in
3265 2625 3427 2696 hujus
3449 2625 3567 2678 vita:
3588 2625 3773 2679 venire

2191 2720 2466 2774 miserias:
2494 2718 2586 2774 sed
2618 2725 2793 2773 tamen
2823 2717 3113 2772 secundum
3153 2717 3322 2771 Adam
3362 2715 3649 2770 carnaliter
3672 2732 3771 2770 na.-

2192 2819 2279 2865 tos
2313 2808 2615 2879 contagium
2661 2809 2848 2863 mortis
2887 2807 3119 2878 antiqua:
3150 2808 3316 2878 prima
3344 2807 3617 2861 nativitate
3641 2821 3774 2862 con-

2193 2902 2426 2968 trahere,
2453 2916 2552 2957 nec
2580 2900 2792 2956 liberari
2811 2914 2840 2952 a
2870 2899 3130 2968 supplicio
3155 2899 3345 2954 mortis
3367 2905 3604 2962 mternaa,
3628 2898 3772 2966 quod

2194 2991 2358 3045 trahit
2385 3007 2451 3045 ex
2478 3006 2587 3045 uno
2612 2991 2664 3044 in
2691 3004 2876 3045 omnes
2903 2989 3166 3044 transiens
3183 2988 3325 3058 justa
3354 2987 3645 3051 damnatio,
3669 2988 3774 3042 nisi

2195 3098 2287 3150 per
2309 3081 2529 3151 gratiam
2551 3089 2896 3136 renascantur
2920 3081 2972 3134 in
2997 3077 3230 3134 Christe.
3253 3108 3324 3118 —
3340 3077 3398 3131 2°
3419 3078 3628 3134 Scimus
3653 3094 3778 3149 gra-

2133 3198 2138 3202 -
2195 3174 2318 3227 tiam
2343 3173 2432 3227 Dei
2462 3187 2560 3228 nec
2583 3172 2817 3242 parvulis
2845 3186 2952 3227 nec
2965 3171 3256 3240 majoribus
3273 3171 3562 3226 secundum
3584 3172 3775 3227 merita

2193 3273 2374 3319 nostra
2401 3264 2535 3318 dari.
2553 3264 2694 3318 —5°
2716 3263 2928 3318 Scimus
2953 3262 3241 3332 majoribus
3268 3262 3334 3316 ad
3365 3263 3602 3331 singulos
3627 3271 3779 3316 actus

2194 3356 2463 3411 dari.—4°
2479 3355 2688 3411 Scimus
2711 3371 2814 3410 non
2843 3356 3087 3409 omnibus
3109 3353 3412 3410 hominibus
3426 3353 3564 3419 dari,
3586 3363 3640 3408 et
3660 3355 3780 3422 qui-

2196 3446 2294 3502 bus
2323 3447 2494 3512 datur,
2538 3461 2646 3500 non
2687 3446 2858 3500 solum
2887 3443 3174 3500 secundum
3204 3444 3392 3499 merita
3419 3457 3641 3512 operum
3670 3460 3778 3499 non

2196 3538 2329 3600 dari,
2353 3537 2446 3591 sed
2477 3552 2576 3590 nec
2599 3536 2888 3591 secundum
2919 3535 3107 3588 merita
3133 3534 3419 3589 voluntatis
3447 3549 3630 3587 eorum
3660 3535 3780 3602 qni-

2196 3626 2298 3683 hus
2321 3629 2474 3682 datur
2498 3646 2511 3681 :
2533 3627 2672 3697 quod
2694 3628 2920 3682 maxime
2939 3635 3156 3696 apparet
3180 3627 3230 3679 in
3251 3626 3639 3696 parvulis—5°
3658 3627 3778 3680 Sci-

2198 3735 2317 3774 mus
2358 3719 2435 3775 eis
2459 3720 2650 3788 quibus
2671 3719 2846 3784 datur,
2873 3716 3234 3772 misericordia
3264 3717 3355 3772 Dei
3385 3718 3611 3786 gratuita
3640 3717 3778 3771 dari.

2196 3810 2324 3864 —(i"
2347 3810 2553 3864 Scimus
2572 3811 2650 3863 eis
2664 3809 2851 3879 quibus
2873 3823 2976 3863 non
2993 3808 3168 3871 datur,
3183 3807 3328 3877 justo
3343 3808 3545 3877 judicio
3559 3809 3653 3864 Dei
3674 3826 3779 3864 non

2198 3900 2466 3955 dari..—-7°
2493 3899 2702 3955 Scimus
2731 3898 2871 3969 quod
2897 3913 3084 3954 omnes
3105 3899 3392 3954 astabimus
3407 3907 3532 3954 ante
3549 3901 3779 3955 tribunal

2198 3989 2431 4056 Christi,
2465 4000 2521 4045 ut
2549 3990 2685 4046 ferat
2722 3990 3082 4060 unusquisque
3121 3989 3411 4052 secundum
3443 4005 3508 4044 ea
3535 4006 3655 4059 quze
3680 4005 3780 4059 per

2201 4096 2395 4151 corpus
2421 4083 2608 4151 gessit,
2637 4098 2744 4138 non
2770 4081 3058 4138 secundum
3087 4096 3150 4136 ea
3175 4096 3313 4151 qum,
3341 4080 3392 4138 si
3412 4080 3614 4137 diutius
3636 4081 3780 4136 vive-

2200 4181 2559 4242 ret,gesturus
2578 4173 2695 4241 fuit,
2713 4174 2834 4228 sive.
2848 4174 3043 4228 bonum
3070 4173 3181 4229 sive
3203 4173 3555 4230 malum—8°
3570 4173 3781 4229 Scimus

2201 4263 2361 4318 etiam
2405 4265 2656 4331 parvulos
2693 4263 2980 4324 secundum
3010 4278 3071 4318 ea
3096 4278 3215 4332 qua:
3244 4278 3339 4332 per
3375 4278 3572 4332 corpus
3595 4278 3781 4333 gesse-

2204 4365 2360 4418 runt,
2389 4365 2697 4424 recepturos
2737 4356 2825 4410 vel
2859 4357 3054 4410 bonum
3097 4355 3181 4410 vel
3224 4355 3443 4410 malum.
3489 4356 3783 4414 Cesserunt

2203 4453 2375 4499 autem
2419 4460 2524 4499 non
2571 4460 2665 4514 per
2705 4445 2942 4514 seipsos,
2968 4444 3061 4501 sed
3094 4461 3188 4514 per
3212 4459 3306 4504 eos
3333 4445 3524 4515 quibus
3554 4462 3653 4516 pro
3679 4447 3784 4501 illis

2205 4534 2645 4603 respondentibus
2671 4535 3056 4610 egrenuntiare
3080 4534 3294 4600 diabolo
3321 4536 3567 4591 dicuntur
3585 4547 3642 4591 et
3666 4553 3785 4593 cre-

2204 4624 2332 4684 dere
2359 4627 2411 4679 in
2444 4627 2606 4688 Deum
2628 4643 2644 4692 ;
2666 4627 2807 4692 unde
2840 4637 2895 4680 et
2936 4627 2988 4681 in
3023 4642 3244 4682 numero
3287 4627 3518 4696 ﬁdelium
3563 4643 3784 4698 compu-

2207 4725 2408 4782 tantur,
2441 4716 2767 4787 pertinentes
2809 4717 2874 4771 ad
2918 4717 3234 4778 sententiam
3265 4718 3471 4774 Domini
3507 4719 3736 4777 dicentis
3768 4737 3780 4773 :

2208 4808 2305 4873 Qui
2329 4807 2595 4863 crediderit
2624 4818 2670 4862 et
2694 4808 2976 4879 baptizatus
3001 4809 3183 4880 fuerit,
3207 4808 3376 4867 salvus
3403 4810 3515 4863 erit.
3560 4811 3785 4880 Propter

2205 4899 2342 4968 quod
2391 4905 2446 4952 et
2487 4898 2591 4952 illis
2629 4898 2717 4968 qui
2767 4899 2867 4953 hoc
2911 4898 3311 4965 Sacramentum
3338 4915 3443 4954 non
3472 4901 3782 4970 accipiunt,

2206 4989 2462 5058 contingit
2503 4979 2645 5058 quod
2692 4988 2966 5058 sequitur:
3001 4988 3101 5054 Qui
3127 4997 3293 5042 autem
3335 5005 3436 5042 non
3479 4991 3780 5058 crediderit,

2205 5081 2616 5148 condemnapitur
2645 5080 2982 5153 (Marc._xvt,
3029 5081 3138 5150 16).
3182 5079 3337 5136 Unde
3381 5090 3436 5136 et
3480 5081 3616 5151 ipsi,
3648 5084 3784 5138 sicut

2207 5173 2334 5238 dixi,
2367 5172 2492 5235 siin
2543 5173 2631 5226 illa
2665 5187 2819 5241 parva
2850 5180 3006 5227 :etate
3028 5171 3346 5236 moriuntur,
3378 5172 3558 5242 utique
3590 5186 3784 5226 secun-

2207 5263 2332 5318 dum
2361 5277 2421 5316 ea
2447 5278 2564 5332 qua:
2590 5277 2684 5332 per
2704 5276 2895 5332 corpus
2921 5268 3221 5332 gesserunt,
3246 5261 3295 5315 id
3320 5271 3399 5316 est
3420 5269 3662 5332 tempore
3680 5277 3786 5332 quo

2210 5355 2260 5408 in
2289 5368 2510 5421 corpore
2545 5352 2790 5422 hiertmt,
2821 5351 3030 5421 quando
3061 5367 3154 5421 per
3181 5351 3341 5418 corda
3366 5361 3421 5406 et
3445 5367 3540 5407 ora
3565 5361 3785 5422 gestan-

2212 5445 2337 5497 timu
2368 5442 2705 5498 crediderunt
2727 5444 2807 5496 vel
2835 5457 2938 5496 non
2971 5441 3340 5510 crediderunt,
3367 5443 3580 5520 quando
3607 5445 3771 5514 bapti-

2211 5536 2309 5602 zati
2351 5537 2431 5588 vel
2468 5553 2572 5589 non
2618 5535 2863 5604 baptizati
2889 5545 3044 5606 sunt,
3071 5535 3286 5607 quando
3327 5551 3540 5600 carnem
3587 5536 3783 5591 Christi

2277 5667 2290 5696 ¹
2318 5667 2388 5715 sic
2408 5673 2513 5714 Mss.
2534 5666 2633 5716 duo
2654 5668 2796 5718 vatio.
2818 5666 3037 5718 etGallic.
3063 5681 3251 5725 omnes,
3275 5681 3463 5719 necnon
3483 5667 3593 5718 uad.
3618 5676 3671 5720 et
3689 5677 3770 5718 Am

2217 5736 2274 5792 at
2293 5735 2363 5795 tLr.
2392 5736 2439 5777 ct
2458 5735 2562 5778 Lov.
2591 5729 2784 5795 habent,
2813 5743 2921 5798 qua;
2942 5729 3072 5796 uultu
3097 5729 3307 5792 orantia.
