4120 6358
381 256 486 317 98⁵5

379 463 691 533 sanguinem
716 463 960 519 biberunt
984 464 1066 519 vel
1097 479 1200 518 non
1233 463 1507 529 biberunt;
1536 464 1825 518 secundum
1846 462 1961 517 lucc

376 571 506 627 ergo
543 573 664 628 qua:
705 573 800 628 per
835 571 1026 628 corpus
1061 567 1368 629 gesserunt,
1417 573 1522 613 non
1567 557 1853 612 secundum
1898 571 1960 610 ea

376 663 517 718 quin,
540 649 585 703 si
610 649 700 705 diu
727 648 814 710 hic
841 650 1113 712 viverent,
1140 649 1339 720 gesturi
1370 649 1610 715 fuerant,
1633 647 1956 716 iudicantur.

374 769 446 779 —-—
465 739 523 794 9°
544 741 752 797 Scimus
779 743 960 798 felices
985 758 1103 798 esse
1133 753 1370 797 mortuos
1391 743 1476 812 qui
1511 742 1561 794 in
1593 741 1818 798 Domino
1846 757 1955 794 111οο

373 832 604 901 riuntur,
629 849 729 890 1100
754 834 820 890 ad
845 850 940 892 eos
965 837 1227 905 pertinere
1243 835 1496 907 quidquid
1517 835 1684 894 acturi
1718 834 1919 891 fuerant
1939 876 1954 894 ,

373 924 418 984 si
442 933 681 994 tempore
713 925 1047 982 diuturniore
1063 926 1504 982 vixissenL—lO"
1527 925 1736 983 Scimus
1753 941 1846 980 eos
1868 927 1954 994 qui

371 1016 533 1072 corde
555 1019 771 1088 proprio
799 1020 1025 1076 credunt
1053 1022 1106 1075 in
1135 1021 1436 1088 Dominum,
1460 1036 1553 1076 sua
1582 1021 1633 1075 id
1661 1021 1837 1076 facere
1857 1037 1953 1075 vo-

373 1106 572 1163 luntate
589 1124 653 1166 ac
669 1109 835 1165 libero
860 1111 1098 1172 arbitrio.
1123 1143 1194 1152 —
1212 1115 1234 1166 l
1250 1113 1301 1168 l°
1323 1114 1535 1168 Scimus
1553 1127 1648 1181 pro
1665 1113 1742 1168 eis
1757 1113 1846 1182 qui
1863 1130 1956 1166 no-

341 1198 488 1282 110111
512 1201 754 1270 credere,
784 1218 881 1258 nos
907 1205 995 1273 qui
1019 1204 1128 1272 jam
1159 1204 1446 1269 credimus,
1476 1214 1616 1259 recta
1647 1203 1748 1263 [ide
1772 1219 1951 1274 agere,

341 1285 345 1288 ’
369 1304 490 1344 00111
513 1292 676 1348 Deum
697 1309 913 1350 oramus
932 1305 990 1351 ut
1007 1297 1190 1351 velint.
1216 1296 1396 1352 -12⁰
1422 1297 1630 1351 Scimus
1657 1312 1750 1364 pro
1768 1296 1844 1350 eis
1865 1298 1951 1366 qui

367 1393 435 1438 ex
460 1382 563 1438 illis
582 1384 940 1452 crediderunt,
959 1397 1209 1458 tanquam
1229 1388 1295 1444 de
1319 1389 1609 1454 beneficiis,
1633 1397 1778 1442 recte
1797 1397 1953 1457 atque

367 1477 632 1532 veraciter
653 1487 706 1532 et
726 1478 922 1535 debere
947 1495 1044 1535 nos
1060 1481 1169 1536 Deo
1189 1496 1346 1552 agere
1364 1481 1583 1551 gratias,
1611 1489 1664 1534 et
1686 1481 1877 1534 solere.

443 1567 529 1620 l7.
573 1567 930 1640 Recognoscis
964 1586 1081 1638 me,
1111 1580 1165 1626 ut
1193 1581 1346 1641 puto,
1379 1573 1430 1626 in
1459 1573 1522 1626 iis
1547 1587 1664 1640 qua:
1690 1586 1786 1625 nos
1816 1570 1951 1627 scire

368 1655 496 1719 dixi,
514 1674 619 1713 non
631 1663 806 1716 omnia
825 1676 942 1730 qum
954 1662 1020 1716 ad
1037 1662 1191 1718 fidem
1206 1664 1518 1723 catholicam
1537 1663 1796 1732 pertinent
1807 1676 1953 1715 com-

367 1745 930 1820 metnorareyOIuisse,
946 1753 1040 1808 sed
1055 1767 1116 1808 ea
1134 1761 1338 1813 tantum
1353 1769 1471 1823 qua:
1482 1752 1547 1808 ad
1561 1754 1732 1820 istam,
1750 1767 1868 1822 qum
1881 1751 1954 1804 ius

366 1847 447 1902 ter
467 1855 565 1895 nos
583 1841 776 1912 agitur,
791 1843 858 1899 de
873 1844 964 1900 Dei
977 1845 1143 1915 gratia
1168 1837 1538 1916 quaestionem,
1557 1853 1729 1899 utruzn
1752 1859 1949 1913 pra-cc-

363 1932 454 1984 dat
483 1931 597 1988 hzec
629 1936 795 2006 gratia
819 1978 833 2001 ,
859 1952 926 1992 an
955 1937 1308 2009 subsequatur
1334 1938 1566 1994 hominis
1587 1939 1948 2004 voluntatem;

365 2022 466 2080 hoc
482 2032 585 2092 est,
617 2035 676 2081 ut
692 2028 900 2098 planius
928 2029 981 2085 id
1007 2031 1244 2101 eloquar,
1260 2042 1436 2086 utrum
1457 2031 1577 2087 ideo
1598 2032 1750 2087 nobis
1768 2031 1946 2096 detur,

363 2114 486 2182 quia
517 2116 760 2172 volumus
780 2160 794 2181 ,
829 2134 895 2174 an
925 2135 1022 2190 per
1050 2121 1214 2191 ipsam
1243 2122 1386 2178 Deus
1423 2124 1580 2178 etiam
1619 2123 1719 2178 hoc
1754 2123 1952 2178 efliciat

363 2219 421 2264 ut
450 2210 691 2265 velimus.
740 2211 796 2268 Si
835 2228 963 2285 ergo
1002 2215 1131 2270 istas
1158 2215 1436 2272 duodecim
1468 2217 1788 2284 sententias,
1819 2234 1949 2288 quas

363 2315 466 2357 nos
491 2301 596 2354 dixi
623 2302 762 2358 scire
786 2303 850 2358 ad
883 2304 1042 2360 fidem
1083 2317 1281 2361 rectam
1330 2314 1385 2363 et
1423 2308 1738 2364 catholicam
1784 2310 1949 2378 perti-

365 2406 511 2458 tta-re,
543 2393 702 2448 etiam
731 2402 784 2448 tu
805 2436 820 2462 ,
848 2393 1031 2463 frater,
1064 2396 1340 2454 nobiseum
1372 2406 1541 2463 tenes,
1569 2414 1670 2470 ago
1697 2401 1805 2456 Deo
1830 2415 1951 2470 gra-

363 2484 496 2547 tias;
528 2500 660 2554 quas
701 2488 940 2556 profecto
965 2503 1070 2544 non
1095 2490 1358 2548 veraciter
1381 2505 1592 2561 agerem
1609 2531 1624 2556 ,
1653 2491 1755 2547 nisi
1783 2492 1947 2562 gratia

365 2573 456 2636 Dei
485 2575 635 2630 iierct
665 2586 720 2632 ut
745 2585 974 2634 teneres.
1002 2579 1133 2646 Quae
1162 2580 1254 2636 tibi
1283 2583 1481 2637 tenenti
1507 2583 1711 2638 nullum
1732 2583 1950 2638 omnino

361 2675 599 2720 remanet
632 2668 904 2725 nobiscum
933 2670 1000 2725 de
1022 2670 1121 2728 hac
1143 2673 1436 2742 quaestione
1462 2683 1754 2730 certamen.

433 2758 660 2814 CAPUT
704 2761 788 2816 Vl.
811 2793 880 2801 ——
903 2764 988 2818 18.
1018 2763 1088 2820 Ut
1114 2766 1255 2820 enim
1285 2765 1471 2820 eadem
1499 2767 1778 2822 duodecim
1801 2767 1947 2826 brevi

362 2850 695 2916 expositione
723 2867 1024 2922 percurram
1053 2856 1356 2925 :quomodo
1380 2857 1671 2914 voluntatis
1702 2859 1949 2914 humana:

365 2940 614 2994 meritum
656 2943 896 3012 sequitur
935 2944 1138 3012 gratia;
1168 2960 1288 3000 cum
1315 2946 1470 3002 detur
1493 2956 1547 3003 et
1571 2949 1835 3018 parvulis,
1858 2952 1949 3020 qui

365 3031 468 3088 hoc
495 3032 727 3087 nondum
769 3045 992 3103 possunt
1021 3037 1158 3091 velle
1193 3053 1285 3093 seu
1315 3039 1492 3094 nolle?
1519 3041 1795 3108 Quomodo
1823 3057 1948 3112 gra-

363 3123 488 3175 tiam
519 3123 603 3176 vel
634 3124 686 3178 in
716 3126 1004 3196 majoribus
1035 3127 1283 3182 dicuntur
1311 3130 1610 3198 prteccdere
1639 3132 1824 3186 merita
1853 3149 1949 3188 vo-

363 3217 616 3283 luntatis;
646 3219 688 3272 si
716 3221 882 3289 gratia
905 3262 919 3285 ,
949 3229 1007 3275 ut
1035 3237 1158 3275 vera
1186 3223 1254 3276 sit
1280 3224 1446 3292 gratia
1469 3265 1482 3280 .
1517 3240 1624 3278 non
1655 3224 1947 3278 secundum

362 3312 548 3364 merita
606 3324 784 3367 nostra
829 3313 1023 3367 datur?
1061 3314 1229 3380 Quam
1277 3317 1592 3371 sententiam
1633 3317 1948 3372 catholicam

361 3404 603 3474 Pelagius
633 3406 758 3475 ipse
785 3407 862 3462 sic
889 3407 1092 3471 timuit,
1123 3418 1182 3462 ut
1227 3424 1320 3462 eos
1369 3410 1456 3478 qui
1509 3410 1688 3465 dicunt
1726 3411 1948 3479 gratiam

361 3495 456 3550 Dei
497 3495 787 3551 secundum
835 3499 1018 3552 merita
1070 3510 1250 3553 nostra
1291 3500 1438 3564 dari,
1467 3501 1582 3554 sine
1621 3501 1949 3557 dubitatione

360 3587 682 3654 damnaret,
739 3606 806 3644 ne
854 3604 882 3642 a
930 3589 1202 3644 catholicis
1259 3591 1522 3659 judicilius
1583 3592 1945 3648 damnaretur.

361 3679 638 3746 Quomodo
684 3680 876 3735 dicitur
924 3683 1089 3752 gratia
1149 3682 1238 3737 Dei
1296 3685 1346 3737 in
1400 3694 1586 3739 natura
1635 3699 1755 3739 esse
1798 3685 1946 3740 liberi

361 3772 564 3826 arbitrii
613 3773 694 3828 vel
745 3775 794 3828 in
845 3775 958 3844 lege
1010 3783 1168 3844 atque
1207 3775 1479 3838 doctrina;
1525 3792 1644 3830 cum
1691 3785 1748 3830 et
1796 3777 1946 3830 istam

362 3865 676 3919 sententiam
709 3866 950 3935 Pelagius
993 3867 1106 3936 ipse
1148 3867 1509 3934 damnaverit,
1554 3869 1738 3938 procul
1787 3868 1948 3922 dubio

360 3957 624 4012 confitens
665 3959 885 4028 gratiam
912 3959 1001 4012 Dei
1030 3960 1092 4013 ad
1123 3961 1356 4029 singulos
1392 3968 1540 4013 actus
1565 3961 1711 4023 dari,
1745 3961 1822 4014 eis
1850 3959 1948 4013 uti-

360 4065 464 4120 que
488 4052 574 4121 qui
597 4051 705 4119 jam
737 4052 904 4106 libero
933 4051 1152 4108 arbitrio
1180 4054 1435 4106 utuntur?

434 4143 518 4197 19.
561 4143 839 4208 Quomodo
869 4144 1064 4198 dicitur
1106 4161 1292 4200 omnes
1336 4146 1576 4201 homines
1620 4161 1735 4199 caui
1785 4147 1947 4202 fuisse

357 4243 700 4304 accepturos,
729 4235 771 4290 si
801 4251 905 4289 non
940 4237 1010 4290 illi
1040 4225 1233 4306 quibus
1263 4253 1366 4290 non
1395 4237 1653 4302 donatur,
1695 4253 1811 4292 eam
1851 4253 1944 4292 sua

360 4327 636 4381 voluntate
663 4337 1002 4396 respuerent,
1029 4330 1276 4398 quoniam
1315 4326 1452 4382 Deus
1497 4329 1600 4381 vult
1643 4345 1815 4382 omnes
1855 4329 1945 4381 Ito-

358 4421 516 4473 miucs
538 4419 702 4473 salvos
731 4419 846 4487 ﬁeri
873 4418 915 4487 (l
948 4417 1083 4472 Tim.
1117 4435 1174 4484 11,
1198 4418 1287 4489 4);
1317 4434 1435 4473 011111
1459 4419 1639 4473 multis
1664 4435 1765 4473 nun
1789 4419 1946 4473 detur

359 4508 615 4578 parvulis,
642 4517 696 4562 et
725 4509 839 4563 sine
870 4509 957 4562 illa
990 4509 1232 4578 plerique
1253 4509 1563 4572 moriantur,
1595 4509 1681 4578 qui
1712 4525 1814 4563 non
1844 4507 1942 4563 ha-

358 4601 485 4656 bent
509 4601 830 4656 contrariam
860 4602 1205 4663 voluntalem,
1230 4609 1282 4656 et
1307 4600 1589 4670 aliquando
1609 4599 1943 4669 cupientibus

358 4693 839 4763 festinantibusque
867 4693 1194 4764 parentibus,
1230 4693 1484 4747 ministris
1513 4707 1723 4762 quoque
1754 4692 1942 4746 volen-

357 4785 498 4840 tibus
521 4801 582 4841 ac
610 4787 830 4855 paratis,
861 4769 970 4840 Deo
999 4787 1210 4840 nolente
1233 4800 1337 4839 non
1365 4784 1536 4848 detur,
1557 4798 1675 4838 cum
1697 4792 1938 4854 repente,

355 4887 637 4948 antequam
683 4877 859 4941 detur,
903 4878 1172 4946 exspirat,
1210 4891 1308 4947 pro
1349 4891 1483 4946 quo,
1533 4884 1590 4929 ut
1635 4876 1936 4944 acciperet.

353 4951 704 5024 currebatur?
731 4968 888 5024 Unde
927 4968 1259 5023 manifestum
1290 4952 1492 5024 est'cos
1518 4968 1605 5037 qui
1646 4967 1767 5022 huic
1805 4968 1939 5022 resi-

354 5071 500 5116 stunt
531 5069 636 5115 tam
666 5061 960 5132 perspicuze
984 5059 1222 5125 veritati,
1253 5074 1356 5114 11011
1393 5060 1684 5129 intelligere
1721 5060 1940 5114 omnino

352 5168 456 5221 qua
482 5152 750 5208 locutione
771 5143 838 5207 sit
861 5151 1060 5206 dictum
1083 5150 1221 5221 quod
1243 5167 1412 5205 omnes
1432 5151 1657 5205 homines
1677 5155 1780 5205 vult
1803 5152 1940 5206 Deus

351 5246 518 5299 salvos
532 5247 642 5314 ﬁeri
659 5263 678 5312 ;
694 5261 814 5300 011111
836 5255 940 5298 tam
960 5245 1110 5300 multi
1128 5243 1257 5298 salvi
1276 5259 1383 5298 11011
1401 5243 1546 5309 fiant,
1561 5258 1665 5298 non
1680 5246 1797 5313 quia
1815 5246 1934 5314 ipsi,

353 5338 445 5392 sed
460 5336 577 5408 quia
594 5339 732 5394 Deus
744 5355 846 5392 non
864 5337 994 5404 vult,
1009 5337 1150 5406 quod
1167 5337 1280 5392 sine
1293 5335 1395 5390 ulla
1410 5335 1633 5405 caligine
1646 5336 1939 5391 manifesta-

354 5439 441 5484 tur
462 5430 511 5483 in
532 5430 779 5499 parvulis.
810 5429 917 5485 Sed
934 5429 1071 5483 sicut
1095 5429 1223 5484 illud
1243 5428 1383 5498 quod
1413 5428 1610 5483 dictum
1627 5437 1730 5494 est,
1753 5428 1938 5484 Omnes

353 5519 404 5573 in
431 5519 629 5573 Christo
655 5519 1040 5588 viviﬁcabuntur
1064 5517 1118 5590 (l
1147 5516 1264 5573 Cor.
1284 5534 1372 5585 xv,
1390 5517 1507 5588 2‘2),
1526 5533 1644 5572 eum
1665 5525 1769 5571 tam
1789 5518 1938 5573 multi

353 5622 550 5665 :rterna
586 5619 756 5664 morte
780 5609 1082 5678 puniantur,
1115 5607 1234 5664 ideo
1260 5607 1454 5662 dictum
1475 5616 1554 5663 est
1573 5649 1585 5671 ,
1611 5607 1729 5677 quia
1751 5621 1938 5663 omnes

355 5705 672 5774 quicumque
704 5703 859 5755 vitam
890 5708 1136 5757 teternam
1165 5701 1483 5770 percipiunt,
1512 5717 1613 5754 non
1643 5699 1939 5780 percipiunt

1578 255 2051 316 EPISTOLARUM
2089 257 2362 322 CLASSIS
2394 263 2482 324 111.

381 372 831 434 manducaverunt
875 371 952 426 vel
1002 385 1105 426 non
1151 370 1637 438 manducaverunt,
1667 372 1879 442 quando
1911 380 1964 426 et

3547 281 3648 345 985

2070 376 2170 429 nisi
2201 377 2250 431 in
2275 377 2522 435 Christo:
2548 380 2618 436 ita
2643 381 2783 452 quod
2814 382 3010 439 dictum
3054 392 3164 448 051.
3212 401 3381 443 omnes
3423 391 3650 452 homines

2070 473 2174 522 vult
2195 470 2326 524 Deus
2346 473 2508 528 salvos
2529 475 2659 544 ﬁeri,
2679 492 2797 530 cum
2817 486 2919 531 tam
2940 479 3135 536 multos
3161 481 3292 536 nolit
3319 483 3491 539 salvos
3510 487 3644 556 ﬁeri,

2071 558 2190 614 ideo
2211 562 2404 616 dictum
2423 573 2525 631 est,
2545 566 2662 636 quia
2683 583 2871 623 omnes
2886 571 2973 639 qui
2992 571 3118 625 salvi
3141 571 3291 640 fiunt,
3308 575 3405 629 nisi
3425 576 3539 646 ipso
3554 595 3649 634 vo-

2069 651 2210 707 lente
2237 662 2340 707 n‘on
2371 654 2530 721 fiunt;
2561 668 2612 711 et
2638 659 2680 713 si
2711 675 2816 728 quo
2841 662 2943 714 alio
2975 663 3134 716 modo
3179 665 3264 718 illa
3307 666 3468 721 verba
3516 685 3649 738 apo-

2066 747 2250 801 stolica
2299 749 2514 815 intelligi
2561 762 2811 819 pussunt,
2842 763 2890 807 ut
2927 764 3098 808 tamen
3141 755 3261 809 huic
3300 760 3648 829 apertissima:

2064 840 2305 904 veritati,
2337 841 2386 895 in
2418 859 2518 911 qua
2560 843 2796 898 videmus
2822 854 2925 900 tam
2959 849 3180 915 multos,
3211 849 3507 905 volentibus
3550 852 3646 904 lio-

2065 933 2314 1000 minibus,
2343 935 2434 990 sed
2470 936 2576 989 Deo
2604 937 2839 1004 nolente,
2864 938 3036 1000 salvos
3065 955 3172 1000 non
3199 939 3312 996 ﬁeri
3336 982 3350 1007 ,
3379 941 3645 1003 contraria

2064 1040 2181 1079 csse
2209 1042 2309 1078 non
2339 1027 2561 1096 possint.

2132 1114 2221 1168 ‘20.
2263 1115 2538 1182 Quomodo
2564 1126 2618 1175 ut
2642 1116 2797 1174 detur
2820 1119 2984 1188 gratia
3021 1119 3217 1182 divina,
3250 1121 3497 1181 voluntas
3526 1139 3645 1178 mc-

2060 1215 2206 1260 rctur
2231 1206 2485 1272 humana;
2514 1208 2557 1261 si
2585 1209 2662 1262 eis
2688 1209 2874 1278 quibus
2902 1210 3071 1273 datur,
3097 1212 3318 1280 gratuita
3343 1199 3644 1274 misericor-

2060 1297 2143 1351 dia
2172 1298 2346 1363 datur,
2375 1309 2430 1352 nt
2466 1316 2586 1354 vera
2613 1301 2679 1354 sit
2705 1303 2908 1371 gratia?
2934 1303 3209 1370 Quomodo
3248 1304 3297 1357 in
3332 1305 3427 1358 hac
3454 1321 3509 1360 re
3536 1321 3645 1362 mc-

2061 1389 2158 1441 rita
2208 1399 2495 1458 pensantur
2539 1391 2824 1446 voluntatis
2875 1393 3158 1460 humanm;
3214 1396 3642 1466 quandoquidem

2061 1479 2164 1533 illis
2203 1479 2395 1548 quibus
2440 1482 2606 1550 gratia
2653 1483 2748 1536 ista
2790 1470 2893 1536 non
2932 1483 3102 1549 datur,
3148 1486 3291 1540 nullo
3337 1486 3644 1556 plerumque

2059 1573 2269 1638 inci-ito,
2304 1573 2446 1633 nulla
2490 1574 2758 1632 voluntate
2801 1575 3138 1640 distantibus,
3184 1578 3276 1631 sed
3321 1595 3478 1632 unam
3521 1595 3642 1636 cum

2057 1662 2136 1717 cis
2185 1664 2381 1732 quibus
2427 1663 2603 1726 datur,
2652 1665 2969 1719 habentibus
3027 1669 3425 1736 causam,justo
3468 1678 3641 1733 tamen

2052 1753 2251 1823 judicio
2279 1755 2369 1809 Dei
2411 1772 2516 1810 non
2542 1756 2696 1809 datur
2731 1756 2868 1825 (non
2909 1757 3048 1814 enim
3099 1765 3180 1810 est
3223 1758 3473 1827 iniquitas
3503 1761 3643 1828 apud

2060 1844 2222 1900 [lcum
2242 1845 2413 1918 [Rom.
2440 1863 2508 1910 ix,
2538 1845 2668 1918 H1);
2687 1857 2741 1901 ut
2767 1848 3056 1918 intelligant
3077 1848 3266 1918 quibus
3291 1850 3465 1914 datur,
3485 1865 3641 1920 quam

2056 1940 2218 2008 gratis
2266 1939 2345 1992 cis
2391 1938 2578 2003 detur,
2610 1939 2820 2009 quando
2857 1940 2997 2008 juslc
3037 1941 3214 2010 utique
3257 1957 3361 1998 non
3405 1943 3639 2011 daretur,

2057 2031 2305 2099 quoniam
2351 2030 2585 2088 similem
2626 2029 2941 2091 habentibus
2979 2047 3192 2088 causam
3227 2031 3368 2104 justo
3409 2050 3512 2087 non
3542 2033 3640 2094 da-

2058 2120 2180 2174 tur?

2125 2210 2214 2264 21.
2257 2209 2536 2278 Quomodo
2564 2226 2670 2270 non
2702 2212 2882 2282 gratiae
2917 2211 3012 2267 Dei
3039 2222 3120 2268 est
3140 2255 3154 2278 ,
3187 2230 3292 2272 non
3323 2214 3493 2270 solum
3518 2229 3641 2269 cre-

2054 2301 2214 2358 dendi
2254 2303 2498 2358 voluntas
2533 2303 2600 2358 ab
2635 2303 2804 2368 initio,
2839 2319 3021 2357 verum
3065 2303 3222 2359 etiam
3267 2305 3642 2374 perseverandi

2055 2410 2222 2464 uSque
2251 2395 2300 2448 in
2330 2395 2523 2458 finem;
2556 2410 2676 2450 cum
2706 2395 2823 2450 linis
2848 2397 2961 2465 ipse
2989 2396 3110 2450 vita)
3133 2383 3289 2466 hujus
3316 2407 3421 2452 non
3457 2397 3508 2451 in
3545 2397 3642 2456 ho.-

2055 2486 2213 2541 minis
2235 2528 2249 2553 ,
2277 2486 2372 2542 sed
2393 2487 2444 2540 in
2473 2487 2560 2540 Dei
2593 2486 2662 2540 sit
2688 2496 2972 2556 potestate,
3000 2495 3055 2542 01
3084 2489 3249 2557 possit
3274 2489 3457 2558 utique
3494 2489 3635 2545 Deus

2055 2578 2216 2633 etiam
2247 2577 2350 2634 hoc
2379 2577 2694 2639 beneficium
2722 2594 2827 2635 non
2854 2587 3255 2649 perseveratum
3283 2564 3560 2645 conferre,
3585 2591 3642 2642 ut

2055 2671 2292 2741 rapiatur
2333 2687 2396 2726 ex
2440 2687 2813 2741 corpore,.ne
2856 2672 3056 2728 malitia
3105 2679 3272 2727 mutet
3314 2672 3640 2728 intellectum

2056 2759 2235 2814 illitis?
2283 2759 2397 2813 Non
2451 2761 2593 2814 enim
2657 2760 2899 2830 recipiet‘
2931 2760 3092 2818 homo
3142 2776 3238 2815 seu
3291 2760 3489 2832 bonum
3543 2777 3638 2819 seu

2057 2854 2285 2918 malum,
2327 2853 2426 2906 nisi
2471 2852 2761 2909 secundum
2803 2868 2864 2907 ea
2900 2868 3019 2922 quae
3063 2869 3157 2923 per
3199 2867 3392 2923 corpus
3436 2854 3638 2924 gessit,

2055 2960 2158 3003 non
2204 2945 2492 3002 secundum
2535 2961 2595 3002 ea
2637 2963 2790 3016 qute,
2826 2946 2869 3001 si
2901 2946 3099 3001 diutius
3129 2947 3364 3014 viveret,
3394 2955 3640 3018 gesturus

2053 3035 2170 3090 fuit.

2122 3128 2211 3182 2'2.
2270 3129 2546 3196 Quomodo
2599 3130 2790 3186 dicitur
2842 3139 3121 3201 propterea
3169 3131 3484 3201 quibusdam
3530 3148 3636 3188 non

2045 3222 2201 3287 dari,
2228 3222 2546 3292 quibusdam
2581 3223 2851 3278 morituris
2887 3223 3120 3294 parvulis
3165 3223 3253 3276 Dei
3295 3223 3459 3293 gratia
3488 3223 3639 3290 dari,

2053 3314 2173 3385 quia
2201 3329 2387 3368 eorum
2417 3316 2620 3368 futuras
2649 3315 2900 3382 pra:videt
2922 3315 3238 3379 voluntates,
3258 3330 3390 3385 quas
3411 3313 3640 3370 habituri

2054 3413 2233 3458 essent
2263 3403 2306 3458 si
2339 3405 2611 3468 viverent;
2639 3419 2756 3457 cum
2779 3403 3072 3460 secundum
3096 3420 3154 3458 ea
3184 3420 3302 3474 qua:
3330 3419 3424 3475 per
3449 3420 3640 3474 corpus

2051 3495 2214 3564 gessit
2237 3537 2250 3556 ,
2283 3511 2387 3550 non
2413 3495 2710 3548 secundum
2731 3509 2792 3548 ea
2815 3511 2932 3562 quae
2960 3504 3208 3565 gesturus
3233 3503 3412 3560 esset,
3444 3494 3489 3548 si
3517 3493 3640 3548 diu»

2055 3584 2158 3638 tius
2188 3585 2371 3640 fuisset
2411 3586 2462 3638 in
2491 3601 2735 3654 corpore,
2763 3586 3124 3654 unusquisque
3151 3584 3373 3654 recipiat
3407 3586 3518 3639 sive
3547 3584 3639 3638 bo-

2053 3691 2182 3730 num
2225 3677 2338 3731 sive
2381 3677 2611 3743 malum,
2639 3678 2775 3730 sicut
2801 3675 3086 3745 Apostolus
3116 3674 3300 3730 delinit
3325 3676 3343 3746 (
3366 3675 3404 3729 ll
3435 3676 3549 3730 Cor.
3581 3692 3636 3741 ν,

2055 3768 2184 3840 10)?
2209 3768 2490 3836 Quomodo
2515 3770 2805 3824 secundum
2830 3770 3127 3823 voluntates
3151 3784 3275 3823 suas
3305 3768 3504 3822 futuras
3541 3768 3638 3820 ho-

2053 3861 2228 3915 mines
2265 3860 2602 3930 judicantur,
2634 3876 2766 3930 quas
2802 3859 3032 3914 habituri
3072 3859 3235 3914 fuisse
3272 3858 3550 3923 dicuntur,
3594 3859 3638 3912 si

2053 3952 2252 4007 diutius
2277 3961 2585 4007 tenerentur
2610 3954 2659 4006 in
2690 3968 2882 4018 carne;
2910 3967 3029 4007 cum
3051 3952 3193 4007 dicat
3223 3951 3515 4020 Scriptura,
3543 3951 3639 4004 Fe—

2052 4045 2170 4098 lices
2199 4044 2383 4097 mortui
2421 4044 2510 4114 qui
2539 4044 2590 4096 in
2620 4043 2836 4096 Domino
2861 4044 3142 4096 moriuntur
3169 4042 3349 4114 (Apoc.
3381 4058 3488 4104 xw,
3509 4043 3638 4103 l5)?

2051 4149 2286 4203 quorum.
2305 4134 2422 4190 sine
2443 4134 2604 4188 dubio
2633 4143 2776 4187 certa
2816 4143 2868 4187 et
2905 4147 3090 4188 secura
3119 4133 3341 4186 felicitas
3371 4149 3473 4187 non
3517 4141 3632 4199 est,

2051 4227 2095 4279 si
2123 4235 2173 4280 et
2200 4241 2261 4280 ea
2289 4241 2406 4296 qua:
2436 4241 2540 4280 non
2563 4233 2810 4295 egerunt,
2838 4224 2931 4279 scd
2962 4225 3126 4278 acturi
3152 4223 3392 4290 fuerant,
3424 4224 3467 4277 si
3493 4234 3638 4279 esset

2049 4317 2130 4372 eis
2160 4316 2274 4371 haec
2304 4318 2407 4370 vita
2435 4316 2709 4385 prolixior,
2736 4315 2990 4384 jndieabit
3009 4315 3182 4370 Deus:
3208 4314 3516 4384 nullumque
3544 4329 3637 4368 ac-

2048 4407 2178 4477 cipit
2215 4408 2529 4463 benelicium
2553 4447 2568 4472 ,
2597 4407 2686 4477 qui
2716 4405 2920 4475 rapitur
2952 4422 3018 4460 ne
3058 4407 3255 4460 malitia
3281 4414 3454 4460 mutet
3478 4405 3635 4460 intel-

2048 4497 2240 4552 lectum
2264 4497 2410 4568 ejus;
2439 4497 2560 4566 quia
2585 4505 2639 4551 et
2667 4512 2764 4564 pro
2793 4495 2882 4549 illa
2915 4495 3132 4562 malitia,
3161 4496 3248 4551 cui
3278 4495 3498 4550 forsitan
3530 4496 3635 4550 im-

2048 4590 2269 4644 minenti
2310 4591 2610 4645 subtractus
2640 4597 2753 4654 est,
2786 4601 2971 4658 pcenas
3003 4586 3102 4641 luit
3125 4604 3138 4639 :
3164 4601 3264 4642 nec
3295 4586 3634 4657 gaudendum

2046 4691 2129 4737 est
2151 4682 2216 4736 de
2246 4684 2310 4736 iis
2334 4697 2467 4752 quos
2493 4682 2547 4736 in
2581 4680 2684 4736 fide
2712 4691 2856 4736 recta
2884 4688 2939 4735 et
2961 4679 3069 4734 vita
3096 4679 3230 4734 bona
3251 4679 3495 4735 novimus
3517 4695 3636 4735 esse

2046 4771 2363 4837 defunctos,
2397 4787 2464 4826 ne
2505 4770 2798 4825 secundum
2848 4771 3022 4839 aliqua
3065 4770 3265 4824 scelera
3306 4769 3631 4837 judicentur,

2045 4878 2164 4932 qua:
2185 4863 2416 4927 fuerant,
2442 4861 2486 4916 si
2512 4861 2768 4926 viverent,
2799 4859 3026 4915 fortasse
3047 4859 3230 4914 facturi
3256 4877 3270 4913 :
3295 4875 3393 4914 nec
3418 4859 3632 4914 dolendi

2043 4957 2128 5012 vel
2158 4953 2456 5010 detestandi
2481 4962 2606 5007 sunt
2637 4954 2671 5007 ii
2703 4954 2791 5023 qui
2820 4953 2981 5007 vitam
3025 4952 3180 5006 istam
3223 4950 3276 5005 in
3320 4950 3632 5012 inﬁdelitate

2044 5067 2105 5106 ac
2133 5051 2349 5120 perditis
2377 5050 2613 5104 moribus
2644 5049 2912 5114 finierunt,
2943 5047 3063 5116 quia
3091 5045 3227 5099 forte
3246 5087 3258 5109 ,
3290 5045 3333 5099 si
3356 5046 3595 5102 viverent
3618 5088 3631 5103 .

2043 5144 2212 5198 acturi
2237 5142 2444 5197 fuerant
2471 5141 2831 5210 paenitentiam
2851 5181 2866 5207 ,
2890 5140 3083 5210 pieque
3108 5139 3292 5193 victuri
3312 5180 3326 5205 ,
3359 5147 3412 5194 et
3438 5153 3598 5194 secun
3624 5171 3634 5178 -

2043 5235 2169 5290 dum
2200 5235 2296 5289 ista
2323 5231 2738 5302 suntjudicandi
2766 5249 2779 5284 :
2803 5238 3050 5300 totusque
3086 5229 3172 5285 ille
3210 5229 3277 5284 de
3314 5229 3635 5284 Mortalitate

2043 5328 2178 5383 liber
2207 5325 2578 5398 gloriosissimi
2616 5323 2866 5394 martyris
2890 5322 3140 5393 Cypriani
3181 5320 3549 5391 reprobandus
3582 5331 3634 5375 et

2043 5417 2372 5488 abjieiendus
2400 5425 2502 5483 est,
2537 5417 2588 5469 in
2617 5431 2724 5486 quo
2747 5423 2853 5469 tota
2876 5413 2992 5484 ejus
3025 5413 3247 5467 intentio
3276 5421 3377 5477 est,
3411 5420 3468 5466 ut
3493 5413 3628 5467 scias

2042 5525 2162 5566 mus
2200 5509 2354 5566 bonis
2400 5508 2642 5564 fidelibus
2674 5505 3041 5580 gratulandum
3087 5519 3206 5560 esse
3249 5504 3624 5568 morientibus,

2043 5603 2254 5675 quando
2285 5602 2441 5673 hujus
2471 5602 2591 5657 vita:
2619 5599 2996 5656 tentationibus
3019 5597 3350 5664 auferuntur,
3374 5595 3627 5667 deinceps

2048 5699 2099 5755 in
2129 5696 2430 5753 beatissima
2471 5694 2753 5752 securitate
2798 5693 3049 5748 mansuri.
3094 5689 3196 5748 Sed
3241 5689 3489 5758 quoniam
3527 5687 3624 5753 hoc
