4070 6332
493 312 598 368 937

497 426 681 481 falsum
709 439 814 480 non
837 431 918 480 est
938 467 954 492 ,
984 433 1036 479 et
1061 423 1177 478 sine
1196 419 1524 478 dubitatione
1551 417 1718 490 felices
1740 411 2065 470 suntmortui

490 519 580 587 qui
606 517 658 570 in
682 515 898 570 Domino
927 515 1237 577 moriuntur;
1260 511 1511 566 ridendus
1537 519 1616 565 est
1635 518 1688 564 et
1711 505 2068 562 exsccrandus

497 620 649 660 error
676 622 779 674 quo
806 615 1016 674 putatur
1038 602 1177 672 quod
1213 603 1454 657 homines
1491 600 1780 654 secundum
1822 611 1944 651 suas
1990 595 2069 647 fu-

499 705 675 758 turas,
706 710 825 763 quas
855 694 1189 748 morientium
1231 708 1336 746 non
1380 701 1502 748 sunt
1547 691 1763 757 futurae,
1799 685 2067 759 judicandi

447 776 450 779 ’
494 793 618 838 sum
643 784 956 838 voluntates.

565 874 654 928 25.
696 874 971 942 Quomodo
997 873 1243 928 dicuntur
1285 887 1475 942 negare
1518 872 1740 927 liberum
1786 871 2070 925 voluntatis

496 965 795 1029 arbitrium,
824 966 910 1035 qui
941 968 1262 1020 conﬁtentur
1285 980 1496 1019 omnem
1523 963 1811 1028 hominem,
1832 962 2069 1032 quisquis

499 1069 598 1110 suo
624 1056 783 1110 corde
813 1056 983 1110 credit
1007 1056 1058 1109 in
1086 1057 1246 1110 Deum
1267 1096 1282 1122 ,
1312 1054 1520 1111 nonnisi
1544 1068 1639 1108 sua
1665 1053 1827 1107 libera
1854 1052 2070 1106 credere

495 1146 795 1209 voluntate;
827 1161 945 1200 cum
981 1146 1152 1214 potius
1182 1145 1256 1198 illi
1281 1153 1587 1214 oppugnent
1623 1143 1896 1197 arbitrium
1942 1142 2071 1196 libe-

497 1251 642 1302 rum,
674 1237 762 1306 qui
791 1243 1094 1306 oppugnant
1125 1237 1214 1290 Dei
1240 1237 1493 1306 gratiam,
1526 1249 1627 1305 qua
1666 1249 1791 1289 vere
1830 1233 1894 1288 ad
1933 1235 2070 1288 bona

494 1325 736 1397 eligenda
763 1335 816 1382 et
835 1327 1036 1397 agenda
1068 1327 1124 1381 ﬁt
1144 1327 1408 1383 liberum?
1426 1325 1703 1394 Quomodo
1722 1325 1913 1380 dicitur
1931 1325 2071 1395 quod

493 1427 594 1485 per
613 1417 786 1486 legem
804 1418 892 1472 Dei
915 1428 1072 1487 atque
1088 1418 1378 1473 doctrinam
1395 1418 1782 1488 Scripturarum
1807 1417 1912 1481 ﬁat,
1931 1417 2071 1487 quod

495 1505 680 1561 eadem
703 1507 973 1575 Scriptura
999 1507 1165 1572 dixit,
1197 1507 1526 1577 Praeparetur
1553 1509 1776 1562 voluntas
1802 1525 1834 1560 a
1858 1507 2072 1562 Domino

496 1596 679 1666 (Prov.
709 1614 822 1662 vm,
851 1600 948 1666 55,
976 1615 1074 1654 sec.
1107 1598 1304 1672 LXX);
1327 1615 1390 1654 ac
1413 1615 1518 1653 non
1548 1601 1720 1669 potius
1757 1615 1854 1669 per
1893 1599 2070 1654 occul-

496 1693 605 1742 tam
639 1689 1035 1759 inspirationem
1061 1692 1242 1760 gratiae
1273 1691 1366 1746 Dei
1391 1709 1402 1744 :
1428 1691 1847 1761 quandoquidem
1872 1705 1968 1760 pro
1995 1691 2072 1747 eis

496 1777 587 1848 qui
614 1779 785 1833 eidem
806 1780 1060 1835 doctrina:
1088 1781 1511 1836 contradicentes
1537 1781 1723 1836 nolunt
1751 1781 1799 1836 ei
1827 1781 2070 1847 credere,

497 1867 669 1937 ipsum
698 1870 861 1924 Deum
890 1870 992 1925 ﬁde
1020 1879 1162 1926 recta
1187 1886 1432 1941 rogamus
1459 1880 1514 1925 ut
1541 1871 1738 1925 velint?

566 1957 656 2013 24.
695 1959 971 2025 Quomodo
991 1961 1130 2016 Deus
1156 1971 1426 2030 exspectat
1448 1962 1748 2016 voluntates
1776 1960 2070 2025 hominum,

496 2057 555 2102 ut
582 2051 902 2118 przeveniant
927 2067 1046 2106 eum
1068 2053 1261 2122 quibus
1283 2053 1372 2107 det
1396 2054 1616 2123 gratiam
1637 2069 1652 2119 ;
1672 2068 1790 2108 cum
1809 2053 2002 2122 gratias
2024 2053 2074 2106 ei

497 2153 606 2192 non
636 2138 900 2194 immerito
929 2156 1145 2211 agamus
1174 2141 1240 2196 de
1272 2142 1335 2196 iis
1364 2143 1555 2212 quibus
1591 2157 1694 2196 non
1725 2143 1774 2196 ei
1807 2142 2074 2197 credenti-

497 2227 618 2293 bus,
647 2239 701 2284 et
726 2231 843 2300 ejus
861 2232 1155 2287 doctrinam
1199 2234 1468 2289 voluntate
1513 2235 1671 2302 impia
1712 2232 2077 2303 persequenti-

497 2317 632 2382 bus,
665 2321 1081 2375 misericordiam
1127 2324 1472 2393 prarrogavit,
1503 2338 1699 2392 eosque
1741 2323 1806 2376 ad
1844 2322 2076 2392 seipsum

499 2409 1013 2479 omnipotentissima
1053 2412 1301 2466 facilitate
1341 2414 1634 2477 convertit,
1663 2427 1726 2467 ac
1747 2414 1985 2468 volentes
2010 2427 2078 2466 ex

489 2500 804 2582 _nolentibus
834 2501 992 2557 fecit?
1013 2502 1206 2574 thuid
1234 2505 1281 2558 ei
1306 2505 1425 2559 inde
1449 2505 1643 2574 gratias
1662 2506 1885 2575 agimus,
1915 2506 1956 2560 si
1980 2508 2079 2562 hoc

501 2591 616 2662 ipse
655 2609 760 2648 non
804 2592 962 2649 fecit?
987 2595 1182 2665 thuid
1225 2605 1370 2651 tanto
1399 2597 1565 2666 magis
1609 2613 1729 2652 eum
1777 2598 2080 2668 magnifica-

503 2697 647 2747 mus,
677 2692 874 2751 quanto
899 2685 1064 2753 magis
1087 2685 1336 2739 nolebant
1360 2687 1578 2741 credere
1596 2729 1609 2752 ,
1637 2702 1768 2755 quos
1792 2688 2082 2744 credidisse

503 2771 828 2840 gaudemus,
856 2773 900 2826 si
929 2775 1094 2843 gratia
1136 2773 1313 2829 divina
1355 2776 1598 2830 voluntas
1645 2777 1695 2830 in
1745 2778 1932 2832 melius
1975 2795 2079 2832 non

504 2871 738 2916 mutatur
783 2863 1048 2919 humana?
1085 2866 1368 2933 Apostolus
1406 2867 1627 2929 Paulus,
1656 2866 1846 2933 Eram,
1879 2869 2078 2938 inquit,

503 2951 703 3020 ignotus
745 2953 875 3020 facie
917 2952 1156 3007 Ecclesiis
1191 2954 1423 3021 Jadaza',
1454 2973 1566 3026 quae
1592 2967 1708 3009 sunt
1750 2959 1802 3010 in
1846 2957 2083 3023 Christo;

508 3051 705 3094 tantum
741 3051 910 3095 autem
930 3043 1196 3098 audiebant
1223 3046 1342 3115 quia
1367 3047 1452 3116 qui
1475 3047 1746 3116 aliquando
1785 3065 1875 3101 nos
1913 3065 2083 3118 perse-

503 3127 767 3197 quebatur.
793 3146 926 3184 nunc
950 3132 1254 3201 euangelizat
1270 3134 1420 3201 ﬁdem
1445 3151 1597 3204 quant
1617 3136 1888 3203 aliquando
1916 3149 2084 3191 vasta-

505 3219 621 3284 bat;
650 3230 697 3273 et
737 3221 790 3274 in
830 3239 908 3275 me
951 3224 1341 3293 magni/imbuat
1367 3224 1530 3278 Deum
1561 3224 1755 3290 (Gaiat.
1787 3244 1837 3291 ι,
1863 3228 2080 3298 22-24).

507 3309 702 3379 thuid
739 3312 1144 3381 magniﬁcabant
1163 3314 1348 3380 Deum,
1385 3315 1428 3368 si
1460 3331 1564 3370 non
1594 3317 1733 3372 Deus
1761 3317 1827 3372 ad
1853 3319 2081 3386 seipsum

508 3413 602 3453 cor
623 3401 762 3454 illius
784 3401 880 3455 viri
903 3417 1012 3455 sum
1031 3403 1214 3472 gratim
1229 3403 1461 3458 bonitate
1481 3414 1834 3473 converterat,
1851 3409 2082 3476 quando,

506 3501 564 3545 ut
603 3493 714 3560 ipse
749 3493 1050 3559 conﬁtetur,
1080 3495 1495 3550 miscricordiam
1534 3508 1846 3552 consecutus
1883 3508 1999 3564 est,
2031 3509 2088 3553 ut

508 3581 682 3635 ﬁdelis
705 3591 848 3637 esset
880 3582 918 3653 (l
945 3585 1063 3638 Cor.
1097 3600 1200 3643 vn.
1231 3586 1344 3655 25),
1373 3601 1433 3640 ea
1470 3587 1574 3641 ﬁde
1607 3604 1762 3657 quam
1804 3589 2086 3658 aliquando

509 3670 788 3723 vastabat?
830 3671 1003 3739 Ipsum
1045 3673 1202 3726 etiam
1248 3676 1466 3730 verbum
1506 3677 1647 3745 quod
1688 3680 1893 3746 posuit,
1929 3695 2083 3749 quem

511 3763 612 3815 nisi
647 3764 806 3816 Deum
839 3763 940 3820 hoc
967 3773 1070 3818 tam
1103 3781 1348 3835 magnum
1388 3767 1583 3821 bonum
1611 3768 1798 3824 fecisse
1817 3771 2086 3826 declarat?

511 3851 648 3917 Quid
677 3861 760 3907 est
786 3853 928 3906 enim
948 3894 964 3920 ,
995 3855 1049 3908 in
1073 3871 1151 3908 me
1175 3855 1557 3926 magni/imbuat
1579 3856 1770 3924 Deum,
1793 3860 1892 3914 nisi
1920 3861 1970 3914 in
2003 3878 2087 3918 me

510 3943 676 3998 Deum
702 3944 1036 4013 magniﬁcum
1057 3945 1453 4013 praedicabant?
1473 3946 1749 4012 Quomodo
1769 3959 1944 4003 autem
1965 3967 2085 4005 eum

509 4035 846 4104 magniﬁcum
875 4036 1235 4105 przcdicabant
1254 4077 1268 4102 ,
1296 4037 1341 4090 si
1371 4053 1617 4109 magnum
1643 4040 1767 4094 illud
1798 4039 1992 4095 factum
2019 4043 2087 4098 de

510 4124 655 4179 Pauli
703 4127 1052 4180 conversione
1103 4127 1215 4195 ipse
1259 4142 1366 4182 non
1412 4127 1650 4184 fecerat?
1690 4139 1744 4184 et
1785 4147 1890 4200 quo
1934 4143 2086 4202 pacto

509 4214 625 4281 ipse
654 4213 886 4279 fecerat,
912 4216 955 4270 si
981 4217 1246 4271 volentem
1291 4217 1509 4272 credere
1530 4235 1594 4274 ex
1618 4221 1829 4276 nolente
1850 4223 1960 4290 ipse
1981 4238 2084 4277 non

508 4305 703 4360 fecerat
722 4306 746 4360 ‘i

583 4395 676 4448 25.
715 4395 918 4464 Nempe
946 4398 1278 4453 manifestum
1319 4409 1399 4454 est
1430 4416 1492 4455 ex
1525 4401 1629 4466 illis
1654 4402 1930 4460 duodecim
1961 4421 2085 4460 scn-

511 4487 711 4550 tcntiis,
757 4505 889 4556 quas
929 4490 1191 4558 pertinere
1234 4491 1299 4545 ad
1349 4492 1658 4549 catholicam
1698 4494 1851 4551 ﬁdem
1895 4515 2087 4567 negare

511 4593 617 4631 non
640 4579 851 4646 sineris,
877 4596 979 4635 non
1001 4582 1170 4636 solum
1190 4585 1455 4651 omnibus,
1473 4601 1654 4639 verum
1680 4588 1836 4642 etiam
1868 4589 2086 4658 singulis

511 4669 564 4724 id
591 4664 804 4735 cenﬁci,
841 4680 899 4726 ut
923 4673 1271 4728 confiteamnr
1298 4678 1462 4745 gratia
1493 4678 1582 4732 Dei
1614 4681 1888 4747 prmveuiri
1919 4681 2088 4736 Immi-

515 4777 642 4815 num
668 4763 990 4828 voluntates,
1027 4775 1080 4818 et
1113 4781 1210 4834 per
1249 4766 1381 4821 hanc
1419 4783 1509 4821 eas
1542 4770 1713 4836 potius
1760 4774 2040 4840 pra'parari
2067 4814 2082 4839 ,

513 4867 671 4922 quam
711 4864 926 4924 prOpter
979 4871 1163 4911 earutn
1204 4859 1448 4911 meritmn
1495 4859 1628 4913 dari.
1659 4861 1762 4913 Aut
1802 4862 1847 4916 si
1887 4863 2085 4932 aliquid

511 4958 694 4998 earum
724 4945 1000 5001 duodecim
1023 4962 1143 5002 esse
1159 4964 1338 5002 verum
1363 4965 1539 5017 negas,
1559 4966 1778 5018 quarum
1805 4964 2084 5023 propterea

513 5035 830 5089 commendo
881 5036 1039 5091 etiam
1088 5053 1363 5091 numerum
1394 5079 1409 5102 ,
1456 5049 1510 5092 ut
1565 5038 1768 5094 facilius
1817 5045 2086 5098 memoria:

512 5124 850 5191 mandentur,
893 5126 1294 5196 distinctiuszgue
1333 5138 1637 5195 teneantur;
1678 5146 1782 5184 non
1824 5140 1873 5184 te
1915 5133 2086 5201 pigeat

511 5217 807 5273 rescribere
847 5227 907 5272 ut
946 5219 1140 5287 sciam,
1167 5229 1222 5274 et
1245 5237 1304 5274 ea
1331 5236 1489 5290 quam
1531 5222 1658 5275 mihi
1705 5223 1953 5278 Dominus
1988 5214 2082 5280 de?

510 5308 688 5372 derit,
729 5306 977 5364 facultate
1016 5311 1386 5380 respondeam.
1442 5311 1549 5380 Ego
1589 5313 1730 5366 enim
1775 5311 2080 5368 ha:rcticum

509 5399 723 5467 quidem
752 5401 1080 5471 pelagianum
1105 5411 1157 5458 te
1176 5418 1294 5457 esse
1325 5418 1429 5457 non
1454 5402 1647 5466 credo;
1676 5405 1769 5458 sed
1800 5405 1867 5459 ita
1896 5414 1945 5460 te
1964 5422 2084 5462 esse

512 5488 656 5554 volo,
683 5496 742 5542 ut
773 5489 898 5544 nihil
926 5491 1065 5545 illius
1090 5491 1153 5546 ad
1178 5503 1227 5546 te
1255 5500 1517 5558 transeat,
1548 5493 1626 5548 vel
1660 5493 1710 5547 in
1735 5502 1786 5548 te
1817 5495 2081 5566 relinqua-

510 5587 592 5629 tur
620 5579 836 5633 erroris.

579 5670 800 5725 CAPUT
835 5672 938 5727 ΠΙ.
965 5703 1028 5713 ο-
1053 5673 1137 5729 26.
1174 5675 1273 5728 Sed
1312 5676 1446 5730 inter
1475 5676 1586 5731 haec
1619 5676 1892 5732 duodecim
1925 5695 2079 5749 repe-

1713 301 1771 357 S.
1814 293 2172 356 AUGUSTlNl
2213 291 2512 348 EPISCOPl

3653 289 3755 344 988

2176 409 2280 462 ries
2305 405 2528 462 fortasse
2554 403 2779 475 aliquid,
2813 402 2950 476 quod
2982 403 3277 474 negandum
3300 403 3381 460 vel
3403 403 3753 460 dubitandum

2177 509 2345 568 putes,
2364 506 2418 553 et
2429 497 2565 553 unde
2578 512 2674 553 nos
2687 497 2960 566 operosius
2979 497 3246 566 disputare
3261 511 3376 551 com
3385 497 3571 566 pellas.
3586 497 3756 552 Num-

2175 590 2297 660 quid
2324 600 2376 645 et
2399 605 2550 645 orare
2573 589 2874 660 prohibebis
2902 589 3191 644 Ecclesium
3221 601 3316 660 pro
3343 589 3642 645 inﬁdelibus
3659 631 3674 656 ,
3702 601 3759 645 ut

2174 681 2278 733 sint
2293 680 2491 746 ﬁdeles;
2511 695 2605 750 pro
2619 680 2684 734 iis
2700 680 2786 750 qui
2805 679 3234 746 noluntcredere,
3250 689 3307 734 ut
3322 680 3482 736 velint
3496 682 3722 736 credere
3737 699 3752 744 ;

2176 787 2270 840 pro
2288 771 2349 825 iis
2377 771 2462 840 qui
2491 771 2557 826 ab
2575 771 2691 841 ejus
2711 771 2824 841 lege
2843 771 3183 841 doctrinaque
3198 771 3537 840 dissentiunt,
3559 783 3620 827 ut
3649 773 3756 844 legi

2173 865 2289 933 ejus
2313 864 2673 934 doetrinmque
2703 865 3066 933 consentiant,
3101 875 3160 920 ut
3195 866 3286 921 det
3313 867 3417 922 illis
3445 868 3582 922 Deus
3612 869 3755 938 quod

2174 971 2268 1024 per
2288 956 2598 1026 prophetam
2622 957 2895 1028 promisit,
2917 971 3010 1012 cor
3032 957 3382 1027 cognoscendi
3407 973 3528 1013 cum
3550 1001 3565 1026 ,
3587 969 3643 1014 et
3664 975 3761 1014 au-

2175 1061 2259 1098 res
2279 1045 2523 1100 audiendi
2554 1045 2775 1116 (Barac/1
2803 1063 2872 1111 ιι,
2901 1047 2990 1117 51)
3008 1090 3022 1112 ,
3049 1063 3180 1118 quas
3200 1049 3380 1118 utique
3405 1060 3718 1119 acceperant
3741 1091 3757 1115 ,

2173 1133 2241 1188 de
2269 1133 2460 1202 quibus
2493 1134 2734 1190 Salvator
2768 1137 2879 1208 ipse
2904 1136 3143 1204 diccbat,
3177 1137 3277 1200 Qui
3303 1137 3453 1191 habet
3479 1155 3630 1192 aures
3658 1156 3760 1191 au-

2175 1225 2365 1286 diendi.
2383 1227 2556 1279 audiat
2586 1224 2796 1298 (Matth.
2824 1244 2918 1282 xm
2936 1269 2952 1293 ,
2979 1227 3078 1298 9)?
3104 1225 3370 1298 Numquid
3400 1228 3485 1282 ubi
3517 1229 3761 1285 audieris

2175 1317 2503 1372 sacerdotem
2534 1317 2624 1372 Dei
2652 1318 2715 1371 ad
2743 1318 2856 1387 ejus
2883 1319 3050 1372 altare
3077 1319 3324 1388 populum
3356 1319 3661 1374 hortantem
3693 1322 3761 1375 ad

2178 1406 2341 1460 Deum
2382 1407 2672 1473 orandum,
2716 1408 2795 1462 vel
2841 1409 3010 1475 ipsum
3041 1408 3181 1462 clara
3219 1423 3352 1463 voce
3392 1418 3635 1464 orantem
3658 1452 3672 1475 ,
3704 1419 3764 1464 ut

2176 1495 2472 1550 incredulas
2507 1507 2692 1566 gentes
2729 1496 2796 1551 ad
2839 1497 2997 1551 ﬁdem
3039 1509 3187 1551 suam
3217 1499 3400 1552 venire
3440 1499 3759 1567 compellat,

2176 1602 2280 1639 non
2308 1581 2685 1654 respondebis,
2719 1587 2927 1642 Amen?
2968 1589 3046 1640 An
3075 1589 3232 1642 etiam
3266 1588 3422 1657 hujus
3460 1589 3582 1643 ﬁdei
3616 1591 3763 1643 sani—

2176 1679 2268 1732 tati
2308 1681 2572 1733 contraria
2615 1679 2948 1748 disputabis?
2973 1678 3236 1748 Numquid
3269 1679 3630 1734 beatissimum
3658 1679 3765 1750 Cy-

2175 1772 2414 1841 prianum
2456 1772 2506 1824 in
2545 1771 2644 1824 hoc
2671 1786 2878 1826 errasse
2909 1771 3162 1825 clamabis
3191 1771 3272 1826 vel
3303 1772 3636 1837 susurrabis,
3668 1772 3761 1826 ubi

2177 1877 2274 1931 pro
2304 1863 2528 1917 inimicis
2571 1863 2688 1917 ﬁdei
2723 1863 3055 1927 Christianas,
3095 1871 3153 1918 ut
3187 1863 3347 1918 etiam
3388 1864 3486 1933 ipsi
3531 1864 3599 1918 ad
3641 1880 3760 1919 eam

2177 1961 2570 2017 convertantur,
2599 1969 2752 2008 orare
2783 1968 2878 2007 nos
2907 1954 3099 2008 docet?

2246 2042 2338 2096 27.
2377 2041 2635 2112 Numquid
2665 2052 2930 2112 postremo
2955 2042 3252 2112 apostolum
3281 2043 3502 2098 Paulum
3531 2059 3629 2113 pro
3664 2043 3760 2097 Ju-

2177 2134 2306 2188 dazis
2323 2134 2618 2188 inﬁdelibus
2631 2134 2908 2188 habentem
2933 2135 3050 2187 talia
3064 2143 3184 2188 vota
3199 2133 3475 2204 culpabis?
3489 2134 3556 2189 de
3569 2136 3764 2205 quibus

2179 2224 2253 2278 ait
2276 2241 2288 2278 :
2319 2223 2462 2277 Bona
2488 2223 2718 2277 voluntas
2745 2225 2943 2295 quidem
2965 2225 3127 2278 cordis
3161 2225 3288 2290 mei,
3314 2235 3360 2278 et
3385 2226 3671 2294 deprecatio
3696 2226 3766 2278 ad

2181 2313 2344 2368 Deum
2378 2317 2435 2384 fit
2462 2331 2554 2385 pro
2576 2317 2678 2369 illis
2702 2317 2755 2369 in
2776 2317 2985 2370 salutem
3024 2314 3196 2388 (Itom.
3247 2333 3300 2382 ιι,
3349 2316 3424 2385 1).
3458 2319 3556 2382 Qui
3602 2320 3762 2370 etiam

2181 2408 2746 2462 Thessalonicensibus
2773 2407 2900 2462 dicit
2941 2424 2954 2459 :
3002 2406 3078 2460 De
3129 2419 3335 2467 cratera,
3376 2413 3593 2476 fratres,
3625 2418 3768 2461 orate

2182 2515 2275 2569 pro
2309 2499 2467 2564 nobis,
2495 2508 2549 2552 ut
2577 2499 2773 2552 uerbum
2808 2498 3017 2552 Domini
3042 2508 3212 2552 currat
3241 2507 3287 2552 et
3311 2500 3636 2569 glori/iretur,
3666 2501 3764 2552 sic.

2181 2599 2239 2643 ut
2283 2591 2434 2644 etiam
2470 2590 2610 2658 apud
2649 2605 2766 2653 uos;
2796 2598 2840 2644 et
2875 2599 2930 2643 ut
2957 2607 3196 2644 erumnur
3233 2591 3293 2644 ab
3335 2592 3516 2658 iniquis
3541 2602 3587 2644 et
3616 2592 3768 2646 mulis

2184 2682 2468 2736 hominibus
2493 2697 2512 2736 :
2539 2699 2638 2737 non
2672 2683 2802 2736 enim
2831 2683 3052 2738 omnium
3092 2693 3163 2737 est
3201 2684 3326 2752 ﬁdes
3364 2683 3426 2755 (ll
3466 2683 3640 2736 Thess.
3675 2699 3729 2738 ιιι
3751 2726 3765 2748 ,

2186 2775 2211 2828 1
2236 2813 2253 2839 ,
2274 2771 2353 2844 2).
2377 2772 2653 2838 Quomodo
2671 2782 2910 2827 curreret
2929 2783 2980 2827 et
2998 2773 3383 2843 gloriﬁcaretur
3402 2772 3621 2827 verbum
3648 2774 3766 2841 Dei,

2186 2865 2285 2919 nisi
2313 2864 2378 2918 ad
2407 2864 2562 2918 ﬁdem
2578 2865 2846 2919 conversis
2869 2864 2946 2917 eis
2961 2864 3148 2933 quibus
3176 2863 3582 2932 prmdicaretur;
3600 2878 3772 2933 quan-

2186 2952 2467 3023 doquidem
2511 2954 2620 3022 jam
2675 2952 3012 3008 credentibus
3053 2953 3205 3017 dicit,
3257 2952 3677 3022 quemadmodum
3726 2963 3773 3006 ct

2186 3047 2325 3114 apud
2349 3045 2469 3099 vos?
2495 3043 2607 3100 Scit
2631 3054 2776 3100 certe
2804 3044 2904 3098 hoc
2930 3043 2997 3098 ab
3040 3044 3130 3097 illo
3173 3042 3316 3107 ﬁeri,
3347 3059 3505 3113 quem
3533 3044 3644 3098 vult
3675 3059 3771 3098 ro-

2186 3135 2298 3204 gari
2325 3143 2383 3189 ut
2407 3135 2509 3190 hoc
2539 3135 2720 3198 faciat,
2745 3142 2801 3188 ut
2825 3135 2982 3188 etiam
3013 3142 3232 3187 eruatur
3257 3133 3324 3187 ab
3353 3132 3546 3202 iniquis
3575 3143 3628 3186 et
3653 3149 3772 3185 ma-

2189 3223 2256 3278 lis
2274 3224 2571 3278 hominibus
2591 3239 2606 3288 ;
2633 3223 2718 3292 qui
2743 3223 2979 3292 profecto
2998 3233 3048 3276 et
3072 3222 3174 3275 illis
3193 3222 3464 3276 orantibus
3492 3236 3597 3275 non
3618 3231 3774 3276 erant

2189 3313 2458 3367 credituri.
2493 3313 2715 3382 Propter
2738 3311 2879 3382 quod
2907 3311 3140 3376 addidit,
3174 3328 3275 3365 non
3294 3311 3423 3365 enim
3446 3321 3519 3365 est
3543 3313 3772 3365 omnium

2189 3403 2314 3470 ﬁdes
2331 3419 2350 3468 ;
2377 3413 2621 3473 tauquam
2648 3404 2866 3468 diceret,
2897 3403 3008 3456 Non
3056 3403 3196 3457 enim
3235 3403 3370 3472 apud
3397 3418 3584 3457 omnes
3609 3403 3770 3457 etiam

2189 3494 2341 3547 vobis
2367 3495 2642 3548 orantibus
2667 3493 3046 3564 gloriﬁcabitur
3075 3493 3288 3547 verbum
3334 3493 3423 3548 Dei
3463 3511 3476 3548 :
3517 3494 3642 3564 quia
3669 3493 3771 3563 ipsi

2190 3585 2370 3653 utique
2397 3583 2605 3638 fuerant
2629 3583 2878 3639 credituri
2919 3584 3009 3652 qui
3051 3583 3276 3636 ordinati
3320 3593 3471 3638 erant
3515 3585 3566 3637 in
3607 3586 3772 3638 vitam

2189 3681 2477 3736 aeternam,
2526 3673 2882 3742 praedestinati
2930 3674 2982 3726 in
3025 3673 3357 3741 adoptionem
3405 3673 3634 3727 ﬁliorum
3676 3689 3773 3743 per

2189 3763 2367 3820 Jesum
2398 3763 2662 3816 Christum
2681 3762 2733 3816 in
2756 3763 2948 3832 ipsum,
2975 3771 3028 3817 et
3055 3762 3205 3816 electi
3229 3762 3279 3816 in
3303 3763 3416 3832 ipso
3435 3773 3560 3817 ante
3589 3763 3771 3817 mundi

2190 3854 2617 3911 constitutionem
2637 3854 2796 3926 (ΕρΙι.
2815 3855 2866 3918 l,
2891 3855 2945 3916 4,
2973 3854 3058 3924 5);
3089 3854 3183 3908 sed
3207 3853 3323 3908 ideo
3357 3853 3496 3909 Deus
3535 3868 3631 3923 per
3654 3868 3772 3907 ora-

2192 3948 2361 4000 tiones
2386 3945 2709 4000 credentium
2744 3943 2976 3998 nondum
2997 3944 3274 3999 credentes
3287 3944 3508 4001 credere
3529 3945 3647 4000 facit
3669 3987 3684 4011 ,
3707 3955 3770 4002 ut

2191 4036 2435 4093 ostendat
2461 4038 2582 4106 quia
2613 4037 2725 4106 ipse
2759 4035 2902 4091 facit.
2944 4036 3110 4092 Nemo
3151 4045 3233 4092 est
3277 4037 3418 4091 enim
3457 4046 3564 4092 tam
3595 4038 3770 4106 impe-

2191 4128 2356 4193 ritus,
2403 4136 2507 4180 tam
2537 4127 2783 4194 carnalis,
2814 4134 2920 4180 tam
2949 4126 3130 4180 tardus
3167 4127 3412 4197 ingenio,
3440 4128 3527 4197 qui
3555 4143 3661 4182 non
3693 4130 3771 4182 vi-

2192 4218 2313 4273 deat
2340 4219 2501 4271 Deum
2529 4218 2702 4274 facere
2727 4218 2866 4288 quod
2898 4218 3069 4287 rogari
3090 4232 3146 4272 se
3177 4219 3331 4286 pra‘ci
3340 4220 3413 4288 pit
3442 4230 3495 4272 ut
3522 4220 3699 4274 faciat.

2263 4308 2350 4363 28.
2384 4307 2510 4362 limo
2533 4317 2586 4362 ct
2611 4309 2713 4362 alia
2743 4309 3036 4364 testimonia
3066 4308 3268 4371 divina,
3297 4308 3412 4378 qua:
3439 4325 3773 4364 commemo-

2193 4417 2313 4456 rare
2337 4402 2549 4471 longum
2579 4409 2691 4466 est,
2728 4400 3014 4456 ostendunt
3043 4400 3208 4455 Deum
3237 4401 3400 4470 gratia
3428 4417 3521 4455 sua
3561 4402 3774 4456 auferre

2193 4495 2491 4550 inﬁdelibus
2514 4508 2606 4547 cor
2635 4493 2930 4563 lapideum,
2971 4503 3026 4548 et
3059 4493 3348 4562 praevenire
3386 4493 3437 4546 in
3468 4493 3770 4549 hominibus

2193 4587 2449 4640 bonarum
2490 4585 2674 4638 merita
2717 4583 3071 4649 voluntatum;
3101 4583 3171 4638 ita
3199 4590 3256 4638 ut
3279 4583 3523 4638 voluntas
3550 4600 3645 4653 per
3677 4602 3772 4638 an-

2193 4676 2518 4732 tecedentem
2546 4675 2767 4744 gratiam
2798 4684 3142 4745 praeparetur,
3171 4688 3274 4728 non
3307 4681 3365 4729 ut
3386 4674 3552 4744 gratia
3578 4675 3771 4729 merito

2192 4768 2478 4822 voluntatis
2533 4765 2876 4820 antecedente
2929 4765 3171 4820 donetur.
3228 4766 3338 4819 lloc
3381 4775 3435 4820 et
3479 4767 3769 4836 gratiarum

2191 4859 2330 4912 actio
2359 4857 2552 4912 indicat
2574 4855 2712 4925 quod
2738 4857 2942 4921 oratio;
2971 4857 3138 4911 oratio
3165 4871 3260 4925 pro
3287 4855 3584 4910 infidelibus
3604 4899 3618 4920 ,
3649 4873 3769 4927 gra-

2194 4952 2382 5005 tiarum
2412 4950 2551 5004 aetio
2583 4965 2678 5018 pro
2705 4948 2970 5004 ﬁdelibus.
3000 4949 3098 5016 Qui
3137 4949 3277 5002 enim
3319 4957 3399 5002 est
3437 4947 3671 5003 ortmdus
3719 4959 3770 5003 ut

2193 5041 2378 5106 faciat,
2408 5041 2480 5094 illi
2507 5049 2588 5094 est
2611 5041 2750 5094 actio
2777 5041 3062 5110 gratiarum
3100 5038 3364 5095 reddenda
3395 5053 3517 5094 cum
3545 5038 3727 5094 fecerit
3754 5058 3766 5093 :

2193 5131 2331 5185 unde
2361 5131 2496 5186 idem
2527 5131 2654 5185 dicit
2687 5131 2956 5200 apostolus
2983 5130 3048 5185 ad
3086 5130 3342 5199 Ephesios
3361 5172 3378 5196 ,
3424 5130 3644 5198 Propter
3678 5134 3770 5186 hoc

2191 5229 2238 5274 et
2259 5237 2346 5291 ego
2366 5263 2380 5286 ,
2410 5221 2581 5273 auditu
2606 5220 2706 5289 ﬁde
2727 5229 2884 5274 vestra
2907 5221 2956 5274 in
2982 5219 3200 5274 Domino
3230 5220 3354 5274 Iesu
3374 5264 3389 5286 ,
3432 5233 3478 5276 et
3504 5222 3770 5277 dilectione

2189 5311 2243 5364 in
2281 5328 2449 5366 omnes
2494 5321 2724 5376 sanctos,
2765 5329 2863 5366 non
2904 5329 3038 5366 cesso
3077 5314 3264 5383 gratias
3305 5330 3451 5384 agere
3497 5331 3589 5384 pro
3633 5318 3767 5370 vobis

2191 5401 2346 5473 (Ibid.
2382 5402 2492 5474 ιδ).

2260 5493 2348 5547 29.
2379 5492 2666 5562 Loquimur
2691 5501 2866 5547 autem
2897 5508 3037 5547 nunc
3063 5492 3130 5548 de
3151 5493 3276 5563 ipsis
3301 5494 3497 5562 initiis,
3518 5509 3640 5550 cum
3671 5496 3765 5549 ho-

2192 5587 2360 5640 mines
2398 5585 2485 5654 qui
2527 5592 2678 5639 erant
2705 5583 2877 5638 aversi
2915 5591 2968 5639 ct
3009 5583 3248 5649 adversi,
3289 5595 3671 5641 convertuntur
3699 5587 3762 5642 ad

2197 5682 2392 5748 Deum,
2423 5689 2476 5734 ct
2505 5681 2635 5734 vcllc
2658 5680 2911 5748 incipiunt
2934 5678 3069 5748 quod
3100 5677 3373 5742 uolebant,
3405 5688 3455 5733 et
3484 5679 3674 5737 habere
3707 5683 3762 5733 li-
