4084 6332
372 267 475 322 959
802 284 807 289 ·
1553 266 1908 323 EPISTOLAI

2011 269 2029 322 Ι
2069 268 2339 328 CLASSIS
2380 278 2462 329 ιιι.

365 384 487 438 dem
516 397 672 454 quam
708 398 812 438 non
851 383 1147 450 habebant;
1175 383 1316 453 quod
1343 392 1400 439 ut
1425 382 1516 437 ﬁat
1542 382 1597 436 in
1616 382 1692 437 eis
1713 422 1727 448 ,
1757 389 1939 435 oratur

367 475 597 543 procis,
625 477 865 545 quamvis
901 490 1005 532 non
1034 484 1214 531 oretur
1249 476 1317 531 ab
1343 477 1421 532 eis
1456 493 1469 531 :
1505 477 1611 547 ipsi
1639 477 1781 531 enim
1803 490 1935 546 quo.

363 566 523 620 modo
552 567 899 634 invocabant,
926 568 979 621 in
1006 582 1163 637 quem
1190 582 1295 621 non
1320 566 1659 623 crediderunt
1679 564 1853 637 (Rom.
1877 580 1934 629 x,

3522 303 3623 358 9‘30

2047 385 2210 449 tenti,
2257 390 2509 455 quarrenti
2551 400 2706 461 atque
2753 396 3012 464 pulsanti,
3051 402 3139 469 qui
3168 406 3312 461 novit
3336 408 3473 466 bona
3499 413 3619 469 data

2045 474 2171 530 dare
2196 478 2315 532 ﬁliis
2331 483 2439 535 suis
2457 481 2663 548 (Matth.
2686 500 2774 549 vn,
2798 488 2817 540 l
2838 488 2905 558 l).
2926 489 3174 557 Quamvis
3190 496 3329 550 enim
3348 500 3616 560 abundent

2044 568 2136 621 tibi
2167 570 2530 628 exbortatores
2573 584 2628 630 et
2668 578 3058 636 exbortatioaes
3087 584 3151 638 ad
3181 587 3315 642 viam
3346 591 3527 648 salutis
3558 606 3615 651 et

362 657 493 724 H)?
520 656 649 711 Cum
676 672 803 712 vero
830 658 1024 712 factum
1062 659 1215 713 fuerit
1242 657 1382 729 quod
1398 665 1596 721 oratur,
1624 656 1670 710 ei
1701 656 1789 726 qui
1816 654 1937 709 fecit

358 759 584 815 aguntur
593 749 797 818 gratim,
811 758 864 803 et
880 766 977 819 pro
988 753 1127 806 eiset
1143 751 1207 805 ab
1219 752 1315 806 eis.
1335 751 1444 805 Deo
1458 749 1746 803 rationibus
1757 757 1932 801 autem

360 838 461 891 iam
479 838 728 905 ﬁdelium,
744 857 874 910 quas
891 853 940 896 et
959 858 1055 913 pro
1068 856 1125 897 se
1142 852 1195 897 et
1212 857 1305 912 pro
1319 843 1433 895 aliis
1452 840 1691 895 ﬁdelibus
1712 838 1928 905 faciunt,

359 937 415 981 ut
444 930 719 997 proﬁciant
742 932 792 985 in
817 948 883 987 eo
910 934 1048 1003 quod
1073 948 1191 989 esse
1217 941 1526 1004 coeperunt,
1555 940 1610 987 et
1635 933 1701 987 de
1734 934 1930 1002 gratia-

355 1035 471 1073 rum
509 1022 836 1090 actionibus,
880 1026 998 1094 quia
1035 1026 1344 1094 proﬁciunt,
1385 1025 1770 1094 conﬂigendum
1811 1040 1930 1080 esse

353 1118 525 1166 tecum
549 1129 652 1168 non
684 1123 836 1184 puto;
870 1126 1052 1172 contra
1083 1117 1391 1187 Pelagianos
1419 1126 1503 1172 est
1531 1118 1628 1172 iste
1650 1118 1928 1174 conﬂictus

350 1203 441 1257 tibi
469 1206 725 1276 nobisque
750 1210 1065 1264 communis.
1098 1210 1176 1265 Illi
1197 1211 1390 1279 quippe
1418 1210 1592 1264 omnia
1623 1210 1688 1265 ad
1718 1210 1923 1265 ﬁdelem

348 1296 596 1366 piamque
632 1299 793 1353 vitam
834 1299 1107 1355 hominum
1147 1302 1460 1371 pertinentia
1491 1303 1559 1356 ita
1599 1302 1835 1357 tribuunt
1862 1302 1926 1356 li-

347 1384 477 1440 bero
511 1389 796 1445 voluntatis
820 1391 1071 1457 arbitrio,
1105 1402 1159 1446 ut
1184 1391 1421 1447 habenda
1445 1408 1511 1447 ex
1538 1392 1718 1458 nobis,
1756 1408 1860 1448 non
1892 1410 1921 1447 a

346 1478 569 1533 Domino
596 1491 780 1552 putent
816 1499 934 1538 esse
973 1484 1235 1553 poscenda
1264 1503 1277 1539 :
1309 1494 1363 1539 tu
1401 1494 1575 1540 autem
1595 1527 1610 1551 ,
1643 1485 1687 1540 si
1714 1501 1773 1540 ea
1804 1502 1921 1555 quae

343 1570 411 1622 de
439 1580 487 1625 te
509 1572 667 1626 audio
689 1588 811 1628 vera
840 1583 995 1640 sunt,
1024 1577 1228 1630 initium
1255 1576 1394 1639 ﬁdei,
1425 1575 1514 1630 ubi
1535 1577 1791 1631 estetiam
1821 1577 1919 1630 ini-

340 1661 471 1713 tium
509 1660 696 1729 bonae,
746 1662 849 1720 hoc
875 1675 953 1719 est
994 1666 1095 1736 pix
1123 1666 1441 1731 voluntatis,
1470 1682 1576 1721 non
1606 1667 1683 1720 vis
1720 1666 1917 1720 donum

274 1802 277 1805 .
339 1764 459 1804 esse
494 1751 621 1817 Dei,
651 1753 744 1809 sed
778 1770 841 1809 ex
869 1756 1021 1810 nobis
1056 1771 1153 1810 nos
1181 1756 1372 1812 habere
1401 1756 1676 1811 contendis
1703 1767 1756 1811 ut
1800 1772 1918 1811 cre-

338 1839 466 1896 dere
512 1843 852 1913 incipiamus;
898 1856 1087 1901 cmtera
1128 1858 1302 1902 autem
1346 1847 1605 1918 religiosae
1632 1850 1751 1903 vita:
1779 1848 1913 1904 bona

338 1931 501 1986 Deum
529 1949 625 2003 per
651 1938 871 2005 gratiam
899 1952 1047 1992 suam
1074 1939 1182 2008 jam
1209 1954 1271 1994 ex
1302 1938 1402 1994 ﬁde
1428 1940 1743 2009 petentibus,
1767 1955 1913 2007 qua:-

334 2027 960 2098 rentibus,pulsantibus,
992 2032 1191 2086 donare
1219 2033 1507 2086 conscntis.
1540 2033 1646 2086 Nec
1684 2032 1912 2086 attendis

335 2115 455 2170 ideo
503 2133 597 2186 pro
635 2119 936 2175 inﬁdelibus
981 2123 1142 2177 Deum
1188 2124 1356 2192 rogari
1403 2132 1457 2176 ut
1500 2123 1749 2189 credant,
1782 2138 1915 2192 quo-

333 2207 475 2261 niam
527 2208 662 2263 Deus
727 2210 889 2265 donat
936 2222 987 2265 et
1043 2212 1231 2278 ﬁdem;
1279 2214 1399 2268 ideo
1448 2229 1544 2283 pro
1588 2215 1667 2268 eis
1721 2223 1774 2268 et
1821 2213 1909 2284 qui

332 2298 687 2368 crediderint,
746 2302 852 2357 Deo
898 2303 1094 2373 gratias
1142 2305 1259 2374 agi,
1318 2307 1563 2374 quoniam
1603 2305 1818 2359 donavit
1856 2314 1910 2360 et

330 2386 515 2443 fidem.

400 2481 487 2534 50.
518 2481 869 2549 Quamobrem
902 2494 953 2538 ut
981 2484 1121 2539 Imuc
1140 2486 1204 2539 ad
1228 2495 1278 2541 te
1304 2501 1605 2541 sermonem
1628 2485 1907 2554 aliquando

328 2572 638 2626 concludam
666 2592 678 2627 :
705 2576 746 2628 si
772 2592 932 2645 negas
958 2578 1213 2631 orandum
1241 2594 1359 2633 csse
1390 2587 1447 2631 ut
1470 2580 1557 2648 qui
1589 2578 1772 2631 nolunt
1794 2593 1908 2631 cre-

326 2661 453 2717 dere
473 2705 487 2728 ,
515 2664 677 2718 velint
706 2667 923 2722 credere
943 2710 956 2730 ,
988 2669 1031 2721 si
1064 2684 1224 2735 negas
1248 2668 1479 2736 agendas
1509 2684 1627 2722 esse
1655 2670 1761 2721 Deo
1788 2683 1907 2738 gra-

328 2754 459 2820 tias,
506 2758 753 2826 quoniam
785 2759 1003 2812 credere
1041 2761 1319 2813 voluerunt
1356 2760 1442 2830 qui
1492 2760 1741 2813 nolebant
1785 2775 1903 2813 cre-

324 2846 488 2914 dere;
515 2849 669 2903 aliter
711 2861 879 2904 tecum
925 2852 1185 2921 agcndum
1230 2862 1345 2917 est,
1377 2862 1432 2904 ut
1471 2868 1575 2904 non
1618 2851 1693 2904 sic
1721 2866 1900 2916 erres,

324 2950 445 3005 aut,
492 2941 535 2994 si
576 2957 754 2995 errare
787 2944 1024 3011 pt-rsistis
1046 2985 1058 3005 .
1094 2960 1158 2997 ne
1186 2945 1361 2997 mittas
1406 2944 1535 2997 alios
1564 2944 1615 2997 in
1644 2958 1900 2996 errorem.

322 3031 379 3086 Si
405 3041 609 3095 autem,
636 3035 777 3103 quod
807 3034 872 3088 de
902 3043 950 3087 te
983 3036 1146 3104 magis
1172 3036 1330 3090 credo
1349 3077 1363 3101 ,
1393 3036 1557 3090 sentis
1581 3046 1739 3104 atque
1776 3050 1903 3088 con-

323 3125 487 3177 sentis
512 3138 666 3178 orare
689 3139 785 3178 nos
809 3126 972 3180 Deum
1002 3126 1195 3180 debere
1216 3142 1277 3179 ac
1298 3128 1469 3181 solere.
1484 3141 1581 3195 pro
1603 3125 1902 3178 nolentibus

322 3213 559 3276 credere,
594 3225 649 3269 ut
676 3217 840 3270 velint
867 3216 1085 3271 credere
1105 3260 1119 3281 ,
1151 3227 1204 3272 et
1231 3232 1324 3286 pro
1346 3219 1421 3271 cis
1441 3219 1527 3287 qui
1557 3218 1903 3271 adversantur

320 3314 374 3360 et
410 3307 776 3361 contradicunt
805 3308 906 3379 legi
948 3309 1061 3378 ejus
1104 3319 1260 3379 atque
1286 3310 1573 3370 doctrinm.
1613 3318 1672 3363 ut
1711 3310 1757 3363 ei
1788 3323 1903 3362 cre-

319 3399 446 3452 dant
475 3415 699 3469 eamque
725 3410 1028 3466 sectentur;
1057 3402 1100 3455 si
1123 3402 1288 3455 sentis
1313 3412 1469 3473 atque
1502 3401 1771 3457 censentis
1801 3404 1901 3460 de-

320 3488 447 3544 bere
474 3505 571 3545 nos
597 3492 755 3545 etiam
791 3492 898 3546 Deo
927 3508 1081 3560 agere
1115 3494 1311 3563 gratias
1349 3508 1410 3547 ac
1449 3495 1619 3549 solere
1654 3512 1748 3565 pro
1780 3498 1900 3552 tali-

319 3579 450 3647 bus,
489 3598 609 3636 cum
640 3584 703 3637 ad
734 3584 887 3637 ﬁdem
931 3590 1045 3653 ejus
1074 3585 1473 3655 doctrinamque
1503 3591 1776 3655 Conversi,
1809 3607 1900 3646 vo-

316 3670 486 3725 Icutes
518 3689 580 3725 ex
625 3674 922 3729 nolentibus
963 3676 1125 3740 ﬁunt,
1172 3686 1380 3743 Oportet
1419 3677 1532 3730 sine
1574 3679 1899 3737 dubitatione

317 3762 528 3817 fatearis
553 3765 848 3819 voluntites
876 3764 1149 3820 hominum
1181 3768 1269 3822 Dei
1311 3769 1472 3837 gratia
1507 3773 1780 3838 prmveniri
1803 3814 1816 3837 ,
1845 3784 1899 3827 et

317 3868 371 3905 ιιι
414 3855 605 3908 bonum
647 3855 810 3909 vclint
850 3855 1092 3911 homines
1129 3858 1267 3926 quod
1296 3860 1574 3924 nolebant,
1622 3861 1784 3915 Deum
1817 3862 1896 3916 fa-

314 3960 464 4009 cere,
518 3946 605 4015 qui
655 3955 868 4014 rogatur
920 3956 975 3999 ut
1029 3946 1212 4011 faciat,
1267 3959 1320 4002 et
1369 3950 1453 4003 cui
1502 3968 1597 4003 nos
1656 3954 1896 4007 novimus

311 4052 470 4103 agere
511 4038 707 4107 gratias
751 4038 965 4105 dignum
1014 4046 1067 4091 et
1105 4040 1301 4105 justum
1354 4056 1472 4095 esse
1519 4058 1636 4095 cum
1685 4043 1889 4100 fecerit.

316 4130 573 4183 Dominus
613 4129 708 4183 tibi
749 4129 840 4183 det
882 4129 1207 4184 intellectum
1257 4132 1307 4184 in
1353 4132 1632 4198 omnibus,
1684 4133 1895 4190 domine

312 4220 499 4272 frater.

734 4330 1061 4386 EPISTULA
1101 4331 1343 4386 CCXVIII
1372 4336 1388 4355 ⁸
1412 4331 1505 4406 (a).

313 4436 606 4490 Palatinum
636 4440 932 4493 adhortatur
968 4451 1021 4493 ut
1062 4442 1113 4494 in
1152 4442 1423 4496 christiana
1448 4445 1691 4512 sapientia
1734 4447 1891 4515 pro/i-

381 4529 480 4581 ciat
525 4546 583 4581 ac
633 4543 942 4599 perseveret,
990 4534 1043 4585 id
1082 4552 1394 4603 summopere
1434 4553 1609 4592 cavens
1649 4555 1709 4589 ne
1755 4556 1889 4607 spent

378 4625 498 4677 bene
524 4624 714 4677 vivendi
738 4626 942 4680 collocet
968 4628 1018 4680 in
1042 4630 1259 4698 propriis
1285 4629 1487 4685 viribus.

310 4736 537 4791 Domino
565 4736 938 4801 dilectissimo,
983 4749 1036 4793 et
1074 4740 1522 4796 desideratissimo
1566 4741 1676 4797 ﬁlio
1715 4743 1885 4798 PALA-

822 4846 945 4885 τιΝο
964 4873 978 4896 ,
1009 4832 1370 4887 Aucesrtaus.

380 4941 431 4996 1.
458 4939 802 4995 Conversatio
834 4952 920 4995 tua
957 4941 1141 4997 fortior
1161 4953 1316 5012 atque
1346 4944 1659 4999 fructuosior
1684 4946 1747 4999 ad
1781 4947 1886 5000 Do-

310 5032 514 5084 minum
560 5032 723 5087 Deum
772 5042 1046 5099 nostrum,
1074 5049 1322 5103 magnum
1369 5036 1518 5089 nobis
1546 5037 1719 5090 attulit
1754 5054 1884 5105 gau-

305 5123 472 5177 dium.
506 5124 718 5193 Elegisti
748 5125 889 5177 enim
918 5139 947 5177 a
973 5124 1247 5193 jnventute
1277 5127 1599 5195 doctrinam,
1637 5139 1696 5183 ut
1734 5132 1884 5184 inve-

306 5215 421 5269 nias
447 5230 611 5284 usque
639 5214 704 5269 ad
741 5229 902 5269 canos
931 5216 1242 5284 sapientiam
1282 5217 1464 5288 (Eccli.
1494 5234 1545 5273 vn
1569 5262 1582 5285 ,
1612 5220 1723 5291 l8).
1752 5221 1883 5277 Cani

303 5315 429 5360 sunt
454 5321 579 5376 ergo
605 5322 792 5362 sensus
818 5308 1050 5362 hominis
1070 5349 1084 5373 ,
1116 5318 1171 5363 et
1195 5310 1480 5366 senectutis
1505 5322 1634 5368 aetas
1655 5315 1758 5369 vita
1781 5314 1885 5369 im.

306 5397 566 5451 maculata
594 5396 745 5469 (Sap.
788 5414 862 5465 tv,
891 5396 967 5469 9).
1000 5399 1165 5466 Quam
1192 5400 1351 5455 donet
1376 5402 1467 5456 tibi
1496 5403 1748 5459 Dominus
1788 5422 1882 5475 pe-

366 5530 387 5549 ⁹
410 5537 535 5579 Itane
552 5532 920 5593 recognovimus
942 5531 1000 5581 ad
1020 5531 1088 5580 bl.
1114 5534 1193 5581 ch.
1221 5546 1291 5581 vc.
1318 5532 1439 5584 duos
1462 5548 1509 5584 v.
1536 5543 1586 5585 et
1608 5543 1712 5585 Iov.

366 5609 579 5680 (τὴ-διῆρε
595 5612 686 5660 208
706 5625 717 5659 :
740 5625 849 5673 qure
872 5621 1033 5662 autem
1058 5612 1147 5661 2l8
1172 5622 1294 5671 erat,
1317 5628 1441 5665 nunc
1468 5616 1538 5665 15.
1561 5618 1738 5680 Scripta
1760 5617 1881 5669 forte

303 5684 416 5723 cuc.
443 5672 569 5721 idem
589 5680 793 5734 tempus.

2042 658 2221 725 gloria:
2248 664 2580 731 sempiterna:
2600 706 2614 729 ,
2645 668 2872 723 maxime
2902 672 3009 739 ipsa
3036 676 3202 742 gratia
3231 678 3459 749 Christi,
3490 699 3611 753 qua:

2042 749 2133 803 tibi
2164 760 2270 806 tam
2313 754 2592 811 salubriter
2628 758 2679 812 in
2716 760 2875 815 corde
2918 771 3007 816 tuo
3054 766 3224 820 locuta
3266 781 3382 835 cst;
3429 749 3610 830 tamen

2039 841 2196 894 etiam
2228 858 2326 898 nos
2345 860 2443 915 pro
2468 846 2764 904 dilectionis
2783 850 2957 906 ofﬁcio
2980 896 2994 919 ,
3024 872 3180 924 quam
3212 859 3301 913 tibi
3323 860 3606 930 debemus,

2036 930 2303 988 aﬁ'erimus
2344 936 2539 1005 aliquid
2578 939 2958 997 exhortationis
3000 945 3050 997 in
3096 946 3194 1001 hac
3234 950 3607 1011 resalutatione

2035 1032 2215 1076 nostra
2240 1065 2255 1089 ,
2286 1040 2387 1094 qua
2421 1036 2469 1082 te
2499 1044 2602 1083 non
2648 1031 2848 1099 pigrum
2892 1034 2975 1088 vel
3014 1035 3359 1093 dormientem
3404 1045 3605 1099 excite-

2034 1127 2178 1178 mus,
2208 1115 2301 1170 scd
2330 1132 2678 1186 provocemus
2708 1123 3088 1196 incitemusque
3116 1143 3435 1187 currentem.

2101 1207 2153 1260 2.
2198 1208 2397 1278 Sapere
2429 1220 2478 1265 tc
2504 1222 2747 1282 oportet,
2781 1216 2884 1280 ﬁli,
2916 1229 2971 1272 ut
2998 1235 3302 1288 perseveres
3324 1266 3337 1288 ,
3366 1227 3486 1294 quia
3514 1242 3603 1282 sa-

2032 1298 2185 1364 puisti
2215 1307 2269 1351 ut
2296 1299 2540 1370 eligeres.
2572 1302 2650 1357 Sit
2678 1303 2779 1358 hoc
2804 1305 2972 1374 ipsum
3003 1310 3274 1379 sapientize
3300 1322 3431 1378 tuas,
3465 1318 3603 1373 scire

2028 1387 2179 1456 cujus
2225 1389 2421 1443 donum
2479 1391 2580 1446 hoe
2625 1402 2723 1446 est.
2765 1394 2958 1451 Revela
3008 1400 3074 1453 ad
3132 1402 3407 1458 Dominum
3455 1406 3593 1462 viam

2030 1486 2193 1544 tuam,
2243 1488 2298 1533 et
2340 1496 2495 1550 spera
2540 1483 2591 1537 in
2644 1499 2763 1538 eum
2799 1503 2811 1541 :
2856 1498 2909 1540 et
2959 1489 3070 1557 ipse
3111 1489 3297 1557 faciet,
3339 1504 3392 1548 et
3437 1496 3601 1551 dedu-

2025 1578 2111 1622 cet
2141 1568 2284 1622 velut
2327 1570 2501 1624 lumen
2537 1572 2794 1641 justitiam
2833 1583 3007 1642 tuam,
3061 1588 3115 1634 et
3150 1580 3402 1648 judicium
3451 1592 3598 1639 tuum

2024 1660 2166 1713 Velut
2211 1662 2481 1717 meridiem
2541 1664 2709 1735 (Psal.
2761 1683 2966 1735 nm,
3018 1672 3096 1741 5).
3152 1673 3268 1741 Ipse
3312 1674 3468 1730 faciet
3516 1694 3598 1733 re-

2022 1760 2137 1806 ctus
2180 1768 2367 1807 cursus
2405 1765 2555 1820 tuos,
2603 1766 2655 1811 et
2702 1758 2886 1813 itinera
2931 1768 3020 1813 tua
3081 1761 3131 1815 in
3176 1778 3305 1831 pace
3347 1766 3599 1833 producet

2023 1841 2203 1912 (Prov.
2240 1860 2316 1907 tv,
2348 1844 2460 1915 ‘27).
2491 1846 2636 1903 Sicut
2673 1850 2917 1918 sprevisti
2946 1851 3083 1920 quod
3111 1853 3361 1920 sperabas
3401 1855 3450 1908 in
3491 1871 3593 1910 sa:-

2020 1933 2179 1998 culo,
2208 1950 2275 1989 ne
2317 1936 2368 1989 in
2410 1938 2725 1993 abundantia
2753 1939 3052 1995 divitiarum
3095 1942 3395 2012 gloriare-ris
3417 1987 3432 2011 ,
3463 1962 3595 2015 quas

2020 2038 2169 2078 more
2196 2025 2420 2080 ﬁliorum
2452 2030 2629 2082 saeculi
2653 2029 2805 2099 hujus
2829 2032 3202 2101 concupiscere
3227 2048 3463 2103 cmpcras
3484 2053 3499 2088 ι
3522 2034 3593 2089 ita

2018 2131 2159 2170 nunc
2188 2116 2255 2170 ad
2295 2118 2579 2173 tollendum
2617 2122 2798 2191 jugum
2837 2123 3043 2176 Domini
3073 2133 3124 2177 et
3152 2126 3410 2179 sarcinam
3441 2126 3589 2195 ejus,

2018 2205 2069 2258 in
2098 2206 2289 2259 virtute
2317 2216 2400 2260 tua
2438 2225 2540 2261 non
2577 2210 2841 2275 conﬁdas;
2873 2221 2926 2265 et
2956 2212 3082 2266 illud
3107 2213 3223 2267 lene
3246 2214 3377 2279 erit,
3402 2223 3453 2268 ct
3478 2215 3591 2270 luec

2017 2294 2147 2347 levis
2175 2294 2384 2367 (Matth.
2414 2313 2495 2362 xl,
2515 2299 2603 2364 ‘29,
2633 2300 2745 2371 30).
2775 2300 2980 2355 Pariter
3008 2302 3202 2372 quippe
3232 2304 3591 2373 improbantur

2016 2385 2071 2438 in
2112 2386 2321 2440 Psalmo
2358 2396 2411 2440 et
2433 2389 2519 2456 qui
2567 2389 2838 2443 conﬁdunt
2864 2391 2915 2444 in
2951 2392 3142 2446 virtute
3169 2405 3294 2458 sua,
3327 2400 3381 2447 et
3408 2394 3494 2462 qui
3536 2392 3589 2447 in

2013 2478 2331 2531 abundantia
2354 2479 2650 2534 divitiarum
2672 2496 2885 2537 suarum
2906 2484 3194 2552 gloriantur
3215 2484 3383 2554 (Psal.
3405 2501 3585 2549 ιινιιι,

2012 2568 2089 2640 7).
2122 2571 2260 2639 Ergo
2300 2569 2599 2625 divitiarum
2647 2573 2866 2642 gloriam
2908 2590 3010 2628 non
3035 2575 3142 2645 jam
3188 2575 3453 2641 habebas,
3494 2575 3607 2630 sed.

2010 2676 2169 2729 quam
2214 2660 2409 2715 habere
2451 2662 2735 2732 cupiebas,
2778 2664 3181 2732 prudentissime
3206 2664 3586 2733 contempsisti.

2011 2750 2149 2803 Cave
2178 2765 2245 2803 ne
2274 2750 2363 2803 tibi
2406 2752 2654 2819 subrepat
2678 2752 2727 2805 in
2768 2762 2855 2806 tua
2886 2755 3075 2808 virtute
3100 2754 3397 2819 conﬁdere;
3428 2755 3589 2809 homo

2008 2856 2067 2895 es
2093 2842 2232 2895 enim
2253 2884 2268 2909 ,
2300 2850 2354 2897 et
2374 2843 2683 2897 maledictus
2703 2846 2874 2899 omnis
2903 2846 2992 2914 qui
3020 2861 3164 2915 spem
3190 2860 3337 2899 suam
3366 2848 3509 2916 ponit
3530 2847 3584 2901 in

2010 2933 2225 2987 homine
2265 2933 2475 3004 (Jerem.
2518 2951 2657 3000 xvu,
2685 2936 2762 3006 5).
2794 2936 2900 2991 Sed
2939 2938 3095 3007 plane
3139 2939 3189 2991 in
3224 2939 3328 2993 Deo
3359 2948 3447 2993 tuo
3472 2950 3584 2994 toto
3668 2932 3673 2939 ‘

2008 3025 2169 3079 corde
2203 3025 2443 3089 conﬁde,
2488 3036 2542 3080 et
2586 3028 2699 3096 ipse
2736 3028 2839 3082 erit
2880 3029 3044 3081 virtus
3073 3037 3195 3096 tua,
3227 3030 3278 3083 in
3318 3046 3418 3099 qua
3464 3031 3581 3099 pius

2006 3125 2291 3184 gratusque
2328 3116 2597 3182 conﬁdas,
2631 3116 2713 3169 cui
2753 3116 2898 3171 dicas
2939 3118 3205 3172 humiliter
3242 3127 3295 3172 et
3327 3118 3577 3182 ﬁdeliter.

2006 3207 2232 3280 Diliqam
2257 3221 2330 3275 te,
2361 3210 2607 3275 Domine,
2639 3214 2796 3265 virtus
2822 3229 2929 3265 mea
2962 3212 3129 3283 (Psal.
3160 3230 3269 3269 xvn
3291 3256 3305 3280 ,
3328 3215 3387 3285 2)
3413 3233 3425 3269 :
3457 3216 3577 3286 quia

2007 3311 2061 3354 et
2089 3301 2197 3369 ipsa
2234 3301 2465 3354 cbaritas
2506 3302 2630 3367 Dei,
2659 3318 2776 3371 quae
2806 3303 3029 3371 perfecta
3059 3302 3200 3357 foras
3233 3306 3390 3359 mittit
3420 3306 3579 3359 timo-

2005 3407 2118 3446 rem
2170 3392 2217 3463 (I
2259 3391 2413 3445 Joan.
2460 3408 2541 3457 Iv,
2594 3394 2716 3463 l8),
2764 3410 2866 3447 non
2922 3410 3016 3463 per
3058 3395 3197 3450 vires
3235 3406 3479 3460 nostras,
3528 3399 3581 3452 id

2005 3491 2087 3538 est
2116 3482 2714 3546 humanas,dill'unditur
2740 3485 2789 3536 in
2821 3484 3067 3538 cordibus
3094 3486 3312 3551 nostris,
3336 3487 3428 3540 sed
3459 3488 3576 3540 sic-

2005 3584 2061 3629 ut
2099 3575 2225 3628 dicit
2262 3574 2579 3642 Apostolus,
2619 3590 2706 3644 per
2740 3574 2990 3644 Spiritum
3029 3586 3255 3630 sanctum
3293 3578 3377 3647 qui
3433 3578 3579 3632 datus

2003 3677 2075 3721 est
2101 3667 2240 3720 nobis
2263 3665 2434 3737 (Itoni.
2467 3682 2517 3732 ν,
2547 3666 2625 3730 5).

2074 3761 2127 3813 5.
2176 3758 2341 3826 Vigila
2385 3773 2509 3826 ergo
2549 3767 2604 3811 et
2644 3771 2736 3811 ora
2760 3798 2775 3823 ,
2824 3773 2891 3813 ne
2935 3759 3099 3812 intres
3138 3758 3189 3811 in
3230 3760 3575 3813 tentationem

2004 3848 2194 3920 (Marc.
2218 3864 2304 3902 xtv
2328 3888 2342 3905 .
2374 3846 2485 3919 58).
2518 3848 2633 3917 Ipsa
2664 3852 2858 3917 quippe
2894 3848 3062 3902 oratio
3086 3848 3333 3903 admonet
3362 3857 3411 3903 te
3435 3850 3577 3918 quod

2003 3939 2240 4008 indigeas
2268 3939 2529 4008 adjutorio
2563 3939 2765 3990 Domini
2794 3939 2901 4004 tui,
2932 3953 3000 3992 ne
3034 3954 3181 4008 spem
3209 3939 3343 3993 bene
3366 3940 3574 3992 vivendi

2002 4029 2053 4081 in
2081 4038 2130 4081 te
2160 4042 2341 4096 ponas.
2373 4027 2506 4081 Oras
2543 4028 2682 4080 enim
2713 4043 2816 4080 non
2860 4028 2966 4095 jam
2998 4036 3054 4082 ut
3094 4030 3322 4097 accipias
3363 4029 3575 4091 divitias

2001 4132 2055 4175 et
2080 4122 2308 4175 honores
2336 4122 2614 4189 przesentis
2642 4122 2851 4186 smculi,
2879 4131 2970 4175 aut
2991 4121 3187 4190 aliquid
3213 4121 3454 4175 vanitatis
3476 4121 3572 4175 hu-

2002 4230 2199 4277 manae,
2231 4214 2322 4267 sed
2357 4229 2424 4268 ne
2453 4214 2618 4268 intres
2648 4214 2697 4267 in
2734 4214 3076 4269 tentationem
3109 4230 3123 4267 :
3155 4214 3294 4283 quod
3325 4215 3501 4283 utique
3526 4215 3572 4269 si

2000 4307 2161 4360 homo
2197 4307 2294 4361 sibi
2337 4315 2587 4375 przestare
2624 4317 2801 4375 posset
2827 4305 3071 4371 volendo,
3112 4322 3217 4359 non
3263 4316 3574 4375 posceretur

1997 4397 2218 4451 orando.
2265 4398 2613 4467 Quapropter,
2664 4404 2721 4451 ut
2780 4410 2885 4449 non
2932 4396 3187 4449 intremus
3230 4397 3281 4449 in
3327 4400 3574 4451 tentatio-

1999 4507 2140 4557 nem,
2173 4491 2216 4543 si
2248 4490 2488 4543 voluntas
2524 4490 2822 4552 sufﬁceret,
2867 4503 2972 4542 non
3011 4503 3316 4553 oraremus;
3344 4504 3461 4557 qum
3485 4494 3569 4542 ta-

1998 4599 2117 4635 men
2159 4581 2203 4634 si
2242 4581 2482 4645 deesset,
2523 4594 2621 4634 nec
2648 4594 2800 4633 orare
2840 4592 3133 4647 possemus.
3174 4576 3323 4631 Adsit
3359 4592 3484 4646 ergo
3516 4585 3571 4631 ut

1996 4673 2251 4738 velimus,
2301 4687 2514 4725 oremus
2559 4680 2735 4725 autem
2777 4678 2831 4723 ut
2867 4670 3132 4723 valeamus
3159 4668 3297 4739 quod
3338 4669 3568 4723 volueri-

1997 4780 2149 4829 mus,
2181 4780 2299 4818 cum
2331 4765 2445 4833 ipso
2471 4764 2699 4817 donante
2736 4771 2876 4817 recte
2914 4764 3259 4831 sapuerimus.
3293 4761 3439 4828 Quod
3473 4763 3561 4817 bo«

1994 4875 2121 4913 num
2164 4859 2410 4926 quoniam
2453 4856 2559 4924 jam
2613 4854 2848 4923 cmpisti,
2884 4863 2966 4909 est
3010 4853 3145 4908 unde
3186 4854 3378 4923 gratias
3420 4870 3544 4923 agas

1993 4948 2127 5016 Quid
2152 4949 2293 5001 enim
2327 4947 2489 5000 habes
2517 4946 2655 5015 quod
2685 4962 2785 4999 non
2819 4944 3101 5014 accepisti?
3133 4944 3185 4999 Si
3213 4954 3384 4998 autem
3416 4960 3539 4998 acce

1993 5040 2147 5110 pisti,
2192 5053 2321 5093 cave
2369 5052 2433 5091 ne
2475 5037 2715 5106 glorieris
2750 5037 2897 5106 quasi
2940 5051 3043 5090 non
3074 5035 3338 5105 acceperis
3372 5033 3414 5107 (I
3444 5033 3561 5089 Cor.

1993 5147 2064 5195 ιν,
2111 5131 2196 5200 7),
2245 5128 2345 5182 hoc
2388 5136 2503 5186 est,
2543 5128 2690 5193 quasi
2733 5143 2795 5180 ex
2842 5137 2891 5182 te
2934 5126 3046 5195 ipso
3078 5125 3272 5181 habere
3306 5126 3559 5195 potueris.

1992 5219 2177 5275 Sciens
2206 5228 2383 5272 autem
2413 5215 2551 5271 unde
2588 5214 2852 5287 acceperis
2877 5256 2891 5280 ,
2934 5216 3001 5270 ab
3042 5215 3131 5269 illo
3158 5224 3279 5285 pete
3320 5226 3372 5268 nt
3409 5216 3563 5284 perﬁ-

1990 5311 2177 5372 ciatur,
2219 5323 2249 5361 a
2289 5322 2394 5377 quo
2432 5306 2611 5361 datum
2655 5315 2736 5361 est
2766 5315 2821 5359 nt
2852 5306 3186 5375 inciperetur.
3215 5307 3344 5361 Cum
3375 5308 3562 5362 timore

1992 5401 2167 5471 itaque
2194 5408 2246 5454 et
2274 5408 2500 5452 tremore
2543 5405 2683 5451 tuam
2730 5397 2949 5449 salutem
2997 5411 3235 5466 operare.
3291 5399 3428 5449 Deus
3480 5413 3561 5451 est

1989 5494 2129 5548 enim
2173 5491 2258 5562 qui
2303 5498 2550 5559 operatur
2588 5489 2638 5542 in
2678 5498 2728 5543 te
2769 5498 2823 5544 et
2865 5489 3029 5554 velle,
3063 5501 3113 5544 et
3146 5489 3434 5558 perﬁcere,
3468 5507 3564 5560 pro

1989 5584 2125 5637 bona
2156 5581 2421 5636 voluntate
2449 5580 2703 5649 (Philipp.
2738 5595 2806 5645 ιι,
2849 5580 2947 5646 12,
2988 5580 3073 5648 1⁸5)
3098 5597 3111 5634 :
3140 5583 3386 5651 quoaiam
3428 5599 3561 5650 pm!-

1990 5684 2204 5744 paratur
2250 5675 2487 5729 voluntas
2532 5690 2555 5720 Il
2620 5672 2837 5725 hominm
2880 5669 3070 5745 (Prov.
3122 5688 3243 5741 vui,
3302 5672 3399 5733 55.
3456 5689 3561 5728 seu.
