4070 6332
552 335 654 393 991

555 450 715 524 LXX)
739 496 751 518 ,
789 464 949 528 atque
976 443 1047 515 ab
1080 459 1196 531 ipso
1219 475 1432 533 gressus
1470 462 1701 520 hominis
1734 466 2048 538 diriguntur,
2082 480 2137 530 et

550 544 690 598 viam
739 544 854 616 ejus
897 550 1041 606 volet
1087 549 1259 622 (I’scl.
1318 571 1509 621 xxxvi,
1560 556 1676 629 2?»).
1726 558 1849 614 llaec
1889 561 2139 630 cogitatio

549 650 734 697 sancta
754 647 986 703 servabit
1010 655 1060 704 te
1078 689 1093 715 ,
1128 660 1179 703 ut
1206 651 1461 720 sapientia
1497 661 1585 708 tua
1629 654 1796 723 pietas
1822 655 1919 721 sit;
1948 655 2000 710 id
2021 665 2133 722 est,

551 744 602 791 ut
630 749 695 789 ex
717 735 827 792 Deo
849 738 923 794 sis
946 740 1117 797 bonus
1137 783 1152 809 ,
1179 751 1234 798 et
1256 742 1450 800 Christi
1478 747 1660 818 gratio
1681 761 1786 802 non
1806 748 2063 819 ingratus.

618 824 672 878 4.
714 825 1026 884 Desiderant
1066 840 1119 904 te
1153 843 1399 901 parentes
1439 836 1546 900 tui,
1591 835 1819 893 ﬁdeliter
1855 847 2138 908 congratu-

549 912 721 975 lantes
766 918 976 975 meliori
1024 924 1137 993 spei
1191 933 1292 979 tum
1346 941 1505 997 quam
1563 927 1615 981 in
1662 929 1887 985 Domino
1938 930 2135 986 habere

545 1007 787 1076 coepisti.
818 1009 927 1067 Nos
964 1022 1142 1069 autem
1189 1024 1240 1071 te
1281 1017 1394 1072 sive
1439 1018 1714 1074 absentem
1757 1035 1984 1092 corpore
2020 1020 2135 1077 sive

546 1106 885 1168 prresentcm,
910 1101 1094 1158 inuno
1117 1105 1308 1175 spiritu
1338 1107 1536 1165 habere
1563 1110 1824 1179 cupimus,
1853 1127 1947 1181 per
1974 1127 2131 1182 quem

545 1186 858 1247 tlill‘ttnditur
897 1192 1127 1250 Charitas
1168 1196 1220 1252 in
1262 1198 1513 1259 cordibus
1556 1202 1772 1265 nostris,
1800 1209 1857 1259 ut
1896 1203 2134 1273 quolibet

542 1276 664 1338 loco
702 1279 860 1336 fuerit
888 1297 1014 1339 caro
1052 1295 1269 1353 nostra,
1299 1289 1442 1343 nullo
1486 1291 1644 1346 modo
1689 1301 1931 1362 separata
1969 1293 2133 1364 possit

540 1381 664 1424 esse
691 1372 868 1427 anima
898 1386 1099 1431 nosua.
1133 1376 1449 1441 Gratissimc
1483 1383 1785 1451 accepimus
1814 1374 1983 1440 cilicia
2012 1400 2132 1454 qua:

540 1458 754 1527 misisti,
789 1463 876 1521 ubi
915 1480 1013 1521 nos
1040 1466 1108 1522 de
1133 1467 1516 1541 frequentanda
1546 1479 1602 1532 et
1625 1475 1883 1531 servanda
1914 1475 2129 1531 humili-

540 1556 652 1609 tate
680 1554 980 1611 orationum
1011 1558 1159 1626 prior
1187 1560 1299 1629 ipse
1327 1562 1597 1617 monuisti.

956 1669 1286 1728 EPISTULA
1325 1675 1573 1731 ccxrx-
1609 1677 1703 1751 (a).

540 1774 852 1849 Augustinus
879 1784 1066 1855 aliique
1092 1787 1324 1856 Africani
1353 1799 1549 1861 patres,
1580 1790 1857 1848 Gallicanis
1883 1794 2129 1864 episcopis

611 1870 835 1927 Proculo
866 1884 911 1928 et
938 1875 1175 1947 Cylinnio
1203 1880 1289 1949 qui
1315 1878 1590 1951 Leporium
1618 1885 1918 1938 monac/mm
1946 1886 1997 1939 in
2024 1887 2126 1955 [ide

603 1963 968 2022 incarnationis
1003 1967 1149 2024 Verbi
1174 1981 1420 2027 errantem
1445 1975 1713 2044 ejecerant,
1742 1987 1796 2030 ut
1816 1979 2127 2048 amplectan-

606 2064 688 2107 tur
715 2057 819 2124 iam
850 2057 946 2113 Dei
970 2062 1136 2130 gratia
1163 2064 1480 2134 pwnitentent
1504 2074 1550 2121 et
1574 2075 1871 2122 correctum.

535 2167 900 2229 Dilectissimis
938 2183 994 2231 et
1029 2175 1427 2235 hnnorabilibus
1470 2179 1721 2237 fratribus
1760 2191 1813 2239 et
1841 2197 2122 2238 consacer-

603 2258 814 2317 dctihus
841 2262 1087 2322 Paocuao
1119 2276 1173 2323 et
1207 2268 1494 2332 Cvusxto.
1524 2273 1825 2339 Auneuus,
1856 2276 2122 2330 ACGL'STI-

603 2366 702 2406 atus
754 2351 848 2426 (ιι),
897 2355 1252 2425 Ριοιιεκτιυε,
1301 2369 1355 2416 et
1401 2361 1752 2433 Sscusmxus,
1802 2366 1852 2418 in
1900 2366 2122 2424 Domino

604 2441 854 2499 salutem.

602 2554 655 2609 ι.
695 2554 890 2613 Filium
917 2569 1154 2617 nostrum
1179 2562 1462 2635 Leporium
1488 2568 1627 2638 apud
1655 2578 1886 2626 vestram
1913 2571 2119 2628 Saneti-

526 2653 694 2703 tatem
720 2661 818 2718 pro
839 2650 921 2705 sui
948 2653 1146 2709 erroris
1173 2659 1584 2728 praesumptione
1609 2663 1798 2717 merito
1823 2663 2119 2736 idnnecque

526 2747 857 2810 correptum,
885 2756 1007 2798 cum
1030 2744 1097 2800 ad
1126 2760 1244 2813 nos,
1274 2758 1618 2820 posteaquam
1651 2752 1774 2809 inde
1802 2756 2114 2815 exturbatus

524 2838 625 2892 est.
675 2832 927 2900 venisset,
972 2836 1254 2893 salubriter
1299 2841 1690 2911 perturbatum,
1738 2847 2110 2917 corrigendum

522 2923 928 2996 sanandumque
966 2928 1317 2999 suscepimus.
1364 2932 1496 2989 Nam
1544 2936 1681 2991 sicut
1722 2953 1819 2994 vos
1857 2940 2113 2999 nbedtstis

522 3012 783 3081 Apostolo
811 3026 865 3072 ut
892 3019 1231 3089 corriperctis
1258 3023 1556 3094 inquietos;
1591 3027 1662 3082 ita
1690 3038 1745 3084 et
1773 3047 1871 3086 nos
1901 3042 1957 3086 ut
1983 3049 2113 3089 eon-

521 3103 820 3161 solaremur
873 3110 1233 3178 pusillanimes
1289 3129 1352 3170 ac
1409 3118 1803 3188 susciperemns
1864 3124 2105 3183 infirmos

526 3191 582 3263 (l
609 3192 788 3250 Thess.
810 3212 862 3263 ν,
894 3197 1017 3271 li).
1050 3199 1182 3257 Cum
1213 3203 1354 3259 enim
1380 3220 1777 3279 praeoccupatus
1805 3225 1943 3270 esset
1972 3216 2109 3272 sicut

518 3282 682 3341 homo
719 3286 769 3341 in
799 3288 975 3360 aliquo
1006 3291 1232 3362 delicto,
1263 3297 1556 3370 eodemque
1584 3316 1689 3357 non
1729 3319 1923 3373 parvo,
1958 3317 2014 3361 ut
2039 3309 2106 3368 dc

517 3375 792 3447 ttuigenito
821 3379 956 3436 Filio
996 3383 1107 3449 Dei,
1136 3385 1276 3455 quod
1318 3398 1434 3453 erat
1464 3391 1517 3445 in
1560 3393 1818 3465 principio
1853 3398 2100 3467 Verbum,

515 3478 569 3521 et
600 3466 833 3525 Verbum
878 3483 994 3528 erat
1029 3476 1165 3544 apud
1216 3477 1404 3545 Deum,
1433 3491 1488 3536 et
1530 3483 1668 3540 Deus
1702 3496 1818 3542 erat
1850 3489 2098 3557 Verbum,

513 3573 636 3615 eum
671 3571 851 3618 autem
889 3566 1036 3621 venit
1081 3568 1353 3637 plenitudo
1395 3577 1649 3646 temporis
1698 3580 1925 3637 \‘erbunt
1974 3599 2101 3640 caro

512 3651 709 3708 factum
740 3666 842 3721 est,
872 3665 925 3713 et
954 3658 1207 3717 habitavit
1234 3664 1289 3717 in
1315 3666 1466 3722 nobis
1497 3667 1675 3740 (Joan.
1702 3688 1738 3736 ι,
1774 3674 1820 3740 l,
1853 3674 1963 3747 14),
1991 3694 2095 3734 non

508 3753 656 3799 recta
704 3747 946 3817 quzedam
992 3760 1233 3821 saperet,
1279 3771 1379 3812 nec
1424 3774 1551 3814 vera
1594 3763 1850 3831 sentiret;
1896 3783 2096 3839 negans

507 3834 676 3892 Deum
719 3838 986 3896 hominem
1018 3842 1246 3913 factum,
1278 3863 1345 3904 ne
1384 3850 1624 3909 videlicet
1669 3855 1976 3916 substantiae
2015 3861 2097 3918 di-

507 3928 664 3993 vinat,
695 3946 798 4001 qua
825 3934 1044 4004 aequalis
1072 3946 1154 3992 est
1183 3938 1348 4007 Patri,
1378 3942 1590 4013 indigna
1621 3949 1841 4005 mutatio
1857 3952 1947 4011 _vel
1973 3969 2093 4009 cor-

504 4024 683 4093 ruptio
717 4036 1070 4096 sequeretur;
1102 4046 1200 4087 nec
1227 4033 1415 4092 videns
1441 4047 1682 4106 quartam
1723 4057 1793 4098 se,
1817 4046 2089 4103 subintro-

505 4112 708 4171 ducere
728 4116 780 4171 in
802 4117 1059 4176 Triuitate
1082 4137 1389 4195 personam,
1406 4130 1547 4197 quod
1566 4145 1595 4186 a
1616 4132 1841 4190 sanitate
1862 4138 2088 4208 symboli

503 4204 884 4277 eatholicaeque
935 4212 1170 4269 veritatis
1216 4229 1436 4285 prorsus
1477 4220 1708 4278 alienum
1751 4234 1872 4292 est;
1921 4245 2042 4285 cum
2068 4273 2083 4297 ,

500 4294 655 4351 sicuti
701 4299 995 4368 potuimus,
1046 4303 1328 4374 adjuvaute
1371 4308 1600 4367 Domino
1641 4313 1988 4375 instruximus
2032 4322 2083 4377 iu

464 4387 476 4396 ’
499 4389 689 4456 spiritu
719 4391 988 4448 lenitatis:
1021 4400 1317 4465 prmsertim
1344 4401 1466 4471 quia
1491 4418 1613 4459 cum
1646 4406 1746 4462 hoc
1773 4410 2083 4471 admoneret

499 4478 604 4533 Vas
633 4481 928 4551 electionis,
955 4485 1167 4556 adjecit,
1192 4487 1467 4547 Intendens
1486 4494 1715 4565 teipsum,
1741 4516 1803 4554 ne
1826 4512 1871 4557 et
1894 4511 1947 4557 tu
1975 4514 2082 4561 ten-

557 4617 578 4689 ς
596 4615 876 4692 ᾼᾱξιιηεξιιιιέ
889 4618 967 4692 hic
980 4619 1197 4682 epistolis
1215 4626 1483 4687 Augustini,
1499 4633 1555 4678 ut
1567 4628 1629 4678 ab
1643 4630 1763 4692 ipsa,
1783 4634 2079 4689 eruditorum

494 4678 738 4741 opinione,
756 4678 953 4729 dictata.

554 4760 758 4871 wagner
791 4760 885 4812 219
926 4769 1052 4824 erat,
1096 4777 1224 4816 nunc
1266 4766 1373 4819 Μ.
1410 4770 1589 4834 Scripta
1621 4773 1811 4827 videtur
1848 4791 1928 4830 an.
1967 4782 2077 4848 426,

489 4829 710 4957 13:52:13
720 4892 983 4957 “ww?
990 4886 1215 4957 δίοιδμπρ
1226 4890 1664 4957 (ξρίδιριξιηήυᾴίοθι
1674 4910 1736 4947 ex
1749 4900 1862 4951 stilo
1871 4904 2077 4957 sirmou-

485 4945 611 5019 dus;
619 4945 848 5019 idemque
856 4947 936 4999 alii
950 4945 1344 5019 feruntjudicium
1353 4954 1418 5019 de
1431 4945 1611 5008 libello
1622 4945 2074 5019 riuiéﬁaiiitbiiiéi;

487 5008 626 5069 perii.
651 5008 794 5083 cuius
812 5011 1031 5084 monachi
1042 5008 1239 5086 errores
1253 5016 1481 5086 nondum,
1493 5008 2072 5086 ορίηωιιιιῖζξνῦἱῖᾆιίὲἷιῖἷιι

485 5072 1281 5153 Augpst‘itlinotlti‘am,quaudoin_
1403 5072 1481 5152 de:
1490 5072 1801 5145 correptione
1816 5072 2069 5153 'tL-i'eFafiiEt",

481 5144 526 5180 e.
557 5132 765 5213 ἦρξε
783 5133 975 5185 dicebat
993 5132 1234 5213 sineque
1259 5139 1389 5213 enim
1402 5132 1810 5213 quisquamtauta
1830 5132 2073 5213 iniiinii};

488 5211 509 5240 α
534 5199 585 5272 et
618 5193 733 5268 ﬁdei
762 5203 1026 5272 ctecttslest
1047 5193 1353 5272 ignorantia,
1370 5193 1624 5272 ut‘audeat
1644 5193 2072 5272 aicétéé,'dita"n?{i§

487 5274 510 5302 ι
530 5255 595 5305 de
618 5256 793 5337 Spiritu
813 5264 977 5337 sancto
1013 5266 1066 5309 et
1078 5255 1291 5337 Virgine
1316 5255 1456 5337 traria
1478 5255 1628 5337 lilium
1652 5255 2068 5337 nummis‘aiiiihﬁ

488 5336 509 5363 ιι
531 5330 622 5379 per
644 5318 854 5397 liberum
876 5327 1045 5397 ttuneq
1072 5318 1322 5397 arbitrium
1346 5325 1479 5397 bene
1502 5327 1708 5397 vivendo
1743 5336 1795 5380 et
1822 5318 2068 5397 castiga:

486 5396 509 5426 ct
529 5385 637 5447 cato
665 5380 793 5447 bona
835 5394 983 5447 opera
1024 5381 1242 5447 faciendo
1275 5387 1517 5437 meruisse
1535 5396 1591 5438 ut
1614 5397 1748 5441 esset
1768 5395 1851 5444 Dei
1874 5380 2061 5447 libris:

478 5440 1238 5526 NHEk‘FﬁPﬂEEPsﬁﬁ
1249 5459 1521 5526 3521?}???
1538 5440 1936 5526 setamense
1946 5440 2067 5526 insi?

686 5454 811 5493 naue
831 5454 977 5494 etram
1000 5454 1229 5518 Leppnus
1253 5464 1275 5494 ι
1288 5459 1521 5520 summam
1543 5454 1809 5521 caecitatem
1826 5468 1934 5526 sua:
1952 5460 2064 5529 insi—

486 5517 510 5547 ι
532 5516 568 5575 p
582 5502 735 5579 entia;
744 5503 1139 5579 3_detestatur_tu
1162 5509 1515 5579 Emendattonts
1538 5508 1730 5579 libello;
1755 5528 1838 5576 qut
1861 5521 2064 5579 promde

476 5563 687 5637 scriptus
707 5563 797 5616 fuit.
818 5573 924 5637 post
946 5568 1175 5637 eumdem
1196 5567 1373 5619 librum
1389 5563 2059 5637 decet‘reptiouéﬂetrora‘ti‘a‘.

478 5627 663 5693 tepetii
682 5642 715 5693 μ
742 5627 849 5693 ρειῇ
870 5631 1180 5693 Augustinum
1223 5633 1466 5693 emendati
1489 5651 1512 5678 ν
1544 5627 1762 5687 meininit
1793 5627 2064 5693 Gennadius

481 5688 529 5756 i_u
550 5686 632 5737 lib.
664 5686 729 5735 de
746 5686 918 5756 script.
940 5686 1142 5749 Bedes,
1165 5705 1208 5741 c.
1229 5692 1319 5751 59;
1345 5704 1522 5755 prteter
1535 5686 1808 5749 Cassianum
1838 5686 2055 5756 vidui—ibid

476 5749 541 5798 de
564 5749 919 5825 IncaruatiOIti};
944 5759 1174 5825 ξυιιιιιιριιι
1198 5761 1227 5802 tl
1254 5749 1422 5825 ptqizm
1465 5759 1509 5807 in
1553 5762 1692 5822 epist.
1718 5763 1775 5812 ad
1801 5749 2057 5825 Avienum;

479 5808 743 5869 Facundum
768 5812 814 5860 iu
835 5812 914 5860 lib.
948 5814 989 5872 l,
1014 5827 1055 5863 ρ.
1092 5814 1129 5874 l,
1153 5824 1201 5864 et
1227 5808 1357 5864 alias.

1794 346 1849 403 S.
1892 349 1928 403 Α
1940 349 2253 409 UGUSTINI
2297 355 2593 417 EPISCOPI

3736 389 3840 446 992

2246 475 2380 540 teris,
2409 494 2475 534 ne
2500 481 2570 536 ita
2591 498 2649 539 se
2672 486 2886 555 quidam
2916 490 2983 546 ad
3014 506 3322 564 provectum
3351 500 3686 571 spiritualem
3709 523 3835 576 pcr-

2244 568 2451 626 venisse
2474 574 2801 647 gauderent,
2829 590 2886 636 ut
2921 598 2980 640 se
3014 584 3126 656 jam
3172 604 3275 644 non
3305 568 3461 661 posse
3492 598 3685 650 tentari
3719 607 3839 653 tan-

2242 674 2398 731 quam
2430 662 2673 725 homines
2696 681 2978 744 putarent;
3005 678 3309 752 addiditque
3333 684 3602 742 salubrem
3645 689 3836 759 paciﬁ-

2240 765 2463 824 cumque
2487 764 2829 831 sententiam,
2858 777 2912 821 ut
2942 770 3077 827 alter
3099 772 3319 829 alterius
3342 791 3504 832 onera
3530 788 3832 849 portemus,

2236 845 2488 909 quoniam
2528 849 2606 906 sic
2643 854 3049 926 adimplebtmus
3082 862 3254 934 legem
3290 865 3486 923 Christi
3514 845 3663 935 {Qui
3702 845 3839 926 enim

2239 944 2383 1002 putat
2423 954 2477 992 se
2517 956 2623 997 esse
2666 945 2879 1015 aliquid,
2921 967 3037 1004 cum
3080 954 3145 1009 sit
3190 956 3341 1022 nihil,
3376 959 3598 1029 seipsum
3641 962 3840 1017 seducit

2240 1023 2434 1094 (Galut.
2468 1046 2538 1098 vt,
2566 1034 2708 1107 1-5),
2731 1038 3060 1099 dilectissimi
3090 1053 3141 1101 et
3169 1023 3509 1106 honorabiles
3540 1051 3760 1115 fratres.

2307 1116 2360 1175 2.
2403 1120 2571 1188 Quam
2621 1134 2796 1183 tamen
2845 1131 2961 1201 ejus
3018 1137 3448 1197 emendationem
3497 1158 3835 1215 nequaquam

2237 1203 2374 1263 forte
2418 1212 2635 1282 implere
2676 1234 2976 1291 possemus,
3023 1227 3125 1281 nisi
3168 1244 3262 1285 vos
3303 1239 3450 1301 ante,
3494 1250 3613 1304 qua:
3668 1237 3720 1290 iu
3768 1253 3837 1293 eo

2236 1302 2492 1362 mendosa
2515 1307 2744 1375 fuerant,
2771 1312 3117 1376 damnaretis.
3147 1320 3288 1381 idem
3312 1325 3463 1395 igitur
3490 1302 3543 1382 et
3574 1329 3836 1387 Dominus

2235 1400 2290 1447 et
2327 1396 2564 1453 medicus
2595 1413 2779 1459 uester
2808 1415 2965 1463 utens
3004 1412 3144 1466 vasis
3183 1428 3247 1469 ac
3285 1416 3541 1477 ministris
3570 1421 3705 1488 suis,
3740 1426 3833 1491 qui

2234 1481 2387 1550 dixit,
2420 1486 2530 1559 Ego
2559 1496 2856 1565 percutiam,
2884 1508 2934 1554 et
2961 1517 3052 1573 ego
3080 1505 3268 1568 saltabo
3288 1505 3463 1581 (Deut.
3498 1527 3682 1577 tum,
3710 1514 3830 1584 59).

2234 1588 2333 1643 per
2352 1592 2446 1632 vos
2465 1574 2724 1648 percussit
2741 1596 3052 1661 tumentem,
3073 1609 3167 1664 per
3186 1611 3286 1652 nos
3297 1574 3511 1655 sanavit
3529 1601 3831 1658 dolentem.

2232 1664 2378 1725 Idem
2410 1685 2533 1752 sum
2574 1674 2764 1732 domus
2801 1680 3201 1743 administrator
3237 1698 3397 1761 atque
3437 1693 3701 1762 provisor,
3730 1712 3831 1767 per

2231 1775 2329 1816 vos
2359 1762 2621 1822 destruxit
2647 1772 2784 1827 male
2810 1785 3114 1835 constructa
3138 1796 3153 1845 ;
3186 1795 3286 1851 per
3315 1798 3414 1840 nos
3436 1785 3571 1840 bene
3604 1802 3831 1857 campo.-

2231 1853 2330 1908 sita
2371 1862 2707 1917 restauravit.
2747 1863 2890 1921 ldem
2933 1867 3161 1941 diligens
3202 1874 3436 1944 agricola
3468 1882 3829 1947 possessionis

2231 1957 2341 1998 sum
2366 1947 2565 2003 sterilia
2610 1966 2705 2020 per
2750 1970 2845 2010 vos
2875 1957 3162 2016 eradicavit
3184 2003 3199 2027 ,
3229 1972 3283 2018 et
3312 1968 3469 2021 noxia
3494 1982 3509 2033 ;
3541 1969 3690 2025 utilia
3731 1987 3829 2042 per

2231 2048 2328 2089 nos
2365 2045 2418 2092 et
2453 2035 2673 2099 fecunda
2706 2044 2978 2112 plantavit.
3007 2048 3121 2106 Non
3165 2052 3342 2124 itaque
3381 2055 3554 2125 nobis,
3584 2060 3681 2114 sed
3709 2063 3826 2131 ejus

2230 2125 2611 2188 misericordim
2643 2133 2833 2192 demus
2875 2141 3119 2209 gloriam,
3156 2143 3210 2200 in
3248 2147 3401 2219 cujus
3439 2165 3600 2207 manu
3636 2169 3827 2211 sumus

2227 2226 2282 2271 et
2309 2232 2404 2276 nos
2429 2230 2479 2277 et
2510 2238 2785 2284 sermones
2815 2235 3001 2288 nostri.
3031 2236 3097 2291 Et
3121 2237 3262 2295 sicut
3284 2241 3336 2297 iu
3363 2245 3670 2313 supradicto
3700 2248 3812 2311 filio

2228 2320 2411 2368 nostro
2449 2316 2802 2377 ministerium
2845 2336 3077 2382 vestrum
3122 2328 3393 2389 humilitas
3428 2347 3610 2393 nostra
3641 2340 3827 2397 lauda-

2226 2402 2337 2469 vit;
2369 2406 2446 2461 sic
2473 2409 2632 2464 etiam
2662 2412 2926 2471 Sanctitas
2953 2430 3124 2475 vestra
3158 2432 3343 2479 nostro
3372 2427 3671 2486 ministerio
3697 2449 3823 2503 grat-

2227 2493 2446 2553 tuletur.
2488 2498 2716 2559 Paterno
2760 2506 2919 2578 igitur
2944 2519 2998 2565 et
3026 2512 3263 2570 fraterno
3304 2519 3466 2576 corde
3502 2493 3763 2595 suscipiat
3790 2542 3822 2581 a

2224 2585 2377 2641 nobis
2421 2589 2749 2650 misericordi
2806 2601 3090 2658 severitate
3139 2617 3459 2663 correctum.
3508 2612 3623 2668 Etsi
3671 2617 3819 2677 enim

2223 2677 2364 2732 aliud
2393 2694 2489 2750 per
2516 2698 2661 2750 nos,
2687 2686 2832 2744 aliud
2875 2707 2970 2761 per
3003 2709 3136 2761 vos;
3172 2707 3454 2771 utrumque
3494 2712 3672 2760 tamen
3712 2706 3822 2762 fra-

2224 2776 2389 2825 terna:
2433 2773 2587 2830 saluti
2637 2783 2994 2840 necessarium
3049 2804 3150 2843 una
3196 2791 3428 2850 eharitas
3470 2797 3616 2852 fecit.
3667 2799 3821 2859 Unus

2219 2874 2347 2930 ergo
2379 2862 2517 2918 Deus
2546 2864 2697 2937 fecit,
2728 2875 2978 2942 quoniam
3009 2877 3145 2934 Deus
3176 2882 3408 2941 Charitas
3434 2896 3518 2944 est
3558 2890 3579 2960 (
3605 2890 3625 2944 ῐ
3649 2889 3813 2951 Ιοωι.

2220 2963 2295 3017 ιγ,
2325 2951 2380 3019 8,
2416 2954 2527 3025 te).

2290 3042 2342 3097 5.
2387 3043 2615 3104 Proinde
2640 3050 2775 3107 sicut
2801 3070 2895 3124 per
2919 3072 3068 3114 suam
3094 3063 3467 3133 paenitentiam
3489 3069 3505 3101 ¹
3529 3084 3815 3144 susceptus

2215 3144 2299 3189 est
2329 3152 2357 3188 a
2397 3138 2583 3209 nobis,
2615 3144 2692 3198 sic
2721 3162 2815 3215 per
2839 3162 2989 3205 suam
3018 3154 3296 3224 epistolam
3326 3158 3405 3233 (a)
3432 3164 3756 3234 suscipiatur
3782 3185 3814 3224 a

2214 3225 2402 3281 vobis:
2432 3231 2514 3285 cui
2545 3234 2758 3303 quidem
2800 3239 3041 3309 epistolae
3081 3256 3258 3303 nostra
3283 3251 3445 3307 etiam
3483 3270 3644 3310 manu
3682 3260 3815 3323 sub,-

2214 3317 2553 3375 scribcndum
2600 3328 2919 3396 putavimus,
2964 3332 3131 3404 ipsius
3172 3355 3295 3396 esse
3337 3351 3613 3401 testantes.
3656 3348 3811 3406 Hanc

2212 3409 2328 3478 ejus
2366 3416 2752 3474 correctionem
2781 3422 3119 3484 dilectionem
3147 3441 3376 3490 vestram
3405 3438 3625 3497 minime
3649 3443 3811 3507 dubi-

2213 3508 2386 3556 tamus
2411 3513 2462 3559 et
2487 3514 2759 3576 gratanter
2785 3517 3048 3586 accipere,
3080 3530 3136 3576 et
3161 3523 3240 3579 eis
3267 3535 3447 3581 notam
3476 3527 3655 3587 facere
3680 3538 3806 3605 qui-

2208 3589 2307 3649 bus
2334 3594 2450 3663 ejus
2486 3612 2638 3655 error
2664 3605 2976 3663 scandalum
3003 3610 3120 3667 fuit.
3153 3614 3286 3682 Quia
3328 3628 3383 3673 et
3424 3619 3502 3675 illi
3542 3625 3635 3693 qui
3676 3589 3802 3683 cum

2205 3697 2271 3739 eo
2301 3699 2557 3745 venerunt
2583 3692 2651 3749 ad
2693 3711 2810 3764 nos,
2850 3713 2971 3756 cum
3016 3703 3109 3762 illo
3152 3710 3376 3765 correcti
3415 3692 3577 3783 atque
3622 3721 3801 3776 sanati

2203 3786 2347 3843 sunt,
2379 3778 2517 3835 sicut
2544 3798 2727 3840 eorum
2756 3789 3252 3867 subscriptionibus,
3282 3816 3400 3872 qua:
3428 3818 3613 3862 coram
3640 3809 3800 3867 nobis

2203 3864 2353 3922 factm
2392 3881 2549 3939 sunt,
2581 3883 2792 3933 tenetur
2825 3896 3157 3951 expressum.
3188 3864 3443 3960 superest
3480 3904 3539 3949 ut
3575 3896 3645 3953 de
3687 3901 3798 3956 fra-

2202 3967 2349 4013 lcrtta
2375 3962 2546 4019 salute
2575 3965 2735 4024 lzetati
2754 4011 2770 4036 ,
2802 3975 3074 4045 rescriptis
3102 3978 3451 4039 Beatitudinis
3473 4000 3669 4045 vesu-a:
3696 4007 3799 4048 nos

2198 4050 2426 4107 vicissim
2465 4055 2735 4117 laetificare
2763 4061 3070 4132 dignemini.
3099 4070 3354 4140 Optamus
3390 4091 3487 4132 vos
3505 4120 3521 4145 ,
3549 4079 3797 4138 dilectis-.-

2194 4140 2313 4197 simi
2354 4153 2409 4199 et
2450 4145 2786 4208 honorabiles
2817 4153 3049 4228 fratres,
3074 4161 3126 4215 in
3164 4163 3391 4223 Domino
3433 4168 3572 4228 bene
3612 4174 3797 4233 valere

2195 4249 2466 4294 memores
2496 4244 2685 4299 nostri.

2688 4334 3216 4402 EPISTOLACCXX
3233 4351 3247 4371 ο
3266 4349 3358 4422 (ιλ.

2189 4440 2497 4511 Augustinus
2536 4445 2799 4519 Bonifatio
2837 4457 3040 4521 comiti,
3084 4461 3172 4529 qui
3213 4474 3451 4535 concepto
3490 4468 3636 4536 prius
3671 4482 3786 4526 rota

2259 4535 2603 4603 monac/cisuti,
2631 4552 2764 4610 post,
2799 4560 2861 4598 ea:
2884 4546 3044 4616 ipsius
3067 4553 3299 4620 consilio,
3330 4560 3547 4627 suscepit
3583 4564 3784 4617 comitis

2258 4635 2591 4693 potestatem;
2617 4643 2667 4686 at
2696 4646 2877 4703 praeter
2906 4640 3065 4709 ipsius
3096 4647 3363 4701 consilium
3395 4651 3543 4706 duxit
3568 4644 3791 4711 uxorein

2255 4724 2300 4768 et
2324 4717 2376 4770 in
2407 4722 2577 4803 multis
2603 4727 2823 4794 graviter
2851 4730 3083 4801 deliquit.
3116 4733 3265 4791 llunc
3288 4739 3522 4797 hortatur
3540 4746 3610 4798 ad
3642 4756 3781 4803 vetas

2253 4798 2583 4883 praposiluni,
2606 4819 2652 4871 si
2676 4836 2764 4887 per
2790 4838 2997 4878 uxorem
3034 4827 3180 4883 liceat
3201 4847 3221 4895 ;
3247 4832 3292 4885 si
3320 4850 3417 4889 non
3444 4837 3611 4899 liceat.
3639 4852 3779 4909 pote-

2250 4912 2376 4956 state
2399 4906 2658 4961 mtmdtma
2685 4919 2856 4964 utatur
2882 4914 2933 4968 in
2968 4917 3171 4983 bonum,
3203 4937 3303 4976 non
3331 4924 3384 4977 in
3416 4928 3630 4981 malum.

2179 4991 2404 5049 Domino
2451 4996 2556 5050 lilio
2601 4999 2652 5053 in
2701 5014 3019 5069 pra‘sentem
3064 5011 3192 5064 etin
3238 5022 3492 5070 :eteruam
3540 5021 3771 5077 salutem

2253 5084 2342 5138 Dei
2371 5085 2732 5145 misericordia
2765 5099 3091 5166 protegendo
3114 5109 3168 5155 rt
3194 5105 3431 5173 regendo
3456 5108 3768 5177 Bostracm,

2248 5177 2602 5235 AUGUSTINUS.
3644 5212 3657 5223 δ

2245 5272 2295 5322 1.
2338 5269 2652 5328 Fideliorem
2682 5276 2949 5333 hominem
2972 5322 2986 5344 ,
3018 5292 3073 5336 et
3099 5286 3186 5354 qui
3227 5285 3493 5346 laciliores
3537 5294 3761 5349 haberet

2170 5373 2415 5416 accessus
2445 5364 2509 5417 ad
2535 5380 2692 5420 aures
2722 5376 2837 5423 tuas
2866 5370 3041 5429 ferens
3067 5376 3270 5433 litteras
3298 5396 3463 5449 meas,
3491 5400 3763 5457 nunquam

2232 5475 2247 5504 ¹
2274 5472 2413 5534 Alias,
2438 5476 2758 5539 pratsentiztm.

2233 5559 2248 5577 '
2269 5565 2488 5633 correcta
2510 5562 2568 5633 ad
2586 5563 2652 5613 bl.
2677 5566 2753 5616 ch.
2780 5566 2829 5617 li‘.
2854 5582 2937 5633 gg.
2963 5584 3003 5620 ιε.
3035 5585 3107 5623 vc.
3130 5573 3252 5625 duos
3270 5577 3343 5627 sb.
3361 5578 3485 5631 duos
3516 5589 3551 5632 t.
3572 5583 3693 5633 duos
3717 5598 3761 5633 v.

2169 5627 2264 5669 Am.
2287 5622 2395 5671 Bad.
2417 5630 2491 5671 Er.
2510 5631 2619 5674 Iov.

2228 5705 2301 5781 ςιι)
2335 5707 2567 5781 liheilum
2593 5713 2944 5765 tintetulationis
2967 5708 3168 5781 Leporii.

2230 5768 2297 5829 fit)
2322 5769 2441 5819 ﬁlias
2462 5773 2523 5819 ’ῑῆ
2546 5788 2554 5818 :
2580 5786 2871 5853 lli'llililllii‘ill
2898 5781 2985 5829 220
3012 5768 3130 5841 erat,
3152 5797 3274 5832 tum?
3304 5788 3400 5835 iTl.
3430 5790 3543 5853 r‘t‘t‘i;
3564 5801 3608 5840 ta
3640 5791 3741 5842 vide

2168 5835 2231 5879 tui
2270 5842 2484 5883 exeunte
2513 5850 2569 5882 :nt
2626 5836 2717 5885 iii.
3121 5835 3128 5841 ’
3358 5868 3359 5871 π
