4084 6332
285 286 388 344 993

284 411 429 471 potui
455 415 708 470 reperire,
735 411 889 470 quam
917 413 1053 454 nunc
1077 397 1268 454 obtulit
1295 397 1547 452 Dominus
1571 412 1783 452 servum
1813 406 1866 450 et

286 493 587 547 ministrum
612 491 830 555 Christi,
854 489 1134 544 diaconum
1162 488 1401 556 Paulum,
1429 487 1687 543 ambobus
1713 487 1869 541 nobis

285 584 680 650 charissimum,
707 592 763 638 ut
787 581 981 652 aliquid
1012 581 1102 636 tibi
1129 581 1395 651 loquerer,
1420 595 1522 633 non
1550 593 1649 650 pro
1676 585 1866 647 poten-

288 674 358 728 tia
384 683 492 738 tua,
516 683 569 728 et
588 673 790 728 honore
819 687 977 742 quem
1003 671 1143 742 geris
1169 671 1221 726 in
1248 671 1351 726 isto
1381 670 1574 725 sarculo
1597 665 1830 738 maligno
1854 685 1866 733 ,'

287 777 388 820 nec
424 779 522 834 pro
557 764 916 818 incolumitate
955 761 1131 817 carnis
1176 769 1279 816 tua:
1317 759 1674 829 corruptibilis
1712 769 1870 828 atque

289 854 544 918 mortalis,
575 853 697 924 quia
725 862 779 908 et
809 853 921 922 ipsa
958 852 1260 906 transitoria
1289 860 1391 916 est,
1419 860 1473 906 et
1500 848 1751 920 quamdiu
1777 847 1867 912 sit,

288 959 502 1014 semper
531 945 789 999 incertmn
821 955 904 999 est
928 961 942 1006 ;
975 943 1068 998 sed
1099 958 1193 1012 pro
1222 942 1307 996 illa
1335 941 1504 996 salute
1534 957 1692 1012 quam
1719 938 1872 996 nobis

288 1035 534 1103 promisit
557 1034 802 1089 Christus
827 1053 840 1089 :
873 1037 962 1104 qui
992 1042 1268 1103 propterea
1296 1032 1382 1087 hic
1404 1031 1760 1088 exhonoratus
1789 1039 1871 1085 at-

288 1144 393 1197 que
422 1128 704 1184 crucifixus
731 1137 844 1194 est,
873 1137 930 1182 ut
955 1127 1175 1182 doceret
1204 1141 1300 1180 nos
1328 1125 1468 1180 bona
1509 1124 1666 1196 hujus
1693 1126 1872 1180 smeltli

293 1219 459 1289 magis
504 1226 847 1273 contemnere
892 1233 1049 1288 quam
1096 1217 1335 1288 diligere,
1367 1225 1421 1271 et
1459 1214 1562 1271 hoc
1601 1221 1779 1270 amare
1822 1225 1875 1269 et

289 1315 504 1380 Sperare
530 1309 594 1365 ab
622 1306 732 1375 illo,
757 1310 896 1380 quod
923 1311 974 1364 in
1003 1323 1097 1363 sua
1124 1309 1513 1364 resurrectione
1536 1307 1872 1362 monstravit.

294 1403 600 1458 llesurrcxit
627 1403 768 1456 enim
797 1417 826 1456 a
854 1402 1098 1468 mortuis,
1125 1417 1223 1457 nec
1246 1401 1353 1472 jam
1381 1401 1624 1470 moritur,
1652 1407 1706 1456 et
1732 1415 1876 1456 mors

291 1494 339 1548 ei
371 1494 506 1547 ultra
541 1510 642 1547 non
671 1493 1028 1548 dominabitur
1059 1486 1237 1565 (Rom.
1271 1510 1341 1557 vt,
1375 1490 1452 1564 9).

358 1581 412 1635 2.
455 1584 576 1640 Scio
602 1599 704 1637 non
729 1583 916 1640 deesse
939 1583 1184 1640 homines
1203 1583 1293 1653 qui
1320 1592 1370 1638 te
1395 1583 1686 1639 secundum
1712 1583 1873 1637 vitam

291 1673 476 1727 mundi
506 1673 663 1744 hujus
689 1673 948 1744 diligunt,
980 1682 1033 1728 et
1073 1673 1364 1729 secundum
1403 1674 1573 1743 ipsam
1619 1674 1709 1727 tibi
1749 1671 1878 1728 dant

289 1765 545 1830 consilia,
586 1764 870 1834 aliquando
916 1763 1098 1826 utilia,
1143 1762 1426 1834 aliquando
1469 1763 1710 1828 inutilia;
1755 1764 1876 1833 quia

297 1855 540 1913 bonnnes
571 1865 728 1921 sunt,
757 1865 810 1911 et
838 1856 974 1912 sicut
1004 1864 1224 1925 possunt
1265 1855 1328 1910 ad
1370 1871 1606 1925 praesens
1647 1843 1875 1926 sapiunt,

294 1948 594 2004 nescientes
639 1947 763 2018 quid
816 1947 1084 2015 contingat
1128 1946 1369 2016 sequenti
1421 1946 1526 2001 die.
1575 1945 1877 2001 Secundum

293 2047 471 2093 autem
517 2037 684 2093 Deum
736 2053 803 2092 ne
850 2047 1031 2106 pereat
1077 2038 1253 2092 anima
1297 2046 1405 2102 tua,
1436 2054 1540 2091 non
1588 2037 1742 2092 facile
1788 2038 1878 2092 tibi

293 2127 572 2199 quisquam
599 2127 867 2194 consulit;
901 2142 1005 2182 non
1030 2128 1152 2198 quia
1183 2126 1376 2182 desunt
1405 2128 1492 2197 qui
1524 2127 1627 2182 hoc
1662 2128 1877 2199 faciant,

294 2217 387 2272 sed
419 2218 539 2288 quia
567 2216 780 2273 difficile
807 2227 888 2272 est
914 2217 1152 2272 invenire
1179 2217 1390 2287 quando
1418 2227 1591 2271 tecum
1621 2218 1719 2272 ista
1754 2235 1881 2287 pos-

295 2317 418 2363 sunt
454 2308 619 2379 loqui.
647 2307 780 2363 Nam
821 2316 875 2362 et
914 2323 1013 2379 ego
1043 2323 1254 2378 semper
1287 2305 1619 2375 desideravi,
1655 2320 1710 2362 et
1748 2324 1883 2361 nun-

295 2415 452 2467 quam
501 2400 676 2454 inveni
725 2400 900 2454 locum
941 2399 1026 2454 vel
1077 2409 1302 2469 tempus,
1345 2409 1401 2453 ut
1443 2415 1656 2469 agerem
1706 2406 1880 2454 tecum

297 2489 438 2559 quod
468 2505 552 2546 me
579 2505 738 2561 agere
763 2490 1041 2561 oportebat
1068 2505 1188 2544 cum
1230 2488 1444 2544 homine
1473 2505 1628 2559 quem
1660 2489 1886 2543 multum
1920 2527 1924 2533 .

297 2578 458 2650 diligo
487 2579 540 2634 in
565 2580 794 2636 Christo.
824 2580 940 2635 Scis
966 2588 1140 2634 autem
1168 2580 1376 2650 qualem
1405 2595 1490 2633 me
1516 2578 1656 2649 apud
1685 2577 1880 2649 llippo-

301 2687 422 2727 nem
461 2672 676 2740 videris,
706 2672 917 2742 quando
943 2671 1008 2726 ad
1039 2687 1124 2727 me
1162 2671 1343 2726 venire
1381 2670 1625 2740 dignatus
1653 2685 1732 2737 es,
1764 2671 1883 2740 quia

300 2764 387 2819 vix
433 2763 710 2836 loquebar,
751 2764 1109 2819 imbecillitate
1151 2763 1391 2834 corporis
1431 2761 1696 2832 fatigatus.
1736 2754 1886 2816 Nunc

257 2851 262 2854 ⁷
300 2871 450 2926 ergo,
496 2856 589 2922 ﬁli,
618 2853 742 2911 audi
783 2871 890 2924 me,
919 2855 1109 2910 saltem
1141 2871 1235 2924 per
1261 2856 1466 2909 litteras
1506 2853 1598 2908 tibi
1626 2853 1886 2908 sermoci-

300 2955 548 3011 nantetn,
588 2961 720 3016 quas
750 2945 800 3000 iu
821 2945 1088 3016 .periculis
1119 2945 1221 2999 tuis
1246 2959 1516 3014 nunquam
1555 2945 1646 2998 tibi
1678 2945 1889 2999 mittere

304 3038 472 3108 potui,
504 3039 797 3108 periculum
827 3038 1064 3108 cogitans
1091 3036 1390 3107 perlatoris,
1420 3045 1474 3091 et
1503 3051 1696 3094 cavens
1725 3052 1793 3092 ne
1821 3037 1886 3090 ad

303 3146 397 3184 eos
435 3129 502 3184 ad
537 3145 670 3200 quos
712 3130 928 3196 nollem,
963 3144 1080 3184 mea
1124 3127 1344 3198 epistola
1386 3127 1706 3196 perveniret.
1741 3127 1892 3183 Unde

305 3231 427 3290 peto
452 3229 509 3274 ut
537 3221 798 3286 ignoscas,
833 3220 875 3274 si
908 3235 991 3273 me
1020 3227 1172 3288 putas
1203 3218 1320 3288 plus
1351 3217 1592 3272 timuisse
1617 3233 1772 3288 quam
1799 3218 1892 3274 de-

305 3308 392 3365 bui
419 3327 432 3364 :
464 3319 642 3365 tamen
672 3309 780 3364 dixi
811 3309 951 3379 quod
984 3309 1154 3362 tinmi.

375 3404 430 3458 3.
471 3402 606 3457 Audi
651 3417 779 3473 ergo
826 3419 931 3465 me,
976 3403 1080 3456 imo
1121 3401 1402 3456 Dominum
1445 3401 1609 3457 Deum
1654 3410 1892 3456 nostrum

306 3508 402 3562 per
430 3495 781 3550 ministerium
829 3494 1148 3548 inﬁrmitatis
1193 3509 1346 3548 ineat.
1383 3493 1578 3549 Recole
1607 3495 1779 3564 qualis
1815 3493 1896 3548 fn-

307 3584 445 3654 eris,
472 3585 645 3641 adhuc
675 3586 728 3640 in
769 3600 992 3655 corpore
1017 3584 1303 3638 constituta
1337 3583 1596 3654 religiosa:
1625 3586 1896 3640 memorie

309 3677 487 3746 priore
530 3678 754 3747 conjuge
799 3686 905 3738 tua,
937 3687 989 3731 ct
1038 3675 1233 3731 recenti
1281 3676 1396 3746 ejus
1438 3675 1583 3731 obitu
1630 3676 1898 3745 quomodo

310 3769 407 3824 tibi
441 3771 645 3824 vanitas
673 3770 848 3824 surculi
889 3769 1045 3838 hujus
1077 3769 1360 3834 horruerit,
1389 3779 1442 3822 et
1467 3767 1734 3838 quomodo
1762 3783 1897 3824 con-

310 3860 541 3929 cupieris
567 3861 878 3916 servitutem
911 3859 1022 3912 Dei.
1055 3859 1162 3913 Nos
1188 3859 1452 3921 novinms,
1487 3873 1587 3914 nos
1617 3867 1780 3914 testes
1804 3872 1897 3912 su-

310 3967 428 4006 mus
453 3951 577 4021 quid
613 3950 887 4006 nobiscum
926 3949 1063 4019 apud
1093 3949 1344 4004 ’l‘ubunas
1371 3952 1383 3980 ¹
1415 3949 1482 4003 de
1511 3949 1689 4004 animo
1717 3958 1773 4004 et
1801 3965 1896 4003 vo—

315 4044 515 4097 luntate
551 4053 636 4096 tua
666 4041 825 4094 fueris
853 4040 1167 4094 collocutus.
1199 4038 1307 4094 Soli
1337 4048 1507 4092 tecum
1537 4052 1768 4103 eramus,
1799 4054 1900 4108 ego

313 4145 364 4189 et
390 4133 554 4188 frater
584 4131 822 4202 Alypius.
855 4130 969 4184 Non
996 4130 1135 4185 enim
1163 4129 1412 4184 existimo
1443 4137 1644 4182 tantum
1668 4128 1900 4182 valuisse

315 4237 554 4278 terrenas
574 4238 728 4276 curas
750 4221 940 4290 quibus
962 4219 1209 4290 impletus
1237 4234 1316 4285 es,
1341 4227 1398 4273 ut
1426 4219 1527 4272 hoc
1552 4217 1617 4272 dc
1643 4219 1900 4272 memoria

314 4326 402 4370 tua
451 4315 657 4383 penitus
714 4313 894 4367 delere
942 4311 1228 4382 potuerint.
1276 4309 1478 4379 Nempe
1523 4323 1710 4364 omnes
1751 4321 1901 4363 actus

316 4405 582 4475 publicos,
609 4403 802 4473 quibus
825 4410 1112 4472 occupatus
1137 4415 1277 4464 eras,
1307 4399 1608 4470 relinquere
1628 4399 1899 4468 cupiebas,

313 4505 367 4549 υι
395 4504 445 4550 ιε
472 4495 523 4548 in
550 4495 714 4549 otium
744 4502 984 4546 sanetum
1023 4491 1298 4554 conferre,
1326 4499 1483 4559 atque
1514 4490 1566 4543 in
1595 4505 1656 4544 ea
1683 4490 1790 4544 vita
1821 4491 1906 4544 vi—

319 4603 438 4642 vere
465 4586 517 4641 in
547 4601 648 4657 qua
678 4587 816 4642 servi
847 4585 943 4640 Dei
981 4583 1224 4638 monachi
1261 4582 1463 4636 vivunt.
1493 4580 1565 4636 Ut
1591 4589 1767 4637 autem
1796 4597 1900 4635 non

319 4679 558 4744 laceres,
605 4676 730 4747 quid
781 4685 832 4731 te
877 4674 1162 4738 revocavit,
1214 4672 1313 4727 nisi
1359 4672 1481 4742 quia
1529 4672 1899 4738 considerasti,

315 4767 720 4822 ostendentibus
761 4767 932 4831 nobis,
963 4774 1217 4835 quantum
1257 4762 1534 4833 prodesset
1561 4761 1757 4818 Christi
1797 4763 1901 4817 Ec-

318 4858 494 4911 rlesiis
529 4857 668 4928 quod
699 4857 893 4928 agebas
913 4899 927 4922 ,
957 4858 999 4911 si
1031 4873 1091 4911 ea
1127 4855 1239 4909 sola
1268 4837 1566 4910 intentione
1591 4870 1813 4925 ageres,
1847 4862 1906 4910 ut

319 4949 551 5004 defensa:
599 4950 664 5002 ab
711 4948 1133 5003 infestationibus
1179 4947 1524 5002 barbarorum
1572 4949 1804 5017 quietam
1851 4955 1906 5002 et

320 5041 658 5110 tranquillam
695 5039 855 5094 vitam
883 5047 1137 5109 agerent,
1164 5037 1298 5093 sicut
1335 5039 1462 5094 dicit
1489 5039 1772 5109 Apostolus
1793 5079 1808 5104 ,
1838 5037 1905 5092 In

322 5132 460 5184 omni
497 5133 679 5202 pietate
714 5142 762 5185 et
799 5132 1026 5185 castitate
1049 5130 1109 5202 (i
1140 5130 1269 5184 Tim.
1299 5147 1353 5196 ιι,
1383 5132 1418 5186 2
1439 5131 1497 5201 );
1529 5140 1582 5186 tu
1623 5141 1800 5188 autem
1837 5147 1905 5188 ex

325 5221 428 5278 hoc
467 5222 666 5278 mundo
702 5223 831 5276 nihil
875 5238 1174 5292 quarrercs,
1207 5223 1307 5276 nisi
1345 5238 1407 5278 ea
1447 5239 1566 5292 qua:
1606 5226 1905 5280 necessaria

324 5325 504 5371 essent
535 5315 658 5370 huic
688 5317 808 5369 vita;
834 5315 1193 5370 sustentanda:
1232 5325 1333 5370 true
1363 5332 1426 5371 ac
1454 5326 1659 5371 tuorum
1680 5359 1694 5384 ,
1725 5319 1905 5372 accin-

325 5417 441 5461 rtus
485 5408 660 5463 balteo
705 5408 1018 5482 castiSSimze
1061 5407 1431 5476 continentize,
1478 5416 1531 5462 et
1574 5409 1713 5464 inter
1758 5424 1904 5464 arma

325 5498 618 5565 corporalia
658 5495 1017 5566 spiritualibus
1054 5496 1217 5552 armis
1251 5498 1416 5552 tutius
1461 5497 1751 5568 fortiusque
1791 5515 1905 5553 mu-

329 5589 511 5642 nitus?

392 5681 405 5710 ί
433 5685 484 5726 tn
501 5685 610 5746 διεδ.
631 5691 803 5746 novem
826 5686 1120 5739 constanter,
1151 5679 1361 5746 Tubunas
1391 5693 1406 5731 :
1438 5688 1488 5732 et
1513 5680 1647 5744 infra,
1679 5682 1874 5734 Tubulus
1889 5697 1906 5746 ;

331 5749 396 5800 et,
434 5740 731 5790 rubuitrnsiu.
759 5747 830 5790 tr.
856 5748 904 5791 et
928 5755 1057 5796 Lota.
1089 5741 1313 5793 I‘ztbtmtw.

1451 281 1925 339 EPlSTOLARUM
1963 282 2237 339 CLASSIS
2275 283 2354 339 lll.

3459 260 3593 345 994'

2047 398 2101 451 4.
2139 397 2274 453 Cum
2298 411 2425 468 ergo
2455 405 2507 453 te
2530 411 2649 454 esse
2677 413 2727 452 an
2759 412 2860 452 nec
2887 399 3155 469 proposito
3181 402 3558 473 gauderemus,

1977 488 2253 558 navigasti,
2286 503 2610 560 uxoremque
2637 489 2832 544 duxisti
2856 509 2869 544 :
2896 489 2989 546 sed
3012 491 3285 562 navigasse
3305 493 3562 551 obedien-

1978 579 2064 633 tite
2103 579 2234 646 fuit,
2265 595 2424 650 quam
2455 580 2744 636 secundum
2776 581 3088 652 Apostolum
3117 583 3349 638 debebas
3390 580 3560 641 subli-

1979 668 2236 724 mioribus
2274 671 2619 740 potestatibus
2646 671 2822 741 (Rom.
2869 681 2985 736 χιιι,
3017 673 3099 743 1);
3133 685 3351 729 uxorem
3380 685 3560 732 autem

1980 776 2087 814 non
2116 760 2389 827 duxisses,
2421 762 2520 816 nisi
2561 771 2859 832 susceptam
2890 761 3143 819 deserens
3181 765 3561 821 continentiam

1977 851 2403 920 concupiscentia
2432 853 2601 907 victus
2627 867 2791 907 esses.
2823 851 2973 919 Quod
3003 869 3101 924 ego
3127 867 3246 909 cum
3271 858 3565 926 comperis-

1980 955 2113 1004 sem,
2149 943 2335 1008 fateor,
2368 943 2587 997 miratus
2612 943 2854 1012 obstupui
2881 961 2893 995 :
2917 943 3154 999 dolorem
3177 955 3352 1000 autem
3384 960 3560 1001 meum

1979 1044 2042 1084 ex
2087 1031 2262 1101 aliqua
2305 1039 2454 1101 parte
2500 1033 2902 1100 consolabatur,
2930 1034 3070 1104 quod
3115 1035 3286 1089 audivi
3327 1045 3379 1090 te
3417 1037 3564 1091 illaut

1980 1118 2174 1175 ducere
2199 1121 2452 1189 noluisse,
2486 1123 2585 1178 nisi
2615 1124 2759 1192 prius
2789 1123 3045 1178 catholica
3076 1124 3258 1181 fuisset
3300 1125 3436 1180 facta
3461 1145 3474 1192 ;
3511 1138 3567 1184 et

1981 1219 2160 1268 tamen
2189 1213 2409 1269 haeresis
2451 1229 2633 1270 eorum
2659 1216 2750 1285 qui
2790 1231 2972 1270 verum
3004 1215 3193 1271 Filium
3227 1217 3322 1272 Dei
3349 1224 3563 1287 negant,

1983 1311 2182 1358 tantum
2213 1304 2488 1374 praevaluit
2529 1305 2580 1358 in
2611 1305 2768 1359 domo
2795 1314 2915 1372 tua,
2945 1316 3001 1360 ut
3045 1307 3112 1361 ab
3159 1307 3287 1376 ipsis
3329 1308 3433 1361 tilia
3478 1317 3567 1363 tua

1982 1394 2354 1466 baptizaretur.
2406 1395 2682 1463 Jamvero,
2715 1397 2758 1451 si
2801 1398 2866 1452 ad
2910 1411 3006 1452 nos
3047 1413 3150 1453 non
3197 1399 3326 1454 falsa
3365 1402 3568 1472 perlata

1983 1495 2126 1553 sunt,
2159 1503 2276 1557 quze
2304 1488 2503 1543 utinam
2535 1488 2662 1542 falsa
2692 1489 2829 1554 sint,
2856 1488 2998 1558 quod
3027 1489 3093 1543 ab
3133 1489 3264 1560 ipsis
3305 1491 3568 1548 luereticis

1983 1575 2144 1630 etiam
2190 1576 2398 1632 ancilla:
2435 1579 2544 1633 Deo
2585 1579 2770 1633 dicata:
2815 1579 3149 1649 rebaptizatae
3187 1582 3329 1648 sint,
3360 1583 3570 1652 quantis

1985 1677 2186 1721 tantum
2213 1669 2406 1723 malum
2439 1669 2790 1740 plangendum
2813 1679 2892 1726 est
2922 1669 3152 1726 fontibus
3180 1673 3570 1743 lacrymarum?

1983 1757 2155 1830 Ipsam
2185 1775 2393 1832 quoque
2418 1778 2636 1818 uxorem
2666 1779 2773 1818 non
2806 1763 2896 1818 tibi
2925 1764 3226 1829 sull‘eeisse,
3257 1765 3350 1820 sed
3377 1775 3574 1820 εοιιειι-

1985 1850 2228 1906 binorum
2277 1855 2456 1908 nescio
2504 1870 2726 1926 quarum
2771 1856 3146 1911 commixtione
3191 1856 3447 1926 pollutum
3489 1857 3572 1912 1οι

1984 1951 2220 2012 quuntur
2245 1944 2506 2011 homines,
2533 1957 2586 2000 et
2615 1946 2832 2001 forsitan
2859 1947 3206 2001 mentiuntur.

2055 2035 2108 2088 5.
2153 2035 2252 2089 Ista
2279 2051 2395 2106 qua:
2422 2037 2669 2092 omnibus
2698 2046 2882 2109 patent
2911 2047 2984 2092 tot
3014 2045 3067 2094 et
3095 2047 3235 2093 tanta
3266 2041 3425 2106 mala,
3455 2055 3574 2110 quae

1984 2136 2015 2175 a
2051 2134 2117 2188 te,
2155 2135 2492 2196 posteaquam
2523 2128 2832 2198 conjugatus
2862 2145 2940 2195 es,
2970 2140 3250 2184 consecuta
3276 2139 3418 2196 sunt,
3444 2129 3573 2200 quid

1986 2230 2084 2285 ego
2110 2216 2282 2270 dicam
2310 2219 2324 2248 ¹
2348 2218 2370 2270 ?
2399 2219 2730 2273 Christianus
2757 2234 2835 2284 es,
2859 2235 2950 2273 cor
2977 2218 3159 2284 habes,
3189 2221 3351 2274 Deum
3382 2222 3570 2275 times:

1989 2313 2044 2359 ιιι
2087 2307 2202 2376 ipse
2243 2308 2522 2363 considera
2569 2326 2686 2379 quae
2736 2310 2859 2364 nolo
2895 2309 3106 2377 dicere,
3135 2318 3190 2365 et
3228 2312 3466 2366 invenies
3505 2306 3578 2368 de

1987 2400 2200 2467 quantis
2222 2399 2374 2453 malis
2389 2400 2583 2455 debeas
2602 2415 2760 2470 agere
2779 2401 3160 2471 pcenitentiam,
3185 2413 3398 2472 propter
3415 2418 3576 2472 quam

1990 2489 2081 2543 tibi
2117 2489 2276 2544 credo
2314 2491 2594 2545 Dominum
2629 2507 2864 2561 parcere,
2894 2502 2946 2546 et
2979 2508 3009 2546 a
3053 2493 3300 2562 periculis
3333 2493 3580 2549 omnibus

1986 2572 2214 2634 liberare
2235 2622 2248 2646 ,
2289 2591 2346 2634 ut
2383 2595 2507 2651 agas
2536 2596 2653 2636 eam
2691 2582 2826 2635 sicut
2868 2581 3069 2652 agenda
3115 2592 3228 2648 est;
3259 2584 3350 2637 sed
3380 2585 3421 2638 si
3452 2578 3580 2638 illud

1989 2669 2173 2724 audias
2196 2671 2336 2741 quod
2357 2672 2612 2741 scriptum
2633 2681 2734 2734 est,
2767 2670 2846 2725 Ne
2874 2673 3040 2726 tardes
3060 2675 3277 2726 converti
3299 2673 3366 2726 ad
3397 2673 3580 2727 Domi-

1991 2777 2129 2824 num,
2160 2777 2316 2830 neque
2339 2760 2547 2828 differas
2568 2763 2630 2814 de
2651 2763 2733 2816 die
2759 2762 2810 2815 in
2836 2762 2965 2815 diem
2982 2762 3164 2834 (Eccli.
3189 2779 3242 2830 v,
3269 2764 3344 2836 8).
3374 2764 3580 2820 Justant

1992 2851 2201 2919 quidem
2226 2851 2358 2907 dicis
2385 2853 2581 2908 habere
2612 2861 2662 2908 te
2691 2869 2933 2918 causam,
2967 2855 3116 2924 cujus
3145 2843 3306 2925 judex
3336 2873 3438 2928 ego
3473 2873 3580 2912 non

1993 2955 2130 3006 sum,
2159 2941 2409 3010 quoniam
2435 2952 2615 3012 partes
2643 2943 2826 2998 ambas
2849 2944 3032 3000 audire
3069 2961 3173 3000 non
3216 2961 3431 3016 possum
3453 2967 3463 3001 :
3485 2949 3581 3004 sed

1989 3032 2390 3102 qualiscumque
2419 3034 2488 3088 sit
2515 3043 2600 3088 tua
2631 3049 2810 3099 causa,
2835 3035 2901 3090 de
2921 3051 3022 3104 qua
3045 3035 3203 3092 modo
3236 3054 3473 3108 quaerere
3499 3041 3582 3096 vel

1994 3121 2264 3192 disputare
2291 3139 2397 3178 non
2419 3139 2554 3195 opus
2575 3135 2688 3191 est;
2714 3125 2963 3196 nbmquid
2992 3142 3169 3182 coram
3193 3124 3302 3184 Deo
3323 3138 3472 3199 potes
3499 3146 3584 3186 ne-

1994 3228 2123 3284 gare
2143 3213 2360 3284 quodin
2385 3215 2540 3269 istam
2571 3217 2944 3271 necessitatem
2972 3231 3077 3272 non
3105 3219 3459 3288 pervenisses,
3483 3215 3584 3276 nisi

1995 3306 2135 3361 bona
2178 3307 2357 3362 sceculi
2408 3307 2563 3378 hujus
2604 3308 2916 3377 dilexisses,
2948 3326 3066 3380 quae
3105 3320 3352 3382 tanquam
3397 3328 3585 3370 servus

1997 3396 2112 3461 Dei,
2136 3411 2294 3465 quem
2323 3405 2371 3451 te
2398 3406 2520 3452 ante
2546 3413 2862 3453 noveramus
2882 3439 2895 3464 ,
2919 3408 3260 3456 contemnere
3289 3403 3505 3456 omnino
3532 3413 3587 3458 ct

1998 3501 2097 3556 pro
2126 3486 2289 3540 nihilo
2317 3485 2514 3542 habere
2537 3486 2762 3542 debuisti
2789 3505 2802 3555 ;
2829 3497 2881 3544 et
2906 3488 3079 3544 oblata
3109 3487 3321 3559 quidem
3347 3506 3583 3559 sumere,

2000 3586 2056 3632 ut
2080 3578 2158 3632 eis
2186 3579 2411 3634 utereris
2438 3579 2505 3633 ad
2535 3579 2805 3649 pietatem,
2836 3595 2941 3650 non
2971 3589 3147 3635 autem
3171 3589 3355 3651 negata
3382 3577 3466 3638 vel
3493 3573 3587 3638 de-

1999 3669 2169 3740 legata
2191 3671 2270 3726 sic
2296 3685 2558 3741 quaerere,
2591 3682 2648 3726 ut
2674 3679 2894 3741 propter
2922 3672 3006 3727 illa
3031 3673 3085 3727 in
3111 3673 3264 3729 istam
3296 3677 3586 3731 necessita-

2002 3771 2108 3817 tem
2150 3763 2554 3832 perducereris:
2594 3765 2679 3819 ubi
2709 3780 2830 3819 cum
2866 3774 3108 3821 amantur
3144 3767 3281 3822 bona
3306 3769 3361 3834 ',
3396 3783 3588 3839 perpe-

2003 3861 2209 3908 trantur
2235 3855 2371 3908 mala
2393 3894 2408 3921 ,
2441 3870 2605 3924 pauca
2634 3849 2845 3925 quidem
2879 3871 2909 3910 a
2941 3865 2991 3910 te
3011 3896 3026 3921 ,
3054 3856 3147 3912 sed
3183 3859 3343 3912 multa
3371 3868 3590 3929 prOpter

2005 3954 2090 4011 te;
2122 3952 2318 4000 etcum
2348 3947 2600 4002 timentur
2623 3963 2741 4017 qua:
2770 3943 2835 4002 ad
2863 3949 3106 4019 exiguum
3140 3959 3346 4020 tempus
3372 3962 3586 4020 nocent,

2003 4035 2048 4089 si
2081 4043 2257 4090 tamen
2283 4046 2498 4104 nocent,
2530 4037 2936 4092 counnittuntur
2963 4053 3024 4092 ea
3055 4055 3171 4109 qua)
3198 4055 3322 4096 vere
3349 4042 3400 4096 in
3430 4052 3589 4098 aster-

2003 4139 2129 4178 num
2163 4135 2388 4179 noceant.
2409 4126 2432 4178 ?

2076 4219 2128 4271 6.
2170 4217 2244 4272 De
2269 4218 2457 4287 quibus
2484 4227 2541 4273 ut
2579 4235 2741 4273 unum
2772 4219 2967 4290 aliquid
2995 4219 3166 4275 dicam
3185 4261 3198 4287 ,
3227 4222 3346 4292 quis
3374 4237 3478 4279 non
3506 4225 3588 4279 vi-

2004 4309 2127 4364 deat
2167 4309 2306 4380 quod
2335 4309 2482 4364 muiti
2512 4310 2752 4366 homines
2781 4303 2872 4365 tibi
2903 4311 3204 4366 coltmreant
3242 4313 3308 4368 ad
3338 4316 3587 4371 tuendam

2007 4411 2148 4456 tuam
2185 4402 2472 4470 potentiam
2501 4403 2581 4458 vel
2609 4404 2832 4458 salutem
2855 4445 2868 4469 ,
2899 4404 3016 4473 qui,
3045 4405 3251 4460 etiamsi
3280 4406 3370 4461 tibi
3405 4423 3591 4465 omnes

2007 4490 2191 4546 fideles
2215 4491 2341 4558 sint,
2375 4506 2472 4546 nec
2498 4492 2564 4547 ab
2589 4490 2767 4562 aliquo
2791 4508 2974 4547 eorum
3006 4493 3124 4548 ulla:
3155 4495 3439 4551 timeantur
3464 4497 3593 4553 insi-

2006 4583 2128 4650 dia),
2157 4598 2346 4654 nempe
2377 4592 2552 4638 tamen
2587 4583 2652 4638 ad
2682 4599 2742 4638 ea
2771 4584 2908 4639 bona
2944 4601 3062 4655 qua:
3092 4586 3192 4656 ipsi
3231 4603 3442 4658 quoque
3482 4604 3588 4644 non

2006 4675 2296 4732 secundum
2321 4676 2510 4744 Deum,
2533 4677 2624 4731 sed
2648 4677 2936 4731 secundum
2959 4679 3212 4734 saeculum
3234 4680 3477 4751 diligunt,
3496 4697 3593 4752 per

2009 4773 2061 4821 te
2081 4767 2300 4837 cupiunt
2321 4766 2626 4838 pervenire;
2649 4783 2709 4821 ac
2732 4783 2825 4837 per
2849 4767 2948 4822 hoc
2963 4769 3051 4839 qui
3079 4769 3347 4825 refrenare
3368 4780 3422 4826 ει
3440 4787 3590 4826 com-

2009 4873 2225 4928 pescere
2252 4859 2473 4915 debuisti
2497 4860 2812 4930 cupiditates
2838 4868 2970 4926 tuas,
2997 4861 3206 4930 explere
3229 4863 3436 4933 cogeris
3461 4865 3595 4920 alic-

2010 4953 2148 5006 nas?
2185 4951 2334 5019 Quod
2365 4961 2421 5007 ut
2447 4951 2558 5018 ﬁat,
2593 4967 2808 5008 necesse
2839 4962 2918 5008 est
2943 4953 3104 5007 multa
3131 4970 3251 5024 quae
3278 4955 3384 5010 Deo
3412 4956 3596 5028 displi-

2009 5055 2153 5112 cent,
2183 5045 2310 5098 [iant
2333 5062 2346 5098 :
2373 5059 2471 5099 nec
2490 5045 2567 5098 sic
2595 5053 2767 5099 tamen
2789 5043 3070 5115 explentur
3091 5045 3225 5099 tales
3245 5047 3590 5116 cupiditates;

2012 5155 2130 5194 nam
2155 5137 2355 5192 facilius
2375 5143 2684 5192 resecantur
2705 5138 2757 5191 in
2771 5135 2854 5192 eis
2874 5137 2961 5207 qui
2979 5137 3145 5193 Deum
3167 5136 3408 5208 diligunt,
3432 5155 3592 5210 quam

2011 5231 2062 5284 in
2092 5230 2169 5284 eis
2194 5229 2284 5298 qui
2307 5227 2558 5282 mundttm
2581 5228 2823 5298 diligunt,
2847 5227 3127 5299 aliquando
3153 5231 3430 5284 satiantur.
3458 5231 3590 5288 Pro-

2013 5331 2131 5391 pter
2156 5319 2293 5390 quod
2326 5319 2452 5374 dicit
2475 5319 2652 5373 divina
2683 5320 2952 5390 Scriptura
2981 5338 2993 5374 :
3019 5318 3192 5379 Nolite
3216 5321 3423 5392 diligere
3440 5339 3592 5376 mun-

2011 5413 2153 5477 dum,
2183 5427 2272 5465 nec
2300 5429 2358 5466 ea
2385 5428 2498 5482 quae
2520 5412 2572 5465 in
2598 5412 2785 5466 mundo
2812 5421 2946 5465 sunt.
2981 5411 3043 5466 Si
3066 5412 3174 5482 quis
3195 5412 3423 5468 dilexerit
3445 5431 3595 5468 mun-

2077 5560 2094 5590 ε
2119 5559 2192 5606 sic
2211 5563 2316 5606 Mss.
2343 5563 2398 5606 At
2419 5555 2563 5606 Edd.:
2596 5561 2687 5605 Ista
2711 5553 2925 5606 omnibus
2946 5559 3122 5616 patent,
3151 5559 3214 5606 tot
3236 5559 3432 5606 ettanta
3453 5560 3602 5616 mata,

2012 5633 2122 5692 qua!
2152 5628 2197 5668 re
2220 5625 2526 5682 posteriorum:
2543 5617 2820 5680 ratijugutns
2837 5629 2903 5676 es,
2930 5623 3180 5667 camerata
3199 5623 3320 5670 sunt.
3346 5617 3467 5678 Quid
3491 5629 3604 5684 ergo

2013 5684 2192 5739 dicam,
2220 5689 2312 5729 etc.

2077 5746 2096 5776 ³
2120 5746 2192 5794 sic
2214 5750 2317 5792 Mss.
2345 5750 2395 5791 At
2422 5741 2550 5797 tidd..
2579 5753 2685 5790 cum
2711 5747 2931 5789 (ltititltlttl'
2954 5754 3089 5790 rem.
